1916 3066
122 163 176 194 ὓ13

614 161 755 192 ORATIO
779 161 998 193 DOGMATICA
1020 164 1095 194 PRO
1119 162 1263 194 UNION'E

1700 166 1751 198 (ili

121 223 201 254 deus,
233 229 264 247 eo
291 222 355 256 quia
378 222 410 247 :nl
436 221 545 248 Gnecos
571 221 714 256 loquebar,
743 222 842 256 quibus
866 222 912 248 illa
930 226 949 252 Λ
967 231 1042 250 rores
1057 223 1128 250 illius
1141 224 1503 258 anathematizat;quorum
1523 224 1549 251 in
1566 231 1639 251 nono
1655 230 1751 252 contra

123 274 186 295 uota
202 272 302 294 erant:
327 267 484 299 sciendum,
503 267 576 301 quod
595 275 656 293 cum
673 267 801 294 doctores
817 268 912 294 dicant

123 314 257 350 Spiritum
285 318 409 342 sanctum
426 321 458 340 ex
481 314 561 340 Patre
577 321 628 348 per
644 313 743 343 Filium
762 315 913 348 procedere

121 360 166 387 vel
181 359 332 394 proﬂuere.
353 364 382 386 et
407 363 504 386 cetera
521 359 639 392 similia;
655 364 682 387 et
696 366 729 387 ex
755 359 808 386 hoc
830 367 913 394 appa-

123 410 183 433 reat
209 405 311 433 Filium
338 412 449 440 quoque
480 404 603 440 Spiritus
637 404 805 440 principium
833 413 911 438 esse,

121 452 197 488 quod
222 456 318 479 contra
338 459 387 479 eos
409 450 493 483 facit;
518 451 561 478 his
586 456 707 486 quatuor
732 451 913 479 evasionibus

122 500 195 528 hanc
208 499 357 526 veritatem
373 497 493 525 evadere
504 501 649 524 conantur.
670 497 763 525 Primo
779 505 911 532 namque,

122 554 185 574 cum
204 546 348 573 rarissime
363 544 458 572 dicant
472 544 613 576 doctores,
629 543 764 578 Spiritum
786 548 912 571 sanctum

121 600 156 620 ex
185 592 266 620 Patre
295 598 345 626 per
368 590 468 618 Filium
489 590 648 624 procedere,
671 589 822 624 smpissime
848 596 912 620 vero

122 638 207 669 mitti,
228 637 378 672 proﬂuere,
397 635 519 671 prodire,
537 643 677 668 emanare,
693 635 841 667 scaturire.
857 635 912 662 ori-

121 683 156 713 ri.
181 687 209 710 et
230 682 405 722 hujusmodi,
420 681 546 711 fecerunt
571 681 623 713 sibi
641 681 712 709 hanc
727 682 912 714 voluntariam

120 729 341 760 distinctionem,
370 727 446 762 quod
467 727 597 754 videlicet
623 727 738 754 verbum
762 727 912 762 procedere

120 776 258 802 duntaxat
280 773 450 809 signiﬁcaret
470 772 670 811 hypostaticatn
686 777 714 800 et
737 773 911 808 personalem

120 821 241 856 Spiritus
257 820 346 847 sancti
361 819 565 851 emanationem
581 828 587 846 :
604 824 704 853 cetera
733 825 802 850 vero
829 827 913 848 voea-

121 867 197 899 bula,
219 865 417 893 charismatum
441 870 469 892 et
495 865 632 892 donorum
650 865 775 900 ejusdem
802 866 830 892 in
862 872 912 892 nos

965 267 1084 294 Nestorii
1117 277 1253 300 errorem,
1274 269 1320 303 qui
1352 269 1558 303 blasphcmabat
1586 269 1684 296 Filium
1706 271 1751 297 Dei

962 321 1063 348 purum
1090 314 1230 342 hominem
1247 322 1318 345 esse.
1348 315 1468 348 Spiritus
1485 315 1572 342 sancti
1592 316 1678 350 gratia
1705 325 1753 351 pt‘t'

965 359 1205 395 participationem
1230 359 1450 392 sanctiﬁcatum;
1467 359 1540 387 idem
1565 366 1677 388 sanctus
1699 361 1752 396 Cy-

964 406 1043 434 rillus
1065 406 1195 440 Spiritum
1224 411 1349 434 sanctum
1380 406 1512 440 Spiritum
1543 406 1604 433 Filii
1629 412 1657 434 et
1690 415 1752 442 pro-
1782 433 1785 435 .

942 444 1054 486 /prium
1074 451 1136 478 Filii
1154 459 1214 478 esse
1239 451 1315 478 dicit.
1335 451 1400 478 Post
1421 451 1478 479 hzec
1499 451 1611 486 quidam
1628 451 1755 479 Theodo-

966 499 1043 522 retus
1057 495 1120 530 Cyri
1147 495 1305 535 cpiscopus,
1324 495 1365 521 vir
1390 495 1500 530 quidem
1525 496 1753 527 litteratissimus,

965 541 1092 568 humana:
1111 545 1202 568 tamen
1224 541 1365 576 fragilitati
1391 541 1540 577 subjectus,
1556 542 1754 577 superveniens-

966 586 993 615 in
1024 585 1157 620 synodum
1195 593 1257 612 sero
1294 593 1355 612 cum
1396 585 1552 620 patriarcha
1584 587 1755 613 Antiocheno

963 632 1079 665 Joanne,
1096 640 1158 660 cum
1182 633 1349 667 reperissent
1370 633 1427 668 jam
1442 633 1599 660 Nestorium
1622 635 1754 661 condem-

965 683 1069 711 natum,
1097 683 1125 708 et
1154 686 1203 713 pro
1221 679 1366 710 demeritis
1396 679 1454 709 suis
1484 680 1549 707 sede
1576 680 1754 715 patriarchali

965 725 1272 760 Censtantinopolitana
1291 725 1441 760 privatum,
1463 726 1595 762 indignati
1624 728 1698 762 quod
1714 728 1756 755 eis

965 780 1020 802 non
1047 773 1210 807 exspectatis
1239 772 1398 803 conclusum
1433 772 1539 806 fuerat,
1567 773 1754 802 defensionem

963 818 1082 850 Nestorii
1102 823 1293 853 susceperunt.
1307 817 1497 848 Theodoretus
1512 819 1606 854 igitur,
1624 823 1753 855 tanquam

963 864 1005 891 vir
1017 863 1193 891 doctissimus
1205 884 1212 896 ,
1232 868 1328 891 contra
1340 863 1485 891 duodecim
1504 864 1754 892 Anathematismos

120 911 359 944 distributionem,
384 915 411 938 et
434 910 614 945 temporalem
643 910 669 937 in
694 911 826 937 mundum
853 911 913 945 ejus
931 921 950 947 η
965 909 1059 945 Cyrilii
1084 909 1138 936 alia
1166 909 1312 937 duodecim
1334 909 1451 944 capitula
1467 910 1572 944 edidit;
1590 918 1709 945 quorum
1726 913 1753 939 in

119 958 292 989 missionem,
318 964 400 991 quam
422 956 507 983 etiam
533 963 581 990 per
597 955 698 985 Filium
725 956 783 983 ﬁeri
809 964 910 983 concc-

119 1004 199 1033 dunt.
217 1002 347 1030 Secundo
364 1002 470 1035 dicunt,
489 1001 563 1037 quod
581 1001 643 1029 ideo
663 1002 766 1033 dicitur
781 1010 814 1030 ex
830 1003 910 1030 Patre

121 1057 170 1084 per
185 1049 294 1081 Filium,
313 1056 366 1076 non
384 1048 449 1083 quia
469 1048 554 1079 Filius
574 1053 617 1075 est
636 1048 804 1083 principium
823 1049 911 1084 Spiri-

120 1100 166 1122 tus
187 1095 286 1127 sancti,
307 1094 355 1121 sed
369 1094 434 1129 quia
452 1094 534 1121 Pater
547 1098 574 1121 et
599 1093 686 1125 Filius
709 1098 775 1125 sunt
798 1094 910 1125 nomina

121 1141 253 1174 relativo;
269 1140 386 1168 alterum
399 1148 465 1167 vero
480 1139 659 1171 relativorum
672 1147 727 1172 non
741 1145 832 1175 potest
843 1140 908 1171 dici,

120 1188 187 1222 quin
206 1187 375 1222 intelligatur
393 1186 525 1219 alterum;
544 1186 606 1213 ideo
622 1186 750 1220 dicendo,
770 1186 808 1214 Ex
820 1187 909 1219 Patre,

120 1241 234 1262 necesse
256 1238 299 1260 cst
322 1233 404 1260 etiam
432 1232 530 1264 Filium
555 1233 702 1263 nominare
725 1238 838 1268 propter
856 1233 910 1260 vim

120 1279 209 1315 ipsius
219 1278 372 1306 relationis.
392 1277 498 1311 Tertio,
519 1278 838 1311 consubstantialitatem
860 1277 911 1305 Pa-

121 1327 173 1353 tris
197 1331 225 1353 et
246 1324 307 1352 Filii
331 1331 442 1352 causam
461 1331 522 1351 esse
548 1324 640 1357 aiuntI
663 1329 693 1355 ut
716 1331 748 1351 ex
765 1323 845 1355 Patre
863 1331 911 1358 per

121 1371 219 1399 Filium
238 1369 358 1406 Spiritus
379 1376 441 1396 esse
466 1369 592 1396 dicatur:
612 1375 674 1400 cum
689 1369 764 1395 enim
785 1368 909 1403 ejusdem

119 1417 279 1444 substantia:
297 1416 352 1443 sint
375 1415 457 1442 Pater
483 1419 510 1442 et
531 1414 630 1447 Filius,
653 1414 822 1448 necessario,
847 1422 909 1441 cum

119 1462 222 1490 dicitur
245 1469 278 1488 ex
301 1461 393 1492 Patre,
425 1464 535 1495 oportet
559 1464 590 1492 ut
624 1454 733 1487 dicatur
762 1460 846 1486 etiam
877 1467 911 1486 cx

120 1508 202 1536 Filio.
217 1508 332 1541 Quarto,
347 1507 411 1542 quia
432 1513 644 1541 nonnunquam,
659 1506 801 1533 rarissime
817 1512 908 1532 ωιτν-ιι

119 1560 147 1582 et
163 1554 236 1589 apud
263 1557 370 1588 poetas,
391 1553 494 1588 quibus
513 1553 548 1579 ob
564 1551 720 1589 angustiam
748 1551 829 1578 metri
845 1551 910 1579 licet

965 963 1049 988 nouoI
1071 956 1116 983 ubi
1131 960 1243 984 sanctus
1260 956 1379 991 Cyrillus
1393 956 1526 992 Spiritum
1542 962 1666 985 sanctum
1680 958 1754 988 Filii.

965 1007 993 1030 et
1009 1002 1148 1037 proprium
1172 1001 1245 1034 Filii,
1268 1002 1336 1030 dicit
1348 1010 1420 1035 esse,
1439 1003 1480 1031 his
1496 1003 1587 1030 verbis
1600 1004 1656 1031 ait:
1675 1003 1754 1037 Quod

964 1048 987 1075 si
1000 1047 1119 1082 Cyrillus
1138 1048 1269 1083 Spiritum
1286 1053 1411 1079 sanctum
1429 1049 1571 1084 proprium
1588 1049 1652 1076 Filii
1668 1049 1747 1080 dicit,

966 1099 1094 1129 tanquam
1120 1093 1381 1122 consubstantialem
1395 1086 1508 1127 ei,.hoc
1528 1101 1594 1122 vero
1625 1099 1752 1130 accepta-

966 1148 1026 1168 mus
1044 1150 1050 1167 :
1072 1141 1143 1175 quod
1166 1141 1189 1168 si
1209 1145 1338 1176 tanquam
1360 1148 1393 1169 ex
1422 1141 1502 1173 Filio,
1520 1142 1562 1169 vel
1590 1149 1637 1176 per
1654 1142 1752 1169 Filium

965 1195 1025 1214 esse
1040 1192 1067 1214 et
1091 1187 1279 1215 exsistentiam
1310 1187 1481 1220 habentem,‘
1497 1187 1550 1215 hoc
1571 1192 1601 1214 ut
1624 1188 1752 1222 blasphe—

966 1234 1046 1258 miam
1061 1232 1196 1267 ejicimus.
1219 1232 1260 1258 Ad
1277 1232 1333 1260 htec
1356 1237 1442 1260 totum
1467 1232 1668 1261 (ecumenicum
1686 1241 1752 1260 con-

965 1278 1057 1306 cilium
1073 1278 1182 1306 tertium
1196 1277 1289 1310 tacuitI
1306 1285 1356 1305 nec
1371 1277 1523 1313 increpavit
1546 1278 1750 1306 'l‘heodOretum

966 1329 1095 1359 tanquam
1123 1324 1356 1352 maledicentem:
1386 1323 1504 1360 Cyrillus
1531 1330 1624 1352 tamen
1651 1325 1687 1352 ad
1717 1333 1750 1352 ea

965 1369 1116 1403 respondit,
1144 1369 1291 1404 omniaque
1304 1376 1354 1396 sua
1371 1369 1491 1407 capitula
1513 1369 1575 1397 aliis
1605 1370 1751 1398 duodeL-im

965 1415 1044 1442 novis
1073 1415 1200 1450 capitulis
1221 1415 1257 1442 ita
1284 1415 1376 1442 denuo
1401 1415 1537 1455 exponit,
1556 1420 1585 1443 ut
1615 1417 1752 1444 sententia

965 1461 1032 1497 ejus,
1048 1461 1099 1489 etsi
1118 1469 1172 1488 non
1189 1461 1271 1488 nimis
1283 1461 1386 1496 apertis
1397 1461 1575 1494 verbis,clare
1594 1466 1685 1490 tamen
1701 1471 1752 1498 pro

966 1507 1045 1534 nobis
1057 1514 1116 1535 esse
1129 1511 1269 1542 appareat.
1288 1507 1345 1534 lloc
1361 1508 1478 1534 maxime
1490 1507 1599 1541 (ΙΙ-δέους
1619 1509 1750 1539 oblectat.

966 1552 993 1580 in
1011 1552 1063 1580 hoc
1079 1552 1252 1591 potissimum
1271 1553 1423 1585 conﬁdunt.
1446 1555 1497 1582 hoc
1520 1561 1570 1588 pro
1591 1555 1710 1582 maximo
1724 1561 1752 1582 et

120 1600 307 1636 ntetaphorice
326 1604 354 1629 et
369 1599 484 1627 abusive
498 1598 642 1626 vocabulis
657 1598 707 1631 uti,
729 1598 905 1633 praepositio-
921 1604 943 1634 ο
960 1599 1100 1627 insolubili
1114 1604 1276 1635 argumento
1297 1604 1409 1635 putant,
1424 1599 1499 1634 quod
1516 1599 1689 1629 Theodoreto
1704 1610 1752 1628 nc-

119 1655 181 1675 nem
207 1654 252 1682 per
279 1645 426 1680 aliquando
452 1649 616 1680 repererunt
648 1643 720 1671 idem
752 1643 909 1679 signiﬁcare

119 1693 193 1729 quod
215 1692 371 1727 praepositio
388 1699 470 1724 cum;
499 1691 606 1720 dicunt.
620 1689 754 1724 Spiritum
777 1695 902 1717 sanctum

120 1740 183 1766 ideo
201 1737 255 1765 dici
271 1745 304 1765 ex
327 1736 407 1764 Patre
423 1743 472 1772 per
488 1735 588 1764 Filium
607 1735 770 1770 procedere,
793 1734 857 1769 quia
875 1742 908 1761 ex

120 1785 201 1813 Patre
218 1791 280 1811 cum
299 1783 369 1810 Filio
385 1782 468 1809 simul
484 1781 628 1820 procedit:
646 1785 674 1808 et
687 1781 729 1807 his
746 1781 834 1808 modis
850 1788 909 1808 om-

119 1838 172 1858 nes
197 1830 257 1858 illas
282 1830 460 1857 auctoritates
484 1831 638 1867 exponunt,
660 1826 719 1854 sive
736 1831 908 1861 pervertunt.

121 1877 186 1904 llaec
201 1884 252 1904 nos
265 1884 298 1904 cx
318 1876 436 1911 ipsemet
465 1873 661 1902 auctoritatum
676 1873 812 1900 sententia
824 1878 852 1900 et
864 1879 909 1899 ra-

123 1923 246 1951 tionibus
269 1922 422 1950 verissimis
441 1919 659 1949 cont'utavimus.
685 1918 835 1953 probantes
853 1919 910 1946 hac

122 1978 177 1997 non
203 1976 283 2004 posse
306 1967 467 2001 consistere,
486 1974 537 1994 nec
560 1964 739 2001 opinionibus
764 1967 792 1991 et
818 1963 909 1990 verbis

123 2020 280 2043 sanctorum
313 2015 457 2042 doctorum
481 2013 632 2051 convenire
647 2031 656 2044 ,
686 2015 769 2046 prout
789 2017 822 2037 ex
843 2009 909 2044 ipsis

121 2062 215 2090 verbis
239 2061 341 2089 clarius
373 2059 492 2087 videtur.
528 2059 663 2086 Praeterea
686 2056 830 2084 sciendum
854 2059 908 2087 est,

120 2109 194 2145 quod
211 2109 239 2137 in
254 2109 336 2137 tertio
355 2107 528 2137 meumenico
538 2106 657 2134 concilio
672 2109 785 2133 sanctus
792 2103 911 2139 Cyrillus

121 2161 218 2184 contra
233 2155 390 2184 Nestorium
401 2160 429 2182 et
454 2155 514 2190 ejus
531 2152 657 2183 haeresim
674 2152 747 2180 inter
760 2150 813 2178 alia
825 2150 910 2177 multa

120 2210 181 2237 quae
197 2203 400 2237 sapientissime
423 2200 545 2236 scripsit,
559 2198 705 2227 duodecim
727 2197 812 2224 etiam
836 2196 910 2230 capi-

122 2249 179 2276 tula
202 2248 290 2276 edidit
318 2254 416 2276 contra
442 2246 586 2274 haereticos
617 2244 736 2273 Nestorii
766 2242 908 2274 articulos,

121 2302 182 2329 quae
198 2294 450 2322 Anathematismos
462 2291 620 2328 appellavit,
639 2298 672 2318 eo
686 2289 758 2325 quod
775 2289 802 2315 in
813 2288 854 2316 eis
867 2295 911 2314 er-

965 1651 1046 1681 gante
1059 1645 1189 1681 Spiritum
1199 1653 1233 1673 ex
1248 1646 1327 1678 Filio,
1341 1646 1384 1673 vel
1400 1654 1448 1682 per
1461 1646 1560 1674 Filium
1579 1647 1680 1675 habere
1689 1655 1752 1675 CSSP.

962 1697 991 1718 et
1018 1691 1233 1724 subsistentiam,
1257 1691 1407 1720 concilium
1431 1697 1518 1719 totum
1552 1693 1680 1726 tacuerit,
1700 1701 1751 1720 nec

964 1744 1026 1763 cum
1058 1736 1192 1764 mendacii
1219 1742 1248 1764 et
1277 1737 1381 1764 erroris
1413 1737 1606 1773 redarguerit;
1633 1737 1751 1774 Cyrillus

964 1790 1072 1818 quoque
1086 1790 1141 1810 non
1153 1783 1190 1810 ita
1204 1788 1309 1818 aperte,
1321 1788 1351 1810 ut
1363 1789 1470 1819 putant.
1484 1785 1658 1820 responderit
1669 1793 1750 1818 ;‘cum

965 1833 1054 1856 tamen
1072 1831 1160 1857 sciant
1183 1829 1386 1857 Theodoretum
1416 1836 1561 1865 propterea
1585 1831 1752 1858 condemna-

965 1881 1034 1908 tum,
1051 1879 1079 1903 et
1096 1875 1130 1902 ab
1152 1875 1274 1903 Ecclesia
1298 1875 1391 1902 multis
1403 1875 1504 1902 abhinc
1518 1875 1599 1902 annis
1630 1876 1749 1910 ejectum

965 1922 1058 1950 fuisse.
1075 1921 1115 1949 Ad
1131 1922 1189 1949 haec
1211 1922 1293 1956 igitur
1319 1926 1448 1956 tanquam
1466 1921 1609 1949 notissima
1637 1922 1751 1953 Graecis,

965 1975 1019 1994 non
1047 1974 1078 1993 ea
1093 1966 1175 1993 latius
1193 1966 1365 2000 explicando,
1384 1969 1414 1992 ut
1431 1965 1459 1993 in
1475 1966 1602 1994 oratione
1629 1966 1749 1997 videtur,

961 2011 1156 2047 respondetur.
1171 2011 1223 2038 Sed
1243 2018 1324 2038 nemo
1339 2011 1373 2037 de
1391 2011 1565 2039 Theodoreto
1577 2012 1637 2038 viro
1649 2012 1752 2040 doctis-

964 2057 1034 2083 simo
1055 2056 1163 2088 doleat;
1185 2063 1265 2083 suum
1284 2056 1358 2083 enim
1384 2057 1543 2091 recognovit
1562 2064 1697 2090 errorem,
1723 2063 1750 2085 et

965 2103 992 2130 in
1011 2107 1109 2138 quarto
1120 2101 1338 2130 Chalcedonensi
1366 2101 1484 2136 generali
1510 2101 1627 2130 concilio
1645 2102 1751 2138 (super-

965 2149 1033 2175 vixit
1060 2155 1177 2183 namque
1195 2148 1227 2175 ad
1253 2146 1319 2174 illud
1335 2155 1421 2182 usque
1438 2148 1556 2183 tempus)
1573 2148 1660 2182 palam
1686 2156 1748 2175 eum

965 2195 1124 2227 confessus,
1152 2202 1167 2221 a
1195 2191 1435 2229 sancta'synodo,
1466 2199 1595 2230 tanquam
1627 2195 1746 2222 honora-

964 2242 1021 2268 hile
1041 2241 1193 2267 membrum
1221 2239 1359 2272 Ecclesirc,
1387 2245 1530 2275 susceptus
1553 2245 1582 2268 et
1603 2241 1748 2268 restitutus

968 2286 1031 2312 fuit.
