  <div class='ocr_page' id='page_1' title='image "/cluster/home/n/w/nwhite01/storage/ocr_20150623/161/njp.32101077773255/429.png"; bbox 0 0 1916 3066; ppageno 0'>
   <div class='ocr_carea' id='block_1_1' title="bbox 140 122 195 155">
    <p class='ocr_par' dir='ltr' id='par_1_1' title="bbox 140 122 195 155">
     <span class='ocr_line' id='line_1_1' title="bbox 140 122 195 155; baseline -0.055 0"><span class='ocrx_word' id='word_1_1' title='bbox 140 122 195 155; x_wconf 78' lang='lat'><strong>615</strong></span> 
     </span>
    </p>
   </div>
   <div class='ocr_carea' id='block_1_2' title="bbox 622 124 1288 157">
    <p class='ocr_par' dir='ltr' id='par_1_2' title="bbox 622 124 1288 157">
     <span class='ocr_line' id='line_1_2' title="bbox 622 124 1288 157; baseline 0.002 -3"><span class='ocrx_word' id='word_1_2' title='bbox 622 124 876 155; x_wconf 79' lang='lat' dir='ltr'><strong>BESSARIUNIS</strong></span> <span class='ocrx_word' id='word_1_3' title='bbox 897 126 926 157; x_wconf 81' lang='lat' dir='ltr'><strong>S.</strong></span> <span class='ocrx_word' id='word_1_4' title='bbox 948 126 983 156; x_wconf 78' lang='lat' dir='ltr'><strong>il.</strong></span> <span class='ocrx_word' id='word_1_5' title='bbox 1001 125 1035 156; x_wconf 87' lang='lat' dir='ltr'><strong>E.</strong></span> <span class='ocrx_word' id='word_1_6' title='bbox 1057 125 1288 155; x_wconf 72' lang='lat' dir='ltr'><strong>CARDINALIS</strong></span> 
     </span>
    </p>
   </div>
   <div class='ocr_carea' id='block_1_3' title="bbox 1713 123 1766 155">
    <p class='ocr_par' dir='ltr' id='par_1_3' title="bbox 1713 123 1766 155">
     <span class='ocr_line' id='line_1_3' title="bbox 1713 123 1766 155; baseline -0.038 0"><span class='ocrx_word' id='word_1_7' title='bbox 1713 123 1766 155; x_wconf 74' lang='grc'><strong>016</strong></span> 
     </span>
    </p>
   </div>
   <div class='ocr_carea' id='block_1_4' title="bbox 608 294 1311 383">
    <p class='ocr_par' dir='ltr' id='par_1_4' title="bbox 608 294 1311 383">
     <span class='ocr_line' id='line_1_4' title="bbox 608 294 1311 383; baseline 0.006 -4"><span class='ocrx_word' id='word_1_8' title='bbox 608 294 1210 383; x_wconf 79' lang='lat' dir='ltr'><strong>BESSABION</strong></span> <span class='ocrx_word' id='word_1_9' title='bbox 1214 295 1311 383; x_wconf 87' lang='lat' dir='ltr'><strong>IS</strong></span> 
     </span>
    </p>
   </div>
   <div class='ocr_carea' id='block_1_5' title="bbox 510 455 1408 517">
    <p class='ocr_par' dir='ltr' id='par_1_5' title="bbox 510 455 1408 517">
     <span class='ocr_line' id='line_1_5' title="bbox 510 455 1408 517; baseline -0.006 0"><span class='ocrx_word' id='word_1_10' title='bbox 510 456 1020 517; x_wconf 82' lang='lat' dir='ltr'><strong>CARDINALIS</strong></span> <span class='ocrx_word' id='word_1_11' title='bbox 1088 455 1408 513; x_wconf 64' lang='lat' dir='ltr'><strong>NICZENI</strong></span> 
     </span>
    </p>
   </div>
   <div class='ocr_carea' id='block_1_6' title="bbox 867 575 1046 607">
    <p class='ocr_par' dir='ltr' id='par_1_6' title="bbox 867 575 1046 607">
     <span class='ocr_line' id='line_1_6' title="bbox 867 575 1046 607; baseline -0.006 -1"><span class='ocrx_word' id='word_1_12' title='bbox 867 575 1046 607; x_wconf 83' lang='lat' dir='ltr'><strong>MONODIA</strong></span> 
     </span>
    </p>
   </div>
   <div class='ocr_carea' id='block_1_7' title="bbox 335 657 1582 714">
    <p class='ocr_par' dir='ltr' id='par_1_7' title="bbox 335 657 1582 714">
     <span class='ocr_line' id='line_1_7' title="bbox 335 657 1582 714; baseline -0.001 -2"><span class='ocrx_word' id='word_1_13' title='bbox 335 668 399 712; x_wconf 82' lang='lat' dir='ltr'><strong>IN</strong></span> <span class='ocrx_word' id='word_1_14' title='bbox 439 667 626 714; x_wconf 89' lang='lat' dir='ltr'>OBITU</span> <span class='ocrx_word' id='word_1_15' title='bbox 667 668 975 713; x_wconf 83' lang='lat' dir='ltr'><strong>MANUELIS</strong></span> <span class='ocrx_word' id='word_1_16' title='bbox 1012 666 1373 714; x_wconf 72' lang='lat' dir='ltr'><strong>PAL/EOLOGI</strong></span> <span class='ocrx_word' id='word_1_17' title='bbox 1416 657 1582 712; x_wconf 44' lang='lat' dir='ltr'><strong>IMP.’</strong></span> 
     </span>
    </p>
   </div>
   <div class='ocr_carea' id='block_1_8' title="bbox 145 762 1770 819">
    <p class='ocr_par' dir='ltr' id='par_1_8' title="bbox 145 762 1770 819">
     <span class='ocr_line' id='line_1_8' title="bbox 145 762 1770 819; baseline -0.001 -28"><span class='ocrx_word' id='word_1_18' title='bbox 145 764 256 797; x_wconf 82' lang='lat' dir='ltr'><strong>(Nicolao</strong></span> <span class='ocrx_word' id='word_1_19' title='bbox 272 764 384 796; x_wconf 85' lang='lat' dir='ltr'><strong>l‘erotto,</strong></span> <span class='ocrx_word' id='word_1_20' title='bbox 401 763 586 795; x_wconf 82' lang='lat' dir='ltr'><strong>archiepiscopo</strong></span> <span class='ocrx_word' id='word_1_21' title='bbox 608 764 738 795; x_wconf 87' lang='lat' dir='ltr'><strong>Sipontino</strong></span> <span class='ocrx_word' id='word_1_22' title='bbox 754 763 900 819; x_wconf 57' lang='lat' dir='ltr'><strong>interprete.</strong></span> <span class='ocrx_word' id='word_1_23' title='bbox 917 763 988 795; x_wconf 79' lang='lat' dir='ltr'><strong>Apud</strong></span> <span class='ocrx_word' id='word_1_24' title='bbox 1004 763 1118 798; x_wconf 78' lang='lat' dir='ltr'><strong>Bzovium</strong></span> <span class='ocrx_word' id='word_1_25' title='bbox 1134 762 1232 788; x_wconf 86' lang='lat' dir='ltr'><strong>Contin.</strong></span> <span class='ocrx_word' id='word_1_26' title='bbox 1245 763 1333 788; x_wconf 80' lang='lat' dir='ltr'><strong>Annal.</strong></span> <span class='ocrx_word' id='word_1_27' title='bbox 1350 763 1452 796; x_wconf 82' lang='lat' dir='ltr'><strong>Baron.,</strong></span> <span class='ocrx_word' id='word_1_28' title='bbox 1470 764 1500 789; x_wconf 80' lang='lat' dir='ltr'><strong>ad</strong></span> <span class='ocrx_word' id='word_1_29' title='bbox 1516 770 1556 789; x_wconf 84' lang='lat' dir='ltr'><strong>an.</strong></span> <span class='ocrx_word' id='word_1_30' title='bbox 1577 762 1645 794; x_wconf 77' lang='lat' dir='ltr'><strong>H72,</strong></span> <span class='ocrx_word' id='word_1_31' title='bbox 1659 771 1684 790; x_wconf 79' lang='grc' dir='ltr'><strong>ο.</strong></span> <span class='ocrx_word' id='word_1_32' title='bbox 1705 764 1770 795; x_wconf 83' lang='lat' dir='ltr'><strong>LVI,</strong></span> 
     </span>
     <span class='ocr_line' id='line_1_9' title="bbox 554 794 1353 819; baseline 0 0"><span class='ocrx_word' id='word_1_33' title='bbox 554 797 640 819; x_wconf 68' lang='lat' dir='ltr'><strong>Grece</strong></span> <span class='ocrx_word' id='word_1_34' title='bbox 657 798 742 819; x_wconf 76' lang='lat' dir='ltr'><strong>exstat</strong></span> <span class='ocrx_word' id='word_1_35' title='bbox 758 795 782 819; x_wconf 91' lang='lat' dir='ltr'><strong>in</strong></span> <span class='ocrx_word' id='word_1_36' title='bbox 793 795 818 819; x_wconf 85' lang='lat' dir='ltr'><strong>tn</strong></span> <span class='ocrx_word' id='word_1_37' title='bbox 837 794 944 819; x_wconf 83' lang='lat' dir='ltr'><strong>ltelheca</strong></span> <span class='ocrx_word' id='word_1_38' title='bbox 961 795 988 819; x_wconf 93' lang='lat' dir='ltr'><strong>S.</strong></span> <span class='ocrx_word' id='word_1_39' title='bbox 1006 794 1079 819; x_wconf 82' lang='lat' dir='ltr'><strong>Marct</strong></span> <span class='ocrx_word' id='word_1_40' title='bbox 1096 794 1202 819; x_wconf 82' lang='lat' dir='ltr'><strong>Veneta.</strong></span> <span class='ocrx_word' id='word_1_41' title='bbox 1214 794 1268 819; x_wconf 84' lang='lat' dir='ltr'><strong>cod.</strong></span> <span class='ocrx_word' id='word_1_42' title='bbox 1285 794 1353 819; x_wconf 57' lang='lat'><strong>5533</strong></span> 
     </span>
    </p>
   </div>
   <div class='ocr_carea' id='block_1_9' title="bbox 554 795 818 821">
    <p class='ocr_par' dir='ltr' id='par_1_9' title="bbox 554 795 818 821">
     <span class='ocr_line' id='line_1_10' title="bbox 554 795 818 821; baseline -0.008 0"><span class='ocrx_word' id='word_1_43' title='bbox 554 797 640 821; x_wconf 69' lang='lat' dir='ltr'><strong>Grece</strong></span> <span class='ocrx_word' id='word_1_44' title='bbox 657 798 742 820; x_wconf 76' lang='lat' dir='ltr'><strong>exstat</strong></span> <span class='ocrx_word' id='word_1_45' title='bbox 758 795 782 819; x_wconf 91' lang='lat' dir='ltr'><strong>in</strong></span> <span class='ocrx_word' id='word_1_46' title='bbox 793 795 818 819; x_wconf 84' lang='lat' dir='ltr'><strong>bi</strong></span> 
     </span>
    </p>
   </div>
   <div class='ocr_carea' id='block_1_10' title="bbox 837 793 1353 826">
    <p class='ocr_par' dir='ltr' id='par_1_10' title="bbox 837 793 1353 826">
     <span class='ocr_line' id='line_1_11' title="bbox 837 793 1353 826; baseline 0.004 -8"><span class='ocrx_word' id='word_1_47' title='bbox 837 793 947 819; x_wconf 77' lang='lat' dir='ltr'><strong>liotheea</strong></span> <span class='ocrx_word' id='word_1_48' title='bbox 961 795 988 819; x_wconf 92' lang='lat' dir='ltr'><strong>S.</strong></span> <span class='ocrx_word' id='word_1_49' title='bbox 1006 793 1079 819; x_wconf 82' lang='lat' dir='ltr'><strong>Marci</strong></span> <span class='ocrx_word' id='word_1_50' title='bbox 1096 794 1202 825; x_wconf 80' lang='lat' dir='ltr'><strong>Veneta,</strong></span> <span class='ocrx_word' id='word_1_51' title='bbox 1214 794 1268 819; x_wconf 84' lang='lat' dir='ltr'><strong>cod.</strong></span> <span class='ocrx_word' id='word_1_52' title='bbox 1285 794 1353 826; x_wconf 77' lang='lat'><strong>553.)</strong></span> 
     </span>
    </p>
   </div>
   <div class='ocr_carea' id='block_1_11' title="bbox 180 940 1768 978">
    <p class='ocr_par' dir='ltr' id='par_1_11' title="bbox 180 940 1768 978">
     <span class='ocr_line' id='line_1_12' title="bbox 180 940 1768 978; baseline 0 -6"><span class='ocrx_word' id='word_1_53' title='bbox 180 945 208 972; x_wconf 88' lang='lat' dir='ltr'><strong>Si</strong></span> <span class='ocrx_word' id='word_1_54' title='bbox 221 944 288 971; x_wconf 80' lang='lat' dir='ltr'><strong>flere</strong></span> <span class='ocrx_word' id='word_1_55' title='bbox 301 943 382 971; x_wconf 89' lang='lat' dir='ltr'><strong>etiam</strong></span> <span class='ocrx_word' id='word_1_56' title='bbox 404 941 552 978; x_wconf 81' lang='lat' dir='ltr'><strong>aliquando</strong></span> <span class='ocrx_word' id='word_1_57' title='bbox 565 941 606 969; x_wconf 87' lang='lat' dir='ltr'><strong>fas</strong></span> <span class='ocrx_word' id='word_1_58' title='bbox 618 945 661 969; x_wconf 88' lang='lat' dir='ltr'><strong>est</strong></span> <span class='ocrx_word' id='word_1_59' title='bbox 672 962 679 974; x_wconf 88' lang='lat'><strong>,</strong></span> <span class='ocrx_word' id='word_1_60' title='bbox 702 944 730 968; x_wconf 88' lang='lat' dir='ltr'><strong>et</strong></span> <span class='ocrx_word' id='word_1_61' title='bbox 747 947 866 967; x_wconf 90' lang='lat' dir='ltr'><strong>amaram</strong></span> <span class='ocrx_word' id='word_1_62' title='bbox 883 947 929 968; x_wconf 84' lang='lat' dir='ltr'><strong>so-</strong></span> <span class='ocrx_word' id='word_1_63' title='bbox 943 942 966 971; x_wconf 77' lang='grc' dir='ltr'>Α</span> <span class='ocrx_word' id='word_1_64' title='bbox 982 944 1007 967; x_wconf 88' lang='lat' dir='ltr'><strong>te</strong></span> <span class='ocrx_word' id='word_1_65' title='bbox 1022 940 1085 967; x_wconf 82' lang='lat' dir='ltr'><strong>vitae</strong></span> <span class='ocrx_word' id='word_1_66' title='bbox 1103 940 1265 975; x_wconf 87' lang='lat' dir='ltr'><strong>jncunditas</strong></span> <span class='ocrx_word' id='word_1_67' title='bbox 1288 945 1389 976; x_wconf 88' lang='lat' dir='ltr'><strong>potest,</strong></span> <span class='ocrx_word' id='word_1_68' title='bbox 1410 942 1453 970; x_wconf 88' lang='lat' dir='ltr'><strong>vel</strong></span> <span class='ocrx_word' id='word_1_69' title='bbox 1471 943 1563 978; x_wconf 92' lang='lat' dir='ltr'><strong>potius</strong></span> <span class='ocrx_word' id='word_1_70' title='bbox 1576 944 1714 978; x_wconf 87' lang='lat' dir='ltr'><strong>quomodo</strong></span> <span class='ocrx_word' id='word_1_71' title='bbox 1725 945 1768 972; x_wconf 90' lang='lat' dir='ltr'><strong>vi-</strong></span> 
     </span>
    </p>
   </div>
   <div class='ocr_carea' id='block_1_12' title="bbox 143 986 931 1022">
    <p class='ocr_par' dir='ltr' id='par_1_12' title="bbox 143 986 931 1022">
     <span class='ocr_line' id='line_1_13' title="bbox 143 986 931 1022; baseline -0.006 -4"><span class='ocrx_word' id='word_1_72' title='bbox 143 992 271 1018; x_wconf 77' lang='lat' dir='ltr'><strong>eiettttcm</strong></span> <span class='ocrx_word' id='word_1_73' title='bbox 286 990 457 1017; x_wconf 83' lang='lat' dir='ltr'><strong>canstituere</strong></span> <span class='ocrx_word' id='word_1_74' title='bbox 476 993 576 1016; x_wconf 89' lang='lat' dir='ltr'><strong>cantus</strong></span> <span class='ocrx_word' id='word_1_75' title='bbox 589 992 674 1022; x_wconf 83' lang='lat' dir='ltr'><strong>atque</strong></span> <span class='ocrx_word' id='word_1_76' title='bbox 686 986 801 1020; x_wconf 85' lang='lat' dir='ltr'><strong>doloris,</strong></span> <span class='ocrx_word' id='word_1_77' title='bbox 821 995 875 1013; x_wconf 89' lang='lat' dir='ltr'><strong>non</strong></span> <span class='ocrx_word' id='word_1_78' title='bbox 892 987 931 1014; x_wconf 88' lang='lat' dir='ltr'><strong>vi-</strong></span> 
     </span>
    </p>
   </div>
   <div class='ocr_carea' id='block_1_13' title="bbox 144 1032 931 1071">
    <p class='ocr_par' dir='ltr' id='par_1_13' title="bbox 144 1032 931 1071">
     <span class='ocr_line' id='line_1_14' title="bbox 144 1032 931 1071; baseline -0.006 -7"><span class='ocrx_word' id='word_1_79' title='bbox 144 1038 196 1064; x_wconf 91' lang='lat' dir='ltr'><strong>deo</strong></span> <span class='ocrx_word' id='word_1_80' title='bbox 220 1037 292 1071; x_wconf 89' lang='lat' dir='ltr'><strong>quod</strong></span> <span class='ocrx_word' id='word_1_81' title='bbox 322 1041 431 1070; x_wconf 83' lang='lat' dir='ltr'><strong>tempus</strong></span> <span class='ocrx_word' id='word_1_82' title='bbox 449 1034 514 1061; x_wconf 86' lang='lat' dir='ltr'><strong>huic</strong></span> <span class='ocrx_word' id='word_1_83' title='bbox 539 1033 576 1061; x_wconf 86' lang='lat' dir='ltr'><strong>rei</strong></span> <span class='ocrx_word' id='word_1_84' title='bbox 603 1033 805 1061; x_wconf 88' lang='lat' dir='ltr'><strong>accomntodari</strong></span> <span class='ocrx_word' id='word_1_85' title='bbox 833 1032 931 1060; x_wconf 86' lang='lat' dir='ltr'><strong>melius</strong></span> 
     </span>
    </p>
   </div>
   <div class='ocr_carea' id='block_1_14' title="bbox 145 1078 930 1118">
    <p class='ocr_par' dir='ltr' id='par_1_14' title="bbox 145 1078 930 1118">
     <span class='ocr_line' id='line_1_15' title="bbox 145 1078 930 1118; baseline -0.006 -8"><span class='ocrx_word' id='word_1_86' title='bbox 145 1083 247 1118; x_wconf 78' lang='lat' dir='ltr'><strong>possit,</strong></span> <span class='ocrx_word' id='word_1_87' title='bbox 276 1089 358 1117; x_wconf 91' lang='lat' dir='ltr'><strong>quam</strong></span> <span class='ocrx_word' id='word_1_88' title='bbox 386 1088 528 1116; x_wconf 43' lang='lat' dir='ltr'><strong>pratsens,‘</strong></span> <span class='ocrx_word' id='word_1_89' title='bbox 544 1080 570 1107; x_wconf 89' lang='lat' dir='ltr'><strong>in</strong></span> <span class='ocrx_word' id='word_1_90' title='bbox 596 1088 651 1114; x_wconf 88' lang='lat' dir='ltr'><strong>quo</strong></span> <span class='ocrx_word' id='word_1_91' title='bbox 671 1078 803 1114; x_wconf 80' lang='lat' dir='ltr'><strong>quidquid</strong></span> <span class='ocrx_word' id='word_1_92' title='bbox 826 1078 930 1115; x_wconf 82' lang='lat' dir='ltr'><strong>gaudii,</strong></span> 
     </span>
    </p>
   </div>
   <div class='ocr_carea' id='block_1_15' title="bbox 143 1121 930 1161">
    <p class='ocr_par' dir='ltr' id='par_1_15' title="bbox 143 1121 930 1161">
     <span class='ocr_line' id='line_1_16' title="bbox 143 1121 930 1161; baseline -0.006 -5"><span class='ocrx_word' id='word_1_93' title='bbox 143 1129 244 1156; x_wconf 70' lang='lat' dir='ltr'><strong>i:t&#39;lili‘d}</strong></span> <span class='ocrx_word' id='word_1_94' title='bbox 270 1136 300 1155; x_wconf 86' lang='lat' dir='ltr'><strong>ac</strong></span> <span class='ocrx_word' id='word_1_95' title='bbox 315 1127 465 1161; x_wconf 77' lang='lat' dir='ltr'><strong>voluptatis</strong></span> <span class='ocrx_word' id='word_1_96' title='bbox 484 1130 554 1159; x_wconf 85' lang='lat' dir='ltr'><strong>erat,</strong></span> <span class='ocrx_word' id='word_1_97' title='bbox 572 1121 710 1153; x_wconf 85' lang='lat' dir='ltr'><strong>sitblatum</strong></span> <span class='ocrx_word' id='word_1_98' title='bbox 729 1130 811 1160; x_wconf 88' lang='lat' dir='ltr'><strong>atque</strong></span> <span class='ocrx_word' id='word_1_99' title='bbox 826 1125 930 1152; x_wconf 82' lang='lat' dir='ltr'><strong>exstin-</strong></span> 
     </span>
    </p>
   </div>
   <div class='ocr_carea' id='block_1_16' title="bbox 144 1171 932 1208">
    <p class='ocr_par' dir='ltr' id='par_1_16' title="bbox 144 1171 932 1208">
     <span class='ocr_line' id='line_1_17' title="bbox 144 1171 932 1208; baseline -0.005 -7"><span class='ocrx_word' id='word_1_100' title='bbox 144 1180 217 1202; x_wconf 82' lang='lat' dir='ltr'><strong>rtum</strong></span> <span class='ocrx_word' id='word_1_101' title='bbox 233 1179 283 1207; x_wconf 85' lang='lat' dir='ltr'><strong>est,</strong></span> <span class='ocrx_word' id='word_1_102' title='bbox 318 1178 346 1200; x_wconf 88' lang='lat' dir='ltr'><strong>et</strong></span> <span class='ocrx_word' id='word_1_103' title='bbox 363 1181 410 1208; x_wconf 91' lang='lat' dir='ltr'><strong>pro</strong></span> <span class='ocrx_word' id='word_1_104' title='bbox 422 1173 466 1200; x_wconf 88' lang='lat' dir='ltr'><strong>his</strong></span> <span class='ocrx_word' id='word_1_105' title='bbox 482 1172 616 1200; x_wconf 86' lang='lat' dir='ltr'><strong>successit</strong></span> <span class='ocrx_word' id='word_1_106' title='bbox 630 1171 718 1204; x_wconf 85' lang='lat' dir='ltr'><strong>dolor,</strong></span> <span class='ocrx_word' id='word_1_107' title='bbox 735 1172 932 1206; x_wconf 77' lang='lat' dir='ltr'><strong>mmstitia,ge-</strong></span> 
     </span>
    </p>
   </div>
   <div class='ocr_carea' id='block_1_17' title="bbox 144 1218 931 1253">
    <p class='ocr_par' dir='ltr' id='par_1_17' title="bbox 144 1218 931 1253">
     <span class='ocr_line' id='line_1_18' title="bbox 144 1218 931 1253; baseline -0.005 -4"><span class='ocrx_word' id='word_1_108' title='bbox 144 1222 237 1248; x_wconf 84' lang='lat' dir='ltr'><strong>initus.</strong></span> <span class='ocrx_word' id='word_1_109' title='bbox 266 1219 342 1253; x_wconf 87' lang='lat' dir='ltr'><strong>Quod</strong></span> <span class='ocrx_word' id='word_1_110' title='bbox 367 1226 441 1250; x_wconf 84' lang='lat' dir='ltr'><strong>nunc</strong></span> <span class='ocrx_word' id='word_1_111' title='bbox 460 1226 520 1246; x_wconf 87' lang='lat' dir='ltr'><strong>esse</strong></span> <span class='ocrx_word' id='word_1_112' title='bbox 549 1218 631 1246; x_wconf 88' lang='lat' dir='ltr'><strong>ttobis</strong></span> <span class='ocrx_word' id='word_1_113' title='bbox 657 1218 785 1245; x_wconf 88' lang='lat' dir='ltr'><strong>solatium</strong></span> <span class='ocrx_word' id='word_1_114' title='bbox 813 1218 931 1252; x_wconf 81' lang='lat' dir='ltr'><strong>amplius</strong></span> 
     </span>
    </p>
   </div>
   <div class='ocr_carea' id='block_1_18' title="bbox 143 1263 931 1302">
    <p class='ocr_par' dir='ltr' id='par_1_18' title="bbox 143 1263 931 1302">
     <span class='ocr_line' id='line_1_19' title="bbox 143 1263 931 1302; baseline -0.005 -8"><span class='ocrx_word' id='word_1_115' title='bbox 143 1271 246 1302; x_wconf 83' lang='lat' dir='ltr'><strong>potest.</strong></span> <span class='ocrx_word' id='word_1_116' title='bbox 276 1273 339 1301; x_wconf 67' lang='lat' dir='ltr'><strong>quat</strong></span> <span class='ocrx_word' id='word_1_117' title='bbox 363 1265 488 1293; x_wconf 80' lang='lat' dir='ltr'><strong>melioris</strong></span> <span class='ocrx_word' id='word_1_118' title='bbox 509 1264 626 1291; x_wconf 61' lang='lat' dir='ltr'><strong>fortuna:</strong></span> <span class='ocrx_word' id='word_1_119' title='bbox 649 1272 731 1299; x_wconf 87' lang='lat' dir='ltr'><strong>spes,</strong></span> <span class='ocrx_word' id='word_1_120' title='bbox 753 1263 825 1296; x_wconf 81' lang='lat' dir='ltr'><strong>quod</strong></span> <span class='ocrx_word' id='word_1_121' title='bbox 850 1268 931 1291; x_wconf 74' lang='lat' dir='ltr'><strong>tanta:</strong></span> 
     </span>
    </p>
   </div>
   <div class='ocr_carea' id='block_1_19' title="bbox 143 1310 931 1341">
    <p class='ocr_par' dir='ltr' id='par_1_19' title="bbox 143 1310 931 1341">
     <span class='ocr_line' id='line_1_20' title="bbox 143 1310 931 1341; baseline -0.005 0"><span class='ocrx_word' id='word_1_122' title='bbox 143 1313 312 1341; x_wconf 82' lang='lat' dir='ltr'><strong>infelicitatis</strong></span> <span class='ocrx_word' id='word_1_123' title='bbox 328 1311 481 1340; x_wconf 85' lang='lat' dir='ltr'><strong>remedium</strong></span> <span class='ocrx_word' id='word_1_124' title='bbox 495 1311 507 1338; x_wconf 89' lang='lat'><strong>?</strong></span> <span class='ocrx_word' id='word_1_125' title='bbox 523 1310 682 1338; x_wconf 76' lang='lat' dir='ltr'><strong>Tondentur</strong></span> <span class='ocrx_word' id='word_1_126' title='bbox 692 1319 765 1338; x_wconf 90' lang='lat' dir='ltr'><strong>nunc</strong></span> <span class='ocrx_word' id='word_1_127' title='bbox 781 1310 857 1337; x_wconf 85' lang='lat' dir='ltr'><strong>orbis</strong></span> <span class='ocrx_word' id='word_1_128' title='bbox 877 1316 931 1337; x_wconf 83' lang='lat' dir='ltr'><strong>ter-</strong></span> 
     </span>
    </p>
   </div>
   <div class='ocr_carea' id='block_1_20' title="bbox 144 1357 931 1393">
    <p class='ocr_par' dir='ltr' id='par_1_20' title="bbox 144 1357 931 1393">
     <span class='ocr_line' id='line_1_21' title="bbox 144 1357 931 1393; baseline -0.004 -7"><span class='ocrx_word' id='word_1_129' title='bbox 144 1368 248 1393; x_wconf 84' lang='lat' dir='ltr'><strong>rarum,</strong></span> <span class='ocrx_word' id='word_1_130' title='bbox 264 1363 372 1387; x_wconf 84' lang='lat' dir='ltr'><strong>mutent</strong></span> <span class='ocrx_word' id='word_1_131' title='bbox 392 1359 514 1386; x_wconf 85' lang='lat' dir='ltr'><strong>universi</strong></span> <span class='ocrx_word' id='word_1_132' title='bbox 531 1362 648 1390; x_wconf 84' lang='lat' dir='ltr'><strong>vestem,</strong></span> <span class='ocrx_word' id='word_1_133' title='bbox 669 1357 814 1392; x_wconf 76' lang='lat' dir='ltr'><strong>lugubrem</strong></span> <span class='ocrx_word' id='word_1_134' title='bbox 836 1364 931 1384; x_wconf 85' lang='lat' dir='ltr'><strong>omnes</strong></span> 
     </span>
    </p>
   </div>
   <div class='ocr_carea' id='block_1_21' title="bbox 144 1403 930 1438">
    <p class='ocr_par' dir='ltr' id='par_1_21' title="bbox 144 1403 930 1438">
     <span class='ocr_line' id='line_1_22' title="bbox 144 1403 930 1438; baseline -0.006 -5"><span class='ocrx_word' id='word_1_135' title='bbox 144 1407 266 1433; x_wconf 84' lang='lat' dir='ltr'><strong>habitum</strong></span> <span class='ocrx_word' id='word_1_136' title='bbox 282 1409 404 1438; x_wconf 86' lang='lat' dir='ltr'><strong>sumant,</strong></span> <span class='ocrx_word' id='word_1_137' title='bbox 419 1408 447 1432; x_wconf 88' lang='lat' dir='ltr'><strong>et</strong></span> <span class='ocrx_word' id='word_1_138' title='bbox 460 1409 515 1431; x_wconf 92' lang='lat' dir='ltr'><strong>tam</strong></span> <span class='ocrx_word' id='word_1_139' title='bbox 532 1403 667 1438; x_wconf 76' lang='lat' dir='ltr'><strong>insignem</strong></span> <span class='ocrx_word' id='word_1_140' title='bbox 684 1403 865 1430; x_wconf 82' lang='lat' dir='ltr'><strong>calamitatem</strong></span> <span class='ocrx_word' id='word_1_141' title='bbox 878 1409 930 1428; x_wconf 89' lang='lat' dir='ltr'><strong>una</strong></span> 
     </span>
    </p>
   </div>
   <div class='ocr_carea' id='block_1_22' title="bbox 143 1448 930 1487">
    <p class='ocr_par' dir='ltr' id='par_1_22' title="bbox 143 1448 930 1487">
     <span class='ocr_line' id='line_1_23' title="bbox 143 1448 930 1487; baseline -0.008 -7"><span class='ocrx_word' id='word_1_142' title='bbox 143 1461 210 1480; x_wconf 88' lang='lat' dir='ltr'><strong>voce</strong></span> <span class='ocrx_word' id='word_1_143' title='bbox 232 1452 386 1487; x_wconf 83' lang='lat' dir='ltr'><strong>deplorent.</strong></span> <span class='ocrx_word' id='word_1_144' title='bbox 406 1451 501 1485; x_wconf 83' lang='lat' dir='ltr'><strong>Neque</strong></span> <span class='ocrx_word' id='word_1_145' title='bbox 520 1450 594 1477; x_wconf 92' lang='lat' dir='ltr'><strong>enim</strong></span> <span class='ocrx_word' id='word_1_146' title='bbox 622 1449 788 1476; x_wconf 79' lang='lat' dir='ltr'><strong>mediocrem</strong></span> <span class='ocrx_word' id='word_1_147' title='bbox 814 1448 930 1475; x_wconf 76' lang='lat' dir='ltr'><strong>ferimus</strong></span> 
     </span>
    </p>
   </div>
   <div class='ocr_carea' id='block_1_23' title="bbox 142 1495 930 1534">
    <p class='ocr_par' dir='ltr' id='par_1_23' title="bbox 142 1495 930 1534">
     <span class='ocr_line' id='line_1_24' title="bbox 142 1495 930 1534; baseline -0.004 -9"><span class='ocrx_word' id='word_1_148' title='bbox 142 1500 289 1534; x_wconf 88' lang='lat' dir='ltr'><strong>jacturam,</strong></span> <span class='ocrx_word' id='word_1_149' title='bbox 306 1505 357 1525; x_wconf 88' lang='lat' dir='ltr'><strong>ttec</strong></span> <span class='ocrx_word' id='word_1_150' title='bbox 368 1497 469 1523; x_wconf 88' lang='lat' dir='ltr'><strong>malttnt</strong></span> <span class='ocrx_word' id='word_1_151' title='bbox 488 1496 560 1530; x_wconf 84' lang='lat' dir='ltr'><strong>passi</strong></span> <span class='ocrx_word' id='word_1_152' title='bbox 575 1503 670 1522; x_wconf 88' lang='lat' dir='ltr'><strong>sumus</strong></span> <span class='ocrx_word' id='word_1_153' title='bbox 686 1496 729 1522; x_wconf 79' lang='lat' dir='ltr'><strong>cui</strong></span> <span class='ocrx_word' id='word_1_154' title='bbox 746 1495 872 1522; x_wconf 80' lang='lat' dir='ltr'><strong>adhiberi</strong></span> <span class='ocrx_word' id='word_1_155' title='bbox 888 1502 930 1522; x_wconf 92' lang='lat' dir='ltr'><strong>re-</strong></span> 
     </span>
    </p>
   </div>
   <div class='ocr_carea' id='block_1_24' title="bbox 145 1541 930 1579">
    <p class='ocr_par' dir='ltr' id='par_1_24' title="bbox 145 1541 930 1579">
     <span class='ocr_line' id='line_1_25' title="bbox 145 1541 930 1579; baseline -0.005 -8"><span class='ocrx_word' id='word_1_156' title='bbox 145 1545 264 1571; x_wconf 80' lang='lat' dir='ltr'><strong>medium</strong></span> <span class='ocrx_word' id='word_1_157' title='bbox 280 1544 376 1579; x_wconf 83' lang='lat' dir='ltr'><strong>possit.</strong></span> <span class='ocrx_word' id='word_1_158' title='bbox 386 1543 501 1570; x_wconf 83' lang='lat' dir='ltr'><strong>Ablatus</strong></span> <span class='ocrx_word' id='word_1_159' title='bbox 511 1542 590 1569; x_wconf 87' lang='lat' dir='ltr'><strong>nobis</strong></span> <span class='ocrx_word' id='word_1_160' title='bbox 600 1546 641 1568; x_wconf 89' lang='lat' dir='ltr'><strong>est</strong></span> <span class='ocrx_word' id='word_1_161' title='bbox 658 1546 771 1575; x_wconf 85' lang='lat' dir='ltr'><strong>repente</strong></span> <span class='ocrx_word' id='word_1_162' title='bbox 789 1541 869 1568; x_wconf 85' lang='lat' dir='ltr'><strong>divus</strong></span> <span class='ocrx_word' id='word_1_163' title='bbox 881 1541 930 1568; x_wconf 91' lang='lat' dir='ltr'><strong>im-</strong></span> 
     </span>
    </p>
   </div>
   <div class='ocr_carea' id='block_1_25' title="bbox 144 1586 930 1624">
    <p class='ocr_par' dir='ltr' id='par_1_25' title="bbox 144 1586 930 1624">
     <span class='ocr_line' id='line_1_26' title="bbox 144 1586 930 1624; baseline -0.004 -7"><span class='ocrx_word' id='word_1_164' title='bbox 144 1596 266 1624; x_wconf 87' lang='lat' dir='ltr'><strong>perator,</strong></span> <span class='ocrx_word' id='word_1_165' title='bbox 284 1589 369 1616; x_wconf 89' lang='lat' dir='ltr'><strong>totius</strong></span> <span class='ocrx_word' id='word_1_166' title='bbox 394 1588 471 1615; x_wconf 84' lang='lat' dir='ltr'><strong>orbis</strong></span> <span class='ocrx_word' id='word_1_167' title='bbox 495 1592 630 1614; x_wconf 88' lang='lat' dir='ltr'><strong>terraruttt</strong></span> <span class='ocrx_word' id='word_1_168' title='bbox 653 1586 831 1621; x_wconf 69' lang='lat' dir='ltr'><strong>decus;.qui</strong></span> <span class='ocrx_word' id='word_1_169' title='bbox 858 1587 930 1614; x_wconf 92' lang='lat' dir='ltr'><strong>dono</strong></span> 
     </span>
    </p>
   </div>
   <div class='ocr_carea' id='block_1_26' title="bbox 143 1633 931 1671">
    <p class='ocr_par' dir='ltr' id='par_1_26' title="bbox 143 1633 931 1671">
     <span class='ocr_line' id='line_1_27' title="bbox 143 1633 931 1671; baseline -0.005 -8"><span class='ocrx_word' id='word_1_170' title='bbox 143 1636 263 1671; x_wconf 88' lang='lat' dir='ltr'><strong>quodattt</strong></span> <span class='ocrx_word' id='word_1_171' title='bbox 280 1634 464 1662; x_wconf 80' lang='lat' dir='ltr'><strong>Providentiae</strong></span> <span class='ocrx_word' id='word_1_172' title='bbox 488 1641 580 1660; x_wconf 91' lang='lat' dir='ltr'><strong>rerttm</strong></span> <span class='ocrx_word' id='word_1_173' title='bbox 596 1633 780 1668; x_wconf 75' lang='lat' dir='ltr'><strong>gubernacula</strong></span> <span class='ocrx_word' id='word_1_174' title='bbox 803 1640 931 1667; x_wconf 87' lang='lat' dir='ltr'><strong>suscepe-</strong></span> 
     </span>
    </p>
   </div>
   <div class='ocr_carea' id='block_1_27' title="bbox 144 1678 931 1715">
    <p class='ocr_par' dir='ltr' id='par_1_27' title="bbox 144 1678 931 1715">
     <span class='ocr_line' id='line_1_28' title="bbox 144 1678 931 1715; baseline -0.003 -6"><span class='ocrx_word' id='word_1_175' title='bbox 144 1687 197 1715; x_wconf 83' lang='lat' dir='ltr'><strong>rat,</strong></span> <span class='ocrx_word' id='word_1_176' title='bbox 208 1688 238 1709; x_wconf 89' lang='lat' dir='ltr'><strong>ut</strong></span> <span class='ocrx_word' id='word_1_177' title='bbox 250 1680 485 1714; x_wconf 85' lang='lat' dir='ltr'><strong>tranquillitatem,</strong></span> <span class='ocrx_word' id='word_1_178' title='bbox 495 1679 626 1713; x_wconf 85' lang='lat' dir='ltr'><strong>quietem,</strong></span> <span class='ocrx_word' id='word_1_179' title='bbox 638 1678 794 1706; x_wconf 84' lang='lat' dir='ltr'><strong>felicitatem</strong></span> <span class='ocrx_word' id='word_1_180' title='bbox 804 1679 931 1707; x_wconf 85' lang='lat' dir='ltr'><strong>omnibus</strong></span> 
     </span>
    </p>
   </div>
   <div class='ocr_carea' id='block_1_28' title="bbox 146 1726 931 1763">
    <p class='ocr_par' dir='ltr' id='par_1_28' title="bbox 146 1726 931 1763">
     <span class='ocr_line' id='line_1_29' title="bbox 146 1726 931 1763; baseline 0 -9"><span class='ocrx_word' id='word_1_181' title='bbox 146 1732 309 1763; x_wconf 60' lang='lat' dir='ltr'><strong>priestaret;</strong></span> <span class='ocrx_word' id='word_1_182' title='bbox 330 1731 360 1753; x_wconf 94' lang='lat' dir='ltr'><strong>ut</strong></span> <span class='ocrx_word' id='word_1_183' title='bbox 373 1726 528 1754; x_wconf 75' lang='lat' dir='ltr'><strong>communis</strong></span> <span class='ocrx_word' id='word_1_184' title='bbox 545 1727 668 1753; x_wconf 91' lang='lat' dir='ltr'><strong>omnium</strong></span> <span class='ocrx_word' id='word_1_185' title='bbox 693 1731 774 1761; x_wconf 86' lang='lat' dir='ltr'><strong>pater</strong></span> <span class='ocrx_word' id='word_1_186' title='bbox 786 1732 873 1759; x_wconf 84' lang='lat' dir='ltr'><strong>esset;</strong></span> <span class='ocrx_word' id='word_1_187' title='bbox 901 1731 931 1754; x_wconf 86' lang='lat' dir='ltr'><strong>ut</strong></span> 
     </span>
    </p>
   </div>
   <div class='ocr_carea' id='block_1_29' title="bbox 145 1771 929 1808">
    <p class='ocr_par' dir='ltr' id='par_1_29' title="bbox 145 1771 929 1808">
     <span class='ocr_line' id='line_1_30' title="bbox 145 1771 929 1808; baseline -0.003 -7"><span class='ocrx_word' id='word_1_188' title='bbox 145 1784 190 1801; x_wconf 80' lang='lat' dir='ltr'><strong>rt-s</strong></span> <span class='ocrx_word' id='word_1_189' title='bbox 205 1774 332 1800; x_wconf 62' lang='lat' dir='ltr'><strong>humanae</strong></span> <span class='ocrx_word' id='word_1_190' title='bbox 347 1773 480 1808; x_wconf 79' lang='lat' dir='ltr'><strong>dignitate</strong></span> <span class='ocrx_word' id='word_1_191' title='bbox 498 1776 525 1800; x_wconf 87' lang='lat' dir='ltr'><strong>et</strong></span> <span class='ocrx_word' id='word_1_192' title='bbox 543 1773 629 1808; x_wconf 74' lang='lat' dir='ltr'><strong>gloria</strong></span> <span class='ocrx_word' id='word_1_193' title='bbox 649 1772 789 1799; x_wconf 79' lang='lat' dir='ltr'><strong>florerent.</strong></span> <span class='ocrx_word' id='word_1_194' title='bbox 815 1771 929 1807; x_wconf 82' lang='lat' dir='ltr'><strong>Jamjant</strong></span> 
     </span>
    </p>
   </div>
   <div class='ocr_carea' id='block_1_30' title="bbox 144 1818 931 1853">
    <p class='ocr_par' dir='ltr' id='par_1_30' title="bbox 144 1818 931 1853">
     <span class='ocr_line' id='line_1_31' title="bbox 144 1818 931 1853; baseline 0 -8"><span class='ocrx_word' id='word_1_195' title='bbox 144 1821 236 1847; x_wconf 81' lang='lat' dir='ltr'><strong>muttis</strong></span> <span class='ocrx_word' id='word_1_196' title='bbox 252 1822 360 1847; x_wconf 77' lang='lat' dir='ltr'><strong>fortuna</strong></span> <span class='ocrx_word' id='word_1_197' title='bbox 378 1823 480 1846; x_wconf 86' lang='lat' dir='ltr'><strong>mutata</strong></span> <span class='ocrx_word' id='word_1_198' title='bbox 492 1823 534 1845; x_wconf 90' lang='lat' dir='ltr'><strong>est</strong></span> <span class='ocrx_word' id='word_1_199' title='bbox 551 1819 699 1845; x_wconf 89' lang='lat' dir='ltr'><strong>:labtttttur</strong></span> <span class='ocrx_word' id='word_1_200' title='bbox 711 1818 802 1845; x_wconf 88' lang='lat' dir='ltr'><strong>omnia</strong></span> <span class='ocrx_word' id='word_1_201' title='bbox 817 1818 842 1844; x_wconf 89' lang='lat' dir='ltr'><strong>iu</strong></span> <span class='ocrx_word' id='word_1_202' title='bbox 853 1819 931 1853; x_wconf 83' lang='lat' dir='ltr'><strong>pejus</strong></span> 
     </span>
    </p>
   </div>
   <div class='ocr_carea' id='block_1_31' title="bbox 143 1861 926 1900">
    <p class='ocr_par' dir='ltr' id='par_1_31' title="bbox 143 1861 926 1900">
     <span class='ocr_line' id='line_1_32' title="bbox 143 1861 926 1900; baseline -0.005 -8"><span class='ocrx_word' id='word_1_203' title='bbox 143 1872 170 1892; x_wconf 71' lang='lat' dir='ltr'><strong>et</strong></span> <span class='ocrx_word' id='word_1_204' title='bbox 184 1874 226 1893; x_wconf 89' lang='lat' dir='ltr'><strong>res</strong></span> <span class='ocrx_word' id='word_1_205' title='bbox 240 1867 272 1892; x_wconf 91' lang='lat' dir='ltr'><strong>ad</strong></span> <span class='ocrx_word' id='word_1_206' title='bbox 291 1865 438 1900; x_wconf 89' lang='lat' dir='ltr'><strong>pristinum</strong></span> <span class='ocrx_word' id='word_1_207' title='bbox 454 1868 554 1890; x_wconf 88' lang='lat' dir='ltr'><strong>statum</strong></span> <span class='ocrx_word' id='word_1_208' title='bbox 575 1863 703 1890; x_wconf 86' lang='lat' dir='ltr'><strong>redeunt.</strong></span> <span class='ocrx_word' id='word_1_209' title='bbox 719 1861 760 1889; x_wconf 77' lang='lat' dir='ltr'><strong>Me</strong></span> <span class='ocrx_word' id='word_1_210' title='bbox 776 1862 926 1889; x_wconf 82' lang='lat' dir='ltr'><strong>miserunt!</strong></span> 
     </span>
    </p>
   </div>
   <div class='ocr_carea' id='block_1_32' title="bbox 144 1908 930 1948">
    <p class='ocr_par' dir='ltr' id='par_1_32' title="bbox 144 1908 930 1948">
     <span class='ocr_line' id='line_1_33' title="bbox 144 1908 930 1948; baseline -0.005 -9"><span class='ocrx_word' id='word_1_211' title='bbox 144 1918 277 1948; x_wconf 78' lang='lat' dir='ltr'><strong>qnautum</strong></span> <span class='ocrx_word' id='word_1_212' title='bbox 299 1911 380 1937; x_wconf 89' lang='lat' dir='ltr'><strong>unius</strong></span> <span class='ocrx_word' id='word_1_213' title='bbox 396 1909 516 1937; x_wconf 76' lang='lat' dir='ltr'><strong>[nominis</strong></span> <span class='ocrx_word' id='word_1_214' title='bbox 533 1909 645 1936; x_wconf 86' lang='lat' dir='ltr'><strong>interitu</strong></span> <span class='ocrx_word' id='word_1_215' title='bbox 664 1910 793 1936; x_wconf 84' lang='lat' dir='ltr'><strong>damnum</strong></span> <span class='ocrx_word' id='word_1_216' title='bbox 809 1917 851 1936; x_wconf 85' lang='lat' dir='ltr'><strong>res</strong></span> <span class='ocrx_word' id='word_1_217' title='bbox 872 1908 908 1936; x_wconf 91' lang='lat' dir='ltr'><strong>ltu</strong></span> <span class='ocrx_word' id='word_1_218' title='bbox 920 1924 930 1928; x_wconf 92' lang='lat'><strong>—</strong></span> 
     </span>
    </p>
   </div>
   <div class='ocr_carea' id='block_1_33' title="bbox 145 1954 928 1989">
    <p class='ocr_par' dir='ltr' id='par_1_33' title="bbox 145 1954 928 1989">
     <span class='ocr_line' id='line_1_34' title="bbox 145 1954 928 1989; baseline -0.006 -4"><span class='ocrx_word' id='word_1_219' title='bbox 145 1965 232 1985; x_wconf 69' lang='lat' dir='ltr'><strong>mante</strong></span> <span class='ocrx_word' id='word_1_220' title='bbox 256 1956 397 1983; x_wconf 84' lang='lat' dir='ltr'><strong>feceruntl</strong></span> <span class='ocrx_word' id='word_1_221' title='bbox 414 1954 490 1982; x_wconf 84' lang='lat' dir='ltr'><strong>Abiit</strong></span> <span class='ocrx_word' id='word_1_222' title='bbox 512 1954 557 1981; x_wconf 88' lang='lat' dir='ltr'><strong>ille</strong></span> <span class='ocrx_word' id='word_1_223' title='bbox 579 1959 661 1989; x_wconf 87' lang='lat' dir='ltr'><strong>atque</strong></span> <span class='ocrx_word' id='word_1_224' title='bbox 678 1954 797 1982; x_wconf 74' lang='lat' dir='ltr'><strong>cxceSsit</strong></span> <span class='ocrx_word' id='word_1_225' title='bbox 819 1961 834 1981; x_wconf 88' lang='lat' dir='ltr'><strong>e</strong></span> <span class='ocrx_word' id='word_1_226' title='bbox 850 1955 904 1981; x_wconf 90' lang='lat' dir='ltr'><strong>vita</strong></span> <span class='ocrx_word' id='word_1_227' title='bbox 922 1963 928 1981; x_wconf 91' lang='lat'><strong>:</strong></span> 
     </span>
    </p>
   </div>
   <div class='ocr_carea' id='block_1_34' title="bbox 149 2001 930 2037">
    <p class='ocr_par' dir='ltr' id='par_1_34' title="bbox 149 2001 930 2037">
     <span class='ocr_line' id='line_1_35' title="bbox 149 2001 930 2037; baseline -0.004 -6"><span class='ocrx_word' id='word_1_228' title='bbox 149 2005 227 2031; x_wconf 72' lang='lat' dir='ltr'><strong>nobis</strong></span> <span class='ocrx_word' id='word_1_229' title='bbox 257 2002 323 2030; x_wconf 86' lang='lat' dir='ltr'><strong>nihil</strong></span> <span class='ocrx_word' id='word_1_230' title='bbox 345 2007 444 2037; x_wconf 71' lang='lat' dir='ltr'><strong>praeter</strong></span> <span class='ocrx_word' id='word_1_231' title='bbox 464 2001 593 2036; x_wconf 84' lang='lat' dir='ltr'><strong>suspiria,</strong></span> <span class='ocrx_word' id='word_1_232' title='bbox 619 2005 647 2028; x_wconf 88' lang='lat' dir='ltr'><strong>et</strong></span> <span class='ocrx_word' id='word_1_233' title='bbox 668 2001 783 2034; x_wconf 87' lang='lat' dir='ltr'><strong>luctutn,</strong></span> <span class='ocrx_word' id='word_1_234' title='bbox 800 2005 827 2029; x_wconf 92' lang='lat' dir='ltr'><strong>et</strong></span> <span class='ocrx_word' id='word_1_235' title='bbox 843 2002 930 2036; x_wconf 56' lang='lat' dir='ltr'><strong>lacryu</strong></span> 
     </span>
    </p>
   </div>
   <div class='ocr_carea' id='block_1_35' title="bbox 148 2047 929 2084">
    <p class='ocr_par' dir='ltr' id='par_1_35' title="bbox 148 2047 929 2084">
     <span class='ocr_line' id='line_1_36' title="bbox 148 2047 929 2084; baseline -0.004 -7"><span class='ocrx_word' id='word_1_236' title='bbox 148 2059 206 2077; x_wconf 71' lang='lat' dir='ltr'><strong>nas</strong></span> <span class='ocrx_word' id='word_1_237' title='bbox 227 2050 348 2084; x_wconf 84' lang='lat' dir='ltr'><strong>reliquit.</strong></span> <span class='ocrx_word' id='word_1_238' title='bbox 377 2048 500 2075; x_wconf 86' lang='lat' dir='ltr'><strong>Abstulit</strong></span> <span class='ocrx_word' id='word_1_239' title='bbox 526 2055 541 2074; x_wconf 88' lang='lat' dir='ltr'><strong>e</strong></span> <span class='ocrx_word' id='word_1_240' title='bbox 564 2048 644 2075; x_wconf 89' lang='lat' dir='ltr'><strong>nobis</strong></span> <span class='ocrx_word' id='word_1_241' title='bbox 663 2054 773 2074; x_wconf 85' lang='lat' dir='ltr'><strong>onmem</strong></span> <span class='ocrx_word' id='word_1_242' title='bbox 793 2047 929 2080; x_wconf 72' lang='lat' dir='ltr'><strong>ltetitiant,</strong></span> 
     </span>
    </p>
   </div>
   <div class='ocr_carea' id='block_1_36' title="bbox 147 2090 930 2125">
    <p class='ocr_par' dir='ltr' id='par_1_36' title="bbox 147 2090 930 2125">
     <span class='ocr_line' id='line_1_37' title="bbox 147 2090 930 2125; baseline -0.006 -3"><span class='ocrx_word' id='word_1_243' title='bbox 147 2096 261 2122; x_wconf 81' lang='lat' dir='ltr'><strong>abstult</strong></span> <span class='ocrx_word' id='word_1_244' title='bbox 286 2094 455 2125; x_wconf 88' lang='lat' dir='ltr'><strong>felicitatem,</strong></span> <span class='ocrx_word' id='word_1_245' title='bbox 483 2092 600 2120; x_wconf 85' lang='lat' dir='ltr'><strong>abstulit</strong></span> <span class='ocrx_word' id='word_1_246' title='bbox 627 2092 795 2124; x_wconf 88' lang='lat' dir='ltr'><strong>libertatem,</strong></span> <span class='ocrx_word' id='word_1_247' title='bbox 812 2095 840 2118; x_wconf 91' lang='lat' dir='ltr'><strong>et</strong></span> <span class='ocrx_word' id='word_1_248' title='bbox 857 2090 930 2125; x_wconf 85' lang='lat' dir='ltr'><strong>quod</strong></span> 
     </span>
    </p>
   </div>
   <div class='ocr_carea' id='block_1_37' title="bbox 146 2135 928 2173">
    <p class='ocr_par' dir='ltr' id='par_1_37' title="bbox 146 2135 928 2173">
     <span class='ocr_line' id='line_1_38' title="bbox 146 2135 928 2173; baseline -0.005 -8"><span class='ocrx_word' id='word_1_249' title='bbox 146 2140 269 2166; x_wconf 82' lang='lat' dir='ltr'><strong>omnium</strong></span> <span class='ocrx_word' id='word_1_250' title='bbox 285 2139 498 2173; x_wconf 83' lang='lat' dir='ltr'><strong>pulcherrimum</strong></span> <span class='ocrx_word' id='word_1_251' title='bbox 507 2141 577 2170; x_wconf 87' lang='lat' dir='ltr'><strong>erat,</strong></span> <span class='ocrx_word' id='word_1_252' title='bbox 590 2136 710 2171; x_wconf 79' lang='lat' dir='ltr'><strong>seipsunt</strong></span> <span class='ocrx_word' id='word_1_253' title='bbox 719 2136 841 2163; x_wconf 81' lang='lat' dir='ltr'><strong>abstulit.</strong></span> <span class='ocrx_word' id='word_1_254' title='bbox 852 2135 928 2163; x_wconf 87' lang='lat' dir='ltr'><strong>lleul</strong></span> 
     </span>
    </p>
   </div>
   <div class='ocr_carea' id='block_1_38' title="bbox 146 2180 932 2219">
    <p class='ocr_par' dir='ltr' id='par_1_38' title="bbox 146 2180 932 2219">
     <span class='ocr_line' id='line_1_39' title="bbox 146 2180 932 2219; baseline -0.005 -8"><span class='ocrx_word' id='word_1_255' title='bbox 146 2185 208 2219; x_wconf 77' lang='lat' dir='ltr'><strong>quis</strong></span> <span class='ocrx_word' id='word_1_256' title='bbox 225 2185 293 2210; x_wconf 82' lang='lat' dir='ltr'><strong>adeo</strong></span> <span class='ocrx_word' id='word_1_257' title='bbox 311 2188 452 2216; x_wconf 86' lang='lat' dir='ltr'><strong>constans,</strong></span> <span class='ocrx_word' id='word_1_258' title='bbox 466 2182 510 2209; x_wconf 88' lang='lat' dir='ltr'><strong>vel</strong></span> <span class='ocrx_word' id='word_1_259' title='bbox 524 2181 610 2209; x_wconf 88' lang='lat' dir='ltr'><strong>durus</strong></span> <span class='ocrx_word' id='word_1_260' title='bbox 626 2182 727 2217; x_wconf 87' lang='lat' dir='ltr'><strong>potius,</strong></span> <span class='ocrx_word' id='word_1_261' title='bbox 746 2186 773 2208; x_wconf 88' lang='lat' dir='ltr'><strong>et</strong></span> <span class='ocrx_word' id='word_1_262' title='bbox 784 2188 849 2208; x_wconf 85' lang='lat' dir='ltr'><strong>vere</strong></span> <span class='ocrx_word' id='word_1_263' title='bbox 868 2180 932 2207; x_wconf 86' lang='lat' dir='ltr'><strong>ada-</strong></span> 
     </span>
    </p>
   </div>
   <div class='ocr_carea' id='block_1_39' title="bbox 148 2227 930 2263">
    <p class='ocr_par' dir='ltr' id='par_1_39' title="bbox 148 2227 930 2263">
     <span class='ocr_line' id='line_1_40' title="bbox 148 2227 930 2263; baseline -0.004 -7"><span class='ocrx_word' id='word_1_264' title='bbox 148 2229 287 2256; x_wconf 83' lang='lat' dir='ltr'><strong>matttinus</strong></span> <span class='ocrx_word' id='word_1_265' title='bbox 299 2233 350 2262; x_wconf 87' lang='lat' dir='ltr'><strong>est,</strong></span> <span class='ocrx_word' id='word_1_266' title='bbox 367 2228 414 2263; x_wconf 86' lang='lat' dir='ltr'><strong>qui</strong></span> <span class='ocrx_word' id='word_1_267' title='bbox 430 2232 582 2262; x_wconf 88' lang='lat' dir='ltr'><strong>tentperare</strong></span> <span class='ocrx_word' id='word_1_268' title='bbox 593 2236 608 2254; x_wconf 92' lang='lat' dir='ltr'><strong>a</strong></span> <span class='ocrx_word' id='word_1_269' title='bbox 622 2227 752 2262; x_wconf 87' lang='lat' dir='ltr'><strong>laeryntis</strong></span> <span class='ocrx_word' id='word_1_270' title='bbox 768 2227 871 2261; x_wconf 76' lang='lat' dir='ltr'><strong>possit:</strong></span> <span class='ocrx_word' id='word_1_271' title='bbox 884 2227 930 2261; x_wconf 90' lang='lat' dir='ltr'><strong>qui</strong></span> 
     </span>
    </p>
   </div>
   <div class='ocr_carea' id='block_1_40' title="bbox 146 2276 931 2308">
    <p class='ocr_par' dir='ltr' id='par_1_40' title="bbox 146 2276 931 2308">
     <span class='ocr_line' id='line_1_41' title="bbox 146 2276 931 2308; baseline -0.005 -4"><span class='ocrx_word' id='word_1_272' title='bbox 146 2286 200 2304; x_wconf 76' lang='grc' dir='ltr'><strong><em>ιιοιι</em></strong></span> <span class='ocrx_word' id='word_1_273' title='bbox 225 2281 253 2304; x_wconf 89' lang='lat' dir='ltr'><strong>et</strong></span> <span class='ocrx_word' id='word_1_274' title='bbox 272 2276 364 2303; x_wconf 85' lang='lat' dir='ltr'><strong>animo</strong></span> <span class='ocrx_word' id='word_1_275' title='bbox 381 2280 597 2308; x_wconf 82' lang='lat' dir='ltr'><strong>commoveatur,</strong></span> <span class='ocrx_word' id='word_1_276' title='bbox 614 2279 643 2301; x_wconf 88' lang='lat' dir='ltr'><strong>et</strong></span> <span class='ocrx_word' id='word_1_277' title='bbox 659 2279 716 2301; x_wconf 82' lang='grc' dir='ltr'><strong>ιοῐο</strong></span> <span class='ocrx_word' id='word_1_278' title='bbox 741 2281 857 2308; x_wconf 87' lang='lat' dir='ltr'><strong>corpore</strong></span> <span class='ocrx_word' id='word_1_279' title='bbox 869 2280 931 2308; x_wconf 88' lang='lat' dir='ltr'><strong>per-</strong></span> 
     </span>
    </p>
   </div>
   <div class='ocr_carea' id='block_1_41' title="bbox 981 986 1769 1026">
    <p class='ocr_par' dir='ltr' id='par_1_41' title="bbox 981 986 1769 1026">
     <span class='ocr_line' id='line_1_42' title="bbox 981 986 1769 1026; baseline 0.008 -14"><span class='ocrx_word' id='word_1_280' title='bbox 981 993 1045 1014; x_wconf 87' lang='lat' dir='ltr'><strong>vere</strong></span> <span class='ocrx_word' id='word_1_281' title='bbox 1061 986 1119 1014; x_wconf 86' lang='lat' dir='ltr'><strong>sine</strong></span> <span class='ocrx_word' id='word_1_282' title='bbox 1136 991 1162 1014; x_wconf 89' lang='lat' dir='ltr'><strong>te</strong></span> <span class='ocrx_word' id='word_1_283' title='bbox 1176 988 1293 1023; x_wconf 85' lang='lat' dir='ltr'><strong>amplius</strong></span> <span class='ocrx_word' id='word_1_284' title='bbox 1310 996 1466 1023; x_wconf 83' lang='lat' dir='ltr'><strong>possumus,</strong></span> <span class='ocrx_word' id='word_1_285' title='bbox 1488 991 1565 1024; x_wconf 87' lang='lat' dir='ltr'><strong>quasi</strong></span> <span class='ocrx_word' id='word_1_286' title='bbox 1579 997 1695 1025; x_wconf 84' lang='lat' dir='ltr'><strong>corpora</strong></span> <span class='ocrx_word' id='word_1_287' title='bbox 1705 991 1769 1026; x_wconf 84' lang='lat' dir='ltr'><strong>qui-</strong></span> 
     </span>
    </p>
   </div>
   <div class='ocr_carea' id='block_1_42' title="bbox 982 1032 1768 1071">
    <p class='ocr_par' dir='ltr' id='par_1_42' title="bbox 982 1032 1768 1071">
     <span class='ocr_line' id='line_1_43' title="bbox 982 1032 1768 1071; baseline 0.004 -12"><span class='ocrx_word' id='word_1_288' title='bbox 982 1033 1032 1059; x_wconf 90' lang='lat' dir='ltr'><strong>bus</strong></span> <span class='ocrx_word' id='word_1_289' title='bbox 1052 1032 1191 1060; x_wconf 88' lang='lat' dir='ltr'><strong>sublatum</strong></span> <span class='ocrx_word' id='word_1_290' title='bbox 1212 1033 1248 1060; x_wconf 89' lang='lat' dir='ltr'><strong>sit</strong></span> <span class='ocrx_word' id='word_1_291' title='bbox 1266 1034 1369 1069; x_wconf 87' lang='lat' dir='ltr'><strong>caput?</strong></span> <span class='ocrx_word' id='word_1_292' title='bbox 1391 1034 1489 1062; x_wconf 81' lang='lat' dir='ltr'><strong>Mortui</strong></span> <span class='ocrx_word' id='word_1_293' title='bbox 1509 1035 1582 1062; x_wconf 90' lang='lat' dir='ltr'><strong>cnint</strong></span> <span class='ocrx_word' id='word_1_294' title='bbox 1597 1036 1652 1071; x_wconf 84' lang='lat' dir='ltr'><strong>jam</strong></span> <span class='ocrx_word' id='word_1_295' title='bbox 1668 1044 1768 1064; x_wconf 72' lang='lat' dir='ltr'><strong>omnes</strong></span> 
     </span>
    </p>
   </div>
   <div class='ocr_carea' id='block_1_43' title="bbox 981 1077 1768 1118">
    <p class='ocr_par' dir='ltr' id='par_1_43' title="bbox 981 1077 1768 1118">
     <span class='ocr_line' id='line_1_44' title="bbox 981 1077 1768 1118; baseline 0.008 -14"><span class='ocrx_word' id='word_1_296' title='bbox 981 1077 1116 1111; x_wconf 88' lang='lat' dir='ltr'><strong>videmur,</strong></span> <span class='ocrx_word' id='word_1_297' title='bbox 1143 1083 1170 1106; x_wconf 86' lang='lat' dir='ltr'><strong>et</strong></span> <span class='ocrx_word' id='word_1_298' title='bbox 1196 1078 1230 1106; x_wconf 88' lang='lat' dir='ltr'><strong>ad</strong></span> <span class='ocrx_word' id='word_1_299' title='bbox 1246 1079 1363 1106; x_wconf 89' lang='lat' dir='ltr'><strong>nihilum</strong></span> <span class='ocrx_word' id='word_1_300' title='bbox 1384 1080 1487 1107; x_wconf 87' lang='lat' dir='ltr'><strong>redacti</strong></span> <span class='ocrx_word' id='word_1_301' title='bbox 1507 1088 1614 1108; x_wconf 80' lang='lat' dir='ltr'><strong>sumus.</strong></span> <span class='ocrx_word' id='word_1_302' title='bbox 1641 1082 1697 1115; x_wconf 84' lang='lat' dir='ltr'><strong>Sol,</strong></span> <span class='ocrx_word' id='word_1_303' title='bbox 1719 1083 1768 1118; x_wconf 88' lang='lat' dir='ltr'><strong>qtti</strong></span> 
     </span>
    </p>
   </div>
   <div class='ocr_carea' id='block_1_44' title="bbox 982 1125 1766 1161">
    <p class='ocr_par' dir='ltr' id='par_1_44' title="bbox 982 1125 1766 1161">
     <span class='ocr_line' id='line_1_45' title="bbox 982 1125 1766 1161; baseline 0.006 -11"><span class='ocrx_word' id='word_1_304' title='bbox 982 1127 1116 1151; x_wconf 89' lang='lat' dir='ltr'><strong>terrarum</strong></span> <span class='ocrx_word' id='word_1_305' title='bbox 1141 1131 1226 1159; x_wconf 83' lang='lat' dir='ltr'><strong>opera</strong></span> <span class='ocrx_word' id='word_1_306' title='bbox 1250 1125 1419 1160; x_wconf 76' lang='lat' dir='ltr'><strong>fulgentibus</strong></span> <span class='ocrx_word' id='word_1_307' title='bbox 1442 1126 1528 1155; x_wconf 88' lang='lat' dir='ltr'><strong>radiis</strong></span> <span class='ocrx_word' id='word_1_308' title='bbox 1555 1128 1666 1161; x_wconf 85' lang='lat' dir='ltr'><strong>lustras,</strong></span> <span class='ocrx_word' id='word_1_309' title='bbox 1692 1128 1766 1155; x_wconf 85' lang='lat' dir='ltr'><strong>heui</strong></span> 
     </span>
    </p>
   </div>
   <div class='ocr_carea' id='block_1_45' title="bbox 981 1169 1769 1206">
    <p class='ocr_par' dir='ltr' id='par_1_45' title="bbox 981 1169 1769 1206">
     <span class='ocr_line' id='line_1_46' title="bbox 981 1169 1769 1206; baseline 0.005 -10"><span class='ocrx_word' id='word_1_310' title='bbox 981 1177 1062 1204; x_wconf 90' lang='lat' dir='ltr'><strong>quam</strong></span> <span class='ocrx_word' id='word_1_311' title='bbox 1079 1169 1232 1197; x_wconf 84' lang='lat' dir='ltr'><strong>infaustum</strong></span> <span class='ocrx_word' id='word_1_312' title='bbox 1249 1176 1333 1206; x_wconf 91' lang='lat' dir='ltr'><strong>atque</strong></span> <span class='ocrx_word' id='word_1_313' title='bbox 1350 1172 1489 1200; x_wconf 80' lang='lat' dir='ltr'><strong>infelicem</strong></span> <span class='ocrx_word' id='word_1_314' title='bbox 1506 1173 1578 1200; x_wconf 92' lang='lat' dir='ltr'><strong>hunc</strong></span> <span class='ocrx_word' id='word_1_315' title='bbox 1594 1173 1666 1200; x_wconf 85' lang='lat' dir='ltr'><strong>diem</strong></span> <span class='ocrx_word' id='word_1_316' title='bbox 1687 1173 1769 1200; x_wconf 86' lang='lat' dir='ltr'><strong>nobis</strong></span> 
     </span>
    </p>
   </div>
   <div class='ocr_carea' id='block_1_46' title="bbox 982 1215 1769 1252">
    <p class='ocr_par' dir='ltr' id='par_1_46' title="bbox 982 1215 1769 1252">
     <span class='ocr_line' id='line_1_47' title="bbox 982 1215 1769 1252; baseline 0.005 -11"><span class='ocrx_word' id='word_1_317' title='bbox 982 1215 1143 1243; x_wconf 84' lang='lat' dir='ltr'><strong>illnceseere</strong></span> <span class='ocrx_word' id='word_1_318' title='bbox 1166 1215 1273 1243; x_wconf 88' lang='lat' dir='ltr'><strong>fecistil</strong></span> <span class='ocrx_word' id='word_1_319' title='bbox 1303 1216 1382 1243; x_wconf 82' lang='lat' dir='ltr'><strong>Heu!</strong></span> <span class='ocrx_word' id='word_1_320' title='bbox 1414 1225 1495 1252; x_wconf 86' lang='lat' dir='ltr'><strong>quam</strong></span> <span class='ocrx_word' id='word_1_321' title='bbox 1521 1218 1662 1251; x_wconf 88' lang='lat' dir='ltr'><strong>acerbum,</strong></span> <span class='ocrx_word' id='word_1_322' title='bbox 1695 1218 1769 1245; x_wconf 84' lang='lat' dir='ltr'><strong>indi-</strong></span> 
     </span>
    </p>
   </div>
   <div class='ocr_carea' id='block_1_47' title="bbox 981 1261 1766 1299">
    <p class='ocr_par' dir='ltr' id='par_1_47' title="bbox 981 1261 1766 1299">
     <span class='ocr_line' id='line_1_48' title="bbox 981 1261 1766 1299; baseline 0.006 -12"><span class='ocrx_word' id='word_1_323' title='bbox 981 1269 1065 1295; x_wconf 78' lang='lat' dir='ltr'><strong>gnum</strong></span> <span class='ocrx_word' id='word_1_324' title='bbox 1082 1269 1114 1288; x_wconf 87' lang='lat' dir='ltr'><strong>ac</strong></span> <span class='ocrx_word' id='word_1_325' title='bbox 1129 1261 1288 1290; x_wconf 82' lang='lat' dir='ltr'><strong>miserabile</strong></span> <span class='ocrx_word' id='word_1_326' title='bbox 1301 1264 1491 1298; x_wconf 85' lang='lat' dir='ltr'><strong>spectaculum</strong></span> <span class='ocrx_word' id='word_1_327' title='bbox 1506 1263 1565 1299; x_wconf 86' lang='lat' dir='ltr'><strong>ipse</strong></span> <span class='ocrx_word' id='word_1_328' title='bbox 1579 1264 1671 1292; x_wconf 86' lang='lat' dir='ltr'><strong>vidisti</strong></span> <span class='ocrx_word' id='word_1_329' title='bbox 1685 1266 1690 1291; x_wconf 89' lang='lat' dir='ltr'><strong>l</strong></span> <span class='ocrx_word' id='word_1_330' title='bbox 1709 1264 1766 1292; x_wconf 80' lang='lat' dir='ltr'><strong>Me-</strong></span> 
     </span>
    </p>
   </div>
   <div class='ocr_carea' id='block_1_48' title="bbox 981 1307 1767 1344">
    <p class='ocr_par' dir='ltr' id='par_1_48' title="bbox 981 1307 1767 1344">
     <span class='ocr_line' id='line_1_49' title="bbox 981 1307 1767 1344; baseline 0.006 -11"><span class='ocrx_word' id='word_1_331' title='bbox 981 1307 1034 1334; x_wconf 92' lang='lat' dir='ltr'><strong>lius</strong></span> <span class='ocrx_word' id='word_1_332' title='bbox 1051 1313 1125 1335; x_wconf 89' lang='lat' dir='ltr'><strong>certe</strong></span> <span class='ocrx_word' id='word_1_333' title='bbox 1143 1308 1243 1342; x_wconf 87' lang='lat' dir='ltr'><strong>fuerat,</strong></span> <span class='ocrx_word' id='word_1_334' title='bbox 1264 1313 1289 1336; x_wconf 89' lang='lat' dir='ltr'><strong>te</strong></span> <span class='ocrx_word' id='word_1_335' title='bbox 1306 1309 1358 1336; x_wconf 89' lang='lat' dir='ltr'><strong>sub</strong></span> <span class='ocrx_word' id='word_1_336' title='bbox 1372 1311 1454 1338; x_wconf 86' lang='lat' dir='ltr'><strong>terris</strong></span> <span class='ocrx_word' id='word_1_337' title='bbox 1467 1310 1601 1339; x_wconf 79' lang='lat' dir='ltr'><strong>duntaxat</strong></span> <span class='ocrx_word' id='word_1_338' title='bbox 1615 1318 1767 1344; x_wconf 73' lang='lat' dir='ltr'><strong>errantem,</strong></span> 
     </span>
    </p>
   </div>
   <div class='ocr_carea' id='block_1_49' title="bbox 981 1352 1767 1393">
    <p class='ocr_par' dir='ltr' id='par_1_49' title="bbox 981 1352 1767 1393">
     <span class='ocr_line' id='line_1_50' title="bbox 981 1352 1767 1393; baseline 0.006 -13"><span class='ocrx_word' id='word_1_339' title='bbox 981 1352 1009 1381; x_wconf 90' lang='lat' dir='ltr'><strong>in</strong></span> <span class='ocrx_word' id='word_1_340' title='bbox 1024 1355 1166 1389; x_wconf 88' lang='lat' dir='ltr'><strong>perpetuis</strong></span> <span class='ocrx_word' id='word_1_341' title='bbox 1177 1362 1229 1382; x_wconf 86' lang='lat' dir='ltr'><strong>nos</strong></span> <span class='ocrx_word' id='word_1_342' title='bbox 1251 1356 1375 1384; x_wconf 84' lang='lat' dir='ltr'><strong>tenebris</strong></span> <span class='ocrx_word' id='word_1_343' title='bbox 1394 1356 1561 1392; x_wconf 87' lang='lat' dir='ltr'><strong>relinquere,</strong></span> <span class='ocrx_word' id='word_1_344' title='bbox 1578 1365 1658 1393; x_wconf 93' lang='lat' dir='ltr'><strong>quant</strong></span> <span class='ocrx_word' id='word_1_345' title='bbox 1676 1358 1767 1385; x_wconf 87' lang='lat' dir='ltr'><strong>radio-</strong></span> 
     </span>
    </p>
   </div>
   <div class='ocr_carea' id='block_1_50' title="bbox 980 1403 1768 1440">
    <p class='ocr_par' dir='ltr' id='par_1_50' title="bbox 980 1403 1768 1440">
     <span class='ocr_line' id='line_1_51' title="bbox 980 1403 1768 1440; baseline 0.005 -12"><span class='ocrx_word' id='word_1_346' title='bbox 980 1409 1043 1431; x_wconf 82' lang='lat' dir='ltr'><strong>rum</strong></span> <span class='ocrx_word' id='word_1_347' title='bbox 1062 1407 1173 1429; x_wconf 90' lang='lat' dir='ltr'><strong>tuorum</strong></span> <span class='ocrx_word' id='word_1_348' title='bbox 1188 1403 1336 1437; x_wconf 87' lang='lat' dir='ltr'><strong>splendore</strong></span> <span class='ocrx_word' id='word_1_349' title='bbox 1350 1403 1490 1432; x_wconf 85' lang='lat' dir='ltr'><strong>illustrare</strong></span> <span class='ocrx_word' id='word_1_350' title='bbox 1505 1406 1664 1440; x_wconf 84' lang='lat' dir='ltr'><strong>superiores</strong></span> <span class='ocrx_word' id='word_1_351' title='bbox 1674 1406 1768 1440; x_wconf 81' lang='lat' dir='ltr'><strong>plagas</strong></span> 
     </span>
    </p>
   </div>
   <div class='ocr_carea' id='block_1_51' title="bbox 982 1447 1768 1486">
    <p class='ocr_par' dir='ltr' id='par_1_51' title="bbox 982 1447 1768 1486">
     <span class='ocr_line' id='line_1_52' title="bbox 982 1447 1768 1486; baseline 0.005 -12"><span class='ocrx_word' id='word_1_352' title='bbox 982 1453 1013 1474; x_wconf 89' lang='lat' dir='ltr'><strong>ut</strong></span> <span class='ocrx_word' id='word_1_353' title='bbox 1031 1447 1190 1476; x_wconf 84' lang='lat' dir='ltr'><strong>infelicibus</strong></span> <span class='ocrx_word' id='word_1_354' title='bbox 1205 1449 1293 1476; x_wconf 84' lang='lat' dir='ltr'><strong>oculis</strong></span> <span class='ocrx_word' id='word_1_355' title='bbox 1313 1449 1425 1477; x_wconf 86' lang='lat' dir='ltr'><strong>bustum</strong></span> <span class='ocrx_word' id='word_1_356' title='bbox 1439 1451 1492 1478; x_wconf 85' lang='lat' dir='ltr'><strong>hoc</strong></span> <span class='ocrx_word' id='word_1_357' title='bbox 1509 1459 1686 1478; x_wconf 78' lang='lat' dir='ltr'><strong>cernerentus</strong></span> <span class='ocrx_word' id='word_1_358' title='bbox 1699 1451 1768 1486; x_wconf 73' lang='lat' dir='ltr'><strong>regii</strong></span> 
     </span>
    </p>
   </div>
   <div class='ocr_carea' id='block_1_52' title="bbox 980 1494 1766 1532">
    <p class='ocr_par' dir='ltr' id='par_1_52' title="bbox 980 1494 1766 1532">
     <span class='ocr_line' id='line_1_53' title="bbox 980 1494 1766 1532; baseline 0.005 -12"><span class='ocrx_word' id='word_1_359' title='bbox 980 1494 1115 1528; x_wconf 84' lang='lat' dir='ltr'><strong>corporis,</strong></span> <span class='ocrx_word' id='word_1_360' title='bbox 1132 1494 1206 1529; x_wconf 90' lang='lat' dir='ltr'><strong>quod</strong></span> <span class='ocrx_word' id='word_1_361' title='bbox 1231 1499 1269 1522; x_wconf 90' lang='lat' dir='ltr'><strong>tot</strong></span> <span class='ocrx_word' id='word_1_362' title='bbox 1282 1503 1332 1530; x_wconf 91' lang='lat' dir='ltr'><strong>pro</strong></span> <span class='ocrx_word' id='word_1_363' title='bbox 1351 1496 1434 1523; x_wconf 86' lang='lat' dir='ltr'><strong>nobis</strong></span> <span class='ocrx_word' id='word_1_364' title='bbox 1451 1496 1569 1530; x_wconf 85' lang='lat' dir='ltr'><strong>labores,</strong></span> <span class='ocrx_word' id='word_1_365' title='bbox 1589 1500 1628 1523; x_wconf 90' lang='lat' dir='ltr'><strong>tot</strong></span> <span class='ocrx_word' id='word_1_366' title='bbox 1646 1497 1766 1532; x_wconf 76' lang='lat' dir='ltr'><strong>vigilias,</strong></span> 
     </span>
    </p>
   </div>
   <div class='ocr_carea' id='block_1_53' title="bbox 982 1540 1764 1577">
    <p class='ocr_par' dir='ltr' id='par_1_53' title="bbox 982 1540 1764 1577">
     <span class='ocr_line' id='line_1_54' title="bbox 982 1540 1764 1577; baseline 0.005 -11"><span class='ocrx_word' id='word_1_367' title='bbox 982 1544 1022 1566; x_wconf 87' lang='lat' dir='ltr'><strong>tot</strong></span> <span class='ocrx_word' id='word_1_368' title='bbox 1037 1540 1157 1574; x_wconf 87' lang='lat' dir='ltr'><strong>pericula</strong></span> <span class='ocrx_word' id='word_1_369' title='bbox 1173 1548 1245 1575; x_wconf 78' lang='lat' dir='ltr'><strong>saepe</strong></span> <span class='ocrx_word' id='word_1_370' title='bbox 1260 1541 1392 1569; x_wconf 84' lang='lat' dir='ltr'><strong>subierat.</strong></span> <span class='ocrx_word' id='word_1_371' title='bbox 1414 1542 1437 1569; x_wconf 91' lang='lat'>0</span> <span class='ocrx_word' id='word_1_372' title='bbox 1458 1543 1554 1577; x_wconf 86' lang='lat' dir='ltr'><strong>quales</strong></span> <span class='ocrx_word' id='word_1_373' title='bbox 1586 1543 1676 1570; x_wconf 83' lang='lat' dir='ltr'><strong>radios</strong></span> <span class='ocrx_word' id='word_1_374' title='bbox 1688 1543 1764 1571; x_wconf 84' lang='lat' dir='ltr'><strong>occi-</strong></span> 
     </span>
    </p>
   </div>
   <div class='ocr_carea' id='block_1_54' title="bbox 982 1585 1768 1624">
    <p class='ocr_par' dir='ltr' id='par_1_54' title="bbox 982 1585 1768 1624">
     <span class='ocr_line' id='line_1_55' title="bbox 982 1585 1768 1624; baseline 0.008 -13"><span class='ocrx_word' id='word_1_375' title='bbox 982 1585 1063 1619; x_wconf 67' lang='lat' dir='ltr'><strong>dens;</strong></span> <span class='ocrx_word' id='word_1_376' title='bbox 1083 1586 1179 1621; x_wconf 81' lang='lat' dir='ltr'><strong>quales</strong></span> <span class='ocrx_word' id='word_1_377' title='bbox 1189 1594 1285 1614; x_wconf 84' lang='lat' dir='ltr'><strong>rursus</strong></span> <span class='ocrx_word' id='word_1_378' title='bbox 1298 1587 1392 1615; x_wconf 87' lang='lat' dir='ltr'><strong>oriens</strong></span> <span class='ocrx_word' id='word_1_379' title='bbox 1406 1588 1540 1616; x_wconf 82' lang='lat' dir='ltr'><strong>emisisti!</strong></span> <span class='ocrx_word' id='word_1_380' title='bbox 1555 1588 1706 1624; x_wconf 86' lang='lat' dir='ltr'><strong>Correptus</strong></span> <span class='ocrx_word' id='word_1_381' title='bbox 1725 1595 1768 1617; x_wconf 85' lang='lat' dir='ltr'><strong>est</strong></span> 
     </span>
    </p>
   </div>
   <div class='ocr_carea' id='block_1_55' title="bbox 982 1631 1768 1670">
    <p class='ocr_par' dir='ltr' id='par_1_55' title="bbox 982 1631 1768 1670">
     <span class='ocr_line' id='line_1_56' title="bbox 982 1631 1768 1670; baseline 0.005 -13"><span class='ocrx_word' id='word_1_382' title='bbox 982 1631 1079 1658; x_wconf 89' lang='lat' dir='ltr'><strong>morbo</strong></span> <span class='ocrx_word' id='word_1_383' title='bbox 1087 1631 1209 1666; x_wconf 82' lang='lat' dir='ltr'><strong>optimus</strong></span> <span class='ocrx_word' id='word_1_384' title='bbox 1222 1631 1381 1667; x_wconf 87' lang='lat' dir='ltr'><strong>imperator,</strong></span> <span class='ocrx_word' id='word_1_385' title='bbox 1391 1641 1492 1668; x_wconf 88' lang='lat' dir='ltr'><strong>corpus</strong></span> <span class='ocrx_word' id='word_1_386' title='bbox 1504 1635 1563 1670; x_wconf 84' lang='lat' dir='ltr'><strong>ejus</strong></span> <span class='ocrx_word' id='word_1_387' title='bbox 1577 1635 1613 1662; x_wconf 89' lang='lat' dir='ltr'><strong>ita</strong></span> <span class='ocrx_word' id='word_1_388' title='bbox 1623 1643 1677 1662; x_wconf 88' lang='lat' dir='ltr'><strong>tmtt</strong></span> <span class='ocrx_word' id='word_1_389' title='bbox 1686 1636 1768 1664; x_wconf 85' lang='lat' dir='ltr'><strong>modo</strong></span> 
     </span>
    </p>
   </div>
   <div class='ocr_carea' id='block_1_56' title="bbox 982 1677 1770 1712">
    <p class='ocr_par' dir='ltr' id='par_1_56' title="bbox 982 1677 1770 1712">
     <span class='ocr_line' id='line_1_57' title="bbox 982 1677 1770 1712; baseline 0.008 -10"><span class='ocrx_word' id='word_1_390' title='bbox 982 1679 1075 1710; x_wconf 86' lang='lat' dir='ltr'><strong>a-tate,</strong></span> <span class='ocrx_word' id='word_1_391' title='bbox 1100 1677 1146 1703; x_wconf 88' lang='lat' dir='ltr'><strong>sed</strong></span> <span class='ocrx_word' id='word_1_392' title='bbox 1169 1677 1253 1704; x_wconf 84' lang='lat' dir='ltr'><strong>variis</strong></span> <span class='ocrx_word' id='word_1_393' title='bbox 1271 1678 1353 1705; x_wconf 88' lang='lat' dir='ltr'><strong>etiam</strong></span> <span class='ocrx_word' id='word_1_394' title='bbox 1382 1679 1534 1712; x_wconf 82' lang='lat' dir='ltr'><strong>laboribus,</strong></span> <span class='ocrx_word' id='word_1_395' title='bbox 1557 1680 1714 1708; x_wconf 85' lang='lat' dir='ltr'><strong>confectum</strong></span> <span class='ocrx_word' id='word_1_396' title='bbox 1736 1689 1770 1708; x_wconf 86' lang='lat' dir='ltr'><strong>ac</strong></span> 
     </span>
    </p>
   </div>
   <div class='ocr_carea' id='block_1_57' title="bbox 980 1722 1768 1763">
    <p class='ocr_par' dir='ltr' id='par_1_57' title="bbox 980 1722 1768 1763">
     <span class='ocr_line' id='line_1_58' title="bbox 980 1722 1768 1763; baseline 0.009 -14"><span class='ocrx_word' id='word_1_397' title='bbox 980 1722 1151 1750; x_wconf 85' lang='lat' dir='ltr'><strong>debilitatum</strong></span> <span class='ocrx_word' id='word_1_398' title='bbox 1167 1729 1237 1757; x_wconf 88' lang='lat' dir='ltr'><strong>erat,</strong></span> <span class='ocrx_word' id='word_1_399' title='bbox 1255 1729 1286 1751; x_wconf 91' lang='lat' dir='ltr'><strong>ut</strong></span> <span class='ocrx_word' id='word_1_400' title='bbox 1298 1725 1433 1760; x_wconf 87' lang='lat' dir='ltr'><strong>suspicari</strong></span> <span class='ocrx_word' id='word_1_401' title='bbox 1448 1734 1509 1754; x_wconf 83' lang='lat' dir='ltr'><strong>mox</strong></span> <span class='ocrx_word' id='word_1_402' title='bbox 1524 1735 1620 1755; x_wconf 89' lang='lat' dir='ltr'><strong>omnes</strong></span> <span class='ocrx_word' id='word_1_403' title='bbox 1631 1729 1768 1763; x_wconf 61' lang='lat' dir='ltr'><strong>coeperint</strong></span> 
     </span>
    </p>
   </div>
   <div class='ocr_carea' id='block_1_58' title="bbox 981 1768 1769 1808">
    <p class='ocr_par' dir='ltr' id='par_1_58' title="bbox 981 1768 1769 1808">
     <span class='ocr_line' id='line_1_59' title="bbox 981 1768 1769 1808; baseline 0.01 -15"><span class='ocrx_word' id='word_1_404' title='bbox 981 1768 1054 1803; x_wconf 90' lang='lat' dir='ltr'><strong>qttod</strong></span> <span class='ocrx_word' id='word_1_405' title='bbox 1072 1769 1175 1802; x_wconf 85' lang='lat' dir='ltr'><strong>evenit,</strong></span> <span class='ocrx_word' id='word_1_406' title='bbox 1209 1774 1357 1805; x_wconf 86' lang='lat' dir='ltr'><strong>tantusque</strong></span> <span class='ocrx_word' id='word_1_407' title='bbox 1379 1772 1485 1799; x_wconf 88' lang='lat' dir='ltr'><strong>animos</strong></span> <span class='ocrx_word' id='word_1_408' title='bbox 1511 1773 1634 1800; x_wconf 90' lang='lat' dir='ltr'><strong>ontttiutn</strong></span> <span class='ocrx_word' id='word_1_409' title='bbox 1655 1779 1769 1808; x_wconf 84' lang='lat' dir='ltr'><strong>repente</strong></span> 
     </span>
    </p>
   </div>
   <div class='ocr_carea' id='block_1_59' title="bbox 982 1815 1769 1853">
    <p class='ocr_par' dir='ltr' id='par_1_59' title="bbox 982 1815 1769 1853">
     <span class='ocr_line' id='line_1_60' title="bbox 982 1815 1769 1853; baseline 0.009 -12"><span class='ocrx_word' id='word_1_410' title='bbox 982 1820 1073 1842; x_wconf 91' lang='lat' dir='ltr'><strong>metus</strong></span> <span class='ocrx_word' id='word_1_411' title='bbox 1095 1815 1205 1850; x_wconf 85' lang='lat' dir='ltr'><strong>invasit,</strong></span> <span class='ocrx_word' id='word_1_412' title='bbox 1232 1821 1261 1844; x_wconf 91' lang='lat' dir='ltr'><strong>ut</strong></span> <span class='ocrx_word' id='word_1_413' title='bbox 1284 1817 1355 1844; x_wconf 91' lang='lat' dir='ltr'><strong>nihil</strong></span> <span class='ocrx_word' id='word_1_414' title='bbox 1378 1817 1518 1853; x_wconf 77' lang='lat' dir='ltr'><strong>indignius</strong></span> <span class='ocrx_word' id='word_1_415' title='bbox 1541 1825 1601 1847; x_wconf 85' lang='lat' dir='ltr'><strong>esse</strong></span> <span class='ocrx_word' id='word_1_416' title='bbox 1623 1819 1769 1848; x_wconf 84' lang='lat' dir='ltr'><strong>ferendum</strong></span> 
     </span>
    </p>
   </div>
   <div class='ocr_carea' id='block_1_60' title="bbox 981 1862 1130 1889">
    <p class='ocr_par' dir='ltr' id='par_1_60' title="bbox 981 1862 1130 1889">
     <span class='ocr_line' id='line_1_61' title="bbox 981 1862 1130 1889; baseline 0.007 -1"><span class='ocrx_word' id='word_1_417' title='bbox 981 1862 1130 1889; x_wconf 84' lang='lat' dir='ltr'><strong>videretur.</strong></span> 
     </span>
    </p>
   </div>
   <div class='ocr_carea' id='block_1_61' title="bbox 1017 1906 1767 1946">
    <p class='ocr_par' dir='ltr' id='par_1_61' title="bbox 1017 1906 1767 1946">
     <span class='ocr_line' id='line_1_62' title="bbox 1017 1906 1767 1946; baseline 0.007 -12"><span class='ocrx_word' id='word_1_418' title='bbox 1017 1906 1075 1934; x_wconf 85' lang='lat' dir='ltr'><strong>Heu</strong></span> <span class='ocrx_word' id='word_1_419' title='bbox 1089 1908 1094 1934; x_wconf 87' lang='lat' dir='ltr'><strong>l</strong></span> <span class='ocrx_word' id='word_1_420' title='bbox 1110 1913 1177 1943; x_wconf 78' lang='lat' dir='ltr'><strong>quot</strong></span> <span class='ocrx_word' id='word_1_421' title='bbox 1191 1915 1297 1943; x_wconf 87' lang='lat' dir='ltr'><strong>preces,</strong></span> <span class='ocrx_word' id='word_1_422' title='bbox 1310 1913 1376 1944; x_wconf 88' lang='lat' dir='ltr'><strong>quot</strong></span> <span class='ocrx_word' id='word_1_423' title='bbox 1388 1910 1613 1945; x_wconf 85' lang='lat' dir='ltr'><strong>supplicationes,</strong></span> <span class='ocrx_word' id='word_1_424' title='bbox 1626 1917 1692 1946; x_wconf 92' lang='lat' dir='ltr'><strong>quot</strong></span> <span class='ocrx_word' id='word_1_425' title='bbox 1703 1917 1767 1939; x_wconf 83' lang='lat' dir='ltr'><strong>vola</strong></span> 
     </span>
    </p>
   </div>
   <div class='ocr_carea' id='block_1_62' title="bbox 981 1951 1769 1988">
    <p class='ocr_par' dir='ltr' id='par_1_62' title="bbox 981 1951 1769 1988">
     <span class='ocr_line' id='line_1_63' title="bbox 981 1951 1769 1988; baseline 0.009 -11"><span class='ocrx_word' id='word_1_426' title='bbox 981 1958 1032 1986; x_wconf 88' lang='lat' dir='ltr'><strong>pro</strong></span> <span class='ocrx_word' id='word_1_427' title='bbox 1051 1951 1123 1979; x_wconf 89' lang='lat' dir='ltr'><strong>illius</strong></span> <span class='ocrx_word' id='word_1_428' title='bbox 1141 1953 1239 1986; x_wconf 86' lang='lat' dir='ltr'><strong>salute,</strong></span> <span class='ocrx_word' id='word_1_429' title='bbox 1253 1953 1294 1980; x_wconf 87' lang='lat' dir='ltr'><strong>vel</strong></span> <span class='ocrx_word' id='word_1_430' title='bbox 1316 1953 1407 1988; x_wconf 90' lang='lat' dir='ltr'><strong>potius</strong></span> <span class='ocrx_word' id='word_1_431' title='bbox 1422 1961 1471 1988; x_wconf 90' lang='lat' dir='ltr'><strong>pro</strong></span> <span class='ocrx_word' id='word_1_432' title='bbox 1487 1957 1572 1982; x_wconf 89' lang='lat' dir='ltr'><strong>totius</strong></span> <span class='ocrx_word' id='word_1_433' title='bbox 1588 1957 1664 1983; x_wconf 84' lang='lat' dir='ltr'><strong>orbis</strong></span> <span class='ocrx_word' id='word_1_434' title='bbox 1682 1961 1769 1985; x_wconf 80' lang='lat' dir='ltr'><strong>terra—</strong></span> 
     </span>
    </p>
   </div>
   <div class='ocr_carea' id='block_1_63' title="bbox 983 1997 1769 2035">
    <p class='ocr_par' dir='ltr' id='par_1_63' title="bbox 983 1997 1769 2035">
     <span class='ocr_line' id='line_1_64' title="bbox 983 1997 1769 2035; baseline 0.009 -12"><span class='ocrx_word' id='word_1_435' title='bbox 983 2004 1042 2023; x_wconf 85' lang='lat' dir='ltr'><strong>rum</strong></span> <span class='ocrx_word' id='word_1_436' title='bbox 1059 1997 1247 2026; x_wconf 89' lang='lat' dir='ltr'><strong>incolumitate</strong></span> <span class='ocrx_word' id='word_1_437' title='bbox 1261 2000 1385 2026; x_wconf 88' lang='lat' dir='ltr'><strong>ontttiuttt</strong></span> <span class='ocrx_word' id='word_1_438' title='bbox 1404 2007 1546 2035; x_wconf 77' lang='lat' dir='ltr'><strong>generum,</strong></span> <span class='ocrx_word' id='word_1_439' title='bbox 1559 2007 1681 2035; x_wconf 66' lang='lat' dir='ltr'><strong>aetatum,</strong></span> <span class='ocrx_word' id='word_1_440' title='bbox 1694 2003 1769 2030; x_wconf 88' lang='lat' dir='ltr'><strong>ordi-</strong></span> 
     </span>
    </p>
   </div>
   <div class='ocr_carea' id='block_1_64' title="bbox 983 2044 1767 2084">
    <p class='ocr_par' dir='ltr' id='par_1_64' title="bbox 983 2044 1767 2084">
     <span class='ocr_line' id='line_1_65' title="bbox 983 2044 1767 2084; baseline 0.01 -15"><span class='ocrx_word' id='word_1_441' title='bbox 983 2050 1048 2070; x_wconf 88' lang='lat' dir='ltr'><strong>num</strong></span> <span class='ocrx_word' id='word_1_442' title='bbox 1069 2044 1162 2071; x_wconf 82' lang='lat' dir='ltr'><strong>fucre!</strong></span> <span class='ocrx_word' id='word_1_443' title='bbox 1177 2044 1265 2072; x_wconf 88' lang='lat' dir='ltr'><strong>Nemo</strong></span> <span class='ocrx_word' id='word_1_444' title='bbox 1277 2047 1392 2081; x_wconf 90' lang='lat' dir='ltr'><strong>cratqui</strong></span> <span class='ocrx_word' id='word_1_445' title='bbox 1411 2048 1480 2074; x_wconf 92' lang='lat' dir='ltr'><strong>mori</strong></span> <span class='ocrx_word' id='word_1_446' title='bbox 1498 2049 1589 2082; x_wconf 90' lang='lat' dir='ltr'><strong>potius</strong></span> <span class='ocrx_word' id='word_1_447' title='bbox 1606 2050 1652 2076; x_wconf 89' lang='lat' dir='ltr'><strong>illo</strong></span> <span class='ocrx_word' id='word_1_448' title='bbox 1670 2058 1767 2084; x_wconf 85' lang='lat' dir='ltr'><strong>super-</strong></span> 
     </span>
    </p>
   </div>
   <div class='ocr_carea' id='block_1_65' title="bbox 983 2090 1766 2129">
    <p class='ocr_par' dir='ltr' id='par_1_65' title="bbox 983 2090 1766 2129">
     <span class='ocr_line' id='line_1_66' title="bbox 983 2090 1766 2129; baseline 0.011 -14"><span class='ocrx_word' id='word_1_449' title='bbox 983 2090 1068 2122; x_wconf 82' lang='lat' dir='ltr'><strong>stite,</strong></span> <span class='ocrx_word' id='word_1_450' title='bbox 1094 2098 1175 2125; x_wconf 82' lang='lat' dir='ltr'><strong>quant</strong></span> <span class='ocrx_word' id='word_1_451' title='bbox 1209 2096 1318 2118; x_wconf 85' lang='lat' dir='ltr'><strong>mortuo</strong></span> <span class='ocrx_word' id='word_1_452' title='bbox 1342 2092 1387 2119; x_wconf 90' lang='lat' dir='ltr'><strong>illo</strong></span> <span class='ocrx_word' id='word_1_453' title='bbox 1415 2093 1507 2121; x_wconf 91' lang='lat' dir='ltr'><strong>vivere</strong></span> <span class='ocrx_word' id='word_1_454' title='bbox 1533 2095 1651 2129; x_wconf 86' lang='lat' dir='ltr'><strong>amplius</strong></span> <span class='ocrx_word' id='word_1_455' title='bbox 1674 2097 1766 2125; x_wconf 86' lang='lat' dir='ltr'><strong>vellet.</strong></span> 
     </span>
    </p>
   </div>
   <div class='ocr_carea' id='block_1_66' title="bbox 985 2135 1769 2175">
    <p class='ocr_par' dir='ltr' id='par_1_66' title="bbox 985 2135 1769 2175">
     <span class='ocr_line' id='line_1_67' title="bbox 985 2135 1769 2175; baseline 0.01 -13"><span class='ocrx_word' id='word_1_456' title='bbox 985 2135 1105 2163; x_wconf 85' lang='lat' dir='ltr'><strong>Salutem</strong></span> <span class='ocrx_word' id='word_1_457' title='bbox 1117 2137 1189 2164; x_wconf 88' lang='lat' dir='ltr'><strong>illius</strong></span> <span class='ocrx_word' id='word_1_458' title='bbox 1199 2145 1255 2164; x_wconf 79' lang='lat' dir='ltr'><strong>sua:</strong></span> <span class='ocrx_word' id='word_1_459' title='bbox 1265 2138 1380 2173; x_wconf 85' lang='lat' dir='ltr'><strong>quisque</strong></span> <span class='ocrx_word' id='word_1_460' title='bbox 1393 2139 1473 2166; x_wconf 86' lang='lat' dir='ltr'><strong>saluti</strong></span> <span class='ocrx_word' id='word_1_461' title='bbox 1483 2142 1682 2175; x_wconf 87' lang='lat' dir='ltr'><strong>anteponebat:</strong></span> <span class='ocrx_word' id='word_1_462' title='bbox 1696 2144 1769 2170; x_wconf 84' lang='lat' dir='ltr'><strong>scie-</strong></span> 
     </span>
    </p>
   </div>
   <div class='ocr_carea' id='block_1_67' title="bbox 983 2182 1768 2224">
    <p class='ocr_par' dir='ltr' id='par_1_67' title="bbox 983 2182 1768 2224">
     <span class='ocr_line' id='line_1_68' title="bbox 983 2182 1768 2224; baseline 0.01 -16"><span class='ocrx_word' id='word_1_463' title='bbox 983 2182 1050 2209; x_wconf 81' lang='lat' dir='ltr'><strong>bant</strong></span> <span class='ocrx_word' id='word_1_464' title='bbox 1077 2191 1195 2218; x_wconf 86' lang='lat' dir='ltr'><strong>namque</strong></span> <span class='ocrx_word' id='word_1_465' title='bbox 1216 2183 1317 2219; x_wconf 78' lang='lat' dir='ltr'><strong>singuli</strong></span> <span class='ocrx_word' id='word_1_466' title='bbox 1344 2185 1459 2212; x_wconf 88' lang='lat' dir='ltr'><strong>salutent</strong></span> <span class='ocrx_word' id='word_1_467' title='bbox 1485 2194 1560 2214; x_wconf 85' lang='lat' dir='ltr'><strong>suam</strong></span> <span class='ocrx_word' id='word_1_468' title='bbox 1581 2189 1614 2214; x_wconf 91' lang='lat' dir='ltr'><strong>ad</strong></span> <span class='ocrx_word' id='word_1_469' title='bbox 1643 2189 1768 2224; x_wconf 71' lang='lat' dir='ltr'><strong>singulos</strong></span> 
     </span>
    </p>
   </div>
   <div class='ocr_carea' id='block_1_68' title="bbox 984 2228 1766 2264">
    <p class='ocr_par' dir='ltr' id='par_1_68' title="bbox 984 2228 1766 2264">
     <span class='ocr_line' id='line_1_69' title="bbox 984 2228 1766 2264; baseline 0.01 -10"><span class='ocrx_word' id='word_1_470' title='bbox 984 2228 1111 2255; x_wconf 84' lang='lat' dir='ltr'><strong>homines</strong></span> <span class='ocrx_word' id='word_1_471' title='bbox 1150 2230 1312 2264; x_wconf 82' lang='lat' dir='ltr'><strong>pertinere,</strong></span> <span class='ocrx_word' id='word_1_472' title='bbox 1347 2231 1422 2258; x_wconf 86' lang='lat' dir='ltr'><strong>illius</strong></span> <span class='ocrx_word' id='word_1_473' title='bbox 1457 2239 1522 2259; x_wconf 90' lang='lat' dir='ltr'><strong>vero</strong></span> <span class='ocrx_word' id='word_1_474' title='bbox 1549 2233 1766 2262; x_wconf 80' lang='lat' dir='ltr'><strong>incolumitatem</strong></span> 
     </span>
    </p>
   </div>
   <div class='ocr_carea' id='block_1_69' title="bbox 984 2273 1770 2307">
    <p class='ocr_par' dir='ltr' id='par_1_69' title="bbox 984 2273 1770 2307">
     <span class='ocr_line' id='line_1_70' title="bbox 984 2273 1770 2307; baseline 0.009 -8"><span class='ocrx_word' id='word_1_475' title='bbox 984 2273 1105 2300; x_wconf 91' lang='lat' dir='ltr'><strong>ontnium</strong></span> <span class='ocrx_word' id='word_1_476' title='bbox 1125 2274 1279 2301; x_wconf 84' lang='lat' dir='ltr'><strong>mortalium</strong></span> <span class='ocrx_word' id='word_1_477' title='bbox 1298 2279 1327 2302; x_wconf 84' lang='lat' dir='ltr'><strong>et</strong></span> <span class='ocrx_word' id='word_1_478' title='bbox 1346 2275 1431 2303; x_wconf 89' lang='lat' dir='ltr'><strong>totius</strong></span> <span class='ocrx_word' id='word_1_479' title='bbox 1453 2277 1530 2304; x_wconf 88' lang='lat' dir='ltr'><strong>orbis</strong></span> <span class='ocrx_word' id='word_1_480' title='bbox 1553 2283 1687 2305; x_wconf 85' lang='lat' dir='ltr'><strong>terrarum</strong></span> <span class='ocrx_word' id='word_1_481' title='bbox 1708 2287 1770 2307; x_wconf 65' lang='lat' dir='ltr'><strong>ess:</strong></span> 
     </span>
    </p>
   </div>
   <div class='ocr_carea' id='block_1_70' title="bbox 146 2307 1764 2358">
    <p class='ocr_par' dir='ltr' id='par_1_70' title="bbox 146 2307 1764 2358">
     <span class='ocr_line' id='line_1_71' title="bbox 146 2307 1764 2358; baseline 0.001 -9"><span class='ocrx_word' id='word_1_482' title='bbox 146 2324 278 2354; x_wconf 86' lang='lat' dir='ltr'><strong>horreat;</strong></span> <span class='ocrx_word' id='word_1_483' title='bbox 293 2322 340 2356; x_wconf 89' lang='lat' dir='ltr'><strong>qui</strong></span> <span class='ocrx_word' id='word_1_484' title='bbox 361 2329 415 2348; x_wconf 91' lang='lat' dir='ltr'><strong>non</strong></span> <span class='ocrx_word' id='word_1_485' title='bbox 431 2320 559 2356; x_wconf 66' lang='lat' dir='ltr'><strong>quaeritet</strong></span> <span class='ocrx_word' id='word_1_486' title='bbox 572 2320 743 2354; x_wconf 83' lang='lat' dir='ltr'><strong>defunctum,</strong></span> <span class='ocrx_word' id='word_1_487' title='bbox 764 2327 796 2347; x_wconf 86' lang='lat' dir='ltr'><strong>ac</strong></span> <span class='ocrx_word' id='word_1_488' title='bbox 813 2320 927 2354; x_wconf 77' lang='lat' dir='ltr'><strong>gemitu,</strong></span> <span class='ocrx_word' id='word_1_489' title='bbox 945 2307 967 2336; x_wconf 66' lang='grc' dir='ltr'>ε</span> <span class='ocrx_word' id='word_1_490' title='bbox 986 2326 1168 2346; x_wconf 86' lang='lat' dir='ltr'><strong>communem.</strong></span> <span class='ocrx_word' id='word_1_491' title='bbox 1179 2320 1228 2347; x_wconf 87' lang='lat' dir='ltr'><strong>Hic</strong></span> <span class='ocrx_word' id='word_1_492' title='bbox 1249 2320 1323 2347; x_wconf 87' lang='lat' dir='ltr'><strong>enim</strong></span> <span class='ocrx_word' id='word_1_493' title='bbox 1340 2322 1496 2349; x_wconf 83' lang='lat' dir='ltr'><strong>universum</strong></span> <span class='ocrx_word' id='word_1_494' title='bbox 1513 2324 1606 2350; x_wconf 90' lang='lat' dir='ltr'><strong>orbem</strong></span> <span class='ocrx_word' id='word_1_495' title='bbox 1625 2325 1702 2358; x_wconf 87' lang='lat' dir='ltr'><strong>quasi</strong></span> <span class='ocrx_word' id='word_1_496' title='bbox 1717 2327 1764 2351; x_wconf 87' lang='lat' dir='ltr'><strong>lir-</strong></span> 
     </span>
    </p>
   </div>
   <div class='ocr_carea' id='block_1_71' title="bbox 144 2366 930 2403">
    <p class='ocr_par' dir='ltr' id='par_1_71' title="bbox 144 2366 930 2403">
     <span class='ocr_line' id='line_1_72' title="bbox 144 2366 930 2403; baseline -0.005 -7"><span class='ocrx_word' id='word_1_497' title='bbox 144 2372 166 2396; x_wconf 87' lang='lat' dir='ltr'><strong>si</strong></span> <span class='ocrx_word' id='word_1_498' title='bbox 185 2369 243 2396; x_wconf 85' lang='lat' dir='ltr'><strong>fieri</strong></span> <span class='ocrx_word' id='word_1_499' title='bbox 261 2369 359 2403; x_wconf 87' lang='lat' dir='ltr'><strong>possit,</strong></span> <span class='ocrx_word' id='word_1_500' title='bbox 379 2375 512 2395; x_wconf 83' lang='lat' dir='ltr'><strong>revocare</strong></span> <span class='ocrx_word' id='word_1_501' title='bbox 541 2367 569 2394; x_wconf 92' lang='lat' dir='ltr'><strong>in</strong></span> <span class='ocrx_word' id='word_1_502' title='bbox 593 2366 676 2394; x_wconf 85' lang='lat' dir='ltr'><strong>vitam</strong></span> <span class='ocrx_word' id='word_1_503' title='bbox 692 2367 860 2394; x_wconf 65' lang='lat' dir='ltr'><strong>contendat?</strong></span> <span class='ocrx_word' id='word_1_504' title='bbox 874 2366 930 2393; x_wconf 88' lang='lat' dir='ltr'><strong>Cur</strong></span> 
     </span>
    </p>
   </div>
   <div class='ocr_carea' id='block_1_72' title="bbox 144 2412 932 2448">
    <p class='ocr_par' dir='ltr' id='par_1_72' title="bbox 144 2412 932 2448">
     <span class='ocr_line' id='line_1_73' title="bbox 144 2412 932 2448; baseline -0.003 -8"><span class='ocrx_word' id='word_1_505' title='bbox 144 2424 157 2440; x_wconf 72' lang='lat' dir='ltr'><strong>at</strong></span> <span class='ocrx_word' id='word_1_506' title='bbox 175 2415 254 2441; x_wconf 90' lang='lat' dir='ltr'><strong>nobis</strong></span> <span class='ocrx_word' id='word_1_507' title='bbox 270 2420 325 2442; x_wconf 89' lang='lat' dir='ltr'><strong>tant</strong></span> <span class='ocrx_word' id='word_1_508' title='bbox 347 2418 462 2448; x_wconf 89' lang='lat' dir='ltr'><strong>repente</strong></span> <span class='ocrx_word' id='word_1_509' title='bbox 473 2413 599 2446; x_wconf 85' lang='lat' dir='ltr'><strong>evolasti,</strong></span> <span class='ocrx_word' id='word_1_510' title='bbox 620 2412 744 2447; x_wconf 80' lang='lat' dir='ltr'><strong>piissime</strong></span> <span class='ocrx_word' id='word_1_511' title='bbox 761 2412 932 2446; x_wconf 75' lang='lat' dir='ltr'><strong>imperator?</strong></span> 
     </span>
    </p>
   </div>
   <div class='ocr_carea' id='block_1_73' title="bbox 144 2457 930 2493">
    <p class='ocr_par' dir='ltr' id='par_1_73' title="bbox 144 2457 930 2493">
     <span class='ocr_line' id='line_1_74' title="bbox 144 2457 930 2493; baseline -0.003 -6"><span class='ocrx_word' id='word_1_512' title='bbox 144 2462 198 2487; x_wconf 74' lang='lat' dir='ltr'><strong>Unr</strong></span> <span class='ocrx_word' id='word_1_513' title='bbox 213 2468 322 2487; x_wconf 86' lang='lat' dir='ltr'><strong>manere</strong></span> <span class='ocrx_word' id='word_1_514' title='bbox 342 2460 485 2487; x_wconf 89' lang='lat' dir='ltr'><strong>nobiscum</strong></span> <span class='ocrx_word' id='word_1_515' title='bbox 502 2459 608 2486; x_wconf 89' lang='lat' dir='ltr'><strong>diutius</strong></span> <span class='ocrx_word' id='word_1_516' title='bbox 630 2458 764 2485; x_wconf 84' lang='lat' dir='ltr'><strong>noluisti?</strong></span> <span class='ocrx_word' id='word_1_517' title='bbox 780 2457 836 2485; x_wconf 80' lang='lat' dir='ltr'><strong>Cur</strong></span> <span class='ocrx_word' id='word_1_518' title='bbox 855 2459 930 2493; x_wconf 77' lang='lat' dir='ltr'><strong>regio</strong></span> 
     </span>
    </p>
   </div>
   <div class='ocr_carea' id='block_1_74' title="bbox 145 2503 931 2533">
    <p class='ocr_par' dir='ltr' id='par_1_74' title="bbox 145 2503 931 2533">
     <span class='ocr_line' id='line_1_75' title="bbox 145 2503 931 2533; baseline -0.004 0"><span class='ocrx_word' id='word_1_519' title='bbox 145 2508 192 2533; x_wconf 81' lang='lat' dir='ltr'><strong>illo</strong></span> <span class='ocrx_word' id='word_1_520' title='bbox 209 2507 341 2533; x_wconf 82' lang='lat' dir='ltr'><strong>virtutum</strong></span> <span class='ocrx_word' id='word_1_521' title='bbox 355 2511 463 2532; x_wconf 85' lang='lat' dir='ltr'><strong>tuarum</strong></span> <span class='ocrx_word' id='word_1_522' title='bbox 479 2508 614 2532; x_wconf 84' lang='lat' dir='ltr'><strong>concentu</strong></span> <span class='ocrx_word' id='word_1_523' title='bbox 629 2504 684 2531; x_wconf 90' lang='lat' dir='ltr'><strong>frui</strong></span> <span class='ocrx_word' id='word_1_524' title='bbox 701 2504 782 2531; x_wconf 87' lang='lat' dir='ltr'><strong>nobis</strong></span> <span class='ocrx_word' id='word_1_525' title='bbox 792 2503 863 2530; x_wconf 87' lang='lat' dir='ltr'><strong>ultra</strong></span> <span class='ocrx_word' id='word_1_526' title='bbox 877 2513 931 2531; x_wconf 91' lang='lat' dir='ltr'><strong>ttott</strong></span> 
     </span>
    </p>
   </div>
   <div class='ocr_carea' id='block_1_75' title="bbox 145 2550 933 2587">
    <p class='ocr_par' dir='ltr' id='par_1_75' title="bbox 145 2550 933 2587">
     <span class='ocr_line' id='line_1_76' title="bbox 145 2550 933 2587; baseline -0.003 -7"><span class='ocrx_word' id='word_1_527' title='bbox 145 2553 242 2580; x_wconf 63' lang='lat' dir='ltr'><strong>luunt?</strong></span> <span class='ocrx_word' id='word_1_528' title='bbox 258 2553 409 2587; x_wconf 83' lang='lat' dir='ltr'><strong>Suscepisti</strong></span> <span class='ocrx_word' id='word_1_529' title='bbox 427 2552 461 2578; x_wconf 88' lang='lat' dir='ltr'><strong>de</strong></span> <span class='ocrx_word' id='word_1_530' title='bbox 481 2551 559 2578; x_wconf 76' lang='lat' dir='ltr'><strong>nobis</strong></span> <span class='ocrx_word' id='word_1_531' title='bbox 576 2550 707 2577; x_wconf 84' lang='lat' dir='ltr'><strong>hactenus</strong></span> <span class='ocrx_word' id='word_1_532' title='bbox 719 2558 828 2578; x_wconf 89' lang='lat' dir='ltr'><strong>omnem</strong></span> <span class='ocrx_word' id='word_1_533' title='bbox 840 2558 933 2578; x_wconf 86' lang='lat' dir='ltr'><strong>curant</strong></span> 
     </span>
    </p>
   </div>
   <div class='ocr_carea' id='block_1_76' title="bbox 145 2597 928 2634">
    <p class='ocr_par' dir='ltr' id='par_1_76' title="bbox 145 2597 928 2634">
     <span class='ocr_line' id='line_1_77' title="bbox 145 2597 928 2634; baseline -0.003 -8"><span class='ocrx_word' id='word_1_534' title='bbox 145 2607 171 2627; x_wconf 74' lang='grc' dir='ltr'><strong>ιιι</strong></span> <span class='ocrx_word' id='word_1_535' title='bbox 189 2606 217 2628; x_wconf 91' lang='lat' dir='ltr'><strong>ut</strong></span> <span class='ocrx_word' id='word_1_536' title='bbox 239 2600 291 2634; x_wconf 84' lang='lat' dir='ltr'><strong>ipsi</strong></span> <span class='ocrx_word' id='word_1_537' title='bbox 309 2600 367 2626; x_wconf 75' lang='lat' dir='ltr'><strong>tuti</strong></span> <span class='ocrx_word' id='word_1_538' title='bbox 390 2606 421 2626; x_wconf 80' lang='lat' dir='ltr'><strong>ac</strong></span> <span class='ocrx_word' id='word_1_539' title='bbox 440 2597 544 2625; x_wconf 87' lang='lat' dir='ltr'><strong>laboris</strong></span> <span class='ocrx_word' id='word_1_540' title='bbox 571 2602 698 2632; x_wconf 82' lang='lat' dir='ltr'><strong>expertes</strong></span> <span class='ocrx_word' id='word_1_541' title='bbox 714 2597 881 2631; x_wconf 76' lang='lat' dir='ltr'><strong>viveremus,</strong></span> <span class='ocrx_word' id='word_1_542' title='bbox 901 2603 928 2624; x_wconf 94' lang='lat' dir='ltr'><strong>tu</strong></span> 
     </span>
    </p>
   </div>
   <div class='ocr_carea' id='block_1_77' title="bbox 145 2643 931 2679">
    <p class='ocr_par' dir='ltr' id='par_1_77' title="bbox 145 2643 931 2679">
     <span class='ocr_line' id='line_1_78' title="bbox 145 2643 931 2679; baseline -0.001 -7"><span class='ocrx_word' id='word_1_543' title='bbox 145 2647 220 2672; x_wconf 81' lang='lat' dir='ltr'><strong>solus</strong></span> <span class='ocrx_word' id='word_1_544' title='bbox 245 2646 361 2672; x_wconf 83' lang='lat' dir='ltr'><strong>maxime</strong></span> <span class='ocrx_word' id='word_1_545' title='bbox 385 2651 495 2679; x_wconf 85' lang='lat' dir='ltr'><strong>semper</strong></span> <span class='ocrx_word' id='word_1_546' title='bbox 523 2643 680 2671; x_wconf 82' lang='lat' dir='ltr'><strong>elaborasti.</strong></span> <span class='ocrx_word' id='word_1_547' title='bbox 706 2643 854 2670; x_wconf 87' lang='lat' dir='ltr'><strong>Testantur</strong></span> <span class='ocrx_word' id='word_1_548' title='bbox 880 2645 931 2671; x_wconf 89' lang='lat' dir='ltr'><strong>hoc</strong></span> 
     </span>
    </p>
   </div>
   <div class='ocr_carea' id='block_1_78' title="bbox 145 2690 931 2727">
    <p class='ocr_par' dir='ltr' id='par_1_78' title="bbox 145 2690 931 2727">
     <span class='ocr_line' id='line_1_79' title="bbox 145 2690 931 2727; baseline -0.004 -9"><span class='ocrx_word' id='word_1_549' title='bbox 145 2693 237 2727; x_wconf 79' lang='lat' dir='ltr'><strong>populi</strong></span> <span class='ocrx_word' id='word_1_550' title='bbox 257 2700 370 2724; x_wconf 82' lang='lat' dir='ltr'><strong>omnes;</strong></span> <span class='ocrx_word' id='word_1_551' title='bbox 395 2695 533 2718; x_wconf 88' lang='lat' dir='ltr'><strong>testantur</strong></span> <span class='ocrx_word' id='word_1_552' title='bbox 556 2697 652 2718; x_wconf 83' lang='lat' dir='ltr'><strong>Omnes</strong></span> <span class='ocrx_word' id='word_1_553' title='bbox 670 2690 836 2723; x_wconf 66' lang='lat' dir='ltr'><strong>provinciae;</strong></span> <span class='ocrx_word' id='word_1_554' title='bbox 858 2695 931 2717; x_wconf 84' lang='lat' dir='ltr'><strong>terra</strong></span> 
     </span>
    </p>
   </div>
   <div class='ocr_carea' id='block_1_79' title="bbox 146 2735 930 2769">
    <p class='ocr_par' dir='ltr' id='par_1_79' title="bbox 146 2735 930 2769">
     <span class='ocr_line' id='line_1_80' title="bbox 146 2735 930 2769; baseline -0.003 -5"><span class='ocrx_word' id='word_1_555' title='bbox 146 2738 234 2769; x_wconf 82' lang='lat' dir='ltr'><strong>numis</strong></span> <span class='ocrx_word' id='word_1_556' title='bbox 254 2743 282 2763; x_wconf 80' lang='lat' dir='ltr'><strong>et</strong></span> <span class='ocrx_word' id='word_1_557' title='bbox 304 2745 388 2764; x_wconf 85' lang='lat' dir='ltr'><strong>maria</strong></span> <span class='ocrx_word' id='word_1_558' title='bbox 402 2738 494 2764; x_wconf 82' lang='lat' dir='ltr'><strong>omnia</strong></span> <span class='ocrx_word' id='word_1_559' title='bbox 511 2741 659 2764; x_wconf 81' lang='lat' dir='ltr'><strong>testantur.</strong></span> <span class='ocrx_word' id='word_1_560' title='bbox 677 2736 755 2763; x_wconf 83' lang='lat' dir='ltr'><strong>Nunc</strong></span> <span class='ocrx_word' id='word_1_561' title='bbox 777 2743 842 2762; x_wconf 88' lang='lat' dir='ltr'><strong>vero</strong></span> <span class='ocrx_word' id='word_1_562' title='bbox 857 2735 930 2762; x_wconf 84' lang='lat' dir='ltr'><strong>bona</strong></span> 
     </span>
    </p>
   </div>
   <div class='ocr_carea' id='block_1_80' title="bbox 146 2782 930 2817">
    <p class='ocr_par' dir='ltr' id='par_1_80' title="bbox 146 2782 930 2817">
     <span class='ocr_line' id='line_1_81' title="bbox 146 2782 930 2817; baseline -0.001 -7"><span class='ocrx_word' id='word_1_563' title='bbox 146 2784 236 2810; x_wconf 78' lang='lat' dir='ltr'><strong>omnia</strong></span> <span class='ocrx_word' id='word_1_564' title='bbox 251 2789 340 2810; x_wconf 81' lang='lat' dir='ltr'><strong>tecum</strong></span> <span class='ocrx_word' id='word_1_565' title='bbox 353 2784 443 2811; x_wconf 84' lang='lat' dir='ltr'><strong>ferens</strong></span> <span class='ocrx_word' id='word_1_566' title='bbox 454 2784 556 2811; x_wconf 82' lang='lat' dir='ltr'><strong>abiisti.</strong></span> <span class='ocrx_word' id='word_1_567' title='bbox 569 2783 697 2817; x_wconf 67' lang='lat' dir='ltr'><strong>Qttmjam</strong></span> <span class='ocrx_word' id='word_1_568' title='bbox 711 2783 791 2809; x_wconf 83' lang='lat' dir='ltr'><strong>nobis</strong></span> <span class='ocrx_word' id='word_1_569' title='bbox 800 2789 860 2808; x_wconf 85' lang='lat' dir='ltr'><strong>esse</strong></span> <span class='ocrx_word' id='word_1_570' title='bbox 871 2782 930 2809; x_wconf 90' lang='lat' dir='ltr'><strong>sine</strong></span> 
     </span>
    </p>
   </div>
   <div class='ocr_carea' id='block_1_81' title="bbox 982 2365 1770 2400">
    <p class='ocr_par' dir='ltr' id='par_1_81' title="bbox 982 2365 1770 2400">
     <span class='ocr_line' id='line_1_82' title="bbox 982 2365 1770 2400; baseline 0.008 -9"><span class='ocrx_word' id='word_1_571' title='bbox 982 2365 1104 2392; x_wconf 82' lang='lat' dir='ltr'><strong>missima</strong></span> <span class='ocrx_word' id='word_1_572' title='bbox 1126 2366 1250 2400; x_wconf 69' lang='lat' dir='ltr'><strong>quaedam</strong></span> <span class='ocrx_word' id='word_1_573' title='bbox 1271 2366 1397 2393; x_wconf 85' lang='lat' dir='ltr'><strong>columna</strong></span> <span class='ocrx_word' id='word_1_574' title='bbox 1421 2368 1584 2400; x_wconf 87' lang='lat' dir='ltr'><strong>sustinebat,</strong></span> <span class='ocrx_word' id='word_1_575' title='bbox 1599 2377 1649 2397; x_wconf 89' lang='lat' dir='ltr'><strong>nec</strong></span> <span class='ocrx_word' id='word_1_576' title='bbox 1668 2370 1770 2397; x_wconf 82' lang='lat' dir='ltr'><strong>labefa-</strong></span> 
     </span>
    </p>
   </div>
   <div class='ocr_carea' id='block_1_82' title="bbox 980 2409 1769 2449">
    <p class='ocr_par' dir='ltr' id='par_1_82' title="bbox 980 2409 1769 2449">
     <span class='ocr_line' id='line_1_83' title="bbox 980 2409 1769 2449; baseline 0.01 -14"><span class='ocrx_word' id='word_1_577' title='bbox 980 2409 1061 2442; x_wconf 87' lang='lat' dir='ltr'><strong>ctari,</strong></span> <span class='ocrx_word' id='word_1_578' title='bbox 1070 2410 1175 2443; x_wconf 86' lang='lat' dir='ltr'><strong>vexari,</strong></span> <span class='ocrx_word' id='word_1_579' title='bbox 1186 2410 1273 2438; x_wconf 87' lang='lat' dir='ltr'><strong>everti</strong></span> <span class='ocrx_word' id='word_1_580' title='bbox 1283 2411 1337 2438; x_wconf 86' lang='lat' dir='ltr'><strong>ullo</strong></span> <span class='ocrx_word' id='word_1_581' title='bbox 1345 2413 1470 2446; x_wconf 63' lang='lat' dir='ltr'><strong>procellae</strong></span> <span class='ocrx_word' id='word_1_582' title='bbox 1482 2421 1581 2448; x_wconf 78' lang='lat' dir='ltr'><strong>genere</strong></span> <span class='ocrx_word' id='word_1_583' title='bbox 1596 2414 1769 2449; x_wconf 79' lang='lat' dir='ltr'><strong>patiebatur;</strong></span> 
     </span>
    </p>
   </div>
   <div class='ocr_carea' id='block_1_83' title="bbox 981 2455 1769 2494">
    <p class='ocr_par' dir='ltr' id='par_1_83' title="bbox 981 2455 1769 2494">
     <span class='ocr_line' id='line_1_84' title="bbox 981 2455 1769 2494; baseline 0.01 -13"><span class='ocrx_word' id='word_1_584' title='bbox 981 2455 1028 2481; x_wconf 83' lang='lat' dir='ltr'><strong>sed</strong></span> <span class='ocrx_word' id='word_1_585' title='bbox 1043 2463 1123 2490; x_wconf 62' lang='lat' dir='ltr'><strong>aequo</strong></span> <span class='ocrx_word' id='word_1_586' title='bbox 1135 2456 1271 2483; x_wconf 85' lang='lat' dir='ltr'><strong>virtutum</strong></span> <span class='ocrx_word' id='word_1_587' title='bbox 1284 2458 1418 2490; x_wconf 89' lang='lat' dir='ltr'><strong>ontttiutn,</strong></span> <span class='ocrx_word' id='word_1_588' title='bbox 1432 2458 1533 2492; x_wconf 91' lang='lat' dir='ltr'><strong>quibus</strong></span> <span class='ocrx_word' id='word_1_589' title='bbox 1547 2459 1680 2494; x_wconf 64' lang='lat' dir='ltr'><strong>praeditus</strong></span> <span class='ocrx_word' id='word_1_590' title='bbox 1696 2468 1769 2494; x_wconf 85' lang='lat' dir='ltr'><strong>erat,</strong></span> 
     </span>
    </p>
   </div>
   <div class='ocr_carea' id='block_1_84' title="bbox 984 2504 1772 2545">
    <p class='ocr_par' dir='ltr' id='par_1_84' title="bbox 984 2504 1772 2545">
     <span class='ocr_line' id='line_1_85' title="bbox 984 2504 1772 2545; baseline 0.008 -15"><span class='ocrx_word' id='word_1_591' title='bbox 984 2507 1201 2537; x_wconf 83' lang='lat' dir='ltr'><strong>temperamento</strong></span> <span class='ocrx_word' id='word_1_592' title='bbox 1218 2504 1326 2531; x_wconf 83' lang='lat' dir='ltr'><strong>firmum</strong></span> <span class='ocrx_word' id='word_1_593' title='bbox 1342 2513 1374 2532; x_wconf 88' lang='lat' dir='ltr'><strong>ac</strong></span> <span class='ocrx_word' id='word_1_594' title='bbox 1389 2506 1516 2533; x_wconf 86' lang='lat' dir='ltr'><strong>stabilem</strong></span> <span class='ocrx_word' id='word_1_595' title='bbox 1533 2509 1560 2534; x_wconf 86' lang='lat' dir='ltr'><strong>in</strong></span> <span class='ocrx_word' id='word_1_596' title='bbox 1577 2509 1668 2535; x_wconf 86' lang='lat' dir='ltr'><strong>medio</strong></span> <span class='ocrx_word' id='word_1_597' title='bbox 1693 2517 1772 2545; x_wconf 77' lang='lat' dir='ltr'><strong>rege-</strong></span> 
     </span>
    </p>
   </div>
   <div class='ocr_carea' id='block_1_85' title="bbox 983 2548 1771 2590">
    <p class='ocr_par' dir='ltr' id='par_1_85' title="bbox 983 2548 1771 2590">
     <span class='ocr_line' id='line_1_86' title="bbox 983 2548 1771 2590; baseline 0.009 -15"><span class='ocrx_word' id='word_1_598' title='bbox 983 2549 1040 2575; x_wconf 78' lang='lat' dir='ltr'><strong>bat.</strong></span> <span class='ocrx_word' id='word_1_599' title='bbox 1060 2548 1082 2576; x_wconf 91' lang='lat'><strong>0</strong></span> <span class='ocrx_word' id='word_1_600' title='bbox 1100 2549 1199 2584; x_wconf 91' lang='lat' dir='ltr'><strong>quibus</strong></span> <span class='ocrx_word' id='word_1_601' title='bbox 1215 2551 1333 2583; x_wconf 89' lang='lat' dir='ltr'><strong>artibus,</strong></span> <span class='ocrx_word' id='word_1_602' title='bbox 1356 2558 1411 2586; x_wconf 93' lang='lat' dir='ltr'><strong>quo</strong></span> <span class='ocrx_word' id='word_1_603' title='bbox 1431 2550 1525 2579; x_wconf 84' lang='lat' dir='ltr'><strong>labore</strong></span> <span class='ocrx_word' id='word_1_604' title='bbox 1545 2553 1671 2581; x_wconf 87' lang='lat' dir='ltr'><strong>fundavit</strong></span> <span class='ocrx_word' id='word_1_605' title='bbox 1686 2555 1771 2590; x_wconf 83' lang='lat' dir='ltr'><strong>impe-</strong></span> 
     </span>
    </p>
   </div>
   <div class='ocr_carea' id='block_1_86' title="bbox 986 2597 1768 2633">
    <p class='ocr_par' dir='ltr' id='par_1_86' title="bbox 986 2597 1768 2633">
     <span class='ocr_line' id='line_1_87' title="bbox 986 2597 1768 2633; baseline 0.009 -12"><span class='ocrx_word' id='word_1_606' title='bbox 986 2603 1068 2629; x_wconf 85' lang='lat' dir='ltr'><strong>rium,</strong></span> <span class='ocrx_word' id='word_1_607' title='bbox 1083 2604 1136 2630; x_wconf 89' lang='lat' dir='ltr'><strong>qua</strong></span> <span class='ocrx_word' id='word_1_608' title='bbox 1153 2597 1254 2624; x_wconf 90' lang='lat' dir='ltr'><strong>virtute</strong></span> <span class='ocrx_word' id='word_1_609' title='bbox 1272 2597 1392 2624; x_wconf 79' lang='lat' dir='ltr'><strong>firmavit</strong></span> <span class='ocrx_word' id='word_1_610' title='bbox 1403 2606 1434 2625; x_wconf 89' lang='lat' dir='ltr'><strong>ac</strong></span> <span class='ocrx_word' id='word_1_611' title='bbox 1450 2599 1586 2627; x_wconf 85' lang='lat' dir='ltr'><strong>stabilivit</strong></span> <span class='ocrx_word' id='word_1_612' title='bbox 1601 2601 1768 2633; x_wconf 86' lang='lat' dir='ltr'><strong>libertatem,</strong></span> 
     </span>
    </p>
   </div>
   <div class='ocr_carea' id='block_1_87' title="bbox 985 2643 1770 2679">
    <p class='ocr_par' dir='ltr' id='par_1_87' title="bbox 985 2643 1770 2679">
     <span class='ocr_line' id='line_1_88' title="bbox 985 2643 1770 2679; baseline 0.005 -10"><span class='ocrx_word' id='word_1_613' title='bbox 985 2651 1038 2678; x_wconf 88' lang='lat' dir='ltr'><strong>qua</strong></span> <span class='ocrx_word' id='word_1_614' title='bbox 1060 2643 1205 2670; x_wconf 82' lang='lat' dir='ltr'><strong>clementia</strong></span> <span class='ocrx_word' id='word_1_615' title='bbox 1222 2644 1298 2671; x_wconf 73' lang='lat' dir='ltr'><strong>auxit</strong></span> <span class='ocrx_word' id='word_1_616' title='bbox 1324 2645 1488 2679; x_wconf 85' lang='lat' dir='ltr'><strong>populorum</strong></span> <span class='ocrx_word' id='word_1_617' title='bbox 1508 2654 1620 2672; x_wconf 89' lang='lat' dir='ltr'><strong>suoruttt</strong></span> <span class='ocrx_word' id='word_1_618' title='bbox 1634 2646 1770 2679; x_wconf 62' lang='lat' dir='ltr'><strong>fortunas,</strong></span> 
     </span>
    </p>
   </div>
   <div class='ocr_carea' id='block_1_88' title="bbox 984 2690 1769 2726">
    <p class='ocr_par' dir='ltr' id='par_1_88' title="bbox 984 2690 1769 2726">
     <span class='ocr_line' id='line_1_89' title="bbox 984 2690 1769 2726; baseline 0.004 -10"><span class='ocrx_word' id='word_1_619' title='bbox 984 2691 1117 2723; x_wconf 87' lang='lat' dir='ltr'><strong>quietem,</strong></span> <span class='ocrx_word' id='word_1_620' title='bbox 1135 2690 1294 2718; x_wconf 83' lang='lat' dir='ltr'><strong>felicitatem</strong></span> <span class='ocrx_word' id='word_1_621' title='bbox 1312 2691 1318 2718; x_wconf 83' lang='lat' dir='ltr'><strong>l</strong></span> <span class='ocrx_word' id='word_1_622' title='bbox 1335 2691 1356 2717; x_wconf 91' lang='lat'>0</span> <span class='ocrx_word' id='word_1_623' title='bbox 1375 2692 1483 2718; x_wconf 75' lang='lat' dir='ltr'><strong>eximite</strong></span> <span class='ocrx_word' id='word_1_624' title='bbox 1498 2692 1631 2726; x_wconf 85' lang='lat' dir='ltr'><strong>principis</strong></span> <span class='ocrx_word' id='word_1_625' title='bbox 1647 2693 1769 2719; x_wconf 86' lang='lat' dir='ltr'><strong>admira-</strong></span> 
     </span>
    </p>
   </div>
   <div class='ocr_carea' id='block_1_89' title="bbox 984 2736 1771 2773">
    <p class='ocr_par' dir='ltr' id='par_1_89' title="bbox 984 2736 1771 2773">
     <span class='ocr_line' id='line_1_90' title="bbox 984 2736 1771 2773; baseline 0.004 -11"><span class='ocrx_word' id='word_1_626' title='bbox 984 2737 1108 2770; x_wconf 85' lang='lat' dir='ltr'><strong>bilesque</strong></span> <span class='ocrx_word' id='word_1_627' title='bbox 1118 2736 1243 2770; x_wconf 88' lang='lat' dir='ltr'><strong>virtutes,</strong></span> <span class='ocrx_word' id='word_1_628' title='bbox 1254 2737 1356 2772; x_wconf 87' lang='lat' dir='ltr'><strong>quibus</strong></span> <span class='ocrx_word' id='word_1_629' title='bbox 1367 2737 1494 2765; x_wconf 86' lang='lat' dir='ltr'><strong>omntbus</strong></span> <span class='ocrx_word' id='word_1_630' title='bbox 1505 2746 1599 2765; x_wconf 84' lang='lat' dir='ltr'><strong>omnes</strong></span> <span class='ocrx_word' id='word_1_631' title='bbox 1610 2739 1771 2773; x_wconf 85' lang='lat' dir='ltr'><strong>superabat,</strong></span> 
     </span>
    </p>
   </div>
   <div class='ocr_carea' id='block_1_90' title="bbox 986 2783 1770 2819">
    <p class='ocr_par' dir='ltr' id='par_1_90' title="bbox 986 2783 1770 2819">
     <span class='ocr_line' id='line_1_91' title="bbox 986 2783 1770 2819; baseline 0.005 -11"><span class='ocrx_word' id='word_1_632' title='bbox 986 2783 1132 2817; x_wconf 87' lang='lat' dir='ltr'><strong>prudentia</strong></span> <span class='ocrx_word' id='word_1_633' title='bbox 1151 2783 1237 2810; x_wconf 87' lang='lat' dir='ltr'><strong>fortes</strong></span> <span class='ocrx_word' id='word_1_634' title='bbox 1260 2784 1397 2817; x_wconf 84' lang='lat' dir='ltr'><strong>vincebat,</strong></span> <span class='ocrx_word' id='word_1_635' title='bbox 1419 2784 1582 2812; x_wconf 82' lang='lat' dir='ltr'><strong>fortitudine</strong></span> <span class='ocrx_word' id='word_1_636' title='bbox 1611 2785 1770 2819; x_wconf 86' lang='lat' dir='ltr'><strong>prudentes,</strong></span> 
     </span>
    </p>
   </div>
   <div class='ocr_carea' id='block_1_91' title="bbox 174 2839 1771 2873">
    <p class='ocr_par' dir='ltr' id='par_1_91' title="bbox 174 2839 1771 2873">
     <span class='ocr_line' id='line_1_92' title="bbox 174 2839 1771 2873; baseline 0 -7"><span class='ocrx_word' id='word_1_637' title='bbox 174 2844 183 2852; x_wconf 89' lang='lat'>&#39;</span> <span class='ocrx_word' id='word_1_638' title='bbox 194 2845 265 2867; x_wconf 71' lang='lat' dir='ltr'><strong>Anno</strong></span> <span class='ocrx_word' id='word_1_639' title='bbox 278 2842 335 2866; x_wconf 79' lang='lat' dir='ltr'><strong>lll9</strong></span> <span class='ocrx_word' id='word_1_640' title='bbox 347 2842 466 2868; x_wconf 85' lang='lat' dir='ltr'><strong>defuncti.</strong></span> <span class='ocrx_word' id='word_1_641' title='bbox 479 2842 537 2867; x_wconf 54' lang='lat' dir='ltr'><strong>Haec</strong></span> <span class='ocrx_word' id='word_1_642' title='bbox 550 2841 649 2873; x_wconf 80' lang='lat' dir='ltr'><strong>juvenis</strong></span> <span class='ocrx_word' id='word_1_643' title='bbox 666 2840 744 2865; x_wconf 88' lang='lat' dir='ltr'><strong>adhuc</strong></span> <span class='ocrx_word' id='word_1_644' title='bbox 758 2841 873 2868; x_wconf 70' lang='lat' dir='ltr'><strong>Bessarto</strong></span> <span class='ocrx_word' id='word_1_645' title='bbox 894 2843 1028 2872; x_wconf 78' lang='lat' dir='ltr'><strong>peroravit.</strong></span> <span class='ocrx_word' id='word_1_646' title='bbox 1051 2839 1171 2865; x_wconf 69' lang='lat' dir='ltr'><strong>hlanuelis</strong></span> <span class='ocrx_word' id='word_1_647' title='bbox 1184 2839 1274 2870; x_wconf 79' lang='lat' dir='ltr'><strong>scripta</strong></span> <span class='ocrx_word' id='word_1_648' title='bbox 1291 2840 1438 2871; x_wconf 65' lang='lat' dir='ltr'><strong>collegimus</strong></span> <span class='ocrx_word' id='word_1_649' title='bbox 1453 2840 1476 2865; x_wconf 90' lang='lat' dir='ltr'><strong>in</strong></span> <span class='ocrx_word' id='word_1_650' title='bbox 1506 2843 1571 2865; x_wconf 88' lang='lat' dir='ltr'><strong>tomo</strong></span> <span class='ocrx_word' id='word_1_651' title='bbox 1592 2845 1676 2866; x_wconf 76' lang='lat' dir='ltr'><strong>nostro</strong></span> <span class='ocrx_word' id='word_1_652' title='bbox 1689 2841 1740 2868; x_wconf 80' lang='lat' dir='ltr'><strong>CLl</strong></span> <span class='ocrx_word' id='word_1_653' title='bbox 1750 2841 1771 2866; x_wconf 81' lang='grc' dir='ltr'><strong>ι.</strong></span> 
     </span>
    </p>
   </div>
  </div>
