1916 3066
708 105 783 112 νήψη
814 110 818 111 ν

147 160 200 193 617

148 220 191 244 vel
209 222 238 245 ut
255 220 357 248 rcctius
371 221 479 258 loquar,
492 228 609 256 consilio
624 231 751 266 callidos,
770 243 785 262 v

147 262 244 319 hostes
273 266 408 314 anteibat.
429 270 514 306 Atqui
540 278 721 310 temperantia
739 262 820 309 nemo
841 283 866 311 ei
885 292 935 319 par

150 308 214 336 fuit.
229 309 340 340 Justitia
355 310 493 350 omnibus,
509 319 557 352 qui
573 308 693 356 unquam
710 308 934 364 Romano

145 355 187 381 rio
218 357 401 392 prmfuerunt.
432 362 543 393 habitus
573 355 627 395 est,
645 373 832 405 praestantior.
863 355 933 409 Qitid

142 402 234 456 fidem.
247 406 307 440 ejus
332 415 567 442 commemorem?
581 402 844 451 quid-facilitatem?

142 448 306 484 ingenium?
319 455 384 488 quid
396 457 523 486 eximiam
539 469 630 489 rerum
640 466 764 494 omnium
776 448 934 498 scientiitm?

139 496 206 552 quid
221 497 509 549 litieralitatem2quid
524 509 607 536 animi
618 512 834 546 magnitudinem

138 541 352 580 humanitatem,
366 553 619 588 mansuetudinem.
631 559 791 588 comitatem
804 541 930 591 ?Me1mi-

138 591 247 640 serum!
269 591 305 619 ita
317 592 447 630 lacrymis
467 606 498 626 ac
515 599 611 629 dolore
623 602 762 638 debilitor,
775 612 802 635 ut
814 615 869 642 prie
885 611 929 637 ni-

137 635 192 662 tttio
210 644 328 666 maerore
338 642 441 671 referre
450 644 583 675 virtutum
595 649 654 684 ejus
670 653 858 682 excellentiam
874 664 928 684 nou

135 682 250 715 possim.
269 684 478 730 His‘omnibus
501 700 575 721 nunc
591 694 772 726 infelicissimi
785 700 927 730 hominum

133 727 234 761 privati
243 725 348 761 sumus.
357 734 414 762 Heu
426 737 432 763 l
443 743 570 772 quantam
577 741 712 775 jacturatn
721 754 774 773 non
786 755 839 774 una
848 756 926 784 gens,

132 779 184 800 nec
199 775 282 804 unius
301 779 421 808 civitatis
438 784 572 818 populus,
589 788 636 814 sed
660 796 741 818 omne
756 775 928 823 Christiano—

132 826 193 846 rum
208 830 293 856 genus
312 824 339 852 in
357 830 502 860 praesentia
519 830 599 859 fecit!
621 834 642 860 0
659 836 758 864 misera
784 838 926 869 hominum

130 867 273 896 conditio!
295 878 311 897 ο
329 873 518 906 spesiuanes!
538 885 554 904 ο
571 878 650 907 dulce
668 883 806 916 quondam
822 893 922 915 nomen

130 912 257 948 imperii!
274 924 290 942 ο
311 919 394 948 toties
411 920 568 952 desiderata
583 930 610 953 et
627 912 779 963 aliquando
794 933 924 962 restituta

129 959 232 989 Gratcis
256 963 418 994 libertasio
440 969 486 1004 jus
511 959 719 1003 inviolabile-et
743 959 924 1008 sanctissimae

129 1007 204 1042 leges
216 1009 222 1036 l
239 1009 355 1040 haccine
374 1014 482 1043 tandem
496 1018 588 1046 omnia
600 1020 757 1051 recidistis?
771 1024 833 1051 hem
846 1026 852 1052 l
869 1007 924 1061 quo

128 1055 326 1088 pervenimus?
342 1059 425 1087 hem!
441 1069 497 1096 quo
523 1064 698 1095 miseriarum
715 1072 742 1095 et
758 1070 923 1100 calamitatis

128 1100 232 1128 redacti
245 1106 360 1132 sumus?
376 1105 465 1142 Luget
481 1117 556 1138 nunc
570 1117 693 1146 senatus,
709 1121 830 1144 niterent
846 1119 922 1152 prin-

128 1146 214 1182 cipes,
241 1150 390 1184 provinciae
404 1161 501 1182 ontnes
515 1163 682 1192 queruntur,
696 1161 808 1195 plorant
825 1164 918 1199 urbes,

127 1191 195 1220 ﬂent
208 1196 367 1231 municipia,
387 1199 514 1233 squalent
525 1201 656 1236 coloniae,
674 1191 774 1233 domus
790 1191 921 1236 afflictan:

127 1243 182 1274 tur,
196 1241 253 1276 agri
265 1242 385 1279 denique
402 1246 452 1280 ipsi
469 1251 523 1274 tam
547 1254 735 1284 mansuetum,
756 1256 809 1279 tam
832 1254 917 1289 piutn,

125 1291 180 1313 tant
194 1288 343 1317 salutarem
361 1291 518 1334 principem
538 1296 678 1330 suspiriis,
693 1301 720 1324 et
736 1298 877 1334 lacrymis,
892 1306 920 1329 et

125 1332 190 1360 fletu
205 1336 336 1371 prosequi
351 1337 492 1366 videntur.
504 1332 527 1367 Ο
540 1344 664 1376 tempus!
677 1343 781 1372 siccine
795 1332 920 1381 superio-

123 1379 202 1407 ribus
214 1381 302 1416 malis,
323 1383 451 1412 ultimum
470 1384 533 1420 hoc,
557 1392 585 1414 et
603 1389 740 1423 omniunt,
757 1399 818 1425 qna-
831 1379 918 1427 Vpassi

123 1432 246 1459 unquam
268 1426 380 1462 fuimus,
407 1431 556 1459 maximum
583 1438 666 1469 atque
695 1426 917 1470 indignissimum

123 1471 226 1499 addere
251 1473 395 1503 debebas?
411 1476 514 1510 siccius
535 1483 697 1508 caeterorum
721 1483 856 1511 malorum
879 1485 917 1512 fa-

123 1527 195 1546 mam
221 1527 252 1548 ac
281 1523 504 1552 recordationem
524 1527 658 1560 postremi
682 1527 766 1564 hujus
781 1531 917 1566 magnitu-

122 1566 187 1593 dine
202 1567 370 1597 nbsrurare?
381 1570 489 1599 Etenim
505 1581 678 1609 qumcunque
692 1576 773 1604 nobis
790 1582 853 1605 ante
865 1578 917 1606 hoc

122 1613 237 1642 achrsa
266 1617 475 1652 contingebant,
520 1625 615 1655 utpote
639 1621 721 1656 bella,
759 1622 915 1657 conﬂictus,

122 1661 223 1693 credes,
235 1663 322 1696 spolia
339 1669 365 1690 et
380 1665 434 1692 alia
449 1673 510 1700 qum
524 1675 558 1694 ex
579 1668 613 1695 iis
624 1669 702 1703 sequi
713 1675 917 1698 consueverunt

122 1707 215 1734 divitta
229 1709 273 1736 illa
289 1709 464 1745 imperatoris
478 1713 612 1746 sapientia
629 1715 848 1743 emcndabantur
889 1717 916 1744 in

122 1754 232 1782 melius.
262 1755 342 1782 Nunc
367 1761 458 1784 autent
475 1759 509 1785 ab
532 1759 579 1786 illo
600 1759 699 1793 relicti,
725 1769 806 1795 quem
829 1762 913 1790 aliutn

121 1800 259 1828 habemus
274 1802 307 1829 ad
323 1811 404 1838 quem
422 1805 584 1840 confugere,
607 1814 689 1840 quem
703 1808 856 1842 appellare,
869 1817 915 1836 cu-

119 1848 164 1882 jus
179 1848 336 1882 praesiilium
356 1850 687 1886 implorareposw'mus?
704 1853 854 1882 Deventum
871 1860 914 1883 est

121 1893 154 1920 ad
179 1900 301 1921 extrema
318 1896 453 1923 tnaloruut
478 1897 616 1930 omniuttt,
631 1898 698 1925 facti
723 1906 820 1927 sumus
835 1901 912 1935 quasi

120 1939 218 1974 pupilli
236 1940 325 1968 Orbati
344 1946 433 1976 patre,
449 1951 464 1970 a
478 1951 533 1978 quo
550 1948 647 1972 nostro
661 1945 753 1972 omnis
770 1945 824 1973 vita
846 1955 911 1981 pen-

119 1985 215 2018 debat,
236 1987 317 2022 cujus
338 1988 450 2015 assiduo
467 1988 565 2017 labore
581 1990 672 2018 omnis
685 1998 736 2018 nos
750 1991 852 2020 laboris
862 2000 911 2020 ex-

120 2037 214 2066 perles
229 2032 312 2061 vitain
337 2034 507 2064 dueebamus
521 2036 746 2065 amoenissimam.
763 2038 822 2066 Jam
847 2047 911 2067 vero

119 2078 200 2113 longe
212 2078 291 2106 nobis
302 2081 390 2107 emori
403 2085 554 2116 pra-staret,
570 2090 650 2116 quattt
665 2082 691 2110 in
709 2087 783 2111 tanta
799 2084 910 2112 calami-

120 2131 174 2153 tate
201 2130 230 2153 et
252 2127 365 2155 miseria
394 2129 498 2156 vivere.
524 2129 631 2156 Etenim
658 2131 729 2158 male
752 2131 857 2164 vivere.
881 2137 911 2161 ut

118 2178 198 2206 poeta
214 2173 313 2208 inquit,
330 2174 468 2202 laboriosa
493 2183 538 2203 res
563 2180 616 2204 est.
636 2176 658 2204 0
678 2185 806 2213 magnum
827 2184 909 2214 atque

118 2219 322 2247 intolerabilem
343 2220 481 2255 dolerent,
497 2223 544 2257 qui
557 2231 655 2251 omnes
670 2225 774 2259 pariter
794 2226 906 2260 invasit,

118 2270 145 2292 et
169 2265 308 2292 neminem
327 2267 441 2301 reliquit
469 2267 621 2302 intactum;
644 2278 699 2297 non
723 2271 824 2305 virum,
854 2280 909 2300 nou

119 2312 275 2345 mulierem,
293 2321 346 2339 non
358 2314 502 2348 juvenem,
521 2323 577 2342 non
594 2318 707 2344 senem!
725 2317 746 2345 0
762 2318 907 2353 lugubrem

119 2358 189 2384 illum
211 2358 311 2386 famam
323 2367 355 2385 ac
372 2360 483 2387 minime
500 2360 649 2395 optabilem
661 2371 721 2397 qua:
735 2365 835 2398 passim
847 2373 909 2399 per-

119 2408 213 2437 vagata
236 2411 334 2431 omnes
351 2405 385 2431 ad
405 2405 490 2432 funus
504 2406 622 2441 piissimi
644 2407 817 2442 imperatoris
832 2411 909 2437 evni-

120 2450 207 2475 Iubatl
225 2458 241 2476 ο
254 2449 440 2478 infelicissima
458 2459 533 2479 mors
545 2453 619 2480 illius
635 2454 713 2489 cujus
726 2455 753 2481 in
767 2456 821 2482 vita
833 2457 908 2484 salus

117 2495 192 2522 orbis
223 2498 521 2525 terrarunt'ttitebatur
536 2500 542 2525 l
557 2499 579 2526 Ο
593 2501 722 2534 suspiria,
740 2509 755 2528 ο
768 2501 905 2538 lacrymte,

117 2550 132 2567 υ
147 2541 296 2576 singultus,
312 2550 328 2569 ο
339 2550 419 2578 voces
435 2543 631 2578 acerbissimae,
650 2554 666 2572 ο
676 2546 839 2574 amarissitni
851 2548 907 2575 cla-

118 2595 216 2619 mores,
232 2595 248 2614 o
262 2588 391 2622 gemitus,
405 2596 421 2616 0
436 2589 527 2622 ﬂetus,
559 2599 576 2617 υ
595 2591 685 2619 luctus
706 2593 796 2621 omttis
812 2602 904 2628 sexus,

117 2632 214 2663 :ctatis,
225 2631 340 2664 ordinis,
358 2633 543 2661 conditionis!
558 2635 610 2662 Alii
628 2637 740 2671 quidem
764 2639 904 2667 dominum

117 2679 284 2712 quaerebant.
303 2679 350 2706 alii
369 2684 474 2712 patrem
498 2681 604 2715 patriai,
626 2683 671 2711 alii
698 2684 902 2719 inqteratorem,

117 2723 161 2750 alii
180 2728 339 2757 patronum,
358 2725 404 2752 alii
422 2725 596 2761 magistrum,
613 2728 658 2755 alii
677 2729 750 2763 juris
769 2735 797 2757 et
812 2731 903 2766 legum

118 2770 298 2803 conditorem,
318 2779 415 2798 ontncs
443 2780 595 2807 verncum,
622 2776 667 2809 qui
690 2784 739 2810 pro
761 2778 901 2811 omnibus,

119 2821 144 2842 ut
161 2817 206 2843 illc
229 2817 330 2851 inquit,
349 2819 443 2845 omnia
466 2819 554 2846 factus
584 2827 653 2848 erat.
671 2822 693 2849 0
710 2823 799 2857 gravis
822 2829 903 2859 atque

118 2870 211 2896 aspera
234 2863 306 2890 inter
330 2872 378 2891 eos
393 2865 440 2898 qui
463 2866 579 2893 aderant
600 2863 757 2895 contentio!
779 2871 903 2898 certabat

118 2909 231 2944 quisque
244 2915 273 2936 ut
287 2910 352 2937 llctu
368 2911 494 2945 superior
511 2911 658 2940 \idcrctur.
682 2915 701 2942 0
718 2915 900 2951 laerymarunt

541 173 717 208 MONODIA
737 179 779 210 IN
799 179 918 213 OBITU
939 185 1141 220 MANUELIS
1161 193 1394 229 PAUEOLOGL

789 235 877 265 iribus
895 247 940 266 ro-

1721 207 1775 238 618

955 244 978 272 Α
994 248 1164 277 torrentibus
1180 250 1278 280 obruta
1291 254 1371 282 tellus
1381 255 1521 285 ferebatur
1534 259 1616 288 funus
1632 269 1776 296 procerum

990 292 1128 321 manibus.
1149 296 1340 335 Undecunqtte
1368 310 1433 330 vero
1455 305 1556 332 civium
1572 311 1654 342 atque
1668 311 1777 337 extero;

990 342 1051 363 rum
1068 339 1219 368 multitudo
1231 344 1399 378 confluebat,
1415 349 1562 383 implentes
1575 339 1632 381 vias
1644 359 1671 381 et
1692 355 1777 383 mise-

989 381 1065 409 rabili
1081 385 1184 418 gemitu
1201 395 1293 416 aerent
1306 398 1388 426 atque
1409 395 1511 423 aethera
1524 398 1704 432 complentes.
1717 401 1775 428 Utta

987 427 1112 456 omnium
1133 438 1195 465 vox,
1219 441 1290 463 unus
1316 437 1446 473 clamor,‘
1463 448 1534 469 unus
1562 444 1680 477 gemitus
1703 452 1774 475 erat.

987 472 1040 501 iste
1054 483 1120 504 vero
1135 478 1219 507 silens
1230 489 1261 508 ac
1277 490 1401 511 ntortuus
1414 486 1533 521 jacebat,
1554 497 1605 516 nec
1622 498 1681 524 quae
1697 500 1776 526 gere-

986 518 1088 548 bantur
1097 524 1228 559 sentiens,
1243 535 1294 555 nec
1308 529 1593 562 hominumclamorcs
1606 536 1773 571 intelligens.

985 565 1059 594 Nihil
1090 576 1191 603 praeter
1220 573 1301 601 inane
1327 578 1446 604 cadaver
1483 581 1719 616 conspiciebatur,
1747 591 1775 611 et

984 613 1064 646 quasi
1093 621 1174 644 natus
1194 626 1315 654 unqnant
1338 629 1392 649 non
1427 624 1535 659 fuisset,
1562 633 1610 654 aut
1633 636 1774 662 nunquam

984 657 1157 695 imperasset,
1190 669 1238 691 aut
1265 670 1305 693 tot
1330 674 1417 696 annos
1437 677 1491 697 non
1518 672 1643 705 vixisset,
1658 677 1774 713 prorsus

983 705 1059 732 omtti
1079 714 1162 735 settsu
1183 715 1243 740 exat
1259 711 1420 742 destitutus.
1438 715 1586 744 Petebatur
1601 705 1712 753 quidem
1738 707 1772 748 ab

983 756 1015 776 eo
1027 750 1097 779 ratio
1118 760 1168 780 cur
1186 762 1237 783 nos
1253 756 1380 785 deserere
1399 760 1548 794 voluisset;
1574 771 1622 797 pro
1639 772 1773 799 responso

982 794 1121 825 silentiunt
1141 805 1211 828 erat.
1233 801 1255 829 Ο
1279 804 1496 834 taciturnitatem
1514 808 1628 836 invisam
1645 817 1672 837 et
1688 819 1702 837 a
1721 821 1770 838 uo-

981 841 1023 868 bis
1041 843 1153 872 mittitne
1175 851 1379 881 exspectatam!
1400 851 1450 879 Ubi
1477 859 1519 880 est
1536 854 1628 889 lingna
1652 856 1695 883 illa
1717 862 1771 884 tant

980 887 1100 921 erudita,
1127 894 1181 918 tam
1200 894 1305 926 suavis,
1326 901 1361 922 es
1389 904 1442 932 qua
1465 899 1546 926 melle
1568 899 1676 929 dulcior
1693 902 1770 929 exire

1298 921 1304 926 ,
1332 921 1358 922 η
1392 921 1442 932 γ,
1465 921 1546 926 πη..-
1569 921 1672 929 “,......,.
1693 921 1770 929 ..η-,υ

940 921 963 950 Β
977 934 1068 962 oratio
1087 937 1205 971 solebat,
1222 940 1302 975 cujus
1320 946 1395 969 motu
1417 944 1508 971 omnia
1529 950 1623 973 tonare
1639 946 1770 974 videban-

977 983 1032 1012 tur,
1049 982 1128 1017 cujus
1144 984 1256 1013 ubertas
1281 994 1391 1016 omnem
1408 990 1551 1024 aperiebat
1575 992 1768 1026 qnzestionem,

975 1032 1056 1054 omne
1073 1027 1188 1056 dubium
1205 1030 1349 1065 solvebat,
1374 1033 1412 1061 ita
1431 1042 1497 1062 vero
1521 1035 1639 1063 docebat
1658 1042 1768 1068 cuncta.

975 1070 1013 1098 ita
1037 1080 1228 1108 saepenumero
1255 1077 1399 1107 auditores
1413 1081 1552 1109 excitabat
1565 1102 1572 1114 ,
1593 1083 1694 1109 ut‘non
1714 1089 1768 1110 tam

972 1117 1090 1146 suadere
1106 1128 1189 1154 quant
1214 1130 1271 1150 rem
1285 1129 1349 1152 ante
1367 1126 1464 1154 oculos
1488 1135 1602 1161 ponere,
1632 1135 1683 1155 nec
1713 1134 1766 1155 tam

973 1163 1123 1192 accendere
1139 1165 1208 1193 alios
1220 1175 1303 1202 quam
1324 1169 1383 1204 ipse
1400 1171 1495 1198 ardere
1511 1172 1671 1199 videretur?
1690 1172 1766 1201 Unde

972 1215 1046 1236 nunc
1065 1214 1119 1237 tam
1136 1214 1313 1246 repentinnnt
1331 1216 1494 1244 silentium?
1510 1217 1587 1246 Unde
1606 1224 1661 1246 tam
1674 1221 1765 1248 subita

973 1255 1113 1282 mutatio?
1130 1256 1171 1283 An
1192 1263 1218 1284 te
1239 1266 1362 1294 quoque,
1379 1262 1485 1296 optime
1504 1263 1662 1298 imperator.
1681 1273 1765 1300 supe-

971 1306 1033 1326 rare
1048 1302 1144 1328 mortis
1159 1303 1263 1331 smvitia
1282 1306 1370 1339 potuit
1381 1327 1389 1340 ,
1408 1315 1489 1342 quem
1504 1305 1671 1337 Atlanticum
1688 1312 1763 1346 pela-

970 1352 1020 1379 gus
1045 1353 1094 1379 pro
1119 1347 1199 1375 nobis
1224 1351 1427 1384 periclitantem
1456 1354 1544 1387 vidit,
1573 1363 1655 1390 quem
1686 1357 1763 1384 italia

970 1393 1085 1426 aspexit,
1101 1397 1129 1420 et
1145 1402 1205 1434 qua?
1219 1395 1290 1423 ultra
1308 1396 1412 1427 Italiam
1426 1405 1492 1426 sunt
1507 1401 1630 1428 occidua:
1645 1404 1763 1436 gentes?

969 1436 1009 1462 Ad
1023 1444 1092 1471 quas
1107 1447 1168 1466 cum
1189 1441 1301 1474 petendi
1327 1442 1460 1472 adversus
1487 1445 1623 1474 Barbaros
1641 1449 1762 1482 pnesidii

968 1483 1054 1518 gratia
1071 1486 1210 1519 profectus
1224 1488 1333 1522 fuisses,
1348 1490 1469 1518 maximo
1485 1491 1512 1518 in
1525 1493 1632 1520 honore
1650 1494 1761 1522 habitus

968 1528 1056 1557 fuisti.
1069 1531 1106 1557 Ex
1123 1540 1177 1566 quo
1194 1533 1276 1562 facile
1300 1537 1493 1571 perspeximus
1510 1546 1564 1565 non
1580 1540 1760 1574 pecuniarum

930 1574 1158 1622 clmultitudine,
1178 1586 1232 1605 non
1251 1580 1394 1614 copiarum
1412 1590 1528 1610 ttutncro
1546 1585 1631 1612 robur
1652 1586 1760 1621 imperii

969 1622 1118 1654 contineri,
1140 1625 1188 1651 sed
1217 1627 1333 1659 virtute,
1357 1628 1547 1657 moderatione
1565 1638 1597 1659 ac
1625 1633 1758 1666 sapientia

968 1668 1113 1704 principis.
1137 1670 1159 1698 0
1182 1672 1329 1705 prudentia
1355 1674 1523 1710 singularis,
1554 1684 1635 1711 quant
1667 1677 1757 1705 Latini

968 1713 1104 1748 homines,
1119 1721 1146 1743 et
1161 1722 1259 1745 natura
1271 1724 1299 1746 et
1312 1721 1462 1748 multarunt
1480 1730 1573 1750 rerum
1585 1724 1756 1758 experientia

967 1762 1195 1796 prudentissimi,
1215 1765 1346 1793 admirari
1365 1775 1396 1794 ac
1414 1772 1526 1803 stupere
1543 1770 1686 1803 solebant,
1704 1779 1756 1806 qua

966 1806 1097 1835 adhibitis
1122 1809 1289 1844 eloquentiae
1306 1820 1362 1840 sua:
1385 1815 1489 1846 nervis,
1515 1815 1596 1842 facile
1621 1816 1715 1844 Medos
1731 1821 1756 1844 et

965 1851 1063 1880 Persas
1078 1854 1197 1887 induxit,
1216 1861 1246 1883 ut
1261 1858 1394 1886 adversus
1419 1859 1532 1894 impiunt
1556 1861 1633 1887 illum
1653 1861 1754 1889 Turca4

965 1906 1025 1925 rum
1049 1900 1245 1934 imperatorem
1271 1912 1346 1930 arma
1371 1911 1566 1939 capesserent,
1595 1907 1696 1942 quibus
1712 1909 1757 1936 ille

963 1952 1049 1978 parvo
1063 1946 1212 1981 iuterjccto
1230 1953 1366 1983 tcmpure,
1382 1950 1472 1978 victus
1486 1959 1517 1978 ac
1534 1952 1694 1987 profligatus
1709 1953 1757 1980 dc-

964 1989 1036 2017 bitas
1056 1992 1192 2018 scelerum
1210 2001 1325 2020 suoruttt
1351 2003 1447 2029 pmnas
1462 1996 1632 2024 luit..'l'aceo
1647 2000 1757 2032 quoties

964 2038 1023 2065 sine
1041 2039 1146 2070 armis.
1175 2039 1233 2067 sola
1251 2041 1420 2069 auctoritate
1444 2048 1472 2070 et
1496 2043 1653 2078 prudentia,
1681 2046 1755 2079 quod

962 2084 1182 2118 pulcherrimum
1194 2086 1316 2113 victoria:
1328 2094 1415 2121 genus
1431 2092 1484 2120 est,
1500 2089 1591 2116 hostes
1602 2092 1753 2124 superavit,

962 2139 1101 2166 quantque
1117 2132 1202 2159 armis
1219 2140 1328 2166 quoque
1344 2133 1456 2167 quando
1473 2142 1516 2161 res
1532 2135 1627 2167 ferret.
1644 2137 1679 2164 ita
1695 2142 1753 2164 nte:

961 2176 1043 2204 batur
1058 2197 1066 2209 ,
1098 2181 1128 2204 ut
1153 2178 1252 2205 merito
1269 2182 1296 2205 et
1321 2177 1490 2207 fortissimus
1515 2185 1542 2206 et
1563 2181 1602 2207 rei
1628 2181 1754 2208 militaris

961 2223 1147 2258 peritissimus
1175 2225 1334 2252 haberetur.
1363 2225 1436 2258 Quot
1461 2227 1543 2254 urbcs
1569 2235 1666 2262 nuperl
1686 2235 1755 2263 quot

928 2272 949 2300 ι)
964 2270 1076 2304 oppida,
1093 2275 1121 2297 et
1134 2271 1189 2297 situ
1206 2275 1235 2298 et
1250 2276 1348 2298 natura
1362 2272 1485 2300 locorum
1507 2274 1704 2306 munitissima,
1727 2276 1752 2301 iu

964 2315 1154 2350 Peloponneso
1166 2317 1287 2351 recepit!
1302 2317 1399 2345 Nonne
1413 2319 1495 2345 etiam
1509 2320 1656 2347 maximam
1669 2321 1754 2348 Thes—

963 2360 1037 2388 saliac
1056 2366 1158 2396 partem
1175 2363 1291 2397 imperio
1314 2371 1365 2390 suo
1385 2364 1505 2398 adjecit?
1520 2365 1593 2391 ldeut
1620 2372 1647 2393 et
1669 2369 1753 2394 armis

963 2412 1092 2435 strenuus
1105 2413 1175 2439 erat,
1195 2414 1222 2435 ct
1237 2409 1356 2436 consilio
1371 2410 1505 2444 providus
1520 2420 1525 2442 ;
1542 2411 1662 2438 habebat
1677 2414 1750 2438 enim

963 2453 1151 2490 Thucydidem
1168 2463 1272 2487 sccum,
1290 2462 1318 2483 ct
1337 2456 1567 2491 Xenophontem,
1593 2462 1620 2484 et
1644 2458 1666 2485 si
1689 2460 1752 2492 quis

962 2498 1006 2526 his
1021 2499 1121 2527 sintilis
1135 2505 1204 2531 erat.
1220 2509 1338 2536 quormtt
1362 2502 1478 2530 consilio
1501 2502 1634 2529 continuo
1657 2504 1750 2530 utcbzp

963 2551 1007 2573 tur
1022 2553 1029 2572 :
1051 2553 1083 2572 ex
1107 2554 1162 2580 quo
1185 2547 1266 2574 ﬁebat
1287 2553 1326 2577 ut,
1343 2548 1575 2582 quemadmodum
1591 2548 1680 2583 inquit
1694 2549 1750 2576 llu-

962 2599 1065 2624 merus,
1078 2597 1106 2618 et
1123 2600 1169 2619 rex
1182 2592 1303 2626 optimus
1318 2598 1391 2620 esset
1405 2598 1433 2620 et
1447 2593 1562 2620 bellator
1573 2594 1749 2624 t'ortissiums.

960 2642 989 2664 et
1005 2638 1077 2671 quod
1106 2646 1155 2664 nos
1181 2638 1321 2671 addimus,
1349 2638 1566 2666 facundissimus
1583 2645 1688 2666 orator.
1716 2641 1751 2668 At

961 2684 1006 2711 ubi
1029 2692 1103 2710 nunc
1137 2685 1193 2712 inec
1212 2686 1302 2711 omnia
1319 2685 1402 2712 sunt?
1421 2685 1470 2712 Ubi
1491 2685 1613 2719 plausus,
1634 2691 1661 2713 et
1683 2694 1749 2721 prxu-

960 2731 1051 2761 conia.
1077 2735 1105 2758 el
1130 2731 1244 2759 laudes?
1270 2731 1317 2758 ubi
1338 2731 1503 2766 populoruut
1531 2731 1678 2759 ineiIabilis
1703 2732 1749 2759 illa
1778 2756 1782 2758 _

960 2778 1098 2813 voluptas,
1117 2786 1197 2812 quant
1214 2787 1246 2805 ex
1268 2777 1401 2812 principis
1421 2777 1534 2811 virtute,
1548 2778 1748 2809 moderatione,

959 2824 1118 2854 clementia,
1137 2829 1238 2851 tantum
1256 2824 1455 2858 porcipiebant,
1475 2830 1520 2855 ut,
1540 2824 1586 2851 illo
1604 2826 1747 2859 imperium

960 2876 1085 2903 regente,
1101 2870 1252 2898 iustissimi
1271 2871 1320 2897 sibi
1337 2880 1396 2897 csse
1415 2871 1594 2898 viderentur?
1607 2871 1628 2898 0
1643 2880 1748 2898 summa

959 2925 1052 2944 t‘ct'uttt
1073 2920 1131 2943 iret:
1144 2917 1203 2951 {alii
1218 2916 1273 2943 t;t_»‘.
1295 2916 1341 2942 illi.)
1367 2924 1414 2950 pro
1434 2916 1514 2943 nobis
1532 2917 1683 2945 iuiiul'ulllt‘.
1702 2923 1746 2942 sc.
