1916 3066
148 174 200 207 619

630 175 883 205 BESSARIONlS
901 175 982 205 5.1L
999 175 1033 204 E.
1054 175 1289 204 CilllDlNAlJS

1724 172 1778 204 620

148 234 209 260 curi
230 233 288 260 otio
304 232 475 260 fruebantur.
489 232 556 266 Quis
571 233 652 260 nobis
678 232 761 260 modo
787 233 937 268 imperato-
953 236 973 263 Α
989 231 1074 258 decus
1089 232 1154 259 illud
1175 237 1256 266 atque
1273 234 1476 259 oznamcutum,
1494 228 1565 264 quod
1580 228 1700 256 omnium
1717 231 1778 264 pul-

151 287 207 310 rem
233 277 338 313 reddet,
364 279 427 314 quis
452 284 570 314 patrem,
600 280 663 314 quis
688 284 845 314 patronum,
876 279 937 313 quis

149 318 383 360 propugnatorem
398 345 406 357 ,
428 326 490 360 quis
512 333 620 353 morum
636 332 663 354 et
677 327 740 354 vita).
764 326 935 362 magistrum,

148 372 210 406 quis
236 371 377 399 dominum
395 377 449 400 tam
469 371 623 400 beneficum
643 378 671 400 ct
689 372 857 400 salutarem?
880 372 933 399 Lu-

116 434 120 438 -
150 421 213 452 geat
233 425 306 445 nune
321 415 478 445 Christiana
492 418 661 453 respublica,
673 417 753 454 cujus
768 418 935 454 splendidis-

149 462 236 488 simus
254 462 349 489 oculus
365 463 519 491 exstinctus
530 468 582 491 est.
599 460 716 498 lncipiat
732 464 788 497 jam
803 468 876 492 terra
889 464 936 491 lle-

147 507 232 535 bilem
265 513 393 542 cantum;
422 509 550 536 columna
571 510 676 536 corruit
705 517 757 544 qua
786 510 934 538 sustentari

146 554 262 581 solebat.
288 552 390 582 Omnes
415 563 487 582 nunc
508 563 619 582 saccum
648 554 763 583 induant
789 561 816 583 et
842 556 934 583 cinere

149 605 324 634 spargantur.
345 600 507 628 Remedium
532 608 586 628 non
613 600 695 628 habet
716 601 768 629 ista
781 601 933 628 calamitas.

147 644 214 678 Quis
238 653 312 673 nunc
333 645 424 673 claves
450 647 517 674 tanti
541 647 650 681 imperii
671 653 783 678 tenere,
802 647 863 679 quis
879 653 934 674 tra-

146 697 221 718 ctare
241 691 324 718 toti'us
341 691 415 718 orbis
433 685 621 726 gubernacula
648 693 803 728 poterit?0
824 693 931 722 littera).

146 736 249 770 plorate
275 736 409 764 cultorem
431 742 564 765 vestrum.
590 734 676 765 Periit
699 734 744 766 ille
761 739 807 773 qui
828 747 877 766 vos
907 740 932 766 in

143 789 223 809 coeno
238 786 266 809 et
288 783 421 810 sordibus
443 783 569 818 jacentes
584 785 673 812 erexit
694 789 721 812 ct
737 786 813 820 quasi
829 793 844 813 e
859 789 934 813 teuc-

144 828 200 855 bris
214 827 246 855 ad
260 828 352 867 lucem
368 831 529 864 revocavit;
544 831 591 866 qui
608 836 683 859 tanto
696 839 747 859 vos
761 839 856 859 amore
864 833 933 866 'pro-

142 873 321 910 sequebatur,
340 881 370 903 ut-
393 884 444 904 nec
462 876 580 911 publica,
600 884 651 904 nec
681 877 787 912 privata
812 877 929 912 negotia,

142 927 195 946 nec
210 919 283 947 curae
308 927 356 948 aut
379 919 598 955 sollicitudines,
621 931 674 950 nec
693 923 819 958 voluptas
837 923 928 958 aliqua

143 972 193 993 nec
219 974 333 995 somnus
353 967 511 997 distrahere
538 977 601 997 eum
629 978 644 997 a
665 975 759 998 vestro
789 971 930 998 consortio

143 1017 247 1045 posset.
270 1012 304 1040 Et
323 1013 555 1047 quemadmodum
578 1023 627 1043 vos
653 1015 808 1044 incredibili
838 1011 930 1043 studio

143 1064 175 1084 ac
192 1057 336 1093 diligentia
352 1061 522 1094 sequebatur
536 1081 542 1094 ,
566 1061 602 1089 ita
618 1067 742 1094 caeteros,
759 1066 789 1089 ut
805 1062 875 1089 idem
893 1062 930 1089 fa-

144 1107 250 1137 cerent,
268 1104 426 1138 excitabat;
443 1113 494 1133 nec
513 1106 705 1136 adolescentes
719 1107 862 1140 duntaxat,
882 1115 930 1134 ve-

143 1156 203 1175 rum
228 1150 310 1177 etiam
330 1158 411 1179 senes
434 1151 467 1179 ad
487 1152 660 1188 disciplinam
680 1154 855 1181 hortabatur.
871 1153 931 1187 Quo

141 1195 244 1223 factum
262 1201 315 1231 est,
334 1201 364 1225 ut
378 1198 505 1234 plerique
526 1207 644 1234 quorum
662 1201 729 1228 aetas
756 1200 812 1235 jam
837 1200 929 1235 ingra-

142 1250 255 1271 vescens
268 1249 338 1278 erat,
354 1245 481 1280 exemplo
496 1246 593 1280 optimi
609 1246 784 1282 imperatoris
799 1248 928 1282 permoti,

140 1287 173 1314 ad
189 1289 356 1322 optimarum
380 1290 481 1318 artium
498 1291 590 1319 studia
616 1299 646 1319 se
670 1292 872 1319 transtulerint.
886 1292 930 1319 Sic

139 1333 213 1360 cnim
226 1339 326 1362 natura
342 1341 531 1371 comparatum
547 1342 600 1370 est,
619 1342 649 1364 ut
665 1337 761 1372 quales
772 1341 837 1364 sunt
855 1338 931 1372 prin-

139 1379 225 1414 cipes,
245 1380 312 1408 tales
328 1382 410 1409 etiam
434 1382 539 1411 subditi
555 1381 640 1416 ﬁant;
657 1387 685 1410 et
698 1383 929 1417 quemadmodum

139 1433 170 1453 ea
188 1433 204 1453 a
221 1426 323 1461 quibus
339 1427 480 1463 principes
494 1426 654 1462 abhorrent,
666 1428 795 1456 omnibus
811 1429 930 1457 ludibrio

138 1476 215 1506 sunt,
232 1472 271 1500 ita
285 1481 344 1508 quae
362 1474 402 1501 illi
425 1474 573 1509 honorant,
601 1475 731 1502 coluntur
746 1474 780 1502 ab
803 1474 931 1503 omnibus

137 1521 164 1543 cl
181 1517 207 1543 in
227 1519 315 1548 pretio
331 1519 476 1546 habentur.
492 1519 515 1547 Ο
532 1520 617 1554 leges,
635 1528 652 1547 ο
671 1520 786 1555 judices,
801 1528 817 1547 0
830 1520 928 1552 forum,

137 1571 153 1588 υ
168 1563 309 1597 subsellia,
322 1573 338 1592 ο
356 1565 514 1598 tribunalia,
538 1566 629 1601 lugete
646 1567 811 1594 exstinctum
830 1567 929 1602 princi-
941 1584 965 1613 ε

138 1616 200 1644 pem
225 1610 271 1644 qui
301 1611 378 1638 vobis
404 1611 541 1639 tribuerat
569 1617 598 1639 ut
620 1617 733 1647 propter
755 1613 869 1649 justitiaz
898 1619 926 1640 et

135 1655 273 1690 aequitatis
289 1657 554 1685 administrationem
575 1659 632 1686 haec
646 1660 755 1687 nomina
775 1660 925 1694 justissiine

135 1702 326 1736 possideretis.
342 1702 363 1730 0
378 1704 452 1731 cives
468 1709 496 1731 et
515 1704 623 1732 urbiutn
637 1706 793 1740 optimates,
811 1710 925 1733 nitercte

135 1747 257 1775 ablatum
275 1749 353 1776 vobis
371 1750 586 1784 imperatorem,
604 1752 650 1786 qui
666 1756 739 1780 tanta
752 1752 883 1779 facilitate
898 1757 925 1780 ct

137 1793 283 1829 prudentia
297 1795 437 1823 vobiscum
452 1796 485 1824 de
502 1797 584 1825 rebus
598 1798 726 1825 omnibus
741 1798 921 1833 loquebaturl

136 1840 158 1867 0
178 1848 323 1876 pauperes,
351 1841 413 1870 ﬂete
434 1848 580 1878 patronum
605 1844 650 1879 qui
674 1852 722 1872 vos
750 1845 920 1880 protegebat,

135 1887 310 1921 sublevabat,
336 1888 443 1917 alebat!
468 1889 490 1917 Ο
515 1890 648 1925 quidquid
671 1890 758 1918 Grmci
781 1892 922 1927 sanguinis

137 1942 251 1969 usquam
268 1940 319 1969 est,
339 1936 442 1970 omnia,
460 1940 491 1964 ut
506 1937 605 1969 facitis,
619 1937 747 1973 lacrymis
760 1945 791 1964 ac
804 1946 922 1966 mmrore

133 1981 289 2016 complete,
310 1989 371 2011 cum
401 1987 493 2010 vestro
517 1983 702 2019 gubernatore
725 1984 825 2019 privati
850 1985 918 2018 sitis,

135 2027 181 2060 qui
197 2034 245 2054 vos
258 2028 291 2055 ab
305 2028 378 2055 omni
397 2029 499 2064 impetu
515 2032 544 2056 et
557 2029 679 2063 procella
693 2029 809 2057 fortume
824 2031 920 2058 tueba-

134 2078 195 2105 tur,
222 2078 250 2100 et
274 2074 410 2104 minantes
431 2082 503 2109 smpe
522 2075 657 2102 bellorum
684 2076 809 2103 turbines
847 2084 920 2104 nunc

132 2119 217 2147 armis
230 2125 257 2147 et
274 2120 354 2154 bello,
371 2128 444 2148 nunc
458 2120 515 2148 sola
532 2122 676 2156 prudentia
697 2126 777 2161 atque
800 2123 919 2149 auctori-

133 2170 188 2193 tate
205 2166 356 2193 avertctat.
380 2165 486 2192 Etenim
510 2165 562 2193 hoc
575 2166 602 2193 in
614 2167 711 2201 primis
724 2167 917 2201 sapientissimi

133 2211 305 2245 imperatoris
317 2211 456 2246 proprium
467 2217 535 2245 erat,
546 2220 596 2240 nec
606 2218 723 2248 tempus,
735 2220 784 2242 nec
796 2213 917 2246 modum,

990 280 1157 308 cherrimum
1174 281 1305 308 habebas.
1324 281 1374 309 Ubi
1399 274 1473 307 nunc
1489 285 1531 307 est
1550 284 1596 306 tua
1623 279 1668 306 illa
1695 286 1777 305 aurea

989 327 1126 359 ca'saries,
1139 327 1185 354 ubi
1205 327 1367 355 mortalibus
1383 327 1512 354 omnibus
1525 325 1778 362 gratusaspectus?

994 372 1070 400 lleul
1091 373 1185 408 quales
1201 373 1250 400 tibi
1268 373 1369 403 crines.
1383 372 1484 408 quibus
1497 371 1648 400 virtutibus
1661 371 1778 398 intortos

990 419 1072 453 impia
1093 427 1168 446 mors
1181 419 1296 447 evulsit!
1312 419 1422 454 qua!em
1438 419 1547 446 oculum
1563 418 1687 449 abstulit,
1704 417 1778 452 quod

991 471 1074 501 caput
1089 466 1217 500 abscidit,
1239 472 1265 494 et
1288 472 1314 494 te
1326 466 1491 494 seminecem
1507 473 1539 492 ac
1554 465 1775 496 semimortuam,

988 510 1043 537 imo
1065 519 1130 539 vero
1152 516 1287 540 mortuam
1303 519 1416 547 prorsus
1428 515 1511 546 atque
1527 509 1694 538 immobilem
1712 509 1778 536 rell-

987 557 1062 590 quit!
1081 557 1156 585 Heul
1183 566 1266 593 quam
1284 558 1370 586 latum
1388 563 1416 585 et
1434 565 1515 593 quam
1536 557 1687 592 spatiosum
1703 562 1776 583 cam-

987 610 1051 637 pum
1067 603 1115 630 tibi
1131 604 1275 639 proposuit
1291 604 1473 639 lacrymarum
1488 608 1516 631 et
1538 603 1646 635 luctus,
1664 601 1776 628 minime

986 649 1096 682 quidem
1109 649 1158 676 tibi
1176 650 1336 684 optabilem.
1350 649 1594 678 Verumtamenita
1609 648 1711 674 factum
1722 651 1774 678 est,

986 698 1013 719 et
1030 699 1058 721 tu
1079 694 1128 721 ista
1142 695 1265 729 pateris;
1283 695 1349 730 quid
1365 695 1438 722 enim
1455 694 1546 722 facere
1558 697 1648 728 potes,
1666 692 1722 718 Deo
1739 691 1776 718 ita

984 733 1120 773 jubente?
1134 740 1245 768 Stamus
1263 748 1335 768 nunc
1359 740 1396 767 tui
1413 740 1471 773 lilii,
1486 739 1669 767 miserabilem
1687 737 1775 764 induti

987 781 1109 812 habitum
1123 805 1130 817 ,
1147 790 1175 813 et
1195 785 1313 813 ﬂebilem
1335 791 1445 813 cantum
1470 779 1641 812 inchoantes.
1658 783 1680 811 Ο
1706 782 1774 809 varii

986 828 1204 866 multiplicesque
1220 840 1362 860 sermones
1383 832 1410 859 in
1428 831 1520 859 animo
1543 831 1634 862 illius,
1652 829 1729 864 quasi
1747 829 1773 855 iu

987 874 1134 903 venerabili
1147 877 1264 911 quodam
1278 877 1430 904 diversorio
1446 871 1583 912 dispositi,
1594 880 1622 903 ct
1637 875 1700 901 inde
1717 874 1774 900 vel~

981 921 1022 948 uti
1034 930 1065 948 ex
1083 919 1321 949 abundautissimo
1333 922 1410 959 fonte
1434 922 1593 949 manantes!
1612 921 1643 948 Hi
1662 920 1772 954 quidem

983 966 1076 999 fidem,
1097 967 1239 1002 pietatem,
1264 964 1424 1003 religionem
1449 968 1635 1000 extollebant;
1653 961 1689 993 illi
1707 972 1774 993 tem-

983 1012 1035 1046 pla,
1054 1014 1200 1047 sacriﬁcia,
1217 1014 1276 1041 dies
1291 1012 1375 1047 festos
1387 1014 1541 1046 ornabant;
1556 1013 1602 1040 alii
1620 1012 1773 1051 dc.virtu!e

982 1064 1008 1085 et
1032 1059 1157 1086 moribus
1182 1058 1380 1095 disputabant;
1409 1058 1534 1087 nonnulli
1564 1060 1628 1086 vitia
1653 1059 1773 1086 insecta-

983 1106 1100 1138 bantur;
1118 1105 1252 1140 plerique,
1271 1105 1337 1141 quid
1353 1105 1489 1141 agendum
1505 1127 1512 1137 ,
1537 1106 1602 1140 quid
1627 1105 1771 1132 vitandum

983 1156 1067 1183 esset,
1085 1151 1238 1178 incredibili
1255 1151 1398 1185 facilitate,
1428 1147 1583 1187 splendore,
1599 1151 1770 1187 gratia,‘dis-

985 1197 1126 1224 serebant.
1144 1195 1240 1225 Testes
1251 1202 1326 1232 sunt,
1341 1198 1387 1233 qui
1402 1203 1510 1225 exstant
1526 1197 1597 1225 illius
1612 1197 1685 1231 libri,
1698 1205 1772 1225 sum-

983 1252 1053 1270 mam
1069 1244 1234 1279 doctrinam,
1248 1244 1387 1279 singulare
1398 1244 1537 1279 ingenium
1553 1249 1580 1272 et
1593 1242 1711 1272 divinant
1727 1252 1772 1271 sa-

983 1290 1114 1325 pientiam
1132 1298 1187 1325 prae
1213 1298 1241 1317 se
1265 1290 1396 1323 ferentes,
1427 1293 1583 1325 quanquam
1613 1284 1773 1317 infelicibus

982 1334 1063 1363 nobis
1078 1335 1157 1370 longe
1175 1340 1317 1371 prmstaret
1331 1336 1425 1363 vivum
1445 1336 1533 1368 illum,
1550 1343 1583 1363 ae
1605 1335 1773 1363 concionan-

983 1386 1037 1410 tem
1055 1378 1196 1415 admirari,
1216 1389 1297 1417 quarti
1313 1386 1378 1417 post
1392 1376 1501 1410 cineres
1523 1390 1557 1409 ex
1570 1377 1644 1410 illius
1660 1382 1775 1416 script's

982 1429 1055 1461 vitae,
1077 1433 1105 1456 et
1122 1429 1242 1463 virtutis,
1276 1433 1304 1456 et
1324 1437 1432 1457 morum
1460 1428 1553 1457 facere
1571 1429 1770 1465 conjecturam.

982 1475 1104 1510 Magnam
1134 1479 1210 1502 certe
1228 1476 1364 1509 jacturam
1388 1482 1486 1502 omnes
1503 1472 1638 1506 fecerunt,
1656 1473 1703 1501 sed
1721 1481 1772 1501 nos

984 1520 1008 1546 in
1037 1519 1133 1555 primis
1159 1521 1205 1553 qui
1227 1520 1318 1548 adhuc
1349 1517 1538 1548 adolescentes
1557 1519 1637 1547 talem
1663 1520 1771 1551 virum,

983 1565 1057 1599 prius
1071 1567 1127 1593 fere
1144 1573 1225 1601 quam
1242 1575 1322 1594 nosse
1349 1575 1509 1602 possumus,
1538 1567 1691 1594 amisimus.
1708 1566 1769 1593 Non

980 1611 1058 1639 licuit
1075 1612 1156 1640 nobis
1172 1619 1295 1640 orantem
1322 1614 1422 1649 saepius
1437 1613 1551 1647 audire,
1579 1621 1632 1640 non
1659 1613 1770 1640 coac‘o—

980 1658 1056 1685 nauli
1074 1657 1199 1693 plausum
1221 1659 1347 1692 reddere,
1371 1667 1425 1686 non
1449 1659 1486 1686 illi
1505 1660 1664 1694 priusquam
1681 1667 1695 1686 e
1713 1660 1771 1686 vita

979 1703 1144 1737 discederet,
1162 1705 1298 1740 primitias
1321 1706 1422 1741 ingenii
1449 1706 1535 1733 nostri
1561 1706 1768 1740 qualescunque

978 1754 1079 1783 essent,
1097 1750 1205 1777 olferrc.
1221 1750 1300 1778 Nunc
1314 1758 1390 1783 vero,
1408 1759 1451 1778 me
1476 1751 1606 1778 miserum
1627 1756 1710 1785 atque
1726 1752 1768 1778 in-

978 1794 1103 1822 felicem!
1125 1795 1252 1822 mreroris
1268 1801 1296 1823 et
1310 1796 1493 1832 lacrymarum
1517 1801 1545 1824 et
1562 1798 1652 1824 luctus
1666 1796 1767 1824 offerre

978 1839 1112 1874 primitias
1126 1841 1258 1875 cogimur.
1273 1835 1330 1868 lleu
1345 1841 1351 1867 !
1373 1836 1400 1868 in
1415 1849 1474 1876 quae
1489 1847 1612 1877 terupora
1636 1843 1766 1869 reservati

977 1888 1083 1919 sumus,
1096 1890 1176 1920 quam
1187 1894 1310 1915 amarum
1323 1887 1402 1914 nobis
1410 1890 1561 1920 certamen,
1576 1895 1649 1915 mors
1661 1888 1766 1922 invida,

976 1932 1162 1966 proposuisti!
1185 1932 1208 1960 Ο
1225 1933 1318 1960 clades
1332 1934 1462 1961 omnibus
1478 1941 1538 1969 quae
1565 1942 1684 1967 unquam
1704 1934 1765 1962 frie-

977 1983 1040 2004 runt
1054 1978 1178 2005 cladibus
1194 1979 1298 2014 majori
1315 1979 1454 2013 quomodo
1471 1980 1564 2008 vivere
1581 1981 1700 2015 amplius
1718 1989 1766 2015 po-

976 2019 1104 2050 teritnusl
1124 2024 1263 2058 quomodo
1287 2024 1426 2052 infelicem
1447 2024 1519 2052 ha‘n'c
1532 2025 1661 2058 animam,
1677 2034 1765 2060 quan-

976 2069 1175 2104 tulumcunque
1185 2071 1247 2097 vitae
1262 2071 1396 2105 supersit,
1416 2071 1442 2098 in
1466 2076 1541 2098 tanto
1554 2071 1628 2098 l‘ucttl
1647 2072 1678 2098 ac
1697 2079 1764 2099 mm-

975 2118 1037 2142 rore
1064 2116 1224 2144 traduc‘et‘el
1242 2117 1290 2144 Ubi
1312 2123 1385 2144 nunc
1398 2121 1440 2144 est
1454 2118 1546 2152 regius
1564 2117 1608 2144 ille
1619 2123 1668 2151 pro
1684 2117 1765 2144 nobis

974 2164 1082 2196 semper
1109 2162 1223 2197 pervigil
1250 2163 1346 2190 oculus
1372 2166 1468 2198 ’quem_
1485 2170 1623 2197 nunquam
1651 2164 1764 2190 vincere

973 2211 1086 2234 somnus
1098 2211 1215 2241 poterat,
1227 2212 1331 2240 rerum,
1344 2211 1373 2234 ut
1386 2204 1520 2235 llomerus
1531 2209 1762 2243 inquit,omniuen

133 2266 184 2285 nec
200 2264 274 2285 artes
294 2258 356 2285 belli
376 2264 405 2286 et
428 2258 502 2294 pacis
531 2260 666 2294 ignorare.
694 2260 772 2289 llunc
795 2261 916 2295 profecto

980 2253 1104 2281 .lomitor.
1125 2252 1257 2288 Vigilabat
1273 2254 1318 2280 ille
1344 2259 1439 2281 noctes
1457 2259 1544 2285 totas,
1560 2259 1606 2281 aut
1626 2255 1763 2281 meditans

132 2304 231 2338 uplttttl‘
253 2304 335 2331 etiam
358 2304 452 2332 hostes
477 2309 558 2340 atque
588 2305 715 2333 inimicos
738 2307 800 2341 ejus
825 2313 921 2341 magna

131 2359 164 2378 ex
185 2355 262 2386 parte
282 2351 429 2386 prosequi,
450 2359 481 2379 ac
498 2351 637 2383 lamentis.
658 2356 686 2378 et
709 2352 736 2379 iu
766 2356 819 2379 tam
845 2351 919 2386 gravi

131 2403 214 2432 atque
228 2398 328 2425 acerbo
349 2398 425 2425 luctu
442 2398 583 2426 nobiscum
601 2398 722 2425 misceri.
739 2398 809 2425 Vicit
825 2406 921 2425 omnes

132 2444 266 2479 principis
280 2445 382 2477 virtus,
398 2445 477 2480 cujus
493 2448 568 2471 tanta
589 2444 629 2472 vis
644 2450 685 2472 est
696 2464 704 2476 ,
729 2450 759 2472 ut
781 2444 863 2471 etiam
886 2445 920 2471 ab

132 2491 257 2520 hostibus
270 2490 431 2518 honorctur.
448 2489 470 2517 Ο
485 2489 654 2525 Byzantium,
671 2489 846 2524 Byzantium!
863 2497 921 2516 om-

134 2537 209 2563 nium
226 2536 334 2564 urbium
349 2535 531 2563 clarissimum
555 2535 659 2568 lumen,
675 2535 758 2562 decus
777 2535 853 2562 orbis
867 2539 919 2561 ter-

135 2589 237 2616 rarum,
251 2582 444 2618 naufragorum
458 2586 565 2616 portus,
578 2581 741 2608 miserorum
754 2580 918 2615 perfugium,

135 2629 289 2663 prmsidium
300 2628 422 2656 omnium
435 2627 583 2659 bonorum.
595 2627 701 2662 qualem
715 2627 917 2661 imperatorem,

134 2679 236 2708 quanta
252 2668 396 2708 sapientia,
415 2674 528 2708 pietate,
542 2673 686 2702 clementia
702 2673 843 2707 praeditum
857 2672 920 2699 hac—

135 2726 215 2746 tenus
230 2720 365 2747 habuisti!
384 2722 431 2755 qui
449 2721 496 2747 tibi
514 2720 655 2755 pristinam
676 2719 830 2747 libertatem
846 2740 852 2750 ,
879 2719 919 2745 di-

136 2765 279 2799 gnitatem,
294 2767 428 2798 fortunas,
444 2767 588 2801 imperium
607 2766 742 2798 restituit;
757 2765 803 2799 qui
827 2765 919 2792 hostes

135 2816 197 2839 tuos
209 2811 345 2839 dominari
360 2818 439 2840 antea
458 2813 571 2844 solitos,
588 2813 636 2840 tibi
654 2812 790 2846 subjecit;
807 2811 853 2844 qui
870 2819 917 2844 pa-

135 2857 175 2882 cis
189 2857 229 2882 eis
246 2857 318 2891 lcgcs
337 2863 434 2891 prxtcr
451 2867 526 2891 spem
554 2859 675 2885 omnium
698 2857 782 2884 dedit.
797 2856 872 2882 llcul
891 2856 918 2882 in

136 2905 251 2936 quantus
268 2909 339 2928 nunc
360 2910 495 2931 wt'ttiutzas
520 2904 653 2931 incidisti!
674 2903 783 2930 luit-lix!
803 2902 916 2929 amisisti

974 2299 1087 2334 aliquid,
1106 2301 1150 2326 aut
1173 2296 1284 2334 legens;
1301 2299 1361 2327 dies
1376 2300 1404 2326 in
1426 2301 1603 2327 sermonibus
1617 2305 1697 2335 atque
1714 2309 1762 2327 ne-

973 2346 1053 2381 gotiis
1073 2347 1264 2373 consumebat.
1294 2347 1402 2381 Optime
1428 2348 1592 2382 imperator!
1622 2348 1762 2382 quomodo

973 2391 1108 2419 sustinere
1126 2391 1176 2419 sub
1189 2392 1242 2419 hoc
1256 2400 1349 2420 amaro
1373 2392 1464 2428 lapillo
1490 2398 1594 2420 tantum
1610 2394 1695 2420 otium
1711 2401 1760 2428 po-

974 2439 1048 2471 teris,
1065 2439 1111 2472 qui
1126 2438 1204 2472 quasi
1221 2437 1324 2474 penhas
1341 2438 1458 2472 habens,
1482 2439 1704 2467 circumvolitare
1722 2445 1762 2466 to-

974 2490 1030 2510 tum
1047 2486 1142 2512 orbem
1169 2485 1298 2513 solebas?
1314 2485 1457 2518 Quomodo
1473 2490 1526 2512 tam
1543 2485 1704 2512 diuturnum
1721 2486 1762 2513 si-

972 2532 1086 2559 lentium
1103 2531 1192 2564 ferre,
1204 2531 1283 2566 cujus
1298 2532 1397 2565 oratio,
1413 2533 1490 2567 quasi
1503 2537 1601 2559 cantus
1618 2532 1760 2564 Sirenum,

972 2579 1145 2606 rlcmulchat
1161 2578 1303 2606 hominum
1321 2585 1412 2611 aures,
1435 2583 1462 2605 et
1476 2579 1552 2610 quasi
1575 2586 1686 2613 magnes
1702 2579 1759 2606 ter-

973 2633 1043 2657 rnm,
1059 2632 1224 2659 quocunque
1242 2624 1342 2655 vellet,
1368 2631 1477 2658 semper
1499 2624 1640 2651 trahebat?
1657 2624 1759 2652 Verum

973 2676 999 2697 tu
1014 2671 1124 2705 quidem
1140 2671 1242 2702 abiisti,
1255 2675 1282 2697 et
1296 2671 1329 2696 ad
1344 2670 1458 2697 meliora
1474 2670 1628 2697 habitacula
1644 2676 1759 2698 vocatus

973 2718 1093 2752 migrasti
1116 2718 1141 2744 in
1164 2717 1279 2747 caelum,
1310 2716 1356 2743 ubi
1389 2721 1549 2751 perpetuam
1577 2717 1669 2744 sedem
1693 2718 1757 2750 fide,

974 2763 1117 2796 religione,
1140 2762 1242 2788 virtute
1263 2761 1312 2788 tibi
1331 2768 1490 2796 paraveras.
1514 2761 1570 2789 Nos
1588 2767 1678 2789 autem
1706 2771 1757 2790 cur

973 2810 997 2834 in
1016 2813 1091 2835 tanto
1109 2809 1183 2834 luctu
1208 2812 1234 2834 ct
1259 2815 1389 2839 mmrore,
1408 2810 1435 2834 ct
1450 2808 1577 2842 lacrymis
1604 2809 1759 2843 reliquisti?

969 2856 1025 2882 (Zur
1043 2854 1189 2881 tlisccdt'tts
1211 2861 1307 2880 omnes
1335 2861 1387 2880 non
1405 2854 1528 2880 \wrcasti?
1544 2854 1609 2880 Mori
1628 2855 1701 2881 cnim
1718 2862 1756 2881 te-

971 2909 1030 2928 tgum
1050 2908 1130 2936 quam
1148 2901 1205 2927 sine
1221 2904 1244 2926 te
1262 2899 1351 2927 \it'crc
1370 2900 1538 2926 cuttttnvulitts‘
1556 2900 1607 2927 Γιιίς
1624 2902 1665 2928 t-z!
