1916 3066
137 142 189 174 693
615 144 870 174 BESSARiONlS
946 144 980 173 il.
1003 144 1035 174 E.
1059 144 1290 174 CARDlNALl‘S
1713 142 1765 172 821

642 273 1270 391 BESSABIONI’S

264 457 539 504 EPISCOPI
572 457 952 517 «TUSCULANI,
991 456 1357 502 CARDINALIS
1399 455 1625 500 NlC/ENI

596 555 648 588 DE
670 555 721 585 ΕΛ
743 554 874 583 PARTE
893 553 1111 584 EVANGELII
1134 552 1303 584 JOANNIS

837 636 878 657 lim
899 635 1037 656 εςιῑιΒιτϋιι
1057 637 1064 655 ζ

197 698 261 725 Ἐὰν
280 697 363 727 αὐτὸν
378 697 448 725 θέλω
460 697 554 732 μένειν
573 697 625 728 ἕως
643 697 770 733 ἔρχομαι,
784 697 811 723 τί
823 697 892 732 πρὸς
909 697 938 722 σὲ
951 706 953 722 ;

955 705 959 728 ί
983 696 1013 725 Si
1031 705 1091 723 eum
1106 699 1162 724 volo
1177 705 1286 724 ntauere
1299 697 1385 724 donec
1402 697 1519 730 veniam,
1539 695 1602 731 quid
1614 699 1648 722 ad
1665 700 1688 723 te
1701 697 1711 722 1’

482 768 675 799 ERUDITA
694 769 756 799 ET
773 768 910 799 VALDE
933 769 1074 799 UTILIS
1088 767 1378 800 DISCEPTATIO
1393 767 1422 798 ⁸.

926 854 961 861 —

173 919 336 948 Iteverendo
358 925 390 946 ac
406 917 516 946 erudito
535 917 608 946 Patri
626 917 658 945 D.
675 917 828 946 ULnsatcuo
853 917 976 949 FABRO.
997 918 1117 945 cmnohii
1158 916 1292 944 Dominiei
1309 915 1434 951 Sepulcri
1459 915 1485 942 in
1509 904 1687 942 Denltcndorf
1696 921 1769 949 prae-

138 968 229 1000 posito
249 966 412 1002 dignissimo
426 972 454 994 et
480 971 598 1001 patrono
612 973 663 993 suo
691 966 725 994 de
743 974 773 994 se
788 967 858 994 bene
875 967 983 998 merito,
1006 965 1126 994 Joannes
1142 967 1310 994 Annum-In
1325 963 1562 993 BRASSICANUS
1579 962 1756 998 iureconsul-

142 1016 186 1038 tus
214 1011 242 1039 S.
260 1012 291 1039 D.
307 1011 338 1039 Ρ.

174 1058 261 1086 Video
278 1058 411 1094 quosdam
424 1059 451 1086 in
467 1067 528 1087 eam
544 1059 715 1095 opinionem,
730 1063 758 1087 ct
783 1059 858 1086 illam
882 1059 992 1094 quidem
1009 1060 1077 1087 mire
1100 1067 1267 1093 perversam,
1290 1059 1423 1086 adductos
1440 1065 1511 1087 esse.
1528 1055 1630 1084 Prmsul
1647 1054 1770 1082 ornatis-

137 1106 217 1139 sime,
235 1110 265 1133 ut
290 1105 509 1134 infelicissimum
526 1112 565 1134 tot
580 1112 718 1135 sectarum
731 1112 814 1143 atque
826 1108 1014 1136 doctrinarum
1036 1114 1217 1144 proventum,
1234 1107 1336 1143 Quibus
1350 1108 1423 1135 inter
1443 1114 1473 1134 se
1487 1106 1579 1132 minus
1591 1111 1672 1138 quam
1686 1103 1770 1129 horo-

137 1152 218 1187 logiis
233 1153 373 1187 convenit,
388 1154 442 1189 iam
462 1161 519 1181 non
535 1154 561 1181 in
580 1155 688 1189 angulis
710 1159 828 1188 tantum,
849 1156 895 1190 qui
914 1156 1146 1191 γωνιοὸομϐυχῶν
1157 1164 1217 1183 mos
1232 1159 1286 1185 est.
1306 1155 1353 1182 sed
1384 1153 1527 1189 propalam
1549 1156 1575 1178 ct
1592 1150 1702 1185 publice
1719 1156 1770 1183 pro

139 1205 266 1240 suggestu
284 1200 387 1228 Graecis
403 1201 504 1229 litteris
520 1201 670 1237 imputem.
691 1202 749 1235 Qua
779 1210 809 1230 re
824 1203 890 1236 quid
917 1203 960 1231 vel
984 1204 1126 1239 indignius
1143 1204 1258 1239 cogitari
1284 1203 1328 1231 vel
1348 1202 1470 1237 ineptius
1489 1201 1572 1229 etiam
1597 1199 1652 1226 dici
1669 1198 1767 1232 possit,

137 1248 201 1282 quis
210 1256 243 1275 ex
267 1248 300 1276 iis
316 1250 362 1284 qui
381 1250 426 1277 vel
439 1250 617 1278 mediocriter
632 1251 735 1278 eruditi
753 1255 817 1278 sunt
834 1259 888 1279 non
905 1252 1056 1288 intelligit?
1073 1252 1119 1281 Sic
1132 1244 1255 1281 etvterra:
1272 1252 1369 1279 matris
1387 1250 1533 1281 beneﬁcia,
1554 1249 1576 1276 si
1594 1248 1647 1275 diis
1664 1248 1769 1282 plac‘t.

137 1301 318 1328 acetisemus;
335 1296 374 1323 sic
390 1296 525 1324 elementa
541 1297 725 1331 damnemus;
743 1298 783 1326 sic
798 1299 929 1334 denique,
947 1304 977 1327 ut
989 1299 1034 1327 ille
1052 1299 1153 1335 inquit,
1173 1299 1242 1326 θεῶν
1257 1299 1389 1333 ιρικυδέα
1413 1297 1487 1333 δῶρα
1508 1297 1535 1324 in
1553 1297 1598 1332 jus
1615 1296 1767 1330 rapiamus,

136 1345 197 1372 qua:
210 1339 302 1366 omnia
316 1345 343 1367 et
356 1341 494 1377 inculpata
509 1348 536 1370 ct
549 1342 652 1370 nostris
666 1343 762 1371 usibus
779 1343 882 1378 ubique
904 1345 1066 1376 servientis.
1082 1352 1133 1372 nos
1156 1345 1207 1380 ipsi
1224 1345 1270 1380 qui
1289 1345 1440 1375 abutimur.
1464 1343 1601 1370 deteriora
1620 1347 1648 1369 et
1669 1343 1769 1369 merito

139 1387 367 1421 reprehendenda
383 1388 528 1417 edicimus.
547 1389 680 1423 Quoniam
695 1395 798 1423 autem,
819 1391 931 1419 Ulriche
947 1392 1185 1427 prmstantissime,
1203 1399 1265 1419 cum
1277 1391 1470 1425 superioribus
1485 1390 1583 1418 diebus
1595 1390 1622 1417 in
1639 1389 1769 1416 emnohio

138 1440 186 1460 tuo
199 1441 299 1468 essem,
313 1435 347 1462 de
363 1437 458 1464 eadem
478 1436 523 1464 illa
541 1444 581 1469 re,
596 1444 658 1472 qua:
671 1441 717 1464 tua
733 1441 774 1465 est
787 1438 896 1473 egregia
912 1439 1035 1466 eruditio
1055 1446 1117 1466 cum
1135 1446 1242 1466 summa
1257 1438 1391 1466 modestia
1411 1437 1569 1472 conjuncta,
1584 1442 1613 1463 et
1629 1435 1767 1469 exquisita

137 1480 272 1507 suavitate
291 1479 449 1513 verborum,
466 1485 494 1509 et
505 1482 641 1510 acerrimo
656 1490 718 1511 cum
731 1483 837 1518 judicio
849 1484 1028 1518 dissertabas,
1038 1474 1186 1512 arbitratus
1203 1493 1265 1512 sum
1287 1492 1329 1512 me
1344 1492 1400 1512 non
1416 1484 1530 1519 vulgare
1543 1490 1633 1518 operae
1646 1482 1766 1517 pretium

138 1534 199 1554 esse
216 1527 362 1559 iacturum,
381 1527 403 1554 si
421 1528 504 1556 simul
516 1533 545 1556 et
561 1530 600 1557 tui
616 1530 776 1558 demerendi
793 1530 896 1563 studio,
915 1536 943 1559 et
963 1531 1038 1559 illius
1070 1536 1246 1566 praepostera:
1266 1531 1406 1566 opinionis
1429 1530 1605 1558 confutanda:
1623 1536 1716 1561 causa,
1734 1527 1768 1554 D.

141 1573 315 1601 Bcssarionis
336 1574 485 1601 cardinalis
508 1574 662 1603 doctissimi
677 1576 936 1604 commentariolum
960 1577 988 1604 in
1009 1577 1060 1605 hoc
1075 1577 1230 1612 argumenti
1254 1585 1355 1612 genere
1370 1577 1559 1605 doctissimum
1578 1576 1611 1603 ad
1632 1580 1657 1602 te
1673 1575 1768 1602 mitte-

139 1627 207 1647 rem.
223 1620 291 1647 Nam
311 1628 343 1648 ei
363 1619 420 1651 illo,
437 1620 509 1654 quod
522 1621 595 1659 alias
612 1626 639 1649 te
657 1623 851 1657 comprobasse
867 1627 942 1650 certo
959 1622 1027 1655 seio.
1044 1623 1148 1657 liquido
1165 1623 1306 1658 intelligis,
1325 1623 1387 1658 quis
1407 1631 1474 1650 usus
1495 1622 1532 1650 sit
1552 1622 1708 1649 Grtccarum
1723 1621 1768 1647 lit-

140 1671 272 1698 terarum,
284 1668 436 1701 praesertim
452 1667 567 1695 inlibris
577 1668 672 1700 sacris,
688 1676 748 1703 quae
757 1669 918 1701 necessitas,
931 1677 993 1704 quze
1005 1669 1135 1705 dignitas,
1150 1675 1178 1698 et
1188 1677 1248 1705 qua:
1263 1670 1371 1697 tandem
1382 1669 1489 1697 illarum
1503 1667 1704 1695 ratiohabenda
1721 1666 1766 1694 sit.

139 1713 254 1746 Quando
265 1713 313 1747 qui
325 1713 376 1741 hoc
390 1713 518 1748 praesidio
531 1719 637 1746 carent,
645 1714 764 1741 {iet-inoo
778 1718 876 1748 potest,
890 1719 982 1742 utnon
991 1712 1133 1749 pueriliter
1144 1715 1356 1748 hallucinentur,
1371 1720 1400 1742 ut
1410 1723 1462 1742 non
1479 1714 1766 1751 graviterimpingsnt,

139 1764 170 1787 ut
183 1767 238 1787 non
253 1761 376 1788 omnium
392 1761 511 1788 maximo
527 1761 598 1788 malo
611 1760 767 1788 caecutiant.
794 1760 989 1796 Deprehench
1007 1761 1100 1794 etiam,
1125 1761 1262 1796 quodnam
1293 1761 1426 1789 felicioris
1455 1761 1616 1796 interpretis
1633 1760 1766 1792 cilicium,

142 1816 204 1842 qua:
217 1816 295 1842 cura,
313 1817 374 1844 qua:
389 1809 532 1844 diligentia
549 1816 610 1836 esse
624 1809 734 1842 debeat,
748 1817 830 1844 quam
845 1817 900 1837 non
915 1814 1020 1837 temere
1034 1809 1068 1837 de
1083 1810 1314 1838 translationibus
1327 1810 1507 1845 judicandum
1527 1809 1573 1837 sit.
1587 1809 1616 1836 Id
1631 1809 1703 1843 quod
1717 1809 1768 1836 hac

143 1860 223 1884 tetate
233 1856 371 1890 peculiare
387 1857 484 1884 vitium
499 1861 552 1890 est,
569 1857 749 1892 interpretem
767 1856 897 1885 videlicet
916 1857 944 1884 in
959 1857 1041 1892 hujus
1056 1857 1156 1892 lingua:
1175 1857 1302 1884 versione
1318 1857 1459 1890 damnare,
1476 1857 1503 1884 in
1515 1864 1569 1891 qua
1586 1855 1630 1883 vix
1645 1855 1716 1882 ultra
1728 1854 1769 1881 al-

145 1903 293 1938 phabetum
308 1911 471 1939 progressus
488 1903 584 1930 fueris.
603 1903 688 1939 Cuius
704 1903 745 1930 rei
757 1904 801 1931 vel
820 1911 891 1931 unus
909 1904 953 1931 ille
967 1903 1142 1931 sedentarius
1161 1909 1250 1937 sutor,
1264 1911 1327 1931 eum
1346 1908 1442 1931 contra
1463 1903 1608 1930 Erasmum
1620 1901 1767 1935 scriberet,

143 1950 360 1985 pulcherrimum
373 1951 512 1986 specimen
528 1951 615 1978 dedit.
635 1951 734 1979 Insunt
744 1955 878 1986 przeterea
895 1956 922 1979 et
935 1950 988 1978 alia
1001 1950 1068 1978 huic
1080 1950 1174 1978 libello
1187 1952 1256 1979 lectu
1274 1951 1434 1986 dignissima
1453 1955 1481 1978 et
1497 1950 1562 1977 huic
1574 1950 1675 1978 saeculo
1686 1948 1766 1984 quasi

143 2004 217 2032 nata,
230 2008 311 2035 queui
327 2006 368 2032 tu,
386 2001 469 2028 Veluti
488 2005 622 2036 perpetuo
641 1999 866 2032 consuevisti,eo
880 2000 972 2027 animo
988 1999 1082 2034 accipe
1098 2007 1153 2034 quo
1173 2008 1224 2027 nos
1239 2000 1288 2028 tibi
1305 1999 1505 2027 dcdicavimus.
1520 1999 1565 2026 Sic
1575 2003 1651 2026 certe
1664 1997 1769 2032 signiﬁ-

142 2047 278 2074 cationem
294 2047 414 2081 aliquam
430 2047 496 2074 dare
511 2047 596 2079 volui,
614 2051 645 2074 ut
661 2046 707 2081 qui
725 2046 794 2073 nihil
814 2054 868 2074 non
884 2046 934 2074 tibi
957 2045 1056 2079 debeo,
1082 2046 1124 2073 vel
1147 2046 1266 2082 aliquam
1285 2046 1452 2072 mediocrem
1478 2045 1637 2079 portionem
1665 2043 1768 2078 persol-

144 2094 216 2120 vissc
240 2093 345 2126 videar,
366 2094 454 2120 donec
478 2100 511 2120 ex
527 2093 601 2120 omni
625 2097 702 2128 parte
729 2091 874 2123 solvendo.
889 2098 950 2119 esse
978 2090 1092 2126 possim.
1121 2091 1195 2124 Vale,
1224 2090 1370 2125 praeposite
1387 2090 1500 2124 optime,
1526 2097 1557 2116 ac
1586 2089 1674 2115 amice
1699 2088 1768 2116 cha-

143 2139 262 2167 rissime.

446 2185 560 2212 Viennre
572 2185 698 2218 Austrim,
715 2192 788 2212 anno
800 2192 815 2212 a
830 2187 896 2211 nato
915 2183 980 2212 Jesu
997 2185 1076 2218 1552,
1094 2183 1195 2213 mensis
1211 2183 1335 2211 Januarii
1354 2183 1399 2210 die
1415 2183 1443 2210 5.

384 2332 910 2394 SAPIENTISSIMI
955 2332 1023 2387 D.
1067 2296 1529 2389 BESSARIONlS

778 2426 807 2454 S.
824 2425 857 2454 ll.
874 2426 906 2453 E.
924 2424 1133 2453 CARDINALIS

144 2493 178 2522 lu
199 2490 274 2522 illud
294 2488 456 2528 Evangelii
472 2487 653 2519 secundum
668 2488 843 2519 Joannem:
874 2490 900 2516 Ἐ

1012 2491 1036 2516 5v
1051 2489 1120 2516 Θέλω
1134 2489 1226 2524 μένειν
1242 2489 1294 2520 ἕως
1310 2488 1437 2524 ἔρχομαι,
1453 2487 1481 2514 τι
1497 2488 1565 2522 πρὸς
1583 2487 1632 2520 at;
1649 2483 1684 2514 Si
1698 2481 1768 2513 vola

603 2548 671 2570 eum
688 2547 811 2568 manere
832 2537 928 2567 donec
940 2538 1074 2574 veniam,
1097 2537 1173 2576 quid
1192 2536 1232 2567 ad
1257 2537 1311 2569 te?

178 2672 247 2701 Cum
263 2678 352 2705 nuper
365 2676 474 2697 sacrum
487 2668 664 2706 Evangelium
679 2667 793 2696 Joannis
807 2667 930 2703 Ewngc-
983 2668 1015 2695 de
1040 2668 1145 2695 Joanne
1174 2674 1310 2702 quaerens,
1336 2666 1436 2700 inquit,
1464 2666 1511 2693 Ilic
1536 2671 1622 2692 aulem
1641 2666 1727 2700 quid?
1742 2671 1769 2693 et

147 2719 214 2746 ιὶδιιυ
231 2718 258 2744 ὶιι
278 2718 338 2752 ejus
360 2715 508 2743 festivitate
523 2714 617 2741 Latine
631 2713 779 2748 legeretur,
805 2718 928 2740 vcntum-
982 2714 1115 2742 Dominus
1138 2713 1289 2748 respondit,
1308 2712 1386 2747 juxta
1410 2711 1510 2750 Cra-ge
1539 2712 1649 2746 quidem
1669 2712 1768 2739 lim-ne

147 2773 198 2800 que
210 2769 284 2791 esset
300 2769 332 2789 ad
350 2769 410 2789 eam
439 2769 545 2797 partem
563 2760 609 2788 ubi
630 2760 729 2788 Petrus
753 2767 767 2787 a
790 2759 928 2787 Salvatore
982 2759 1126 2786 veritatem
1141 2767 1146 2785 :
1160 2758 1188 2785 Si
1210 2766 1269 2785 eum
1285 2758 1342 2785 uolo
1361 2765 1466 2784 "tenere
1484 2758 1564 2784 donec
1578 2758 1692 2790 veniam,
1706 2758 1771 2792 quid

178 2835 213 2861 (I)
230 2833 363 2862 llagennre,
376 2839 414 2861 ap.
435 2833 506 2857 Joan.
525 2833 654 2857 Scecrium
671 2832 840 2857 exeudcbatur
860 2839 922 2857 anno
935 2840 946 2857 ιι
959 2833 1053 2858 Christo
1075 2837 1131 2858 ualo
1161 2831 1300 2860 MUXXXII,
1312 2839 1396 2856 mense
1411 2838 1468 2856 vero
1482 2831 1624 2855 Februarium
1639 2830 1724 2854 Exstat
1744 2837 1769 2856 In

150 2862 297 2890 bibliotheca
312 2862 448 2887 Maternum
460 2864 503 2888 sui)
516 2870 581 2888 nutu.
596 2863 688 2893 ll,62l.
