1916 3066
119 148 172 179 625

512 149 552 179 ΙΝ
578 150 705 185 lLi.UD,
729 158 736 173 ι
761 152 795 180 SI
817 151 898 181 EUM
921 151 1016 181 VOLO
1036 152 1205 188 MANEBE,
1229 161 1237 177 ι
1257 153 1336 184 ETC.

1688 154 1742 188 696

120 206 156 231 ud
172 204 218 231 te?
234 204 310 236 juxta
331 205 456 233 Latinam
479 214 545 234 vero
568 207 843 242 interpretationem:
864 208 907 236 Sic
922 210 944 238 Δ
961 210 1185 239 incerlitudlnem
1200 212 1253 244 sui.
1268 220 1318 239 nec
1334 219 1396 239 cum
1413 211 1562 239 indicativo
1574 213 1688 241 omnino
1701 214 1741 240 af-

120 258 180 277 eum
196 251 254 278 volo
266 259 372 279 manere
391 253 472 279 donec
494 255 607 287 veniam,
623 255 687 289 quid
703 254 737 281 ad
750 260 773 281 te
786 255 814 282 ‘7
828 254 905 288 Quie-

122 297 188 324 sivit
204 305 219 324 a
234 305 277 325 me
290 297 413 332 quidam,
426 307 461 326 an
474 304 548 327 recte
559 301 698 335 interpres
711 308 771 328 eam
788 300 906 336 particu-

120 343 175 371 lam
194 343 222 370 in
236 344 364 372 Latinum
378 346 524 374 vertisset?
541 346 592 374 Cui
606 355 656 383 ego
673 356 679 375 :
695 347 778 375 Recte
794 347 905 382 quidem

117 389 153 417 ab
175 389 254 417 initio
271 390 428 418 translatam
445 391 530 419 fuisse
547 392 677 425 arbitror,
693 398 720 420 et
734 394 766 426 si,
784 401 837 419 non
854 393 904 424 sic,

122 435 156 461 ab
168 434 320 469 interprete
331 435 463 470 scriptum
479 437 616 465 exstitisse
630 447 638 472 ;
651 438 697 466 sed
714 443 809 473 postea
820 438 906 472 (quod

119 479 246 506 accidere
261 480 422 515 frequenter
442 481 522 516 solet)
543 483 611 510 vitio
633 482 807 510 dormitantis
821 483 905 511 libra-

119 525 166 558 rii,
182 526 205 552 si
220 525 445 560 conjunctionem
463 528 491 555 in
508 527 671 556 adverbium
686 529 724 556 sic
741 528 826 556 fuisse
839 536 905 556 con-

115 578 234 602 versam.
247 579 303 598 una
318 571 408 599 littera
425 571 528 600 addita.
544 572 644 601 Facilis
673 579 714 601 est
729 574 802 601 enim
817 576 851 602 ad
860 581 906 602 er-

117 623 208 643 rorem
228 616 333 651 lapsus,
354 618 464 652 quoties
479 618 564 646 dictio
579 618 683 654 aliquid
705 619 863 656 signiﬁcans
876 620 904 648 iu

116 660 265 687 dictionem
280 661 354 689 aliud
372 663 586 698 signiﬁcantem,
602 672 656 691 una
672 664 904 692 duntaxataddita

118 706 161 733 vel
182 706 305 734 detracta
324 707 436 741 littera,
460 709 623 737 commutari
643 714 743 744 potest.
770 709 838 737 Tum
856 710 903 737 alii

120 753 232 787 quidam
252 761 285 780 ex
300 754 344 781 his
359 754 406 789 qui
430 755 555 787 aderant,
581 756 781 789 contradicere,
796 764 850 783 non
869 757 901 790 si,

118 799 166 825 sed
181 799 218 825 sic
231 799 284 834 legi
308 799 410 827 debere
424 806 613 830 asseverantes
624 802 749 838 beneque
761 810 790 830 sc
801 801 903 830 habere

121 844 248 872 Latinum
264 852 417 873 sermonem
435 847 570 880 dicentes,
589 853 616 875 ct
631 852 677 875 aut
688 847 831 876 rectiorem
843 855 902 876 esse

119 889 225 922 Grazco,
238 895 286 918 aut
300 891 347 919 illo
361 899 416 919 non
433 892 524 920 minus
539 898 657 925 rectum,
679 893 902 929 quandoquidem

119 937 177 964 sive
191 937 224 970 si,
240 937 297 965 sive
320 938 357 965 sic
378 938 496 972 dicatur,
517 938 611 966 eadem
627 939 818 974 situtriusque
841 948 904 968 sen-

118 981 215 1008 tentia.
226 980 304 1014 Quod
319 989 384 1009 vero
397 983 499 1010 rectius
509 991 538 1011 se
548 983 663 1011 haberet
673 991 765 1012 sermo
777 984 901 1018 Latinus,

116 1027 230 1055 minime
245 1028 304 1056 ausi
328 1033 393 1056 sunt
409 1031 550 1065 prosequi,
568 1031 652 1058 stulte
676 1031 704 1058 id
718 1038 732 1058 a
746 1038 777 1058 se
797 1031 901 1058 dictum

114 1073 312 1109 intelligentes,
332 1080 360 1102 et
384 1075 571 1103 contentionis
596 1077 687 1111 potius
708 1078 792 1112 gratia
820 1085 901 1112 quam

115 1116 252 1146 veritatis.
268 1119 411 1155 Siquidem
439 1121 612 1157 Evangelista
631 1121 751 1150 Joannes
765 1128 791 1151 et
812 1123 900 1150 Evan-

116 1165 219 1200 gelium
242 1173 322 1193 suum
341 1166 447 1200 Graeco,
469 1175 525 1194 non
540 1167 638 1195 Latino
651 1176 779 1196 sermone
790 1176 902 1204 compo-

113 1210 179 1244 suit,
192 1215 221 1238 et
235 1211 282 1238 law
296 1212 493 1247 conjunctione
508 1221 574 1241 usus
585 1218 637 1244 est,
648 1221 720 1248 quae,
735 1213 762 1240 in
772 1213 900 1242 Latinum

113 1263 205 1290 versa,
224 1257 248 1284 si
262 1257 365 1293 absque
380 1258 434 1285 ulla
454 1258 633 1294 ambiguitate
653 1259 799 1294 signiﬁcat.
816 1259 902 1287 inter-

113 1310 178 1337 pres
191 1310 266 1336 vero,
282 1304 439 1339 quicunque
463 1305 488 1332 is
501 1305 611 1340 quidem
639 1304 735 1338 fuerit,
753 1312 805 1332 nec
826 1309 901 1332 tanta

116 1348 236 1382 Spiritus
261 1350 359 1384 gratia,
387 1355 488 1385 quanta
504 1350 624 1379 Joannes
642 1351 797 1379 illustratus
815 1351 900 1379 luisse

115 1395 316 1423 existimandus
329 1400 381 1426 est.
391 1396 510 1424 etverbo
521 1404 588 1424 usus
601 1403 642 1425 est
657 1398 690 1424 ad
704 1405 826 1425 errorem
839 1405 903 1433 pro.

117 1440 192 1473 clivi,
209 1441 311 1477 quippe
329 1442 423 1470 addita
441 1443 465 1470 si
486 1443 687 1478 conjunctioni,
706 1451 756 1479 per
772 1444 901 1479 ignoran-

115 1487 179 1514 tiam
191 1488 248 1515 sive
257 1487 391 1515 incuriam
402 1489 588 1521 librariorum,
600 1498 613 1516 ε
623 1490 725 1522 littera,
738 1491 827 1518 omnis
841 1499 902 1518 scu-

959 256 1078 288 ﬁrmare,
1093 265 1144 285 nec
1161 265 1223 284 cum
1243 257 1419 292 subjunctivo
1436 265 1549 292 prorsus
1560 266 1622 286 esse
1635 259 1741 293 anclpiv

958 306 1012 328 tem
1027 311 1034 335 ;
1051 303 1178 337 praesenti
1197 311 1261 330 vero
1278 303 1360 335 etiam
1375 304 1549 339 sultjunctivo
1573 305 1740 340 adjunctalu,

957 346 1150 375 certitudinem
1178 347 1345 382 signiﬁcare.
1363 348 1440 376 iianc
1462 356 1558 376 eorum
1575 350 1739 378 sententiam

956 392 1121 426 quibusdam
1137 393 1244 428 Vingilii
1257 401 1289 420 ac
1305 393 1448 421 Ciceronis
1467 394 1600 428 exemplis
1614 395 1741 424 nituntur.

956 438 1101 466 aliirmare.
1117 437 1185 466 Cum
1198 438 1281 473 igitur
1297 438 1367 473 apud
1383 438 1492 466 Graecos
1504 440 1540 466 ita
1550 440 1680 475 scriptum
1694 441 1740 471 sit,

955 482 1003 509 raw
1020 483 1101 515 θέλω,
1118 482 1171 510 hoc
1188 487 1240 516 est,
1257 483 1281 509 si
1296 483 1382 515 velim,
1401 484 1494 517 procul
1518 483 1602 510 dubio
1628 485 1741 510 et-rtitu-

957 528 1048 555 dinem
1063 528 1208 563 utrobique
1222 528 1370 563 signiﬁcari
1384 533 1528 557 asserunt.
1544 529 1664 563 ideoque
1678 537 1739 558 seu.

955 575 978 601 si
989 574 1075 607 velim,
1085 578 1114 601 ut
1128 573 1226 607 Craici,
1240 574 1296 602 sive
1309 575 1346 602 sic
1357 575 1426 608 uolo,
1443 579 1472 602 ut
1489 574 1591 607 Latini,
1604 575 1739 606 dicamus.

956 627 1036 647 unam
1053 626 1166 654 prorsus
1178 623 1204 646 et
1220 620 1344 647 eamdem
1362 628 1422 648 esse
1438 621 1616 647 sententiam.
1632 620 1742 647 Postre-

956 672 1001 691 mo
1018 664 1064 692 ubi
1088 665 1208 699 negatio,
1232 665 1372 700 inquiunt,
1400 666 1442 692 vel
1460 665 1625 700 ambiguitas
1650 666 1740 692 locum

955 717 1010 737 non
1028 709 1120 743 habet,
1133 709 1281 738 indicativo
1291 718 1353 737 cum
1366 711 1389 737 si
1403 711 1597 746 conjunctione
1610 712 1740 738 utendqu

954 759 1006 783 est.
1023 755 1051 782 in
1064 755 1117 783 hoc
1129 763 1206 789 vero,
1222 755 1256 784 de
1273 763 1328 790 quo
1342 756 1493 791 loquimur,
1508 756 1646 791 Evangelii
1669 757 1739 789 loco,

954 801 1028 829 nulla
1047 801 1131 829 habet
1156 802 1247 830 locum
1264 802 1454 837 ambiguitas.
1480 801 1632 829 indicativo
1658 803 1741 837 igitur

955 846 1126 882 adjungenda
1142 846 1186 874 illa
1202 847 1369 882 eonjunctio,
1388 851 1424 879 et,
1446 848 1468 874 si
1491 847 1561 878 uolo,
1584 847 1739 878 dicendum,

955 892 1027 927 quod
1051 892 1123 920 idem
1140 896 1183 919 est
1199 900 1230 920 ac
1259 892 1280 919 si
1308 892 1457 925 diceretur,
1475 892 1603 924 sic’volo;
1626 892 1738 924 idcirco.

954 938 991 964 sic
1013 938 1073 965 volo
1094 938 1120 965 in
1145 938 1295 972 Evangelio
1315 937 1474 973 legendum.
1499 937 1575 971 Quod
1598 945 1664 965 vero
1685 938 1741 963 lIiI‘C

953 983 1008 1011 duo
1015 983 1086 1011 idem
1094 983 1258 1019 signiﬁcent,
1268 983 1425 1018 hujusmodi
1434 984 1597 1011 conﬁrmant
1605 984 1739 1018 exemplo.

951 1029 981 1060 Si
1003 1030 1066 1065 quis
1081 1031 1165 1063 enim,
1184 1029 1322 1065 inquiunt,
1343 1030 1425 1057 alicui
1442 1030 1468 1057 in
1485 1029 1528 1057 die
1543 1029 1656 1057 Veneris
1677 1037 1740 1057 car-

953 1084 1003 1104 nes
1027 1076 1119 1104 edenti
1149 1076 1186 1103 ita
1214 1076 1324 1109 dixerit,
1343 1076 1423 1104 Tune
1447 1076 1491 1104 die
1517 1076 1632 1104 Veneris
1644 1084 1741 1104 carnes

952 1123 1076 1151 edisiet
1091 1122 1137 1150 ille
1160 1122 1196 1150 ita
1219 1122 1395 1158 respondeat,
1420 1122 1448 1150 Si
1473 1123 1534 1155 cdo,
1558 1121 1624 1157 quid
1642 1122 1675 1150 ad
1697 1123 1742 1150 te‘l

953 1169 1081 1197 Profecto
1098 1170 1121 1196 si
1135 1169 1182 1195 edo
1211 1169 1284 1196 idem
1310 1172 1353 1196 est
1376 1176 1409 1196 ae
1425 1168 1447 1196 si
1463 1169 1612 1201 diceretur,
1625 1169 1663 1195 sic
1680 1169 1739 1199 edo,

952 1215 994 1243 vel
1007 1217 1044 1242 ita
1060 1215 1193 1250 edo,quid
1206 1214 1240 1242 ad
1257 1215 1303 1243 te?
1317 1214 1552 1248 Quemadmodum
1566 1215 1648 1249 igitur
1660 1214 1739 1241 siedo

953 1266 982 1289 et
998 1263 1036 1288 sic
1058 1262 1106 1288 edo
1123 1269 1208 1289 unum
1224 1265 1300 1294 sunt,
1321 1261 1358 1288 ita
1375 1262 1459 1288 etiam
1478 1262 1501 1288 si
1517 1260 1575 1288 volo
1590 1264 1618 1287 et
1630 1261 1667 1287 sic
1681 1260 1739 1287 rota

953 1308 1024 1336 idem
1037 1315 1098 1335 esse
1112 1307 1254 1339 fatendum
1267 1312 1393 1335 censent.
1408 1307 1487 1340 Quod
1506 1307 1528 1334 si
1548 1306 1611 1341 quis
1627 1314 1738 1334 causam

956 1353 1059 1388 ﬂagitet
1078 1361 1128 1380 cur
1143 1352 1317 1388 Evangelista
1340 1352 1452 1385 dixerit,
1467 1351 1501 1379 Et
1518 1361 1569 1380 non
1585 1352 1651 1379 dixit
1662 1352 1739 1379 Jews

952 1402 1022 1436 quod
1038 1408 1091 1427 non
1116 1400 1241 1430 moritur,
1257 1399 1317 1432 sed,
1333 1398 1363 1427 Si
1384 1407 1446 1426 eum
1459 1398 1516 1426 uolo
1537 1407 1654 1431 manere,
1668 1398 1738 1425 nihil

951 1454 1015 1474 eum
1031 1446 1123 1474 dicere
1141 1449 1288 1473 asserunt:
1305 1445 1395 1480 primo
1409 1445 1484 1472 enim
1501 1452 1555 1472 non
1569 1444 1624 1471 vim
1638 1448 1738 1472 etsen-

953 1500 1013 1520 sum
1030 1492 1192 1522 verborum.
1211 1491 1259 1519 sed
1275 1491 1358 1518 verba
1373 1491 1430 1526 ipsa
1444 1491 1478 1518 ab
1492 1491 1669 1526 Evangelista
1685 1499 1736 1518 ne-

113 1533 199 1560 tcntia
216 1534 387 1562 subvertitur
396 1541 424 1562 et
444 1543 494 1569 pro
509 1536 714 1571 conjunctione,
731 1544 792 1571 quae
815 1537 900 1565 dubia
912 1547 934 1577 α
951 1539 1020 1574 gari,
1049 1537 1149 1566 deinde
1164 1542 1193 1565 et
1215 1538 1253 1565 sic
1275 1537 1331 1565 uola
1353 1536 1510 1573 signiﬁcare
1523 1539 1564 1565 sic
1582 1537 1650 1564 velle
1672 1544 1735 1564 eum

114 1583 168 1611 est,
181 1578 342 1607 adverbium
356 1579 474 1608 eiiicitur
488 1580 651 1618 aliirmandi.
662 1581 740 1615 Quod
749 1589 814 1610 vero
822 1590 899 1617 atque

114 1624 185 1652 bene
200 1624 314 1653 Latinus
330 1633 420 1654 sermo
435 1635 465 1655 se
479 1627 589 1662 habeat,
603 1629 773 1663 argumentis
785 1629 901 1664 quibus-

115 1670 177 1698 dam
191 1672 282 1699 conati
296 1676 361 1700 sunt
375 1674 534 1707 ostendere,
552 1681 612 1709 quae
629 1675 751 1703 breviter
772 1676 824 1703 hoc
837 1676 899 1704 loco

116 1717 260 1745 referenda
273 1719 498 1754 existimavimus,
514 1725 542 1748 et
560 1721 594 1748 ad
606 1722 777 1756 ea'quanlum
791 1722 900 1751 divinus

114 1763 192 1790 favor
209 1765 388 1797 concesserit,
403 1765 636 1800 respondendum.
660 1767 753 1796 Primo
777 1768 851 1796 enim
873 1769 899 1796 id

113 1810 278 1838 auctoritate
292 1810 451 1846 Hieronymi
465 1816 494 1839 et
508 1812 653 1848 Augustini
671 1819 700 1841 et
716 1814 832 1841 aliorum
849 1814 900 1842 La-

114 1854 233 1882 tinorum
248 1855 391 1884 doctorum
408 1857 583 1891 conﬁrmant,
600 1867 670 1894 quos
682 1867 715 1887 eo
729 1861 757 1887 in
772 1861 830 1888 loco
843 1869 897 1888 non

110 1904 144 1934 si,
162 1903 209 1930 sed
221 1904 270 1937 sic,
283 1904 428 1939 scripsisse
444 1910 472 1933 et
487 1905 524 1932 ita
539 1913 600 1933 eam
617 1912 720 1940 partem
738 1910 898 1943 exposuisse

113 1954 231 1977 constat.
253 1950 309 1977 Hos
323 1951 396 1978 enim
414 1959 470 1979 non
482 1956 524 1979 est
543 1952 692 1980 verisimile
711 1958 740 1980 et
755 1954 897 1982 veritatem

112 1992 235 2026 latuisse,
267 1996 313 2030 qui
337 2001 365 2023 et
387 1997 568 2032 sapientiores
594 1999 675 2026 nobis
697 2000 774 2028 fuere
791 2005 819 2027 et
843 2008 897 2027 non

113 2040 194 2067 modo
207 2040 320 2073 Latinae,
343 2042 390 2070 sed
412 2044 494 2071 etiam
511 2044 612 2073 Graeca:
634 2045 733 2080 linguae
749 2046 897 2080 doctiores,

113 2086 223 2120 quando
234 2088 384 2121 prmsertim
398 2093 460 2116 ante
469 2089 590 2124 ipsorum
603 2099 713 2126 quoque
725 2096 831 2119 atatem
842 2099 898 2119 non

112 2132 144 2165 si,
162 2132 210 2159 sed
227 2134 264 2159 sic
279 2134 352 2167 apud
376 2133 489 2162 Latinos
513 2136 644 2171 scriptum
661 2137 745 2164 fuisse
772 2137 897 2165 animad-

112 2179 238 2207 vertitur.
256 2179 320 2207 Post
336 2180 395 2208 liaac
403 2187 539 2215 asserunt,
551 2182 619 2210 nihil
634 2183 660 2209 in
671 2181 746 2210 sacra
756 2183 896 2218 Scriptura

113 2224 299 2253 innovandum
319 2235 390 2260 esse,
409 2228 600 2263 praecipueque
621 2229 647 2255 in
675 2229 831 2264 Evangelio,
851 2231 895 2257 ubi

112 2272 153 2300 vel
174 2281 258 2300 unum
276 2274 393 2308 apicem,
409 2278 457 2301 aut
474 2282 557 2302 unum
577 2275 632 2302 iota
650 2275 796 2303 immutare.
821 2276 898 2303 nefas

112 2323 162 2346 est.
187 2319 303 2346 Daretur
319 2320 392 2347 enim
418 2320 470 2347 hoc
496 2321 577 2348 modo
601 2320 716 2348 facultas
744 2321 898 2348 volentibus

115 2364 284 2400 Scripturam
306 2373 412 2393 sacram
426 2373 616 2401 corrumpere,
628 2367 699 2400 quod
717 2367 793 2394 nullo
816 2368 897 2395 modo

113 2415 155 2437 est
175 2411 402 2445 permittendum.
417 2412 485 2439 Cum
505 2412 588 2447 igitur
602 2413 673 2448 apud
688 2412 800 2441 Latinos
809 2413 896 2440 Evan-

112 2457 215 2492 gelium
232 2457 272 2484 sic
288 2457 397 2489 habeat,
412 2459 498 2486 asseri
514 2459 595 2486 aliter
607 2460 743 2487 mutarive
765 2460 824 2487 sine
841 2459 897 2487 cri-

113 2504 186 2531 mine
212 2511 266 2530 non
293 2511 383 2538 posse.
400 2503 532 2532 Prtcterca
565 2506 589 2532 si
614 2506 834 2541 conjunctionem
857 2506 898 2532 in-

112 2548 212 2582 quiunt
243 2548 393 2582 aliquando
418 2548 589 2581 alIirmative,
613 2557 812 2585 nonnunquam
832 2557 899 2576 vero

113 2597 140 2621 et
150 2593 303 2621 dubitative
317 2593 418 2628 accipi,
434 2598 462 2620 et
479 2601 540 2621 cum
556 2595 684 2630 praesenti
701 2595 742 2622 vel
758 2595 898 2630 praeterito

114 2641 264 2668 indicativo
288 2641 456 2677 adjungitur,
474 2649 535 2676 qua:
555 2646 677 2677 tempora
697 2642 816 2670 certiora
833 2645 899 2668 sunt

114 2693 140 2715 et
152 2687 230 2722 quasi
247 2687 456 2715 determinatam
480 2695 537 2714 rem
562 2692 708 2723 notamque
732 2687 898 2723 signiﬁcant,

115 2731 276 2760 aﬂirmalive
291 2733 361 2767 capi,
377 2740 439 2759 cum
459 2740 524 2759 vero
537 2733 713 2768 Subjnnetivo
731 2733 897 2766 adnectitur,

115 2778 276 2807 dubitative.
291 2778 368 2811 Quod
384 2779 406 2806 si
433 2779 676 2815 tutiirojungatur,
701 2785 763 2808 tunc
786 2785 898 2815 propter

151 2875 159 2889 ⁸
176 2873 256 2903 Joau.
274 2873 386 2907 “1,22,
404 2873 461 2901 23.-

952 1592 1074 1617 manere,
1099 1583 1148 1612 sed
1163 1583 1284 1611 voluisse
1307 1583 1447 1612 Christum
1471 1583 1674 1618 reprehendere
1688 1583 1739 1610 Pe-

954 1636 1039 1664 trum,
1051 1631 1138 1659 veluti
1156 1630 1401 1665 quaeritabundum
1415 1630 1449 1658 de
1463 1629 1507 1658 his
1524 1637 1586 1664 quae
1601 1629 1635 1656 ad
1647 1637 1677 1657 se
1688 1629 1740 1656 mi-

951 1677 1028 1704 nime
1051 1677 1233 1712 pertinerent.
1251 1675 1429 1705 Concludunt
1450 1683 1517 1711 ergo
1533 1676 1662 1711 iniuriam
1678 1675 1737 1703 ﬁeri

951 1723 1110 1758 Evangelio,
1125 1723 1147 1750 si
1163 1723 1227 1758 quis
1242 1723 1317 1750 hunc
1332 1723 1425 1751 locum
1439 1726 1538 1754 mutet,
1551 1721 1739 1749 moriendum-

951 1779 1005 1806 que
1020 1771 1112 1805 potius
1126 1777 1187 1798 esse
1201 1778 1283 1805 quam
1299 1770 1355 1798 tale
1375 1770 1479 1805 aliquid
1496 1769 1656 1797 tentandum
1668 1777 1674 1801 ;
1686 1776 1737 1796 nec

952 1816 1053 1843 debere
1065 1823 1232 1850 quemquam
1251 1815 1422 1842 catholicum
1440 1814 1543 1849 putari,
1559 1815 1606 1848 qui
1626 1817 1736 1846 mutan-

951 1862 1013 1889 dam
1033 1862 1109 1889 hanc
1126 1860 1267 1896 Evangelii
1294 1861 1487 1888 auctoritatem
1506 1859 1658 1892 existimet,
1674 1866 1739 1885 ceu—

951 1907 1124 1942 sendumque
1141 1914 1203 1933 eum
1220 1907 1268 1941 qui
1282 1906 1309 1933 id
1326 1913 1411 1933 ausus
1427 1905 1521 1938 fuerit,
1537 1906 1621 1932 etiam
1644 1904 1737 1940 pejora

950 1953 1088 1980 facturum
1104 1953 1198 1980 addita
1218 1952 1243 1979 ei
1261 1952 1426 1979 auctoritate
1438 1954 1521 1984 atque
1532 1951 1665 1985 potentia.

986 1998 1048 2026 Haec
1062 1998 1173 2033 quidem
1192 1997 1242 2024 illi.
1264 1997 1318 2024 Nos
1328 2005 1394 2024 vero
1405 1998 1437 2024 ad
1455 2005 1487 2024 ea
1501 1997 1577 2024 hunc
1587 1997 1614 2023 in
1624 1996 1735 2026 modum

950 2039 1165 2079 respondemu‘s.
1190 2041 1307 2077 Oportet
1321 2042 1395 2070 enim
1411 2043 1457 2077 qui
1474 2042 1574 2076 aliquid
1592 2050 1625 2069 ex
1639 2049 1691 2068 una
1709 2043 1735 2069 in

949 2090 1030 2117 aliam
1048 2088 1177 2116 transfert
1191 2089 1322 2124 linguam,
1345 2093 1371 2115 et
1399 2088 1520 2123 linguam
1547 2088 1632 2121 ipsam
1656 2095 1737 2114 nosse

950 2143 1033 2170 quam
1053 2134 1195 2164 transfert.
1209 2138 1236 2160 et
1253 2133 1314 2168 ejus
1330 2141 1385 2160 non
1405 2133 1485 2159 modo
1506 2132 1649 2160 sententiis
1665 2132 1737 2159 veri-

951 2187 1045 2213 tatem,
1060 2180 1108 2208 sed
1120 2180 1202 2208 etiarn
1219 2179 1304 2207 verba
1322 2179 1356 2206 de
1366 2179 1459 2206 verbis
1475 2179 1642 2214 exprimere,
1653 2178 1736 2213 idque

952 2227 1104 2263 praesertim
1125 2227 1154 2254 in
1173 2226 1259 2254 sacris
1274 2226 1387 2257 litteris,
1405 2225 1451 2252 ubi
1472 2233 1527 2252 non
1547 2224 1628 2252 modo
1652 2225 1735 2252 verba

952 2273 1011 2308 ipsa
1028 2272 1178 2304 custodiri,
1200 2272 1248 2299 sed
1265 2272 1332 2299 ordo
1347 2279 1457 2306 quoque
1469 2271 1630 2304 verborum,
1647 2270 1736 2306 quoad

952 2320 1012 2355 ejus
1029 2319 1085 2346 ﬁeri
1099 2322 1201 2354 potest,
1225 2317 1332 2345 servari
1348 2317 1440 2345 debet.
1463 2317 1603 2352 Siquidem
1618 2317 1644 2343 in
1660 2324 1737 2344 sacra

954 2364 1098 2399 Scriptura
1117 2363 1199 2390 etiam
1214 2363 1281 2390 ordo
1299 2363 1356 2397 ipse
1373 2363 1533 2394 verborum,
1553 2367 1583 2389 ut
1607 2362 1738 2396 Hierony—

952 2418 1015 2438 mus
1028 2409 1060 2436 ad
1085 2409 1290 2437 Pammachium
1319 2409 1444 2436 scribens
1460 2409 1560 2443 inquit,
1575 2407 1734 2443 mysterium

951 2462 993 2486 est
1008 2466 1016 2490 ;
1044 2457 1230 2493 periculosum
1255 2460 1298 2484 est
1319 2456 1392 2483 enim
1409 2455 1512 2490 aliquid
1527 2456 1552 2481 in
1567 2462 1599 2481 ea
1617 2458 1734 2486 mutare,

951 2504 1004 2531 nisi
1021 2503 1176 2538 proprietas
1190 2502 1299 2537 linguae,
1323 2502 1350 2528 in
1369 2508 1449 2536 quam
1464 2501 1493 2527 tit
1508 2500 1662 2533 translatio,
1674 2504 1735 2526 tan-

952 2555 1006 2576 tam
1021 2549 1131 2576 interim
1146 2548 1346 2576 observantiam
1360 2555 1414 2574 non
1433 2547 1567 2582 patiatur;
1585 2552 1649 2573 tunc
1661 2545 1735 2573 enim

951 2595 1016 2622 licet
1031 2595 1203 2622 diversorum
1219 2594 1366 2621 verborum
1381 2593 1484 2619 ambitu
1505 2592 1630 2619 eamdem
1648 2591 1737 2618 ﬁdeli-

953 2645 993 2667 ter
1005 2643 1203 2674 repratsentarc
1215 2639 1392 2666 sententiam.
1407 2637 1460 2665 Sed
1481 2637 1534 2664 hoc
1551 2637 1577 2663 in
1591 2636 1736 2671 prmsentia

950 2677 1050 2714 locum.
1062 2694 1117 2713 non
1135 2686 1227 2713 habet.
1241 2686 1310 2713 Cum
1331 2685 1388 2712 tunc
1404 2685 1440 2712 ita
1463 2684 1527 2716 sint,
1544 2683 1610 2711 illud
1624 2690 1736 2718 quoque

949 2733 1169 2761 animadvertere
1188 2732 1327 2763 convenit,
1355 2731 1426 2765 quod
1452 2731 1516 2758 licet
1541 2730 1734 2757 nonnullorum

949 2779 1042 2814 opinio
1054 2779 1147 2812 fuerit,
1162 2780 1276 2818 beatum
1296 2777 1428 2804 Joannem
1446 2777 1646 2813 Evangelistam
1664 2785 1733 2806 non-
