1916 3066
157 120 212 153 627

637 125 892 158 BESSARIONIS
923 128 953 158 S.
970 130 1006 161 R.
1027 129 1059 167 Ε.
1082 128 1313 160 CARDINALIS

1739 128 1798 160 628

159 179 226 206 dum
239 179 294 206 vita
309 179 436 207 functum
450 188 522 214 esse,
539 182 587 209 sed
604 183 758 211 secundum
775 185 877 214 Christi
899 187 948 214 ad-
960 189 983 219 Α
1000 187 1175 215 traductione
1200 188 1337 215 catholica
1363 191 1456 214 utatur
1482 187 1614 214 Ecclesia.
1632 187 1717 221 chat
1742 187 1795 221 qui

161 229 273 252 ventum
286 225 406 252 vivendo
421 227 586 260 praestolari,
603 236 668 256 vera
684 233 774 258 tamen
790 236 948 259 sanctorum

160 270 306 298 doctorum
329 272 465 300 sententia
481 277 534 307 est,
550 278 700 302 mortuum
716 281 778 304 eum
808 285 879 309 esse.
895 286 949 306 non

161 321 254 344 tamen
273 325 323 352 per
340 319 512 354 martyrium,
533 326 585 348 nec
603 321 764 350 inﬁrmitate
784 323 876 357 primo
892 332 950 351 nta—

160 369 294 396 ceratum,
312 364 355 391 vel
368 365 465 391 mortis
480 364 575 394 dolore
591 372 619 394 et
633 368 760 402 angustia
773 373 949 404 oppressum,

157 407 209 436 sed
235 416 282 436 sua
308 412 416 443 sponte,
433 409 498 436 dum
519 416 603 439 sanus
620 417 703 445 esset,
729 411 762 440 ad
781 415 950 449 sepulcrum,

161 454 222 488 ejus
236 454 366 487 iussione
380 463 429 489 per
453 455 603 491 discipulos
628 457 745 491 fessum,
764 459 950 491 descendisse,

162 499 296 533 jacuisse,
315 500 442 535 spiritum
458 501 582 530 Creatori
599 502 755 532 reddidisse
771 510 799 532 et
811 505 845 532 ad
858 512 952 540 patres

161 546 315 579 appositum
332 546 427 574 fuisse.
443 547 552 583 Legant
567 551 615 583 qui
634 551 732 577 volunt
752 547 951 587 Hieronymum

164 592 191 617 in
207 591 342 626 Prologis,
367 597 422 620 tum
442 592 512 630 ejus,
527 592 561 622 de
573 601 627 629 quo
644 595 795 630 loquimur,
806 595 951 632 Evangelii

163 638 287 670 Joannis,
299 645 357 666 tum
375 640 437 668 libri
454 641 645 678 Apocalypsis,
661 643 740 678 cujus
750 649 781 670 ea
794 645 951 671 suntvcrba

163 685 224 716 qnzé
252 684 332 711 modo
355 686 510 714 retulimus.
531 686 636 722 Legant
662 688 845 723 Augustinum
870 697 954 724 super

163 729 268 758 Joanne
286 731 330 758 ubi
346 731 379 759 dc
397 733 448 759 hac
461 734 616 767 quaestione
632 734 733 769 agitur.
749 735 854 771 Legant
867 732 953 772 Chry-

166 781 316 802 sost-omutn
331 777 357 804 in
376 778 470 806 multis
487 779 567 811 locis,
585 785 756 815 creterosque
785 782 958 816 quampluri-‘

165 829 223 848 mos
248 827 276 849 et
297 829 360 849 eum
376 828 424 857 .tot
447 826 586 860 tantisque
614 824 776 854 doctoribus
797 824 870 854 idem
902 828 952 863 ipsi

1002 235 1059 261 vult
1084 235 1143 269 ejus
1165 234 1198 261 ad
1222 234 1427 262 Pammachium
1442 235 1473 261 de
1485 235 1582 268 optimo
1597 241 1690 269 genere
1707 234 1797 259 inter—

1002 279 1125 313 pretandi
1138 279 1279 314 epistolas,
1295 278 1328 306 ad
1346 278 1502 306 Marcellum
1519 282 1610 304 contra
1629 277 1798 303 detractare;

1002 333 1074 358 suos,
1096 324 1260 352 ad.beatum
1282 324 1464 359 Augustinum
1490 322 1708 358 quamplurimas
1730 321 1798 356 ejus

1003 368 1187 400 defensiones,
1215 373 1242 396 et
1258 368 1294 395 ita
1312 375 1372 395 esse
1396 367 1541 402 intelliget.
1568 365 1639 400 Quid
1663 372 1731 393 vero
1757 365 1796 391 ad

1004 415 1148 442 Damasum
1167 413 1325 448 pontiﬁcem
1349 413 1500 440 Romanum
1526 412 1553 439 in
1568 412 1727 447 praefatione
1749 419 1800 438 su-

1004 467 1052 494 per
1067 458 1225 486 lilatthzeum
1240 459 1351 490 scribat,
1369 457 1390 484 si
1408 457 1487 490 libet,
1502 458 1655 485 videamus.
1671 457 1798 488 Novutn,

1004 505 1103 539 inquit,
1116 513 1185 539 opus
1195 512 1237 532 me
1249 505 1338 532 facere
1352 503 1426 538 cogis
1435 511 1467 530 ex
1479 503 1575 535 veleri,
1586 508 1614 530 et
1626 508 1689 539 post
1698 510 1799 531 exem-

1005 549 1089 585 plaria
1113 549 1319 585 Scripturarnm
1337 555 1393 576 toto
1415 549 1482 577 orbe
1499 549 1611 579 ditiusa.
1634 547 1714 583 quasi
1730 548 1799 582 qui-

1005 596 1067 622 dam
1086 594 1191 623 arbiter
1205 596 1325 628 sedeam,
1342 603 1370 623 ct
1386 597 1449 631 quia
1463 596 1536 622 inter
1552 603 1582 623 se
1599 594 1716 626 variant,
1729 592 1798 628 'qna:

1005 647 1069 668 sunt
1083 641 1128 669 illa
1144 650 1203 676 qua:
1217 650 1278 668 cum
1292 642 1386 669 Graeca
1398 641 1586 674 consentiant,
1602 642 1717 668 veritate
1733 641 1794 667 dis-

1005 694 1126 714 cernam.
1143 687 1163 714 E.
1192 688 1294 722 quibus
1309 687 1436 714 omnibus
1452 688 1512 714 luce
1534 687 1637 714 clarius
1668 690 1796 720 apparot,

1005 731 1134 764 iiceatne,
1152 736 1180 759 et
1199 732 1272 766 pintn
1295 740 1328 759 an
1358 733 1436 760 nefas
1452 733 1486 760 sit
1504 740 1608 759 sacram
1622 731 1797 766 Scripturam

1006 786 1039 805 ex
1054 778 1105 805 alia
1123 779 1281 806 translatam
1297 779 1389 814 lingua
1401 779 1434 806 ad
1446 779 1587 814 originalis
1601 778 1711 812 littgum,
1723 778 1800 804 unde

1006 823 1131 851 traducta
1149 829 1203 855 est,
1223 825 1365 852 veritatem
1383 825 1525 852 reducere.
1549 825 1613 851 Post.
1625 824 1681 851 haec
1693 831 1801 850 memo-

164 874 275 901 qtroque
287 868 405 896 sentiant
426 869 468 903 (ut
480 868 520 898 fas
535 870 599 905 est).
614 871 681 898 Nam
699 871 752 899 etsi
767 871 852 908 aliqui
866 881 900 901 ex
911 881 953 901 re—

1012 869 1046 896 ria
1067 871 1214 904 repetenda
1229 875 1306 902 sunt,
1332 879 1392 905 qua:
1414 871 1500 898 sancti
1527 872 1655 898 doctores
1682 870 1714 897 de
1736 878 1801 904 pro-

165 913 336 941 centitribns
347 914 427 941 aliter
441 916 588 950 senserint,
610 915 734 945 nonnulli
750 923 840 946 tamen
856 928 888 946 ex
902 919 953 953 eis,

165 965 193 985 et
208 960 225 985 ii
240 961 351 994 quidem
369 962 443 988 inter
458 961 520 989 illos
532 963 670 991 doctiores
686 962 785 997 habiti,
796 964 850 993 illis
861 971 955 1001 aperte

169 1006 375 1039 Contradicnnt,
402 1014 498 1035 eorum
515 1016 586 1043 quos
596 1009 719 1037 diximus
735 1010 879 1038 doctorum
893 1013 955 1040 seu:

167 1051 280 1077 tentiam
296 1054 453 1086 probantes,
470 1058 497 1081 et
513 1059 646 1090 quantum
666 1055 694 1082 in
710 1057 750 1084 eis
762 1060 816 1090 est,
834 1057 868 1084 de
884 1066 955 1085 novo

165 1097 328 1131 rxcv'gitn'ti‘s
353 1099 750 1136 ratiorribus-corrob0rantes.,
768 1103 837 1131 adeo
849 1109 887 1132 ut.
899 1104 955 1132 haec

167 1148 324 1170 mut-torum
340 1144 374 1172 de
388 1151 474 1174 morte
487 1147 603 1176 Joannis
617 1149 711 1183 opittio
732 1155 779 1177 aut
793 1153 954 1179 necessaria

167 1188 201 1214 sit
223 1191 249 1214 et
273 1191 347 1217 omni
375 1189 548 1220 dubitatione
572 1198 682 1227 carens,
709 1200 757 1222 aut
772 1187 795 1223 si
809 1196 892 1224 dubia
908 1197 954 1229 sit,

167 1235 238 1268 apud
254 1235 435 1269 paucissimos
448 1238 484 1266 sit
497 1238 591 1273 dubia,
614 1241 686 1275 quod
703 1247 730 1269 et
750 1243 824 1276 pium
852 1251 906 1270 non
921 1244 956 1271 sit

167 1281 214 1306 tlul
227 1281 304 1309 itare.
320 1280 422 1311 Tamen
440 1285 675 1321 utdisputationis
691 1290 778 1323 gratia
798 1291 823 1317 in
838 1299 957 1324 pr:escn-

168 1327 204 1353 tia
230 1330 407 1363 concedatur,
428 1331 494 1359 illud
517 1339 592 1361 certe
615 1335 790 1362 manifestum
812 1341 863 1368 est,
885 1346 955 1364 mor-

169 1378 245 1400 tuum
262 1380 322 1402 esse
333 1373 479 1411 Joannem,
500 1378 565 1413 plus
588 1380 656 1407 certi
670 1381 774 1415 habere
799 1391 880 1417 quam
896 1392 956 1410 am-

168 1419 242 1455 bigui
262 1417 376 1449 :ViVer‘e
395 1428 472 1457 vero,
495 1425 564 1452 certi
590 1425 671 1459 nihil,
691 1427 738 1457 sed
756 1428 879 1463 ambigui
898 1430 957 1464 pln-

170 1467 280 1500 rimutn,
302 1475 364 1495 cum
379 1468 471 1496 nullus
486 1477 518 1497 ex
529 1471 629 1506 priscis
644 1470 776 1501 Patribus
799 1476 957 1510 sanctisque

169 1510 329 1541 doctoribus
340 1515 366 1542 id
377 1511 501 1543 afﬁrmet.
513 1514 656 1545 Neminem
669 1525 800 1553 praetcrea
814 1521 899 1548 latere
911 1523 958 1550 de-
973 1530 994 1561 α

170 1558 225 1590 bet,
244 1564 338 1586 sacros
354 1560 440 1587 libros
462 1557 568 1589 Veteris
583 1559 709 1598 Novique
734 1562 900 1593 Testamenti
925 1565 959 1594 ab

170 1604 238 1638 ipsis
253 1604 385 1632 Ecclesiae
401 1605 542 1634 nascentis
557 1609 679 1636 exordiis
690 1610 762 1644 apud
780 1610 890 1638 Latinos
903 1617 958 1640 tum

171 1658 202 1677 ex
215 1649 331 1678 ﬂrbrmo
341 1656 374 1678 ut
389 1657 507 1684 veteres.
522 1657 579 1680 tum
592 1661 607 1681 e
624 1653 730 1687 Graeco,
748 1659 778 1682 ut
790 1661 817 1683 et
835 1665 921 1684 nevos
933 1663 960 1685 ct

171 1701 292 1728 Veteres,
306 1704 358 1732 per
370 1698 550 1733 Septuaginta
569 1700 737 1736 Interpreles
762 1703 852 1730 editos
876 1703 961 1732 fuisse

172 1742 254 1777 longo
272 1748 336 1770 ante
350 1742 550 1780 i’lict‘onym‘um
561 1750 697 1781 tempore,
716 1750 847 1777 trecentis
858 1751 962 1778 scilicet

173 1793 201 1815 et
218 1789 336 1823 amplius
349 1790 440 1823 annis,
453 1798 506 1826 qua
521 1791 643 1820 editione
654 1799 747 1821 sancta
763 1793 857 1823 Latina
871 1797 963 1824 Eccle-

174 1834 214 1862 sia
231 1840 297 1862 tunc
312 1837 452 1869 utebatur,
468 1843 584 1872 eamque
599 1842 705 1867 veteres
724 1841 890 1868 sanctissimi
914 1842 962 1869 do-

170 1885 274 1915 etores,
286 1881 449 1917 Cyprianus,
461 1883 592 1916 Hilarius,
601 1885 783 1920 Augustinus,
797 1885 963 1924 llicronymo

175 1933 340 1961 comtaneus,
363 1929 419 1956 imo
433 1937 499 1956 vero
520 1930 568 1957 illo
589 1938 655 1959 sane
671 1931 728 1966 ipse
744 1933 865 1968 juvenis,
880 1942 964 1969 ettpo-

171 1980 268 2002 suere.
288 1975 391 2003 Multos
402 1980 535 2011 praeterea
546 1976 633 2005 fuisse
648 1985 791 2006 sacrarum
809 1980 962 2007 liltcrarlttn

174 2029 189 2048 c
200 2021 293 2050 Graeco
310 2025 337 2050 in
354 2023 485 2051 Latinum
501 2025 678 2059 interpretes,
699 2031 816 2054 testatur
832 2029 964 2064 Augusti-

175 2076 227 2095 nus
247 2069 377 2097 in~tertio
403 2071 438 2098 De
456 2071 578 2098 doctrina
600 2072 753 2100 Christiana
775 2075 856 2107 libro,
871 2076 908 2102 ita
923 2077 964 2102 itt-

176 2122 263 2149 quens
280 2123 286 2142 :
303 2115 355 2149 Qui
371 2120 444 2144 enim
462 2117 635 2153 Scriplttrant
659 2128 691 2147 ex
713 2119 827 2148 llebrtea
850 2122 876 2148 in
892 2122 964 2149 Lati-

175 2168 238 2186 natn
268 2167 413 2189 verterunt
436 2163 569 2199 linguam,
591 2166 731 2192 numerari
759 2171 889 2200 possunt;
917 2168 963 2201 qui

1006 914 1089 942 fundo
1107 916 1306 951 tnnltipliciqtte
1316 925 1454 944 sacrarum
1469 917 1672 951 Scriptttrarum
1691 916 1802 943 iutellc—

1007 964 1051 988 ctu
1065 961 1215 995 edixerint,
1227 968 1328 997 quanta
1342 962 1376 990 de
1393 963 1467 990 varia
1477 963 1598 997 ejusdem
1610 962 1674 989 dicti
1689 961 1802 995 exposi-

1007 1007 1082 1034 tione
1090 1015 1144 1034 non
1157 1009 1236 1035 modo
1249 1009 1383 1040 sentiunt,
1396 1014 1492 1036 verum
1502 1009 1584 1035 etiam
1599 1009 1797 1043 prmseferunt,

1006 1057 1176 1087 exponentes
1197 1061 1245 1080 eas
1261 1050 1463 1088 multiplicibus
1478 1054 1619 1088 variisque
1639 1053 1800 1081 sententiis.

1007 1095 1077 1124 Hinc
1092 1103 1133 1125 cst
1146 1099 1219 1133 quod
1241 1105 1363 1126 sanctam
1383 1099 1557 1135 Scripturam
1580 1099 1802 1135 prol‘undissimo

1008 1151 1167 1178 comparant
1185 1146 1289 1181 pelago,
1303 1154 1335 1173 ex
1350 1145 1615 1181 quoquantumlibct
1628 1154 1705 1180 :tqu.e
1725 1145 1798 1172 itau-

1009 1189 1072 1220 rias,
1090 1189 1150 1224 plus
1168 1193 1258 1217 tamen
1267 1199 1372 1226 semper
1391 1194 1433 1219 est
1448 1193 1521 1227 quod
1536 1196 1674 1227 superest.
1691 1192 1798 1218 Idcirco

1008 1241 1068 1261 cam
1086 1240 1214 1262 asserunt
1228 1236 1323 1271 plures
1339 1237 1520 1272 diversasque
1536 1237 1727 1272 expositiones
1737 1245 1800 1263 sus-

1008 1281 1111 1315 cipere,
1129 1289 1224 1310 omnes
1245 1287 1334 1311 tamen
1350 1291 1440 1312 veras.
1455 1284 1511 1311 Hoc
1527 1288 1616 1311 autem
1632 1283 1701 1310 adeo
1715 1283 1801 1317 pleri-

1009 1335 1062 1361 que
1081 1336 1176 1356 omnes
1192 1328 1328 1356 allirmant
1343 1325 1472 1358 Ecclesia:
1497 1330 1635 1362 doctores,
1653 1335 1682 1357 ut
1700 1338 1800 1364 super-

1009 1380 1157 1400 vacaneuru
1169 1374 1246 1401 sitad
1259 1375 1285 1401 id
1299 1375 1467 1409 probandum
1482 1381 1564 1403 testes
1573 1376 1800 1410 adduceremrae-

1009 1418 1103 1445 scrtim
1122 1419 1250 1447 bretitati
1273 1421 1457 1448 studentibus.
1480 1422 1622 1457 Postremo
1634 1420 1699 1448 illud
1709 1422 1802 1449 scien-

1010 1463 1074 1490 dum
1090 1466 1321 1501 est.cxemplaria
1337 1467 1425 1494 tribus
1441 1468 1528 1495 modis
1539 1468 1685 1503 depravari
1697 1468 1797 1501 solere,

1011 1513 1192 1547 appositione,
1215 1519 1262 1541 aut
1282 1515 1508 1547 commutatione,
1529 1521 1579 1544 aut.
1599 1516 1798 1543 subtractione.

1012 1559 1188 1594 Appositione
1214 1561 1335 1596 quidem.
1350 1569 1412 1589 cum
1439 1570 1489 1597 pro
1511 1563 1628 1590 arbitrio
1652 1568 1747 1590 nostro
1773 1563 1798 1591 id

1012 1605 1139 1639 supplere
1156 1606 1282 1633 volumus
1296 1606 1322 1633 in
1336 1607 1497 1643 Scripturis.
1519 1610 1591 1643 quod
1605 1609 1797 1644 imperfectum

1015 1657 1046 1677 ac
1059 1652 1150 1678 minus
1165 1654 1311 1679 continens
1327 1653 1527 1694 existimamus,
1542 1656 1612 1682 sicut
1626 1660 1668 1682 est
1688 1656 1714 1682 in
1728 1655 1800 1683 libro

1011 1695 1128 1731 Regum,
1153 1694 1198 1725 ubi
1225 1705 1286 1725 cum
1303 1704 1435 1727 tractatur
1460 1700 1493 1728 de
1508 1702 1628 1728 secunda
1652 1702 1800 1729 ditl'usione

1011 1739 1217 1770 Philistinorum
1238 1744 1264 1771 in
1284 1745 1352 1772 valle
1371 1746 1515 1780 Rapltaim,
1539 1747 1656 1774 infertur
1677 1749 1801 1776 :Consu-

1015 1787 1064 1815 lin?
1080 1792 1169 1816 autem
1186 1789 1270 1817 David
1287 1789 1442 1825 Dominum,
1461 1797 1488 1819 ct
1504 1793 1530 1820 in
1547 1794 1711 1828 quibusdam
1727 1804 1800 1823 uten-

1015 1834 1088 1860 dosis
1101 1835 1243 1863 codicibus
1255 1837 1377 1864 additum
1395 1839 1544 1872 reperitur,
1561 1840 1589 1866 Si
1604 1841 1746 1868 ascendam
1765 1843 1800 1869 ad

1018 1880 1179 1914 Pliilistium,
1202 1886 1225 1908 ct
1254 1883 1329 1909 dabis
1358 1892 1400 1910 eos
1416 1885 1442 1911 in
1463 1893 1544 1911 manu
1566 1894 1624 1912 mea
1640 1887 1659 1920 ί,
1678 1888 1751 1921 quod
1775 1890 1800 1915 in

1014 1926 1131 1955 Hebralo
1155 1929 1229 1956 fonte
1249 1938 1302 1957 non
1318 1931 1466 1965 reperitur,
1486 1931 1563 1966 juxta
1581 1940 1677 1959 eorum
1692 1939 1801 1961 senten-

1016 1974 1094 2005 tiam,
1111 1975 1157 2009 qui
1179 1983 1238 2002 eam
1264 1976 1385 2010 linguam
1399 1977 1524 2011 apprime
1539 1978 1649 2005 callent.
1671 1979 1723 2006 Sed
1737 1980 1801 2014 quia

1016 2021 1043 2048 in
1061 2022 1149 2056 prima
1165 2022 1377 2050 Pitilistinornm
1394 2023 1540 2051 tliil‘usione
1555 2025 1666 2059 legitur,
1682 2026 1725 2053 hic
1735 2035 1801 2061 quo-

1017 2076 1068 2102 que
1088 2068 1211 2104 nonnulli
1230 2076 1344 2097 ccnserc
1357 2070 1515 2097 debuerunt
1526 2072 1716 2105 repetendum.
1730 2072 1763 2100 At
1776 2074 1800 2101 iu

1017 2115 1114 2144 Genesi
1131 2124 1163 2144 co
1179 2118 1206 2144 in
1228 2116 1300 2151 loco,
1319 2117 1364 2144 ubi
1387 2117 1489 2144 dicitur
1505 2127 1511 2144 τ
1528 2118 1620 2145 Nonne
1638 2128 1686 2154 pro
1708 2120 1804 2148 Rachel

1017 2161 1110 2188 servivi
1126 2162 1170 2188 tibi
1182 2161 1194 2188 ?
1206 2171 1288 2197 quare
1303 2163 1453 2196 imposuisti
1469 2164 1572 2190 milti'?
1585 2164 1697 2198 quidam
1711 2174 1804 2200 super-

176 2212 266 2233 ηυιθη,
283 2214 297 2233 e
311 2206 405 2235 amca
421 2209 595 2244 ίηιθι-ρΙ-ριηιί
610 2217 684 2244 sum,
699 2211 874 2239 ηυηοπιοαο.
889 2212 964 2241 nunc
982 2204 1001 2231 Ι)
1018 2206 1071 2234 iltto
1087 2207 1192 2234 addunt
1210 2208 1294 2235 Limn.
1311 2207 1532 2235 Cnmmntationc
1551 2217 1627 2242 vero,
1642 2218 1704 2237 cum
1726 2212 1804 2246 sylla-

169 2252 282 2280 'tantutn
312 2253 479 2289 Scriptorum
505 2258 592 2283 multo
610 2263 670 2292 post
685 2262 809 2292 tempore
834 2266 967 2293 superve—

173 2297 256 2332 niens
271 2297 463 2334 Hieronymus,
483 2302 607 2336 egregius
623 2300 726 2334 doctor,
740 2302 831 2329 denuo
846 2309 965 2331 veterem

172 2351 209 2373 px
227 2339 349 2376 Hebraeo,
368 2352 465 2372 novam
483 2353 497 2373 e
510 2345 606 2372 (Σιπυςο
622 2346 696 2372 fonte
717 2346 852 2379 traduxit;
872 2349 965 2382 quain

176 2398 209 2423 re
226 2389 274 2418 etsi
297 2391 390 2418 multis
408 2391 528 2426 prmbuit
542 2391 660 2418 intrandi
680 2397 777 2419 contra
793 2400 821 2420 se
842 2398 965 2427 causam,

179 2436 263 2463 multa
279 2441 369 2464 tamen
392 2438 472 2465 aliter
492 2445 572 2472 quam
589 2438 660 2464 edita
672 2446 687 2464 a
702 2436 842 2472 prioribus
853 2439 965 2468 fuerant

174 2483 303 2516 dictavit,
322 2488 360 2517 et,
380 2488 410 2511 ut
426 2484 484 2520 ipse
511 2484 590 2516 dicit,
614 2484 774 2512 emendavit
798 2490 882 2521 atque
905 2494 967 2514 cor-

177 2530 260 2563 rexit,
274 2539 324 2558 nec
339 2536 451 2559 cmteras
465 2531 553 2559 solum
568 2531 716 2567 Scriptura:
731 2538 833 2566 partes,
846 2533 893 2560 sed
908 2533 966 2568 ipsa

177 2585 290 2612 quoque
311 2577 472 2613 Evangelia.
495 2578 558 2606 112cc
573 2579 646 2605 enim
662 2583 726 2605 sunt
745 2579 804 2614 ejus
818 2580 901 2606 verba
917 2579 965 2606 ad-

179 2632 277 2652 a’ersus
293 2623 462 2652 detracturos
479 2632 555 2658 suos,
571 2633 633 2659 qua:
651 2625 732 2652 modo
749 2625 904 2651 retulimus.
928 2623 966 2651 Ita

181 2677 272 2699 tamen
285 2672 400 2706 probata
415 2672 448 2699 ab
463 2672 593 2700 otnuibus
609 2672 668 2707 ejus
689 2672 836 2699 translatio
856 2671 918 2703 fuit,
937 2676 967 2698 ut

181 2718 307 2752 antiqua,
325 2719 377 2750 vel,
394 2725 423 2745 ut
448 2719 540 2746 verius
556 2719 656 2750 dicam,
683 2724 720 2746 tot
740 2719 861 2752 antiquis
883 2719 965 2744 intcr—

182 2763 385 2796 prolationibus
400 2764 575 2797 oblitteratis,
602 2764 814 2803 Hieronytniana
834 2763 966 2790 duntaxat

224 2855 231 2869 ¹
250 2854 272 2880 ll
299 2854 407 2890 ΗΕΒ-ν,
442 2855 480 2882 l9.
522 2856 529 2870 ²
559 2856 625 2885 Gen.
650 2855 781 2888 xxxx,‘2?i.

823 2855 831 2870 ³
849 2854 935 2882 Exod.
957 2862 1001 2887 xx,
1025 2853 1065 2879 l8.

1017 2251 1115 2279 barum
1140 2259 1188 2279 aut
1211 2254 1329 2287 partium
1354 2252 1535 2281 similitudine
1560 2255 1602 2281 γει
1626 2255 1803 2291 ambiguitate

1018 2299 1141 2334 decepti,
1155 2307 1228 2327 nunc
1251 2299 1422 2326 detrahendo
1438 2299 1554 2334 aliquid,
1581 2308 1653 2327 nunc
1667 2300 1802 2335 addendo,

1019 2346 1157 2372 interdum
1178 2345 1370 2372 autmulando
1382 2345 1415 2372 ad
1434 2344 1520 2372 nostri
1539 2345 1649 2372 arbitrii
1667 2346 1804 2381 conjectu-

1019 2399 1088 2421 ram,
1110 2395 1201 2426 partes
1219 2399 1269 2426 pro
1285 2391 1408 2425 partibus
1422 2391 1570 2422 variantus,
1590 2396 1618 2417 nt
1637 2391 1663 2417 in
1689 2392 1780 2419 Exodo
1796 2402 1801 2420 :

1019 2437 1136 2464 Cunctas
1149 2442 1236 2463 autem
1256 2437 1370 2471 populus
1391 2437 1494 2463 videbat
1511 2445 1583 2463 voces
1599 2438 1619 2470 ³,
1637 2444 1686 2472 pro
1704 2439 1804 2465 videbat

1019 2483 1145 2519 plerique
1158 2484 1280 2510 audiebat
1297 2484 1434 2518 scripsere
1446 2491 1480 2510 eo
1496 2483 1568 2517 quod
1583 2492 1635 2511 rox
1651 2484 1742 2512 audiri
1757 2493 1804 2520 po-

1020 2532 1074 2558 tius
1090 2532 1175 2558 soleat
1187 2539 1267 2566 quam
1282 2531 1380 2557 videri.
1399 2530 1432 2557 Et
1453 2530 1478 2557 in
1494 2530 1606 2563 Genesi,
1628 2531 1694 2558 Cum
1711 2533 1803 2567 Ioseph

1020 2578 1157 2604 duodecim
1173 2581 1238 2604 esset
1255 2585 1387 2604 annorum
1403 2576 1413 2591 ‘
1429 2585 1478 2610 pro
1499 2578 1588 2603 decem
1609 2582 1634 2604 et
1649 2582 1757 2613 septem.
1772 2579 1804 2606 Et

1021 2623 1048 2649 in
1064 2620 1319 2649 Lamentationibus
1327 2621 1453 2649 Jcrcmia:
1467 2630 1516 2657 pro
1524 2622 1638 2649 vastatio
1649 2627 1673 2649 et
1685 2625 1802 2652 contritio

1023 2669 1178 2696 vaticinatio
1195 2673 1219 2694 et
1232 2668 1365 2694 contritio.
1388 2667 1420 2708 Et
1434 2668 1460 2694 in
1477 2668 1560 2695 Amos
1571 2671 1706 2703 propheta
1721 2674 1803 2697 toma-

1022 2724 1076 2741 rcnt
1092 2715 1186 2750 gregis,
1205 2722 1253 2748 pro
1268 2718 1377 2740 tonsura
1395 2714 1472 2749 regis.
1495 2713 1689 2742 Subtractione
1704 2721 1801 2749 autem,

1022 2771 1083 2790 cum
1094 2762 1126 2789 de
1139 2762 1278 2795 Scriptura
1290 2760 1414 2788 minuere
1427 2760 1527 2796 aliquid
1537 2761 1740 2796 praesumimus,
1750 2763 1803 2789 Siltt'.

1106 2852 1114 2868 ‘
1131 2853 1198 2880 Gen.
1217 2860 1319 2886 xxxvii,
1333 2853 1359 2879 ‘2.
