1916 3066
69 167 125 200 629

480 173 521 204 IN
539 174 670 211 ILLUD,
689 181 697 197 ι
723 175 758 204 Si
778 175 859 205 EUM
881 176 977 206 νοω
995 177 1165 212 MANERE,
1187 184 1194 200 ι
1216 177 1295 207 ETC.

1648 175 1702 208 630

70 231 129 258 quo
143 223 243 258 plenus
259 225 442 253 nihilominus
456 227 581 255 redditur
595 227 762 260 intellectus,
779 233 809 255 ut
820 234 862 255 est
876 231 901 260 Α
915 231 1037 258 vitiatam
1056 236 1136 266 atque
1153 232 1332 266 mendosam;
1350 239 1477 267 opusque
1490 239 1551 260 esse
1567 236 1598 260 ut
1613 231 1636 259 is
1646 238 1696 266 qui
1716 229 1719 231 ’

71 270 142 297 illud
161 267 186 297 in
200 268 345 300 Ezechiele
367 273 422 300 :Et
438 274 505 300 dixit
527 273 563 300 ad
577 275 672 308 virum,
692 276 739 310 qui
759 276 864 302 indutu

69 321 131 342 erat
147 315 223 343 lineis
239 322 263 344 et
281 318 317 344 ait
336 319 358 352 ¹,
376 319 427 346 hoc
444 318 517 354 quod
537 314 635 346 ultimo
650 320 771 354 ponitur,
790 321 864 347 scili-

72 367 126 394 cet,
140 368 165 388 et
180 364 228 396 ait,
247 363 269 390 si
300 364 361 398 quis
373 371 552 399 prmsnmeret
569 365 736 398 diminuere,
760 366 866 393 intelle-

71 407 130 434 ctui
155 408 314 437 nullatenus
331 410 486 445 derogaret.
519 411 551 437 Et
577 412 603 438 in
630 407 764 439 Zacharia
782 422 788 439 :
808 412 866 446 Ipse

71 453 212 488 a’di/icabt't
223 456 348 490 templum
357 451 467 483 Domino
477 462 501 484 et
513 461 628 484 exstrue!
638 458 762 492 templum
774 457 866 485 Domi-

71 501 133 533 no',
144 501 217 535 quod
232 506 370 536 postremo
381 504 492 538 ponitur
503 509 527 530 et
541 509 656 531 exstruat
671 505 798 539 tentplum
812 505 864 531 υθ-

71 546 144 573 mino
153 546 187 573 de
204 547 299 575 multis
312 549 511 583 exemplaribus
524 549 674 577 detractum
688 555 738 577 est.
755 545 831 583 Quod
843 549 864 577 si

69 591 134 626 quis
149 592 182 620 de
199 592 242 619 his
252 593 330 628 plura
345 591 645 622 desiderattestimonia
653 599 678 622 et
689 596 770 622 latins
786 603 866 622 nosse

70 638 142 666 hanc
157 647 214 666 rem
227 639 313 674 cupit,
328 639 470 668 Nicolaum
485 641 555 676 legat
571 641 638 668 tituli
654 640 762 669 Damasi
775 641 865 668 diaco-

70 691 137 710 num
153 691 180 711 et
194 684 368 713 bibliotheca:
383 685 597 722 sufiraganeum,
611 687 709 718 virum,
732 692 864 722 quantum

70 730 222 766 intelligere
234 728 310 763 licet.
320 732 576 768 Hebraieaedingua:
589 733 797 768 peritissimum,
807 733 865 768 qui,

71 774 147 802 Lucii
166 778 279 804 secundi
306 778 422 805 Romani
447 779 587 814 pontificis
611 785 743 814 tetnporc,
765 781 797 807 ad
813 778 866 806 Pe-

57 824 143 848 ‘trum
161 822 279 851 basilicas
299 823 391 852 Sancti
408 826 482 852 Petri
499 826 664 854 canonicum
682 827 820 858 scribens,
832 825 866 853 de

70 872 172 895 sancta:
198 868 346 904 Scripturae
375 871 569 898 emendatione
599 872 684 899 multa
723 872 864 900 disseruit.

71 911 155 940 Nobis
169 915 244 941 enim
269 913 456 950 prolixitatem
474 916 654 951 fugientibus,
671 916 739 944 satis
754 918 796 944 est
808 925 862 943 ttno
879 908 901 936 Β

72 959 113 985 vel
146 959 255 988 duobus
285 961 449 989 testimoniis
479 962 550 996 quod
583 962 700 997 probare
725 963 864 994 volumus,

72 1010 207 1038 astruere,
219 1003 350 1034 lectorem
372 1007 519 1043 impigrum
538 1007 570 1035 ad
588 1016 645 1041 cos,
669 1016 682 1034 a
698 1008 798 1042 quibus
814 1016 864 1035 nos

74 1050 131 1078 haec
145 1052 311 1086 sumpsimus
323 1054 537 1081 remittentibus.
552 1051 633 1081 Plura
659 1062 778 1089 namque
790 1050 863 1082 idem

72 1094 202 1125 Nicolaus
214 1097 251 1124 ait
266 1107 272 1125 :
291 1097 425 1126 Lustrans
439 1100 568 1133 armaria,
583 1099 730 1135 nequibant
743 1099 795 1127 hoc
804 1098 863 1126 adi-

72 1143 151 1177 pisci,
174 1144 283 1171 veracia
304 1145 409 1172 scilicet
424 1146 590 1180 exemplaria
604 1145 738 1179 invenire,
758 1146 821 1180 quia
837 1151 865 1173 et

71 1194 132 1222 qua:
150 1192 165 1216 a
182 1189 350 1217 doctissimis
375 1190 440 1217 viris
455 1191 618 1217 dicebauthr
643 1195 778 1224 correcta,
794 1198 864 1217 nuo-

72 1238 182 1269 quoque
195 1234 220 1262 in
241 1243 292 1263 suo
307 1240 388 1263 sensu
399 1236 567 1268 abundante,
579 1237 645 1263 adeo
659 1235 862 1270 discrepabant,

73 1287 103 1309 ut
130 1285 201 1316 pene
226 1283 292 1317 Quot
310 1282 431 1314 codices.
461 1285 500 1309 tot
516 1283 681 1317 exetnpl'aria
700 1284 861 1317 reperirem,

74 1334 161 1361 usque
177 1327 246 1354 adeo
267 1328 350 1354 etiam
369 1327 516 1355 millesimo
536 1327 594 1355 fere
614 1332 677 1362 post
698 1329 862 1362 interpreta-

74 1374 177 1400 tionem
195 1373 357 1409 Hieronymi
371 1378 457 1406 anno,
476 1374 586 1402 codices
605 1381 691 1402 sacra:
712 1375 863 1409 Scripturaé

74 1420 198 1448 mendosi
227 1424 309 1456 atque
337 1421 460 1456 corrupti
487 1427 578 1453 erant,
605 1426 631 1448 et
647 1421 682 1460 i‘t:_i
700 1422 771 1448 inter
786 1430 815 1449 se
836 1422 863 1448 in

73 1466 214 1501 plerisque
227 1461 428 1501 discrepantes,
446 1468 475 1494 ut
489 1474 548 1501 qua:
563 1462 746 1503 Hieronymus
759 1467 790 1494 ad
811 1467 861 1494 Da-

75 1516 181 1539 masum
203 1508 360 1547 Scripsera‘t,
373 1512 470 1540 eadem
487 1513 628 1544 Nicotaus.
643 1515 704 1548 past
719 1516 758 1540 tot
776 1520 864 1540 Juno-

916 283 948 303 ex
965 284 1018 304 una
1038 277 1064 303 in
1081 277 1161 304 aliam
1180 277 1300 312 linguam
1317 275 1418 312 aliquid
1435 278 1575 309 transfert,
1591 285 1651 305 eam
1668 285 1701 305 ex

916 331 969 357 qua
988 323 1018 350 fit
1034 324 1187 356 translatio,
1205 324 1230 351 in
1252 323 1393 356 omnibus,
1413 328 1544 359 quantum
1563 321 1621 351 ﬂeri
1652 331 1704 358 po-

918 373 980 400 test.
995 374 1137 404 sequatur,
1155 370 1176 397 si
1200 377 1228 397 se
1244 370 1367 397 veritatis
1382 370 1561 404 iutcrpretem
1577 376 1637 396 esse
1664 372 1704 394 at-

916 424 969 452 que
984 415 1069 442 videri
1090 416 1175 449 cupit.
1193 415 1270 449 Quod
1287 415 1308 442 si
1325 415 1386 450 quis
1404 415 1430 442 in
1447 415 1606 449 interpretis
1619 421 1704 449 opere

916 470 997 490 error
1020 461 1263 494 animadvertitur,
1292 462 1315 488 si
1351 468 1404 495 qua
1432 461 1567 489 dubitatio
1597 461 1706 494 oritur,

919 508 1040 544 profecto
1052 516 1086 535 eo
1103 509 1303 535 rccurrendum
1319 513 1371 546 est,
1387 510 1459 535 unde
1477 508 1546 535 facta
1560 512 1600 535 est
1615 511 1703 535 trans-

917 554 995 582 latio.
1017 554 1090 581 Audi
1107 554 1181 581 enim
1199 554 1264 589 quid
1279 554 1378 581 beatus
1394 550 1575 588 Hieronymus
1591 552 1618 579 in
1632 559 1703 586 prm-

918 601 1019 628 fntione
1033 609 1117 636 super
1144 601 1301 629 Malthteum
1328 600 1430 629 scribat
1450 598 1499 627 :Si
1519 599 1629 629 veritas.
1662 599 1705 625 iu-

916 649 987 681 quit,
1003 653 1044 675 cst
1059 648 1205 682 qutercnda
1222 648 1256 675 dc
1272 647 1408 683 pluribus,
1435 655 1484 674 cur
1504 653 1557 672 non
1578 645 1611 672 ad
1631 645 1705 672 Grat-

917 701 975 720 cam
992 694 1126 729 originem
1153 698 1337 725 recurrentes,
1351 701 1384 720 ea
1400 700 1461 727 qua:
1486 692 1529 719 vel
1558 700 1572 718 a
1598 690 1707 718 vitiosis

918 740 1115 775 interpretibus
1130 740 1199 767 male
1214 737 1297 774 dicta,
1312 740 1352 767 vel
1367 747 1380 766 a
1397 737 1640 774 prmsumptoribus
1655 738 1705 764 im-

917 787 1014 821 peritis
1031 786 1177 814 emendala
1192 784 1359 821 perversius,
1375 785 1417 812 vel
1437 792 1451 811 a
1467 783 1586 811 librariis
1601 783 1704 810 dormi-

918 833 1040 861 tantibus
1055 838 1102 860 aut
1115 832 1207 860 addita
1225 837 1298 865 sunt,
1315 836 1362 859 aut
1390 835 1492 858 mutata
1521 828 1703 864 corrigimus?

917 879 1086 914 Augustinus
1103 886 1211 913 quoque
1229 878 1255 905 in
1281 877 1404 905 secundo
1436 877 1474 904 De
1493 877 1614 903 doctrina
1628 875 1703 902 Citri-

916 926 1005 951 stiana
1021 924 1092 951 libro
1107 919 1143 950 ita
1159 923 1248 958 inquit
1264 932 1271 950 :
1291 922 1393 950 Latinae
1406 922 1517 956 quidem
1539 921 1636 956 linguae
1651 920 1702 947 ho-

916 971 1005 999 mines
1021 979 1092 1006 quos
1107 979 1180 998 nunc
1201 970 1378 997 instruendos
1399 968 1580 1003 suscepimus,
1597 967 1703 994 duabus

916 1018 976 1044 aliis
993 1017 1026 1044 ad
1043 1017 1249 1052 Scripturarum
1267 1016 1422 1043 divinarum
1438 1014 1621 1049 cognitionem
1634 1019 1704 1047 opus

917 1063 1028 1095 habent.
1049 1063 1159 1091 llebraza
1178 1063 1284 1091 scilicet
1300 1067 1329 1090 et
1347 1062 1451 1093 Grrcea.
1470 1065 1501 1088 ut
1513 1058 1546 1087 ad
1566 1058 1702 1093 exempla-

916 1109 956 1135 ria
969 1109 1152 1144 .prazeedentia
1167 1113 1336 1140 recurritur,
1353 1108 1376 1135 si
1401 1115 1483 1142 quain
1501 1105 1701 1133 dubitationem

916 1155 1041 1183 attulerit
1061 1155 1224 1182 Latinorum
1251 1154 1433 1188 interpretum
1452 1153 1557 1180 infinita
1574 1153 1701 1179 varii-tas.

915 1202 1045 1230 Rursus:
1063 1201 1213 1229 Codieibus
1233 1200 1414 1229 emendandis
1433 1199 1562 1234 primitus
1589 1197 1702 1231 vigilare

916 1248 998 1276 debet
1011 1247 1123 1275 solertia
1140 1254 1248 1278 eorum,
1268 1247 1316 1280 qui
1329 1243 1487 1279 Scriptums
1502 1243 1608 1270 divinas
1623 1249 1703 1268 nosse

915 1294 1082 1324 desiderant.
1098 1298 1128 1320 ut
1148 1292 1302 1320 emendatis
1321 1299 1375 1318 non
1391 1290 1528 1318 emendati
1545 1289 1652 1316 cedant.
1668 1287 1703 1314 Et

915 1340 1014 1367 iterum
1032 1349 1038 1366 :
1057 1339 1154 1367 Libros
1167 1343 1258 1366 autem
1276 1337 1343 1365 Novi
1359 1335 1538 1368 Testamenti,
1553 1334 1575 1361 si
1592 1334 1657 1368 quid
1675 1334 1702 1360 in

915 1387 1021 1414 Latinis
1035 1386 1212 1413 varietatibus
1223 1384 1332 1416 titubat,
1344 1383 1447 1411 Graecis
1461 1382 1559 1409 cedere
1573 1383 1702 1415 oportere

916 1441 970 1460 non
985 1433 1099 1460 dubium
1117 1436 1169 1459 est.
1185 1431 1282 1459 Nonne
1297 1430 1341 1458 his
1355 1428 1593 1457 sanctissimorum
1609 1427 1702 1453 ducto-

916 1487 976 1506 rum
990 1478 1081 1505 verbis
1099 1477 1274 1509 instruimur,
1292 1483 1355 1504 cum
1371 1475 1458 1502 multa
1487 1473 1571 1501 fuisse
1595 1477 1623 1499 ct
1640 1479 1702 1500 esse

914 1525 958 1552 vel
975 1525 1156 1558 interpretum
1170 1523 1314 1556 varietate,
1342 1521 1386 1549 vel
1403 1520 1531 1556 imperite
1550 1517 1702 1546 emcndan-

75 1561 136 1604 rlim
150 1558 264 1590 θῖτίέυῙθ»
280 1555 384 1586 “tibi”
399 1559 433 1586 ad
453 1559 580 1604 Pel‘f'm‘t
599 1564 637 1587 ῑοί
650 1560 757 1587 “me”
769 1564 862 1588 axem”
878 1576 899 1604 c
918 1571 985 1598 tium
1006 1555 1085 1603 vitio,
1104 1571 1148 1598 vel
1161 1568 1371 1597 dormitantium
1398 1567 1575 1595 librariorum
1593 1564 1702 1592 incuria

73 1600 159 1638 pl‘aria
174 1606 234 1631 esse
252 1609 320 1638 quot
341 1604 461 1631 codices.
478 1603 562 1632 Addit
582 1609 712 1640 νηπίω-δτι
738 1610 767 1632 se
788 1610 860 1632 non-

75 1651 148 1678 nulla
164 1651 334 1686 comperisse
352 1651 386 1678 de
406 1651 521 1679 llvbra'o
535 1652 632 1679 abesse
648 1660 708 1684 qua:
723 1657 812 1679 tamen
834 1653 862 1679 in

74 1694 203 1724 omnibus
220 1694 331 1725 Latinis
347 1698 492 1726 codicibus
505 1699 693 1733 pariformiter
717 1700 863 1734 reperitur»

77 1749 129 1770 tur.
147 1743 226 1776 Quod
242 1744 314 1771 enim
337 1745 363 1771 in
387 1744 486 1772 Genesi
508 1749 560 1777 cst,
580 1745 652 1772 Dixit
671 1745 735 1772 Cain
752 1746 786 1772 ad
799 1746 865 1772 Abel

74 1791 185 1824 fratrem
207 1799 295 1824 suum,
308 1791 486 1826 Egrediamttr
501 1791 572 1825 foras
588 1786 609 1823 ³,
625 1793 750 1826 quamvis
765 1792 790 1818 in
803 1796 862 1818 om-

76 1837 156 1864 nibus
175 1831 281 1864 Latinis
306 1836 450 1864 codicibus
477 1837 515 1864 ita
541 1837 657 1872 legatur,
677 1837 704 1863 i'n
723 1837 864 1864 Hebraicis

75 1887 180 1910 tantum
192 1881 270 1915 illud,
283 1883 461 1918 Egrediamur
475 1883 557 1918 foras,
570 1892 625 1911 non
639 1887 699 1912 cs'se
710 1884 862 1919 s‘crip'tum;

74 1933 100 1955 et
113 1928 210 1956 eodem
235 1928 317 1956 modo
339 1929 372 1956 de
394 1929 501 1956 caeteris
520 1928 686 1961 quibusdam
706 1929 754 1956 ait.
775 1928 863 1964 Cujus

76 1977 112 2003 rei
129 1983 254 2007 causam,
274 1975 333 2002 sive
346 1975 419 2009 quod
433 1975 619 2011 Hieronymus
637 1975 664 2002 in
679 1975 740 2002 aliis
757 1978 862 2010 reperta

78 2022 318 2054 translationibus,
337 2022 366 2048 in
382 2030 433 2049 sua
449 2021 530 2048 etiam
548 2021 740 2054 connexuerit,
759 2021 816 2049 sive
830 2022 864 2050 ab

76 2067 138 2101 alio,
158 2077 208 2096 usu
223 2069 341 2104 pristino
357 2068 536 2104 praevalente,
549 2067 724 2103 postmodum
741 2075 863 2096 connexa

76 2117 141 2149 sint,
170 2118 278 2144 nescire
307 2124 336 2143 se
363 2115 474 2143 asserit.
491 2115 629 2149 Additque
652 2114 705 2142 hoc
722 2116 764 2142 sui
780 2115 863 2143 studii

77 2163 169 2195 fuisse,
184 2153 274 2197 quoad
294 2161 394 2196 potuit,
412 2161 549 2196 superflua
574 2167 711 2194 resecare,
734 2163 864 2188 transfor-

78 2215 147 2236 tnata
167 2208 334 2240 reformare,
364 2213 390 2235 et
407 2216 437 2234 ca
455 2216 550 2235 rursus
568 2206 669 2235 addere
685 2216 745 2242 qua:
761 2215 776 2235 a
793 2216 863 2243 pra:-

77 2254 268 2290 sumploribus
285 2253 564 2289 tanquamsuperﬂua
589 2254 699 2281 fuerant
712 2258 863 2289 amputata.

76 2302 111 2328 lta
125 2302 166 2329 vir
176 2302 223 2329 ille
241 2297 351 2333 doctus,
367 2301 450 2327 etiatn
462 2300 621 2336 longissimo
633 2306 694 2335 post
707 2301 864 2335 llieronytui

74 2349 223 2376 cditionetn
244 2353 380 2384 tempore,
396 2347 480 2375 multa
495 2348 611 2382 putavit,
629 2347 683 2374 imo
707 2356 771 2374 vero
789 2352 864 2374 certo

76 2396 176 2427 tt-nuil,
188 2395 232 2422 vel
247 2394 385 2429 apposita,
396 2394 444 2428 _\'el
466 2398 645 2425 cotnmutata,
661 2393 703 2420 vel
729 2394 863 2424 detracta,

75 2441 306 2477 quemadmodum
322 2446 349 2467 et
363 2447 425 2468 ante
436 2439 593 2473 Hieronymi
607 2445 728 2474 tetnpora
744 2441 862 2472 fuerant,

75 2494 101 2525 et
117 2488 179 2515 ideo
195 2487 380 2517 detrahenda,
394 2487 561 2519 ’rcaddenda,
578 2486 751 2514 ctnendanda
764 2491 791 2513 et
804 2494 865 2512 cor-

78 2535 188 2570 rigenda
203 2526 276 2561 esse.
294 2533 342 2561 liis
358 2534 444 2568 igitur
459 2534 495 2560 ita
515 2533 641 2567 cognitis,
661 2540 734 2559 nunc
749 2531 781 2559 ad
807 2540 862 2559 rem

78 2581 161 2615 ipsam
178 2581 214 2608 de
225 2588 281 2615 qua
297 2581 413 2615 quantio
430 2585 481 2612 est,
494 2579 648 2606 veniamus.

110 2627 178 2654 Cum
195 2635 304 2654 sacrum
321 2627 434 2655 Joannis
455 2626 631 2660 Evangelitttn
647 2625 766 2652 Joannes
802 2625 861 2659 ipse

77 2673 217 2708 apostolus
242 2677 270 2700 et
298 2673 481 2707 Evangelista,
509 2671 629 2706 Spiritus
656 2671 742 2698 sancti
775 2671 861 2705 gratia

78 2720 183 2753 plenus,
201 2718 295 2747 Graeco
322 2726 448 2746 sermone
464 2719 616 2753 scripserit,
650 2719 715 2744 nulli
747 2718 861 2744 dubium

76 2771 133 2792 esse
151 2764 243 2797 debet,
260 2764 412 2798 quamlibet
426 2764 631 2791 translationem
647 2764 774 2799 originali
790 2764 864 2789 litte.

77 2817 110 2837 rce
130 2811 243 2838 minitne
261 2811 481 2845 rcspmtdcntent,
509 2818 562 2836 non
594 2815 693 2836 recta'u
713 2818 783 2839 esse,
815 2810 861 2835 sed

112 2901 233 2934 ‘Ezcch.
253 2909 289 2933 LV,
313 2901 350 2927 li.
391 2902 400 2915 '
416 2901 529 2926 Zucltar.
547 2907 583 2931 \‘tI
604 2899 643 2925 12.
685 2898 693 2912 "
709 2883 776 2925 (icti.
807 2905 842 2930 tv,
869 2899 894 2926 8.

917 1617 1072 1652 depravata,
1089 1622 1146 1644 tum
1162 1623 1193 1643 ea
1205 1615 1304 1650 corrigi
1321 1614 1405 1642 licere
1417 1617 1498 1648 atque
1511 1612 1611 1639 debere
1623 1612 1634 1638 i
1651 1611 1702 1638 Per

916 1664 989 1691 illam
1007 1664 1109 1698 quippe
1124 1662 1244 1697 regulam
1263 1668 1407 1688 monemur
1421 1660 1447 1686 in
1460 1657 1638 1693 inquisitione
1652 1665 1702 1684 ve-

916 1709 1004 1736 ritatis
1023 1713 1106 1743 atque
1123 1708 1183 1743 ejus
1201 1706 1414 1741 investigatione
1426 1705 1459 1732 ad
1477 1703 1636 1739 originalem
1651 1702 1703 1729 lin-

914 1764 995 1791 guam
1008 1760 1035 1783 et
1044 1752 1212 1789 exemplaria
1222 1752 1406 1788 praecedentia
1416 1750 1616 1779 recurrentium
1630 1757 1701 1782 esse,

915 1810 946 1830 ac
961 1801 1123 1830 Latinorum
1147 1800 1282 1828 librorum
1312 1791 1473 1826 varietatem
1489 1797 1590 1825 Graecis
1604 1795 1704 1823 cedere

914 1853 1054 1883 oportere.
1080 1846 1233 1874 Videndum
1262 1847 1356 1880 itaque
1382 1845 1482 1879 primo,
1509 1843 1648 1878 quomodo
1674 1849 1704 1869 se

915 1895 1015 1922 habeat
1032 1894 1060 1921 in
1072 1893 1168 1921 Grmca
1183 1897 1267 1927 atque
1284 1891 1413 1927 originali
1444 1890 1548 1924 lingua,
1569 1889 1636 1920 haec,
1668 1887 1703 1914 de

916 1948 968 1975 qua
984 1940 1144 1974 quaerimus,
1173 1937 1314 1972 Evangelii
1330 1936 1490 1967 auctoritas,
1508 1939 1536 1961 et
1551 1942 1584 1960 an
1612 1939 1702 1960 sermo

917 1985 1031 2013 Latinus
1046 1985 1140 2012 Graeco
1159 1984 1334 2014 consentiat;
1358 1981 1432 2017 quod
1447 1981 1469 2008 si
1485 1978 1638 2010 dissentiat,
1668 1985 1702 2003 an

917 2032 942 2059 id
958 2031 1036 2058 facile
1051 2030 1172 2065 potuerit
1201 2028 1410 2057 dormitantinm
1431 2026 1609 2054 librariorum
1635 2023 1702 2050 vitio

919 2078 992 2110 fieri,
1009 2081 1035 2104 ct
1047 2085 1080 2103 an
1097 2076 1122 2102 in
1141 2075 1202 2102 aliis
1221 2081 1330 2109 quoque
1347 2073 1434 2101 simile
1449 2071 1551 2106 aliquid
1571 2069 1628 2097 fieri
1658 2077 1704 2104 po-

918 2124 1001 2151 tuerit
1016 2123 1153 2150 factumve
1171 2121 1207 2147 sit
1233 2121 1336 2155 absque
1354 2118 1442 2147 sancti
1458 2117 1578 2145 doctoris
1593 2115 1702 2151 peritis-

917 2169 1034 2202 simique
1048 2167 1209 2202 interpretis
1228 2165 1384 2201 Hieronymi
1401 2165 1480 2198 culpa
1493 2167 1540 2190 aut
1554 2161 1703 2197 reprehen-

918 2215 1006 2242 sione.
1023 2213 1124 2241 Deinde
1139 2213 1245 2248 aliquot
1255 2211 1408 2239 rationibus
1420 2210 1512 2238 Graeca
1527 2209 1615 2236 littera
1627 2215 1710 2235 c0m-.

918 2259 1058 2294 probanda
1077 2266 1108 2285 ae
1126 2257 1312 2285 confirmanda
1341 2261 1393 2284 est.
1414 2256 1557 2283 Postremo
1580 2255 1707 2281 rationes

915 2307 948 2334 ab
963 2305 1119 2333 adversario
1131 2305 1255 2332 adductae
1270 2304 1407 2332 solvenda:
1421 2307 1494 2331 sunt.

949 2352 1029 2387 Apud
1060 2351 1168 2379 Graecos
1194 2350 1356 2378 manifestus
1389 2354 1432 2377 est.
1458 2357 1554 2376 sensus
1574 2348 1702 2382 Evange-

915 2399 955 2428 lii.
971 2405 1060 2433 neque
1079 2398 1169 2433 aliqua
1186 2398 1331 2425 verborum
1347 2395 1525 2429 ambiguitate
1541 2394 1701 2426 involutus;

916 2449 1009 2478 aperte
1031 2451 1150 2478 namque
1169 2443 1241 2485 apud
1258 2442 1318 2471 illos
1335 2442 1371 2468 ita
1387 2441 1529 2471 scribitur,
1542 2439 1606 2466 Ἐὰν
1621 2439 1703 2466 αὐτὸν

916 2490 986 2516 Θέλω
1001 2490 1094 2524 μένειν
1106 2490 1158 2520 ἕως
1173 2484 1300 2524 {magna
1314 2488 1340 2514 τί
1358 2487 1425 2522 πρὸς
1443 2489 1489 2518 se;
1505 2485 1578 2521 quod
1595 2485 1646 2511 nisi
1665 2484 1703 2511 ita

914 2537 1124 2571 interpretatur.
1144 2539 1173 2562 ut
1186 2535 1268 2565 dicat,
1286 2534 1314 2561 Si
1341 2542 1401 2560 etmt
1416 2533 1504 2564 velim,
1525 2531 1578 2563 vel,
1596 2530 1625 2558 Si
1641 2538 1703 2557 eum

913 2581 971 2608 volo
989 2590 1095 2609 manere
1109 2582 1190 2608 donec
1204 2581 1317 2612 veniunt,
1333 2579 1394 2615 quid
1412 2579 1446 2606 ad
1461 2578 1507 2606 te?
1525 2582 1598 2605 recte
1614 2577 1702 2604 inter-

914 2633 1050 2662 pretatum
1074 2635 1205 2655 essenon
1231 2631 1338 2662 potest;
1355 2626 1448 2653 Graeca
1476 2624 1550 2652 enim
1579 2625 1623 2651 illa
1638 2632 1706 2651 cons

913 2667 1020 2709 junctib
1037 2674 1084 2700 ἐὰν
1101 2673 1167 2700 nihl
1184 2673 1257 2700 aliud
1272 2681 1352 2707 quam
1368 2673 1390 2698 si
1407 2671 1619 2699 conditionalem
1635 2679 1703 2698 con-

916 2721 1084 2754 iunctionem
1108 2719 1280 2746 causalcmve
1307 2709 1453 2753 significat,
1472 2723 1633 2752 tantumque
1662 2719 1704 2745 iu—

918 2770 1002 2792 terr-st
1021 2766 1092 2793 inter
1110 2766 1168 2799 ἐὰν,
1201 2766 1226 2792 id
1245 2758 1286 2793 est
1310 2766 1343 2797 si,
1361 2770 1398 2797 et,
1416 2765 1512 2797 οὕτως,
1533 2765 1584 2792 hoc
1599 2770 1637 2792 cst
1656 2765 1703 2797 sic,

918 2812 989 2846 :up-ul
1008 2811 1127 2844 (il‘J‘J‘US,
1160 2817 1293 2846 quantum
1314 2812 1369 2840 fere
1389 2811 1459 2839 inter
1481 2812 1535 2839 duo
1555 2811 1703 2838 contraria.
