1916 3066
149 136 200 182 βδι

620 136 873 166 BESSARIONIS
893 137 923 168 S.
944 137 979 167 Β.
1003 137 1034 167 Ε.
1057 135 1290 166 CAEDINAIJS

1729 133 1790 164 632

149 193 290 228 Siquidem
304 193 351 220 ἐὰν
365 194 534 230 ambiguam,
563 194 649 226 οὕτως
678 202 744 222 vero
759 194 943 226 certissimam
957 193 1012 223 Aa
1027 194 1215 228 praepositioni
1239 193 1344 220 addita.
1369 191 1407 218 lta
1430 191 1456 218 in
1484 191 1573 225 prima
1595 189 1719 225 Epistola
1750 189 1790 216 ad

151 247 210 266 rem
228 238 375 274 signiﬁcat,
391 244 420 267 ut
437 239 513 268 nullo
534 241 617 268 modo
629 241 764 275 suspicari
774 241 836 276 quis
846 241 944 274 possit,

152 284 261 312 librarii
277 285 344 313 vitio
371 286 423 314 hoc
441 286 512 320 apud
538 286 648 315 Graecos
677 287 790 315 evenire
810 287 943 322 potuisse.

150 329 231 357 Nulla
248 331 322 358 enim
350 331 377 359 in
394 339 448 359 una
465 332 581 360 duarum
602 333 756 360 dictionum
784 333 876 360 littera
904 337 946 360 est

153 385 213 412 qua:
230 379 266 406 sit
283 379 311 406 in
339 379 445 411 altera;
478 380 551 407 nulla
570 381 644 408 inter
659 388 707 408 eas
724 384 768 408 est
782 380 892 415 penitus
909 379 946 407 sl-

152 423 290 458 ntilitudo,
299 425 402 460 quippe
412 426 461 459 ἐὰν
472 426 562 454 tribus
571 426 671 454 litteris
685 426 861 461 componitur
872 425 944 460 quod

152 468 251 497 Latine
271 471 409 505 signiﬁcat
423 472 457 505 si,
470 472 557 504 οὕτως
570 480 646 505 vero,
663 472 735 507 quod
750 472 787 499 sic
801 480 815 499 a
841 472 945 499 Latinis

152 515 363 550 interpretatur,
380 518 503 552 quinque
533 518 641 545 litteras
660 518 753 549 habet,
776 522 850 545 tanta
871 517 945 545 inter

154 561 206 588 bas
219 561 289 589 duas
315 562 452 600 dictiones
471 563 542 598 apud
568 563 678 591 Grmcos
704 563 859 591 differentia
889 568 942 591 est.

152 607 297 638 Quomodo
315 608 398 643 igitur
417 617 446 636 se
467 609 540 644 apud
557 609 668 637 Crrecos
696 609 796 636 habeat
824 609 881 640 hic,
909 609 944 637 de

154 660 209 686 quo
223 653 376 688 loquimur,
394 655 533 689 Evangelii
563 655 652 689 locus,
668 660 695 682 et
709 655 849 690 quomodo
870 655 942 682 Lati-

154 706 206 724 nus
225 706 316 726 sermo
333 700 359 726 in
375 700 427 727 hoc
442 708 456 727 a
472 700 568 728 Graeco
582 701 739 732 dissentiat,
757 701 825 729 satis
839 709 873 728 cx
901 701 943 729 his

155 750 216 777 qua:
232 743 352 772 diximus
372 750 499 780 apparet.
527 746 606 779 Quod
622 751 716 774 autem
734 747 761 774 in
779 746 875 774 Latina
891 746 944 774 lin-

153 797 204 824 gua
219 790 297 818 facile
317 791 380 819 talis
392 799 472 819 error
488 793 600 820 evenire
617 793 747 826 potuerit,
770 793 797 820 in
814 798 942 828 promptu

152 837 341 871 est‘intuenti,
361 843 463 873 quanta
483 839 518 866 sit
534 839 631 866 harum
651 839 768 867 duarum
789 840 941 868 dictionum

151 883 175 908 si
192 886 218 910 et
233 883 271 910 sic
284 883 436 911 similitudo
454 888 535 919 atque
550 885 689 913 vicinitas.
705 886 791 914 Unica
807 886 882 913 enim
896 886 944 914 lit—

154 933 213 955 tera
228 937 253 962 c,
271 929 446 958 dormitantis
459 931 570 958 lectoris
587 931 656 958 vitio
673 931 778 963 addita,
797 931 862 958 illud
879 932 902 959 si
916 938 944 959 ct

151 975 191 1000 sic
205 979 312 1002 mutare
328 976 430 1010 potuit,
456 977 692 1011 quemadmodum
719 983 859 1005 tonsuram
875 979 944 1013 regis

155 1019 182 1045 in
199 1024 333 1047 tonsorem
344 1022 441 1056 gregis,
453 1027 481 1050 et
496 1024 672 1050 vastationem
686 1023 714 1050 in
727 1024 945 1050 vaticinationem

155 1069 259 1093 mutata
271 1065 367 1100 fuisse,
380 1074 435 1094 non
444 1072 548 1100 nostra,
559 1068 606 1096 sed
615 1069 792 1104 antiquorum
800 1070 945 1097 doctorum

155 1112 292 1140 sententia
312 1120 396 1148 supra
413 1114 667 1143 demonstravimus
681 1116 882 1151 manifestoque
901 1123 945 1144 os-

156 1157 306 1186 tendimus.
322 1159 398 1188 ldem
415 1160 509 1189 multis
523 1169 635 1197 quoque
648 1162 710 1190 aliis
724 1162 828 1190 inlocis
845 1162 944 1190 factum

153 1204 293 1232 exstitisse
306 1206 419 1240 probari
447 1211 549 1241 potest.
569 1207 630 1235 Mox
647 1207 675 1234 in
693 1207 752 1243 ipso
782 1208 840 1235 fere
866 1208 945 1236 initio

153 1249 276 1283 ejusdem
294 1251 433 1288 Evangelii
446 1251 560 1280 Joannis
576 1253 635 1286 ubi,
652 1253 720 1280 Οὐδὲ
747 1253 778 1280 ὲκ
793 1253 946 1288 θελήματος

155 1296 268 1330 σαρκδς,
283 1296 337 1323 Nec
351 1305 383 1324 ex
393 1298 529 1326 uoluntate
543 1301 632 1327 carnis
648 1300 668 1331 ¹,
685 1300 734 1332 ait,
751 1300 870 1334 imperiti
885 1301 945 1334 qui-

154 1341 217 1369 dam
230 1350 276 1369 nec
288 1351 321 1370 ea:
332 1344 465 1380 voluptate
472 1347 567 1374 carnis
576 1346 712 1379 scribunt,
726 1355 742 1374 η
754 1347 781 1374 in
793 1355 810 1382 p
823 1354 946 1375 commu-

154 1392 256 1422 tantes,
273 1389 346 1424 quod
363 1390 469 1419 scilicet
485 1391 519 1419 ad
534 1399 646 1419 carnem
673 1392 809 1426 pertineat
826 1392 884 1428 ipsa
900 1401 946 1421 vo-

153 1431 257 1467 luptas.
273 1434 308 1462 Et
319 1435 392 1470 apud
407 1435 536 1464 eumdem
554 1440 615 1471 post
630 1437 714 1464 verba
729 1436 830 1464 Christi
845 1437 946 1472 quibus

154 1477 252 1506 affatus
267 1484 308 1506 est
324 1480 448 1515 Matrem,
466 1487 494 1509 et
508 1490 569 1509 eam
581 1482 690 1515 .loanni,
706 1490 786 1517 quem
802 1482 943 1517 diligebat,

996 239 1164 271 Corinthios,
1182 239 1227 266 ubi
1246 238 1332 267 (ἰγωεί
1349 238 1486 270 scribunt,
1501 237 1533 263 Οἱ
1548 238 1603 272 γὰρ
1620 236 1721 268 πάντες
1755 237 1791 262 ὲκ

995 284 1043 311 ’τῦῦ
1059 284 1116 315 ἑνὸς
1134 284 1217 319 ἄρτου
1235 283 1396 318 μετέχομεν,
1413 282 1441 309 id
1469 287 1523 314 est,
1553 281 1648 309 Omnes
1663 282 1734 309 enim
1755 281 1792 307 de

995 339 1048 358 uno
1063 339 1131 366 pane
1144 331 1337 366 participamus
1352 329 1373 363 ⁵,
1395 329 1485 356 Latini
1500 328 1605 356 addunt
1615 348 1621 358 .
1647 332 1672 354 et
1685 328 1717 354 de
1730 335 1793 354 uno

995 377 1086 404 calice.
1108 376 1140 404 Et
1152 376 1224 411 apud
1239 375 1393 403 Matthazum
1421 382 1483 409 cap.
1501 382 1564 407 xxv,
1585 373 1715 408 Ἑξῆλοον
1746 373 1792 403 εἰς

995 423 1150 457 ἀπάντησιν
1167 422 1213 449 τοῦ
1227 421 1357 456 νυμφίου,
1376 420 1402 447 id
1420 424 1473 451 est,
1509 419 1657 446 Exiveruut
1682 419 1791 445 obviam

996 477 1092 504 sponso
1105 470 1127 501 ',
1144 468 1234 496 Latini
1255 468 1370 498 habent,
1395 471 1419 493 et
1435 474 1549 500 sponsa),
1567 473 1628 499 qua:
1659 464 1792 500 profectu

995 516 1125 551 augurari
1142 515 1207 542 licet
1224 515 1251 542 in
1275 513 1451 549 marginibus
1473 513 1537 539 olim
1567 512 1702 539 librorum
1736 519 1793 545 pro

994 561 1215 596 expositionibus
1239 560 1339 595 posita,
1356 559 1391 586 ab
1412 558 1515 593 ignaris
1532 557 1633 585 deinde
1663 556 1792 583 librariis

997 607 1117 635 orationi
1135 607 1239 634 intexta
1255 606 1351 634 fuisse.
1369 605 1436 632 Item
1452 604 1478 631 in
1502 604 1524 630 ll
1550 603 1582 630 ad
1612 603 1790 634 Corinthios,

995 654 1042 682 ubi
1059 654 1147 682 Graeci
1170 654 1282 684 habent,
1308 653 1355 683 Εἰς
1371 652 1516 686 πρόσωπον
1535 651 1590 678 τῶν
1618 650 1789 685 ὲκκλητιῶυ,

994 699 1021 727 id
1036 704 1090 732 est,
1104 699 1137 727 1η
1152 700 1246 734 faciem
1260 698 1431 725 ecclesiarum
1449 699 1470 729 ⁵,
1494 697 1582 724 Latini
1611 696 1738 723 scribunt
1754 695 1790 722 In

995 747 1088 782 faciem
1113 745 1283 773 ecclesiarum
1300 745 1356 779 Dei,
1385 744 1520 772 addentes
1538 742 1596 770 Dei.
1618 743 1652 770 Et
1668 743 1694 769 in
1713 742 1721 769 l
1752 742 1790 769 ad
1819 769 1822 771 .

994 791 1127 822 Timoth.,
1140 791 1338 825 Ἐμπὶπτουσιν
1357 791 1396 821 εἰς
1414 789 1569 824 πειρασμὸν
1587 789 1635 814 καὶ
1666 788 1788 820 παγίδα,

994 837 1021 864 id
1035 841 1086 870 est,
1104 836 1230 864 Incidunt
1241 837 1269 863 in
1283 837 1455 863 tentatienem
1470 836 1530 862 etin
1546 834 1681 870 laqueum,
1695 833 1790 860 Latini

994 883 1099 911 addunt
1113 883 1223 916 diaboli,
1243 883 1324 918 quasi
1335 883 1460 910 volentes
1474 883 1605 917 supplere
1624 881 1698 916 quod
1729 881 1785 906 im-

996 930 1148 966 perfectum
1175 934 1203 957 et
1230 930 1323 957 minus
1350 929 1495 956 continens
1512 928 1670 956 videbatur.
1701 927 1789 954 Multa

996 976 1163 1012 huiusmodi,
1178 984 1228 1011 per
1245 983 1342 1004 omnes
1358 983 1501 1003 sacrarum
1519 976 1679 1003 litterarum
1699 974 1790 1002 libros

995 1024 1098 1057 addita,
1116 1024 1234 1058 diligens
1260 1024 1443 1058 investigator
1470 1023 1603 1054 inveniet,
1634 1030 1695 1057 qure
1724 1030 1790 1054 nos,

996 1070 1126 1098 brevitati
1158 1069 1324 1104 studentes,
1354 1070 1593 1105 inpraesentiarum
1627 1069 1787 1097 omisimus.

996 1116 1049 1144 Per
1071 1116 1288 1144 subtractionem
1311 1116 1395 1144 etiam
1411 1116 1532 1151 itemque
1548 1123 1596 1151 per
1631 1121 1788 1143 commuta—

997 1164 1099 1191 tionem
1117 1163 1251 1197 cjusmodi
1269 1171 1380 1190 errores
1392 1169 1472 1198 posse
1487 1163 1559 1194 fieri,
1571 1163 1649 1193 satis,
1679 1162 1709 1189 ni
1737 1162 1789 1189 fal-

996 1210 1049 1242 lor,
1066 1209 1247 1243 ostendimus,
1278 1217 1312 1236 ne
1329 1209 1450 1244 amplius
1467 1209 1494 1236 in
1515 1209 1559 1236 his
1574 1209 1655 1236 nobis
1688 1209 1790 1236 immo-

997 1256 1113 1283 randum
1128 1255 1210 1288 foret,
1223 1255 1319 1290 paucis
1337 1255 1423 1282 multa
1440 1254 1677 1290 comprehendere
1691 1255 1789 1282 volen-

997 1302 1081 1334 tibus,
1097 1301 1148 1329 nisi
1164 1301 1289 1337 quaedam
1303 1302 1392 1329 adhuc
1404 1309 1512 1329 summa
1528 1301 1629 1330 addere
1653 1309 1704 1329 nos
1719 1301 1789 1329 bea-

998 1349 1095 1377 tissimi
1112 1348 1234 1376 docloris
1249 1348 1393 1382 Augustini
1410 1349 1591 1383 compelleret
1619 1349 1785 1376 auctoritas.

999 1395 1066 1423 llinc
1081 1395 1107 1422 in
1124 1402 1142 1422 ll
1167 1394 1205 1421 De
1227 1396 1348 1422 doctrina
1364 1395 1518 1422 Christiana
1532 1395 1604 1422 libro
1619 1395 1655 1422 ita
1673 1395 1764 1430 inquit
1780 1403 1787 1421 :

997 1442 1037 1469 Ex
1052 1441 1182 1476 ambiguo
1200 1442 1301 1476 linguae
1315 1441 1497 1476 praecedentis
1519 1441 1684 1475 plerumque
1700 1440 1787 1468 inter-

998 1497 1060 1525 pres
1078 1489 1192 1522 fallitur,
1211 1497 1272 1516 cum
1289 1496 1344 1516 non
1363 1489 1434 1516 bene
1451 1488 1588 1516 sententia
1605 1493 1670 1520 nota
1690 1493 1743 1519 est,
1761 1492 1789 1514 et

154 1525 367 1560 commendavit,
384 1527 590 1563 subjunguntur
608 1528 694 1562 ipsius
714 1528 832 1563 apostoli
861 1529 944 1556 verba

999 1542 1056 1563 eam
1075 1534 1305 1570 signiﬁcationem
1322 1533 1464 1564 transfert,
1482 1540 1544 1567 quae
1572 1540 1586 1559 a
1606 1539 1689 1559 sensu
1718 1531 1787 1558 scri-

155 1569 190 1597 de
207 1577 236 1597 se
260 1570 410 1606 loquentis,
429 1573 546 1600 Ἔλαϐεν
562 1574 575 1600 ὁ
600 1573 725 1608 μαθητὴς
748 1574 836 1608 αὐτὴν
853 1575 895 1606 εις
911 1576 945 1601 τὰ

156 1614 221 1649 ἴδια,
248 1615 301 1644 hoc
316 1623 369 1651 est,
386 1617 490 1653 Accepi:
501 1615 566 1645 'eam
582 1618 727 1654 discipulus
746 1619 791 1646 ille
805 1621 832 1646 in
859 1628 907 1648 sua
922 1621 942 1653 ⁸,

155 1663 182 1690 id
200 1669 253 1695 est,
271 1664 298 1691 in
317 1665 430 1692 domum
449 1673 526 1693 suatn
546 1667 679 1698 traduxit.
694 1668 879 1695 communiter
907 1673 947 1695 ta-

155 1717 222 1737 men
239 1709 328 1738 Latini
345 1719 442 1739 omnes
462 1712 573 1740 codices
597 1713 713 1745 habent,
728 1715 827 1750 accepit
843 1723 902 1742 eam
918 1716 946 1742 in

154 1763 243 1787 suam,
261 1756 393 1784 mlittera
420 1757 531 1792 addita;
548 1759 628 1793 quasi
658 1759 777 1792 dicatur,
811 1761 838 1788 in
868 1768 945 1788 suam

157 1806 282 1836 matrem,
297 1803 333 1831 ob
351 1803 454 1832 Christi
471 1806 579 1833 scilicet
605 1807 699 1839 verba,
720 1807 840 1834 dicentis
861 1816 868 1834 :
887 1807 948 1834 Mu-

157 1848 216 1881 lier,
235 1857 292 1876 ecce
307 1849 381 1884 ﬁlius
403 1855 474 1884 tuus,
490 1856 519 1879 et
527 1853 560 1880 ad
577 1852 743 1888 discipulttm
760 1861 768 1880 :
782 1852 849 1880 Ecce
861 1859 947 1880 mater

156 1900 214 1927 tua,
234 1896 307 1930 quod
323 1897 436 1924 evenire
466 1897 493 1925 in
511 1898 605 1926 Craico
622 1906 749 1927 sermone
763 1907 817 1926 non
840 1901 946 1935 potenti,

155 1941 200 1969 ubi
220 1942 294 1970 nulla
309 1947 353 1970 est
369 1943 504 1971 dubitatio
518 1944 561 1971 vel
573 1944 755 1979 ambiguitas;
771 1946 811 1976 εἰς
827 1945 861 1972 τὰ
892 1945 948 1972 tam

154 1989 242 2022 enim,
263 1989 289 2016 id
310 1993 361 2023 cst,
379 1990 417 2022 [in
434 1998 495 2022 sua,
514 1998 614 2018 nomen
641 1995 682 2018 est
705 1992 814 2026 generis
843 1992 946 2026 neutri,

155 2042 236 2062 casus
249 2035 410 2070 accusativi,
429 2036 536 2064 numeri
548 2036 679 2071 pluralis;
695 2037 735 2068 εἰς
751 2036 850 2064 ἑαυτοῦ
869 2045 947 2070 vero,

156 2081 183 2109 id
200 2086 242 2109 est
260 2082 287 2109 in
301 2090 389 2114 suam,
407 2089 558 2117 pronomen
575 2087 619 2110 est
636 2083 819 2118 reciprocum,
840 2083 947 2111 numeri

156 2127 318 2163 singularis,
335 2135 417 2156 casus
433 2127 569 2163 genitivi;
586 2128 703 2163 proinde
731 2129 824 2157 nullus
836 2129 946 2157 Graeco.

156 2182 219 2200 rum
232 2174 406 2201 librariorum
422 2173 451 2200 in
467 2181 498 2201 ea
517 2178 594 2209 parte
612 2173 699 2203 fuisse
721 2175 877 2203 credendus
906 2180 948 2202 est

998 1580 1084 1615 ptoris
1100 1579 1210 1615 penitus
1225 1579 1316 1607 aliena
1345 1584 1398 1610 est,
1431 1579 1513 1606 sicuti
1541 1577 1654 1612 quidam
1676 1577 1788 1606 codices

996 1626 1108 1659 habent,
1128 1627 1204 1653 Arati
1219 1626 1295 1661 pedes
1309 1633 1400 1652 eorum
1419 1625 1453 1652 ad
1469 1624 1658 1660 effundendum
1675 1624 1789 1658 sangui—

997 1681 1056 1699 nem
1070 1672 1098 1704 ⁷;
1124 1671 1186 1705 ὀξῦς
1201 1672 1273 1699 enim
1289 1676 1316 1699 et
1332 1676 1440 1698 acutum
1457 1676 1484 1698 ct
1498 1670 1612 1698 velocem
1628 1670 1699 1705 apud
1715 1669 1789 1697 Grat-

996 1727 1044 1747 cos
1059 1719 1215 1754 signiﬁcat;
1240 1718 1285 1746 ille
1306 1722 1398 1745 autem
1427 1717 1498 1744 vidit
1530 1716 1708 1748 sententiam,
1741 1716 1786 1749 qui

998 1766 1147 1797 transtulit,
1183 1765 1280 1792 veloces
1314 1764 1392 1798 pedes
1417 1771 1508 1790 eorum
1537 1762 1571 1789 ad
1601 1762 1787 1797 cﬁ'undeudum

998 1813 1165 1848 sanguinem.
1184 1811 1215 1838 Et
1232 1811 1285 1838 alia
1297 1810 1408 1844 quidem
1427 1817 1482 1836 non
1499 1809 1629 1840 obseura,
1653 1808 1700 1835 sed
1720 1807 1786 1834 falsa

997 1862 1071 1891 sunt,
1085 1864 1201 1892 quorum
1217 1857 1268 1884 alia
1284 1855 1408 1883 conditio
1421 1859 1474 1882 est.
1492 1854 1563 1881 l-Iinc
1576 1858 1618 1880 est
1631 1853 1698 1881 illud
1711 1853 1787 1887 quod

998 1904 1061 1938 quia
1085 1903 1201 1930 ntoschos
1218 1901 1312 1929 Graece
1329 1899 1426 1927 vitulus
1442 1899 1555 1929 dicitur,
1585 1898 1697 1934 quidam
1732 1905 1786 1924 non

999 1948 1197 1984 intelligentes,
1212 1946 1398 1982 plantationes
1419 1944 1579 1971 vitulamina
1608 1943 1786 1979 interpretati

999 1999 1073 2027 sunt,
1086 1993 1133 2029 qui
1148 2001 1228 2021 error
1242 1997 1298 2019 tam
1315 1991 1416 2018 multos
1432 1990 1541 2018 codices
1568 1989 1784 2024 prcoccupavit.

1001 2045 1031 2068 ut
1055 2041 1100 2068 vix
1113 2039 1270 2067 inveniatur
1282 2037 1363 2065 aliter
1383 2038 1529 2072 scriptum.
1553 2035 1607 2063 Sed
1623 2035 1658 2064 de
1678 2035 1723 2062 his
1743 2043 1789 2063 sa-

1001 2086 1045 2114 tis.
1063 2085 1143 2114 Nunc
1170 2085 1204 2112 ad
1231 2083 1463 2119 comprobandum
1501 2081 1789 2118 corroborandamquc

999 2133 1119 2160 litteram
1135 2131 1257 2159 Graecam
1276 2134 1371 2157 nostra
1384 2131 1510 2156 vertatur
1524 2128 1625 2154 oratio.

1036 2176 1221 2205 Probavimus
1236 2182 1286 2210 per
1301 2179 1460 2201 sanctorum
1479 2173 1626 2200 doctorum
1643 2173 1788 2200 auctorita-

155 2226 245 2248 error.
263 2219 298 2246 At
316 2219 351 2247 de
364 2227 414 2247 sua
430 2219 457 2246 in
475 2228 551 2246 suam
564 2219 653 2248 facilis
679 2221 773 2256 lapsus
787 2227 840 2253 est,
865 2222 946 2249 unica
963 2215 985 2243 Π
1001 2228 1067 2253 tem.
1084 2227 1112 2250 et
1131 2221 1242 2257 quidem
1260 2221 1336 2253 satis,
1350 2225 1380 2247 ut
1394 2219 1524 2252 arbitror,
1539 2218 1673 2246 Joannem
1700 2219 1789 2246 Evan-

155 2265 249 2294 littera
268 2265 409 2301 adjuncta.
428 2265 600 2294 Manifestius
614 2271 706 2294 autem
735 2267 809 2295 hunc
822 2276 945 2296 errorem

156 2311 256 2346 probat
271 2311 344 2346 quod
360 2311 387 2338 in
402 2311 568 2347 quibusdam
585 2312 821 2342 emendatioribus
836 2314 949 2343 Latino-

157 2366 217 2385 rum
232 2357 373 2386 codicibus
386 2366 441 2386 non
460 2359 487 2386 in
506 2367 583 2386 suam
595 2379 602 2391 ,
625 2359 672 2386 sed
690 2360 717 2386 in
742 2368 791 2387 sua
812 2361 946 2396 scriptum

156 2405 413 2433 animadvertimus.
429 2405 537 2432 Rursus
556 2405 628 2440 apud
649 2405 782 2434 Joannetn
798 2407 835 2434 ita
848 2408 948 2435 scribi-

157 2456 202 2476 tur
223 2459 230 2478 :
249 2451 381 2484 Ἄγουσιν
397 2450 443 2477 οὖν
456 2451 502 2478 τὸν
521 2450 627 2485 ’ῐησοῦν
645 2451 700 2478 ἀπὸ
714 2452 760 2478 τοῦ
779 2453 891 2487 Καῖάφα
907 2455 946 2485 εἰς

155 2497 186 2523 τὸ
198 2497 378 2533 πριιτώριον,
395 2497 422 2524 id
437 2501 490 2530 est,
506 2497 647 2525 Adducunt
661 2497 755 2526 Iesum
770 2508 786 2526 a
803 2499 906 2534 Caipha
915 2501 943 2527 in

157 2545 313 2578 primarium
328 2546 349 2571 ³.
366 2545 490 2580 Imperiti
513 2553 581 2574 vero
597 2546 726 2574 homines
754 2548 789 2574 ad
814 2547 947 2582 Caipham

157 2591 185 2617 in
198 2591 353 2625 praetorium
369 2592 507 2626 scribunt,
537 2601 592 2627 quo
610 2592 636 2619 in
666 2594 727 2621 loco
743 2594 814 2629 apud
836 2594 948 2623 Grrcos

159 2637 271 2671 quidem
292 2638 367 2665 nulla
382 2638 471 2665 errori
492 2639 601 2666 occasio
615 2639 706 2673 datur,
725 2648 787 2667 cum
809 2633 865 2666 ἀπε
878 2649 949 2675 prae—

159 2682 261 2717 positio
280 2690 341 2718 qum
357 2683 384 2710 in
401 2683 433 2710 ab
447 2683 613 2711 transfertur
628 2689 656 2711 ct
685 2685 753 2719 πρὸς
769 2693 831 2719 qua:
857 2686 883 2712 in
902 2686 947 2718 ad,

159 2728 262 2755 nullam
275 2736 388 2763 prorsus
401 2730 472 2758 inter
482 2738 511 2758 se
523 2730 732 2758 similitudinem
744 2731 863 2762 habent;
875 2732 949 2766 apud

161 2773 274 2802 Latinos
289 2782 353 2802 vero
370 2775 457 2802 facilis
472 2781 514 2803 cst
530 2776 555 2803 in
570 2784 692 2804 crrorcm
710 2777 811 2812 lapsus,
824 2777 841 2803 d
856 2778 950 2805 littera

200 2833 207 2846 ‘
222 2831 300 2859 Joan.
320 2840 339 2864 ι,
359 2834 401 2859 15.

454 2835 463 2849 ¹
479 2833 556 2870 .loan.
580 2843 635 2870 xta,
660 2836 705 2863 ΞΠ.

165 2873 225 2899 vm,
240 2866 285 2893 2L
325 2868 334 2881 '
350 2867 423 2895 l‘sal.
437 2876 495 2899 xm.
515 2869 540 2896 3.
629 2866 644 2880 ’-

325 2868 334 2881 ⁷
350 2867 423 2895 l‘sal.
437 2876 495 2902 xm,
515 2869 540 2896 ὅ.

762 2837 770 2851 ²
788 2837 864 2864 Joau.
894 2846 967 2871 \vtlt,
991 2839 1024 2865 23

1000 2268 1126 2305 gelistam
1143 2271 1260 2294 mortem
1278 2266 1391 2293 obiisse.
1409 2264 1466 2292 lloc
1482 2269 1546 2292 ante
1560 2264 1654 2292 omnia
1685 2264 1789 2292 Latinae

999 2315 1099 2343 littera:
1116 2312 1341 2340 manifestissime
1358 2310 1525 2339 contradicit
1552 2309 1582 2337 in
1607 2318 1660 2344 qua
1677 2310 1789 2341 dicitur,

1002 2361 1046 2390 Sic
1061 2369 1121 2388 eum
1136 2359 1193 2387 volo
1210 2366 1334 2391 manere;
1351 2365 1405 2385 non
1422 2357 1496 2384 enim
1524 2356 1562 2384 ita
1588 2356 1686 2390 voluit,
1707 2365 1789 2392 quau-

1002 2408 1152 2443 doquidem
1169 2414 1223 2434 non
1239 2406 1275 2433 ita
1292 2405 1360 2437 fuit;
1387 2412 1449 2431 nam
1471 2403 1494 2431 si
1526 2403 1562 2430 ita
1581 2403 1725 2436 voluisset,
1755 2404 1788 2430 ita

1000 2454 1123 2488 profecto
1136 2453 1232 2480 fuisset
1249 2459 1256 2478 :
1276 2456 1323 2478 aut
1341 2450 1425 2485 igitur
1441 2449 1612 2479 mentientis.
1632 2453 1680 2475 aut
1698 2449 1788 2483 pueri-

1000 2501 1062 2527 liter
1078 2498 1272 2527 contendentis
1293 2497 1375 2524 verba
1390 2495 1494 2528 fot‘ent,
1509 2503 1544 2522 cx
1564 2495 1640 2522 illius
1664 2502 1712 2521 ore
1730 2502 1790 2528 pro-

1002 2545 1126 2577 deuntia,
1144 2544 1192 2580 qui
1221 2542 1362 2571 contraria
1382 2542 1417 2569 iis
1433 2548 1494 2576 qua:
1524 2541 1690 2576 loquebatur
1717 2540 1790 2567 volc-

1001 2594 1057 2621 bat.
1075 2592 1127 2620 Sed
1144 2591 1201 2618 haec
1222 2590 1257 2617 de
1276 2589 1421 2617 Salvatore
1438 2587 1563 2622 cogitare
1585 2587 1722 2614 nefarium
1739 2591 1787 2612 cst.

1005 2640 1153 2667 Enimvero
1178 2637 1263 2673 igitur
1280 2635 1354 2671 quod
1376 2635 1497 2667 uolebat,
1525 2643 1580 2662 non
1604 2634 1739 2666 dixisset;
1763 2638 1789 2661 et

1003 2687 1132 2721 quoniam
1150 2692 1212 2712 cum
1231 2683 1341 2710 uolebat
1360 2682 1388 2709 in
1404 2681 1456 2709 ltac
1474 2682 1528 2708 vita
1547 2681 1700 2709 secundum
1731 2682 1787 2716 ejus

1003 2732 1151 2759 adventum
1164 2733 1334 2764 exspectaro,
1355 2736 1409 2754 non
1426 2726 1553 2759 dixisset,
1585 2726 1630 2753 Sir
1646 2734 1705 2752 cum
1737 2726 1789 2752 volo

1006 2786 1122 2805 ntnncre.
1139 2776 1210 2810 Quid
1237 2775 1308 2810 quod
1327 2781 1446 2810 sequens
1471 2779 1498 2800 ct
1530 2781 1599 2808 pcnc
1631 2773 1788 2800 continuata

1665 2832 1674 2848 ’
1691 2832 1709 2859 ll
1727 2831 1786 2859 Cor.

1088 2837 1116 2863 ιι
1141 2837 1193 2862 (ἰιιτ
1223 2845 1245 2867 x,
1271 2835 1310 2862 Π.
1364 2833 1372 2847 ⁵
1390 2832 1484 2860 )ialllt.
1503 2841 1563 2865 xw,
1586 2833 1607 2859 1.
