1916 3066
108 152 166 184 ῐὶ33

531 147 571 177 ΙΝ
587 145 717 181 ILLUD,
738 152 746 167 ι
769 145 804 174 SI
820 144 902 174 EUM
920 143 1017 175 VOLO
1036 143 1207 181 MANERE,
1228 151 1237 167 ι
1262 144 1343 175 ETC.

1687 143 1741 178 634

114 209 205 237 oratio
225 208 277 235 hoc
293 208 382 243 ipsum
398 206 535 239 ostendit;
557 213 618 232 mox
631 213 692 241 eam
709 203 902 231 sanctissimus
916 204 940 234 Α
953 202 1053 237 quibus
1069 202 1291 230 adversariorum
1321 209 1431 237 quoque
1451 205 1609 238 argumenta
1627 203 1697 231 solvi
1712 206 1742 231 et

114 255 289 290 Evangelista
314 253 434 281 Joannes
452 251 618 286 _opinionem
636 248 903 284 condiscipulorum,

114 310 196 338 quam
210 310 243 331 ex
259 300 413 329 Salvatoris
422 305 552 327 sermone
564 299 762 330 conceperant,
776 294 902 322 dicentes

114 347 281 382 discipulum
313 346 390 372 illum
414 353 470 372 non
491 343 668 374 moriturum,
692 341 735 368 his
753 340 845 368 verbis
862 347 905 366 ar-

115 391 295 427 guit,dicens
311 400 318 419 :
336 389 371 417 Et
383 397 434 416 non
450 389 517 415 dixit
537 388 624 420 Jews,
640 387 700 414 Non
717 386 838 418 moritur,
857 383 905 412 sed

115 438 145 465 Si
157 446 216 464 ettm
230 436 289 464 volo
304 443 410 462 manere
425 435 507 462 donec
516 435 630 461 veniam.
647 432 724 466 Quod
737 431 851 466 perinde
862 434 908 458 est

116 491 149 510 ac
167 483 190 509 si
210 489 259 510 eos
281 488 391 510 errasse
406 480 524 511 diceret,
543 478 616 513 quod
645 478 672 505 in
697 485 761 504 eum
794 483 905 504 sensum

115 528 200 555 verba
215 527 320 555 Christi
334 526 516 561 accepissent.
533 524 611 557 Quod
629 524 662 558 si,
692 523 736 551 Sic
763 531 823 550 eum
845 522 904 550 uolo

116 582 236 606 manere,
256 573 371 601 dixisset
396 572 534 604 Christus,
566 570 663 606 quidni
691 577 756 598 vera
784 569 905 604 discipu-

116 621 205 647 lorum
222 620 316 654 opinio
334 618 450 646 fuisset?
478 617 534 645 Nec
546 617 660 645 Joannis
673 617 756 644 verba
785 617 820 644 dc
837 617 905 644 falsa

118 664 317 699 discipulorum
328 663 459 698 opinione
472 666 641 695 constarent,
654 661 702 688 sed
718 661 770 688 sibi
788 661 907 689 invicctn

118 712 337 739 adversarentur
362 717 394 737 ac
425 709 663 742 eontradicerent;
695 708 800 736 dixisse
830 710 905 736 enitn

118 758 270 790 Christum,
287 756 330 784 Sic
351 756 484 783 cumrato
515 763 634 788 manere,
665 760 693 783 et
721 764 777 784 non
804 755 907 783 dixisse

119 802 192 836 quod
211 810 266 829 tton
290 801 418 834 moritur,
435 805 530 835 aperta
557 800 786 835 contradictione,
803 801 826 829 si
842 809 906 829 vera

119 848 154 874 dc
169 856 197 874 se
214 846 386 882 Evangelista
402 846 536 881 loquitur,
553 846 599 880 qui
613 849 641 872 et
655 845 683 872 in
701 847 810 874 caeteris
821 846 908 881 magis

957 248 1073 275 refutari
1103 248 1181 276 facile
1213 252 1340 283 possunt.
1369 248 1436 275 Nam
1455 249 1526 283 quod
1547 249 1738 284 principiodo-

957 298 1064 321 ctorum
1081 294 1244 322 Latinorum
1269 294 1461 322 auctoritatem
1483 295 1632 328 adducunt,
1646 300 1675 323 et
1692 302 1743 322 nos

957 340 1069 375 quidem
1094 340 1254 368 Graecorum
1284 341 1475 369 auctoritatem
1490 342 1666 376 opponimus,
1682 342 1745 376 qui-

957 386 1010 414 bus
1029 390 1115 419 certe,
1135 394 1196 413 eum
1211 386 1245 414 de
1265 385 1309 413 his
1330 394 1391 421 qua:
1413 387 1440 413 in
1456 394 1552 414 eorum
1568 387 1660 422 lingua
1673 387 1743 414 scri-

957 436 1001 466 pta
1017 436 1081 459 sunt
1095 432 1256 467 loquantur,
1272 436 1299 459 et
1317 433 1438 467 alioquin
1452 440 1502 460 nec
1515 423 1660 460 sanctitate
1669 433 1741 465 vitae,

957 485 1008 505 nec
1037 478 1164 506 doctrina
1196 478 1351 506 habeantur
1380 478 1542 511 inferiores,
1574 478 1742 506 credendum

957 524 1051 559 potius
1076 532 1138 552 esse
1170 524 1312 552 fatendum
1341 529 1393 552 est.
1423 525 1464 551 Ad
1485 525 1543 552 haec
1553 524 1672 552 dicimus
1687 532 1742 552 non

957 577 1019 598 esse
1039 570 1179 598 sufﬁciens
1197 571 1322 598 veritatis
1345 570 1542 604 testimonium,
1562 570 1635 605 quod
1661 570 1744 605 aliqui

958 615 1087 643 doctores
1109 616 1146 643 ita
1172 623 1235 644 eum
1263 616 1354 644 locum
1375 620 1582 650 exposuerunt,
1607 616 1744 651 siquidem

958 662 1088 698 pleraque
1109 662 1162 690 alia
1186 662 1212 690 in
1237 661 1394 697 hujusmodi
1422 661 1650 689 translationibus
1667 662 1745 689 inve-

958 708 1029 742 nies,
1045 709 1087 736 vel
1101 716 1152 744 per
1167 708 1297 737 librarios
1309 712 1450 744 c0rrupta,
1464 708 1506 735 vel
1516 715 1566 743 per
1578 708 1745 743 interpretes

959 762 1013 782 non
1040 759 1115 782 recte
1141 755 1284 788 translata,
1314 762 1374 789 quae
1398 759 1488 781 tamen
1504 755 1590 782 sancti
1605 754 1743 787 doctores,

958 801 1077 828 litteram
1098 808 1180 836 quam
1210 805 1385 835 repererunt,
1410 799 1510 832 secuti,
1529 801 1607 835 juxta
1621 801 1744 827 eamdem

959 846 1079 873 litteram
1108 846 1200 874 conati
1223 850 1289 874 sunt
1312 852 1464 880 exponere,
1488 850 1517 873 et
1545 845 1582 872 ita
1611 852 1744 880 expasue-

121 894 254 924 dtlectns,
266 897 294 920 ct
311 898 340 919 ut
354 892 388 919 de
403 893 495 927 seipse
509 892 635 926 loquens,
648 892 772 924 apertius
788 884 906 919 mentem
924 883 946 912 Β
960 895 1036 924 runt,
1052 895 1082 918 ttt
1099 891 1256 926 aliquando,
1278 890 1404 925 quamvis
1417 890 1517 918 littera
1530 890 1674 918 veritatem
1689 898 1744 917 non

124 940 349 974 rnluntatemque
369 938 519 966 Salvatoris
535 938 714 973 intelligebat,
729 938 864 972 profecto,
880 937 909 966 Si

121 992 180 1010 eum
196 991 301 1010 ntanerc
312 983 381 1016 volo,
398 990 463 1014 non,
477 982 522 1010 Sic
538 991 597 1010 eum
612 983 671 1010 uolo
684 991 801 1015 manere,
816 984 909 1018 legen-

123 1032 187 1056 dum
206 1034 259 1062 est,
277 1034 304 1057 et
317 1037 382 1056 vero
395 1029 579 1063 Evangelistte
597 1028 758 1056 testimonio
777 1028 846 1055 ﬁdes
859 1029 909 1055 ha-

123 1074 223 1106 benda,
243 1073 291 1108 qui
308 1081 368 1100 mox
382 1073 493 1104 asserit,
511 1075 541 1105 se
558 1072 636 1099 illum
653 1079 712 1099 esse
742 1071 788 1106 qui
810 1071 909 1098 scribit

123 1126 150 1147 t-t
169 1128 264 1147 verum
280 1118 465 1146 testimonium
481 1118 514 1145 de
529 1117 573 1145 his
589 1117 747 1152 perbibere,
762 1125 814 1143 non
829 1117 909 1143 modo

125 1167 159 1193 de
177 1166 278 1193 Christi
301 1165 458 1192 actionibus
475 1163 529 1191 hoc
543 1171 718 1196 asseverans,
736 1163 783 1190 sed
806 1164 839 1190 de
853 1170 911 1198 om-

127 1213 209 1240 nibus
223 1221 236 1238 a
254 1221 283 1239 se
299 1213 325 1238 in
340 1211 487 1245 Evangelio
509 1210 630 1244 scriptis.
652 1209 708 1237 [loc
722 1209 811 1244 ipsuttt
822 1209 911 1244 Chry-

126 1258 238 1286 sostouti
257 1265 367 1293 quoque
385 1257 466 1284 verba
481 1256 704 1284 manifestissime
717 1256 909 1290 comprobant,

125 1305 173 1339 qui
192 1311 274 1339 super
293 1304 337 1331 his
353 1302 445 1330 verbis
461 1303 538 1337 quasi
557 1301 808 1329 vociferabundus:
830 1300 912 1328 Mira-

127 1358 167 1382 re,
186 1350 286 1384 inquit,
295 1349 475 1384 Evangelistre
486 1347 683 1381 humilitatem,
693 1347 832 1382 quontodo
845 1347 914 1374 alio-

129 1405 189 1424 rum
206 1397 239 1423 de
253 1403 283 1423 se
298 1403 353 1422 non
368 1399 468 1421 rectam
480 1393 638 1428 opinionem
653 1392 777 1428 corrigit,
796 1393 842 1427 qui
857 1399 911 1420 non

128 1442 323 1470 intellexerunt
337 1439 410 1475 quod
430 1439 465 1467 de
486 1439 544 1474 ipso
566 1438 697 1466 Dominus
715 1438 829 1471 dixerat,
863 1438 911 1466 sed

128 1491 261 1524 putarunt
276 1495 339 1514 eutn
363 1493 418 1513 non
435 1486 612 1512 moriturum.
644 1484 781 1512 Praeterea
808 1491 870 1511 cum
897 1492 912 1513 e

129 1535 224 1562 Gneca
244 1534 336 1569 lingua
365 1533 391 1559 in
412 1531 537 1559 Latinam
569 1530 732 1558 translatum
761 1537 822 1558 esse
838 1530 913 1558 hunc

112 1600 114 1603 τ
129 1581 266 1612 codicem,
279 1579 348 1607 nulli
363 1579 399 1607 sit
415 1578 542 1610 dubium,
557 1581 720 1612 constetque
736 1577 808 1612 apud
839 1576 914 1604 Grae-

130 1635 179 1655 cos
194 1628 253 1655 sine
269 1627 360 1662 aliqua
386 1625 564 1660 ambiguitate
587 1623 642 1659 legi
659 1623 719 1656 ἐὰν,
746 1624 797 1651 hoc
820 1628 861 1651 est
879 1624 913 1657 si,

129 1673 253 1708 profecto
266 1679 378 1699 necesse
392 1674 434 1698 est
449 1674 480 1697 ut
495 1674 522 1697 et
534 1669 625 1696 Latini
641 1675 752 1704 quoque
768 1670 791 1696 si
811 1669 913 1704 legant.

131 1720 197 1752 Qua
216 1719 288 1747 enim
302 1725 364 1746 cum
376 1717 469 1745 Grazca
482 1716 598 1744 veritate
612 1715 801 1748 consentiunt,
817 1716 916 1743 lliero-

132 1773 232 1801 nymus
244 1763 343 1799 inquit,
359 1763 404 1790 illa
423 1767 549 1790 correcta
579 1765 654 1790 sunt.
672 1762 704 1789 Et
733 1762 914 1797 Augustinus,

121 1802 165 1840 ~ad
181 1810 348 1845 exemplaria
379 1809 560 1842 praecedentia
590 1808 788 1836 recurrendutn
815 1809 862 1839 ait,
892 1808 914 1834 si

121 1865 212 1898 .qnam
224 1855 423 1884 dubitationem
434 1855 594 1882 Latinorum
612 1854 795 1888 interpretum
809 1853 916 1897 inlinita

122 1892 250 1939 Evarietas
268 1903 412 1937 attulerit;
431 1908 582 1936 rursusque
612 1900 700 1928 libros
729 1899 797 1927 Novi
815 1892 917 1927 Testa-

122 1944 227 1985 ξηιειιιὶ,
242 1951 264 1978 si
281 1950 346 1985 quid
362 1950 390 1977 itt
406 1949 511 1976 Latinis
520 1946 699 1975 varietatibus
713 1946 824 1979 titubat,
840 1945 917 1973 Gne-

130 1998 172 2026 eis
184 1997 283 2025 cedere
300 2000 427 2031 oportere
441 1994 584 2029 dijudieat.
600 1993 689 2020 Taceo
700 1992 774 2027 quod
788 1991 916 2019 doctores

129 2037 231 2075 Graeci,
244 2041 386 2077 Origenes,
407 2039 634 2075 Chrysostomus,
649 2037 768 2074 Cyrillus
781 2041 809 2065 et
823 2036 914 2064 επιετί

123 2081 227 2118 omnes
238 2088 312 2116 hunc
324 2088 416 2116 locum
445 2094 479 2114 eo
495 2087 577 2114 modo
595 2088 737 2120 exponunt
764 2091 819 2118 quo
844 2087 871 2111 et
886 2091 915 2111 se

131 2135 234 2162 habere
247 2134 366 2161 litteram
380 2132 509 2165 diximus,
520 2131 622 2166 quibus
639 2130 765 2165 proiecto
782 2135 913 2164 tanquam

123 2173 247 2208 summis
265 2179 342 2212 viris,
356 2185 387 2205 ac
404 2177 430 2204 in
453 2177 566 2212 propria
579 2176 673 2211 lingua
688 2175 811 2210 apprime
823 2175 917 2202 crudi-

960 937 1065 964 l‘uerint
1097 937 1216 964 assecuti
1231 956 1239 968 ,
1261 943 1354 963 veram
1383 940 1472 964 tamen
1496 936 1659 963 sententiam
1683 943 1748 963 cum

960 990 1065 1010 summa
1079 981 1212 1017 sapientia
1219 981 1423 1016 excerpserint,
1438 988 1635 1016 nonnunquam
1650 983 1743 1013 etiam,

961 1029 983 1055 si
1002 1029 1081 1055 aliam
1096 1028 1424 1059 cdiderintsententiam,
1452 1035 1535 1062 quam
1560 1027 1682 1055 auctoris
1697 1036 1746 1055 ex-

963 1075 1076 1107 stiterit,
1090 1075 1127 1102 ita
1139 1079 1228 1102 tamen
1248 1078 1355 1102 acutam
1369 1078 1397 1101 et
1413 1081 1523 1109 gravem
1536 1078 1562 1101 et
1577 1073 1744 1101 luculentatn

962 1121 1111 1153 ediderint,
1145 1125 1175 1147 ut
1201 1120 1261 1155 ipsa
1290 1125 1318 1148 et
1335 1127 1390 1147 non
1418 1119 1471 1147 alia
1484 1119 1611 1147 videatur
1626 1127 1686 1147 esse
1699 1120 1745 1147 de-

962 1166 1038 1194 bere.
1054 1166 1289 1202 Equidentiateor
1309 1166 1503 1201 Augustinum,
1517 1167 1606 1193 virum
1620 1166 1746 1194 sublimis

963 1212 1075 1247 ingenii,
1092 1220 1140 1247 per
1154 1213 1191 1239 sic
1209 1211 1382 1239 hunelocum
1409 1212 1579 1247 exposuisse,
1595 1216 1622 1239 et
1635 1211 1745 1247 quidem

963 1258 1133 1293 gravissimis
1158 1257 1380 1292 acutissimisque
1405 1257 1570 1290 rationibus,
1586 1257 1638 1285 hoc
1654 1262 1745 1285 autem

963 1310 1016 1330 non
1031 1304 1097 1330 satis
1110 1310 1170 1330 esse
1200 1303 1232 1329 ad
1247 1301 1468 1337 persuadendum
1488 1303 1526 1329 ita
1538 1302 1639 1330 debere
1650 1303 1746 1336 scribi,

963 1355 995 1375 ex
1018 1348 1114 1375 eodem
1127 1348 1239 1376 doctore
1253 1347 1476 1375 manifestissime
1488 1348 1621 1382 probabo.
1634 1348 1659 1376 Is
1672 1349 1747 1376 enim

963 1397 1055 1424 locum
1072 1395 1146 1423 illum
1163 1395 1291 1431 Epistolas
1314 1395 1410 1430 prima:
1432 1395 1466 1422 ad
1477 1395 1650 1423 Timotheum
1662 1404 1747 1432 expo-

965 1448 1045 1473 nens,
1058 1440 1105 1468 ubi
1128 1441 1199 1475 apud
1219 1441 1328 1468 Graecos
1343 1432 1486 1474 scribitur,
1511 1441 1610 1472 Πιστὺς
1634 1442 1648 1468 ὸ
1669 1442 1747 1477 λόγος

965 1487 1013 1514 καὶ
1029 1487 1120 1522 πάσης
1145 1486 1280 1521 ἀποδοχῆς
1303 1486 1388 1519 ἄξιος,
1416 1486 1468 1514 hoc
1479 1491 1531 1521 est,
1550 1486 1650 1515 Fidelis
1664 1496 1749 1516 sermo

965 1536 990 1558 et
1016 1532 1087 1559 omni
1110 1532 1261 1567 acceptione
1292 1532 1396 1566 dignus,
1428 1532 1465 1559 ita
1476 1532 1550 1560 enim
1566 1532 1749 1570 Hieronymus

965 1585 1074 1613 quoque
1099 1578 1173 1606 hunc
1197 1579 1288 1606 locum
1315 1579 1512 1613 interpretatus
1537 1584 1590 1612 est,
1609 1580 1749 1609 Humanua

967 1624 1068 1659 inquit,
1096 1632 1192 1651 sermo.
1218 1624 1289 1657 Quid
1322 1624 1379 1652 ita?
1400 1624 1469 1658 Quia
1483 1625 1521 1653 ita
1535 1631 1600 1654 tunc
1614 1627 1749 1662 Scriptum

967 1674 1107 1705 repererat
1135 1675 1162 1697 et
1189 1670 1229 1698 sic
1257 1677 1306 1705 per
1335 1671 1516 1706 interpretem
1531 1672 1615 1701 fuisse
1632 1674 1751 1702 transla-

968 1719 1024 1741 tum
1040 1735 1048 1747 ,
1077 1720 1207 1750 tantoque
1233 1715 1360 1744 acumine
1387 1717 1557 1753 etelegantia
1570 1726 1602 1746 ac
1618 1719 1752 1755 gravitate

967 1761 1165 1789 sententiarum
1177 1769 1240 1789 eum
1253 1762 1346 1790 locum
1377 1771 1520 1799 exponens
1536 1765 1751 1804 illustratatque

966 1812 1081 1841 exornat
1091 1808 1132 1834 vir
1144 1807 1189 1835 ille
1211 1809 1433 1843 sapientissimus
1449 1815 1531 1846 atque
1546 1813 1750 1847 sanctissimus,

969 1859 999 1881 ut
1011 1862 1093 1882 nemo
1106 1854 1232 1882 crederet
1247 1855 1327 1882 aliter
1338 1856 1421 1884 scribi
1436 1856 1577 1890 debuisse,
1594 1861 1749 1893 praesertim

967 1899 1032 1933 quid
1043 1899 1116 1934 apud
1128 1899 1239 1927 Grzecos
1252 1901 1389 1928 scribatur
1404 1901 1543 1935 ignorans.
1556 1903 1636 1931 Nulla
1649 1905 1752 1939 quippe

967 1945 1039 1979 apud
1061 1945 1123 1972 illos
1154 1945 1281 1972 vocabuli
1305 1945 1388 1980 hujus
1407 1946 1586 1982 ambiguitas.
1604 1948 1750 1984 Siquidem

967 1991 1060 2022 πιστὸς
1070 1990 1156 2024 ﬁdelis
1164 1991 1224 2018 siue
1233 1991 1405 2019 dubitatione
1416 1992 1562 2027 signiﬁcat,
1573 1996 1738 2026 quentadmo
1746 2012 1753 2017 -

967 2037 1032 2064 dum
1044 2043 1071 2065 et
1081 2037 1246 2070 πιστιςίὶιιεσ
1257 2037 1361 2065 dicitur
1370 2047 1378 2072 ;
1389 2046 1438 2066 nec
1448 2039 1538 2074 aliqua
1547 2045 1590 2068 est
1602 2042 1753 2071 similitudo

967 2084 1050 2118 hujus
1074 2084 1150 2111 verbi
1180 2084 1275 2115 πιστὸς
1306 2091 1367 2111 eum
1390 2092 1421 2111 ea
1447 2085 1567 2114 dictione
1583 2087 1675 2115 Graeca
1691 2097 1752 2124 qua:

967 2131 1112 2158 humanum
1136 2129 1292 2164 significat;
1322 2134 1350 2157 et
1379 2134 1470 2157 tamen
1497 2130 1534 2159 ita
1565 2139 1637 2167 sape
1663 2142 1696 2161 eo
1723 2135 1750 2162 itt

968 2176 1029 2204 loco
1055 2175 1168 2210 replicat
1193 2176 1244 2203 hoc
1263 2175 1378 2203 verbum
1391 2177 1542 2211 apostolus,
1560 2183 1590 2205 ut
1602 2179 1752 2207 vehemen-

132 2227 177 2259 tis,
190 2229 218 2253 et
233 2233 294 2260 quae
306 2225 332 2251 in
348 2224 443 2251 eadem
457 2223 550 2258 lingua
564 2222 666 2257 scripta
681 2221 915 2256 suntexponeuli-
928 2228 955 2260 ι)
969 2227 1010 2250 ter
1024 2222 1143 2249 admirer
1157 2229 1211 2256 quo
1230 2227 1309 2256 pacto
1327 2222 1375 2256 qui
1388 2222 1495 2257 primus
1507 2222 1559 2251 hoc
1582 2224 1609 2251 in
1623 2224 1753 2253 Latinum

131 2272 194 2304 bus,
211 2271 304 2306 potius
319 2277 401 2306 quam
419 2269 564 2304 quibusvis
580 2269 644 2295 aliis
671 2267 838 2295 credendum
853 2274 914 2294 esse

130 2317 224 2354 negari
241 2324 297 2344 non
326 2319 426 2351 potest.
448 2314 500 2342 Sed
533 2322 568 2341 ne
600 2314 772 2341 recentiores
803 2314 916 2348 quidem

130 2365 260 2392 doctores
275 2362 390 2389 Latinos
409 2361 468 2387 haec
480 2360 597 2392 latuere,
612 2361 821 2394 prmsertimque
837 2359 914 2386 Tito-

131 2417 203 2436 mam
215 2409 390 2443 Aquinatem,
405 2406 495 2433 virum
509 2410 539 2433 ut
551 2405 765 2437 sanctissimum,
785 2407 819 2432 ita
834 2406 916 2432 etiam

131 2455 334 2484 doctissimum.
349 2454 399 2480 llic
417 2453 444 2480 in
464 2460 496 2480 ea
513 2460 594 2488 quant
608 2459 691 2486 super
705 2452 861 2486 Etangeliis
883 2461 915 2480 ex

132 2509 255 2529 veterum
275 2500 418 2528 doctorum
435 2498 516 2526 dictis
531 2498 704 2533 expositione
726 2499 878 2532 componit,
894 2498 917 2524 si

131 2549 263 2583 scriptum
282 2554 342 2574 esse
359 2546 448 2581 inquit
467 2545 611 2572 ἰηῦηευο.
633 2543 710 2577 Quod
728 2544 749 2571 si
778 2544 805 2570 in
823 2544 918 2571 (ἑνδεεο

131 2597 154 2621 si
170 2595 306 2628 scriptum
324 2596 377 2624 est,
393 2597 423 2618 ut
435 2591 556 2618 Thomas
582 2590 690 2623 asserit,
711 2590 738 2616 in
757 2590 917 2617 translatio-

133 2643 215 2668 nibus
229 2648 293 2667 vero
304 2647 356 2667 non
368 2638 485 2670 vitiosis,
499 2642 566 2665 teste
580 2636 756 2671 Hieronymo,
768 2644 821 2663 non
837 2638 918 2664 modo

133 2688 226 2720 verba,
247 2687 293 2714 sed
310 2688 393 2714 etiam
420 2685 490 2713 ordo
507 2684 565 2719 ipse
582 2684 729 2711 verborum
762 2685 918 2710 servandus

132 2739 185 2764 e..t,
204 2737 311 2760 constat
325 2739 393 2759 sane
407 2731 518 2759 Latinos
538 2730 647 2758 codices
661 2729 839 2756 librariorttm
851 2730 918 2757 vitio

132 2781 309 2813 depravatos,
336 2786 390 2805 non
411 2783 484 2804 recte
500 2784 529 2804 se
544 2776 655 2803 habere.

172 2826 201 2851 Et
229 2825 286 2851 haec
316 2823 427 2858 quidem
455 2823 488 2850 ad
518 2815 686 2856 probandam
702 2822 803 2849 Graeca:
820 2823 917 2850 littera:

131 2872 318 2900 sinceritatem
352 2869 416 2896 satis
446 2869 480 2896 sit
505 2869 533 2895 in
560 2868 704 2902 prtesentia
733 2868 854 2903 dixisse,
883 2878 915 2896 ex

968 2269 1084 2296 mutavit
1099 2268 1367 2303 eloquium,tantum
1386 2275 1401 2295 a
1416 2268 1515 2297 Grzecte
1531 2271 1605 2297 vocis
1615 2271 1753 2306 signiﬁca-

969 2315 1043 2342 tione
1059 2314 1228 2342 discesserit.
1253 2313 1324 2347 Quid
1346 2314 1422 2342 enim
1437 2323 1583 2343 commune
1601 2317 1686 2345 habet
1705 2319 1755 2345 Im-

968 2368 1062 2387 manus
1084 2367 1147 2387 eum
1172 2360 1268 2394 ﬁdeli?
1295 2360 1478 2396 Hieronymus
1510 2366 1606 2396 postea
1636 2364 1698 2396 hoc,
1726 2371 1755 2391 ut

970 2407 1106 2441 pleraque
1120 2406 1185 2439 alia,
1203 2406 1333 2440 correxit,
1360 2412 1388 2434 et
1402 2407 1523 2434 Graecam
1540 2415 1635 2436 vocem
1654 2417 1755 2444 repren-

970 2457 1094 2483 sentans,
1115 2452 1202 2485 ﬁdelis
1224 2460 1310 2479 sermo
1330 2453 1451 2487 scripsit,
1466 2460 1521 2479 non
1536 2453 1685 2486 humanus;
1702 2463 1757 2489 quo
1791 2484 1794 2486 γ

970 2500 999 2526 lit
1030 2505 1057 2525 ut
1082 2506 1134 2527 nec
1160 2499 1258 2526 Latino
1274 2500 1412 2534 .cuiquam
1444 2499 1561 2526 dubium
1579 2508 1639 2528 esse
1656 2501 1757 2529 debeat

969 2553 1077 2573 errasse
1093 2546 1179 2577 illum,
1198 2546 1244 2580 qui
1262 2553 1310 2580 pro
1334 2546 1421 2580 ﬁdelis
1446 2547 1577 2574 humanus
1592 2552 1671 2575 antea
1686 2551 1755 2575 scri-

970 2591 1056 2624 pscrit
1068 2595 1163 2617 contra
1176 2590 1346 2625 Hieronymi,
1361 2591 1407 2625 qui
1420 2591 1520 2618 Graeca:
1531 2592 1630 2627 lingua:
1646 2594 1755 2626 peritis-

970 2636 1056 2663 sintus
1072 2636 1287 2671 iuit,judicium.
1305 2636 1383 2663 liunc
1399 2641 1490 2664 tamen
1506 2637 1564 2665 sire
1580 2639 1699 2673 imperiti
1714 2640 1755 2667 in-

971 2682 1100 2715 terpretis
1111 2690 1158 2709 seu
1176 2681 1351 2708 dormitantis
1364 2689 1488 2710 errorem
1500 2683 1616 2717 librarii,
1630 2685 1665 2712 ita
1675 2685 1755 2717 scite.

970 2729 1091 2764 graviter
1106 2736 1137 2755 ac
1149 2729 1287 2763 sapienter
1302 2728 1415 2762 exponit
1427 2736 1565 2756 summum
1583 2731 1649 2758 illud
1662 2731 1756 2767 Augu-

970 2776 1034 2802 Siilti
1065 2776 1310 2808 arutissitnumque
1338 2774 1490 2809 ingenium,
1509 2780 1548 2808 ιιι,
1575 2778 1756 2811 (ιυεωίιάηιος

971 2823 1035 2848 dum
1051 2830 1133 2856 supra
1149 2823 1278 2855 diximus,
1297 2821 1411 2848 difﬁcile
1440 2821 1476 2848 sit
1494 2823 1653 2852 existimare
1675 2826 1755 2852 aliter

971 2869 1175 2903 dieidcbu'sse,
1196 2870 1246 2897 nisi
1271 2870 1332 2903 quis
1358 2869 1391 2896 ab
1409 2873 1520 2898 auctore
1538 2869 1642 2898 dictum
1666 2871 1755 2901 fuisse
