1916 3066
160 120 214 152 635

637 113 894 146 ’ΒΕΞΞΑΒῙΟΝῘΞ
913 115 944 147 S.
967 116 1003 146 Ii.
1030 118 1058 147 Ε.
1074 118 1305 147 (ΣΛΠΟΙΝΑΗΞ

1731 116 1792 150 636

158 176 336 213 perspexerit.
373 175 450 208 Quod
483 179 513 201 tit
539 174 646 201 facilius
674 173 854 208 intelligatur,
874 172 941 199 libot
957 178 978 205 Α
995 175 1093 206 tiones,
1111 183 1164 201 non
1181 181 1221 202 cst
1250 175 1373 202 mirabile
1400 175 1621 207 existimandum,
1647 174 1669 203 si
1685 180 1792 211 prteter

158 225 217 258 ipsa
247 221 390 257 Augustini
406 221 498 253 verba,
526 227 588 254 qua
608 220 634 246 in
664 226 789 246 sermone
810 218 848 245 De
861 219 944 245 verbis

159 269 277 303 Apostolt‘
289 269 410 303 scripsit,
427 268 557 294 inserere.
574 275 583 291 ι
602 265 748 297 Audimus,
761 265 863 300 inquit,
879 265 944 292 bea-

160 322 217 342 tum
249 315 365 342 Paulum
391 313 565 348 apostolum,
604 311 740 339 dicentem
773 320 780 338 :
807 310 945 337 Humana;

159 367 256 393 set-nio,
287 363 312 386 et
339 359 410 386 omni
437 358 586 391 acceptione
620 357 724 391 dignus,
751 355 813 390 quia
825 354 945 381 Christus

159 405 237 432 Janus
260 406 330 432 venit
356 405 383 431 in
418 403 557 436 mundum,
584 406 734 437 peccator-ea
748 400 834 427 salvos
848 400 943 435 faccre,

161 459 274 485 quot-itm
299 450 401 485 primus
427 457 473 484 ego
488 457 546 475 sum
564 448 585 474 ι.
605 447 747 474 liumanus
768 453 834 480 ergo
854 452 945 472 scr-mo

161 502 190 524 et
211 496 294 524 omni
323 495 484 530 acceptione
515 493 624 528 dignus.
652 493 742 525 Quare
773 492 948 518 liumanuset

163 550 219 573 non
246 541 376 569 divinus?
407 540 505 568 Procul
528 539 613 566 dubio
639 538 691 565 nisi
723 537 775 564 iste
813 538 949 564 humanus

163 595 255 616 set-me
276 593 304 614 et
329 586 440 614 divinus
472 589 560 617 esset,
587 583 687 618 dignus
699 582 774 610 omni
786 582 947 616 acceptione

164 640 221 660 non
256 635 340 659 esset.
362 630 415 658 Sed
445 630 485 657 sic
507 633 549 656 est
573 635 665 658 sermo
689 627 741 654 iste
758 626 896 653 humanus
918 629 946 652 et

164 678 276 705 divinus
305 676 444 712 quomodo
470 678 512 702 est
535 675 593 708 ipso
624 672 749 700 Christus
774 677 802 701 et
818 671 901 698 homo
920 675 949 698 et

165 725 249 752 Deus.
281 723 309 751 Si
328 727 403 750 recte
425 721 603 756 intelligimus
619 726 773 748 sermonem
790 718 873 745 istum
893 724 948 744 non

165 770 255 797 solum
281 769 433 799 humanum
456 775 528 799 esse,
560 772 655 793 verum
689 764 772 792 etiam
811 763 947 796 divinum,

165 823 250 852 quare
280 814 428 850 Apestolos
452 813 602 841 humanum
626 812 721 838 dicere
749 809 845 837 maluit
864 817 945 844 quam

996 228 1088 248 veram
1117 222 1231 256 alicujus
1257 222 1430 248 auctoritatis
1458 221 1635 252 sententiam,
1664 221 1713 248 alia
1732 221 1792 247 mi-

993 270 1048 292 nus
1069 271 1141 293 recta
1167 266 1284 293 diversis
1313 266 1468 293 rationibus
1499 266 1536 292 ita
1563 265 1740 298 defendatur,
1759 270 1792 294 ut

997 317 1071 340 recte
1094 312 1218 339 videatur
1243 319 1276 338 ex
1306 312 1378 338 omni
1407 316 1483 346 parte
1500 312 1661 342 consistere.
1678 312 1792 340 Etenim

995 366 1060 386 cum
1079 359 1105 384 in
1122 358 1228 385 caeteris
1243 357 1398 392 disciplinis
1418 358 1548 385 onmibus
1568 366 1647 385 voces
1665 362 1793 385 tantum-

997 405 1078 431 modo
1104 404 1170 435 sint,
1195 412 1256 438 qua:
1282 412 1327 431 res
1343 403 1506 438 significent,
1529 403 1582 430 hoc
1593 403 1734 438 proprium
1748 411 1794 430 csr

997 457 1028 476 ac
1044 449 1181 483 peculiare
1198 449 1346 484 Scriptum
1370 456 1464 480 sacrae,
1497 448 1569 483 quod
1590 455 1644 475 non
1658 448 1741 476 modo
1762 448 1793 475 in

998 503 1028 523 ea
1054 503 1134 522 voces
1166 503 1209 522 res
1236 495 1398 529 significant,
1430 494 1477 522 sed
1510 494 1593 521 etiam
1612 502 1656 521 res
1670 501 1720 528 per
1738 494 1794 520 hu-

995 542 1115 576 jusmodi
1140 549 1221 569 voces
1249 541 1420 577 signitiratae,
1452 549 1496 568 res
1518 541 1585 568 alias
1619 540 1792 576 signiﬁcant.

999 586 1068 614 Iiinc
1081 591 1121 614 est
1140 588 1211 622 quod
1228 596 1282 614 non
1313 588 1394 614 modo
1411 588 1488 622 juxta
1509 587 1640 618 litteram,
1657 585 1705 613 sed
1721 586 1794 613 alle-

999 634 1091 668 gorice
1105 639 1132 660 et
1143 633 1293 666 moraliter,
1303 637 1330 660 et
1340 633 1486 668 anagngice
1501 639 1606 659 sacram
1615 631 1792 666 Scripturam

999 684 1150 714 exponunt,
1171 680 1208 708 ita
1224 683 1254 707 ut
1271 679 1374 714 quaevis
1399 680 1458 714 ejus
1471 678 1604 713 particula
1615 678 1649 705 ad
1667 679 1792 712 aliquem

1000 726 1114 753 istorum
1130 733 1259 753 sensuum
1275 725 1369 752 reduci
1381 726 1475 760 possit.
1489 726 1525 752 At
1536 724 1581 751 ubi
1593 724 1722 752 historica
1740 732 1791 751 seu

1000 773 1126 800 litteralis
1143 772 1278 806 expositio
1305 771 1495 806 prosequenda
1515 775 1568 804 est,
1584 770 1638 798 nisi
1663 778 1728 797 vera
1754 770 1794 797 sit

1000 818 1103 851 littera,
1117 825 1213 845 sensus
1228 825 1337 852 quoque
1351 817 1487 844 claudicet
1503 823 1614 844 necesse
1628 820 1679 843 est.

166 850 306 889 divinum?
326 860 424 888 Procul
444 859 528 886 dubio
545 858 619 885 enim
634 857 680 892 qni
697 864 752 883 non
768 857 945 887 mentiretur,

1035 863 1112 896 Quod
1127 871 1192 890 vero
1206 863 1327 890 secundo
1355 862 1415 890 loco
1445 866 1585 894 asserunt,
1609 861 1680 888 nihil
1708 868 1792 896 prcr-

165 909 188 935 si
215 907 318 935 diceret
345 906 479 939 divinum,
493 913 546 931 non
565 904 626 931 sine
641 911 724 930 causa
746 903 947 929 maluitdicere

166 955 327 981 humanum.
342 953 400 980 Hoc
421 959 489 986 ergo
510 950 602 984 elegit,
618 956 667 984 per
686 948 760 983 quod
778 947 905 975 Christus
921 947 948 973 in

167 999 298 1026 mundum
324 998 411 1025 venit.
436 997 516 1024 Venit
537 996 611 1023 enim
633 1002 681 1029 per
694 994 768 1029 quod
783 994 865 1021 homo
877 998 946 1025 erat,

167 1053 222 1073 non
250 1052 300 1079 per
331 1043 405 1078 quod
429 1043 503 1072 Deus
523 1046 593 1069 erat.
621 1041 739 1076 Semper
753 1040 798 1067 hic
809 1044 880 1067 erat.
897 1039 948 1066 Ubi

166 1092 239 1118 enim
267 1097 323 1117 non
348 1092 390 1117 est
426 1088 509 1121 Deus,
534 1087 682 1123 quidixit:
699 1086 801 1114 Caelum
814 1090 838 1112 et
852 1090 950 1112 terram

167 1145 214 1172 ego
243 1136 341 1171 impleo
356 1135 389 1162 ιι
404 1135 531 1165 Christus
553 1138 629 1161 certe
642 1138 685 1161 est
708 1132 843 1167 sapientia
854 1136 882 1158 et
898 1139 950 1158 v.r-
974 1135 976 1138 '

168 1189 211 1211 tus
239 1183 286 1213 Dei
309 1182 342 1210 de
369 1189 422 1217 qua
449 1181 561 1211 dicitur,
586 1180 700 1215 Attingt‘t
719 1188 736 1206 α
754 1179 807 1213 [ine
823 1178 951 1213 usquead

166 1231 248 1265 ﬁnem
268 1230 382 1265 fortiter,
401 1232 425 1255 at
450 1227 565 1262 disponit
592 1226 680 1253 omnia
702 1226 819 1252 suaviter
834 1225 855 1254 ³.
879 1225 951 1259 Ergo

168 1279 197 1304 in
217 1276 268 1303 hoc
292 1274 396 1302 mundo
423 1277 493 1306 erat,
522 1277 549 1300 et
565 1272 683 1299 mundus
697 1279 745 1306 per
761 1271 849 1306 ipsum
864 1271 952 1304 iactus

168 1327 219 1355 est,
236 1326 265 1349 et
280 1320 399 1348 mundus
411 1327 474 1347 eum
492 1326 546 1346 non
563 1317 701 1352 cognovit.
727 1317 758 1344 Et
776 1317 821 1344 hic
833 1321 907 1347 erat,
924 1320 951 1343 et

169 1368 245 1399 venit
261 1377 268 1395 :
285 1367 329 1394 hic
357 1371 417 1394 erat
441 1373 492 1400 per
518 1364 638 1393 divinam
668 1364 849 1398 majestatem,
877 1362 953 1389 venit

168 1423 218 1450 per
242 1414 387 1440 humanam
414 1411 611 1439 inﬁmitatem.
642 1410 712 1443 Quia
731 1417 797 1444 ergo
812 1409 888 1436 venit
904 1415 953 1443 per

169 1459 355 1487 inﬁrmitatem
376 1458 532 1490 humanam,
549 1456 611 1483 ideo
639 1455 790 1490 pradicans
806 1454 952 1481 adventum

1000 917 1046 937 sus
1059 909 1084 935 in
1098 908 1238 944 Scriptura
1253 915 1331 935 sacra
1349 908 1537 935 innovandum
1556 914 1617 934 esse
1632 927 1640 940 ,
1659 906 1792 942 impium-

1001 962 1054 990 que
1084 963 1143 982 esse
1169 962 1204 981 ex
1231 961 1264 981 ea
1294 953 1457 980 imminuere
1472 953 1586 988 aliquid,
1606 952 1648 980 vel
1669 957 1791 984 mutare,

1001 1008 1035 1027 an
1066 1000 1102 1027 ita
1132 1000 1178 1033 sit,
1204 999 1386 1034 Hieronymus
1408 998 1466 1033 ipse
1493 997 1666 1032 respondeat,
1686 997 1745 1034 qui,
1760 1003 1792 1025 ut

1001 1055 1083 1081 supra
1115 1047 1271 1079 retulimus,
1296 1054 1350 1074 non
1368 1046 1457 1074 solum
1480 1050 1610 1078 mutasse,
1626 1045 1674 1073 sed
1691 1053 1791 1072 emen-

1002 1093 1082 1120 dasse
1108 1100 1138 1120 se
1165 1101 1197 1120 ac
1222 1092 1374 1120 correxisse
1393 1091 1548 1127 proﬁtetur,
1567 1099 1626 1127 qua:
1646 1099 1661 1118 a
1682 1099 1791 1126 praece-

1002 1137 1131 1165 dentibus
1163 1138 1360 1173 interpretibus
1388 1138 1460 1165 male
1483 1138 1555 1165 dicta
1577 1138 1692 1171 invenit,
1710 1139 1753 1166 vel
1776 1147 1790 1165 a

1005 1185 1231 1219 praesumptuosis
1259 1184 1405 1212 emendata
1431 1183 1598 1219 perversius,
1614 1184 1654 1210 vel
1670 1192 1684 1211 a
1704 1184 1791 1211 libra—

1003 1230 1052 1257 riis
1081 1229 1294 1257 dormitantibus
1322 1229 1414 1256 addita
1437 1230 1479 1257 vel
1497 1234 1674 1258 commutata.
1692 1230 1791 1265 Neque

1004 1275 1092 1303 solutn
1121 1275 1214 1307 Vetus,
1244 1275 1292 1302 sed
1319 1275 1426 1303 Novum
1455 1276 1538 1303 etiam
1563 1275 1788 1309 Testamentum,

1004 1323 1148 1357 ipsumque
1176 1321 1352 1356 Evangelium
1384 1320 1512 1357 tanquam
1535 1326 1613 1349 antea
1629 1327 1790 1357 corruptum

1001 1368 1164 1395 emendasse
1195 1375 1224 1395 se
1241 1367 1379 1403 praedicat,
1394 1373 1424 1394 ut
1443 1368 1608 1403 posteriores
1639 1368 1721 1396 etiam
1750 1368 1791 1395 fc-

1003 1413 1087 1444 ‘cisse,
1103 1412 1244 1446 Scriptura
1266 1411 1389 1438 eamdem
1412 1412 1544 1447 jacturam
1567 1415 1628 1446 post
1656 1412 1791 1447 llieiony-

1008 1465 1083 1484 mum
1108 1465 1198 1492 passa.
1215 1464 1298 1492 supra
1315 1457 1576 1485 demonstravimus.
1592 1457 1619 1485 Si
1638 1458 1722 1494 igitur
1734 1466 1789 1485 non

169 1506 229 1539 fit”
255 1505 324 1532 dim
342 1504 472 1530 Ῐηίηωηυο
499 1509 585 1529 “mo
596 1501 618 1528 "-
641 1500 702 1528 Νθη
721 1500 886 1528 liberarem"
902 1500 953 1526 hu‘
968 1517 990 1547 ο
1004 1504 1130 1539 impium,
1144 1503 1191 1531 sed
1204 1504 1289 1538 pium,
1309 1503 1363 1531 imo
1378 1511 1445 1531 vero
1474 1504 1628 1539 piissimum
1643 1504 1707 1537 fuit,
1726 1505 1787 1533 Hie-

169 1558 280 1579 manum
306 1557 403 1586 genus,
431 1549 484 1578 nisi
514 1555 603 1577 sermo
627 1547 675 1574 Dei
706 1547 865 1582 dignaretur
891 1553 952 1574 esse

169 1598 317 1629 hactenus;
344 1596 413 1623 Nam
437 1599 465 1622 et
495 1598 578 1623 homo
602 1594 648 1621 ille
676 1593 778 1621 dicitur
803 1593 951 1624 humanus,

169 1645 218 1679 qui
242 1643 405 1679 seexltibet
429 1641 546 1672 homini,
575 1645 603 1667 et
632 1639 751 1667 maxime
766 1639 814 1674 qui
831 1639 951 1673 hospitio

168 1690 285 1724 suscipit
309 1688 461 1716 hominem.
491 1686 518 1714 Si
545 1693 610 1720 ergo
625 1685 763 1714 humanus
777 1685 887 1716 dicitur,
906 1681 958 1719 qui

170 1737 199 1764 iu
225 1736 307 1763 deuio
332 1741 382 1762 sua
410 1732 526 1768 suscipit
551 1732 703 1765 hominem,
719 1739 800 1767 quam
817 1732 953 1758 humanus

171 1787 223 1814 est,
253 1782 299 1816 qui
324 1781 362 1808 in.
377 1788 407 1808 se
428 1779 542 1814 suscipit
560 1778 722 1806 hominem?
737 1779 808 1814 Ergo
823 1778 953 1805 humanus

165 1835 264 1861 sermo,
278 1832 303 1854 et
320 1826 392 1858 omni
415 1825 565 1860 acceptione
581 1824 686 1859 dignus.
705 1832 714 1850 ι
735 1823 851 1852 Videsne
867 1829 896 1852 ut
915 1825 955 1851 lo»

170 1881 235 1904 cum
264 1873 339 1899 hunc
365 1871 554 1898 sanctissimus
581 1869 679 1896 deetor
694 1868 815 1905 graviter
829 1868 954 1896 luculen-

171 1924 266 1952 terque
284 1917 406 1952 exponit,
419 1916 466 1945 ubi
490 1920 593 1948 tamen,
617 1915 785 1950 Hieronymo
802 1918 882 1947 teste,
899 1922 952 1941 non

170 1969 244 1993 recte
259 1964 402 1997 (nutunutu,
419 1962 466 1990 sed
481 1962 569 1996 ﬁdelis
583 1961 731 1989 dicendum
749 1968 810 1989 esse
824 1962 954 1996 explora-

168 2013 247 2041 tum‘i
260 2013 320 2040 Non
344 2016 388 2039 est
407 2010 490 2046 igitur
504 2009 651 2043 ,suillciens
666 2008 790 2036 veritatis
807 2015 956 2043 argumen-

169 2066 240 2092 tum.
268 2059 330 2086 ideo
347 2059 388 2086 sic
412 2056 590 2085 scribendum
615 2062 738 2082 asserere
753 2053 818 2089 quia
830 2061 893 2082 cum
913 2054 954 2081 lo-

170 2114 232 2133 cutu
264 2105 432 2139 Augustinus
455 2107 481 2130 et
515 2101 640 2129 nonnulli
655 2101 702 2128 alii
717 2101 847 2128 doctores
860 2101 896 2128 ita
908 2109 955 2128 ex-

170 2156 330 2187 posuerunt.
367 2150 562 2184 Hieronymum
592 2153 689 2174 autem‘
711 2147 748 2174 ita
771 2152 954 2182 exponentem

171 2206 225 2224 non
254 2196 430 2223 meminimus
452 2195 562 2229 legisse.
593 2194 672 2222 Patet
702 2194 754 2221 hoc
774 2193 846 2220 idem
870 2193 954 2226 illius,
969 2187 994 2216 Π

170 2249 252 2278 quem
279 2248 362 2276 supra
393 2240 624 2272 memoravimus,
654 2238 756 2266 Nieolai
781 2238 955 2266 bibliotheca:

168 2287 336 2322 suﬂraganei
349 2287 451 2319 verbis,
468 2286 516 2321 qui
531 2290 594 2321 post
610 2286 694 2312 multa
710 2292 770 2319 quae
786 2292 954 2312 commemo-

151 2335 252 2367 ,ιιίινίιΙ
284 2334 417 2362 mendose
444 2334 486 2361 vel
517 2334 647 2361 translata
672 2333 714 2360 vel
743 2340 792 2368 per
824 2332 953 2360 librarios

171 2382 283 2415 scripta,
296 2380 373 2407 addit
395 2384 546 2414 postremo,
563 2387 573 2404 ι
593 2379 717 2412 Quorum
747 2378 952 2406 mendaciorum

172 2426 303 2456 nonnulla
327 2426 410 2453 etiam
435 2426 558 2460 exposita
584 2424 719 2459 reperisse
741 2432 784 2451 me
800 2425 922 2452 memini.
945 2434 953 2449 ι

173 2474 212 2501 Ex
225 2473 326 2507 quibus
352 2471 443 2499 verbis
468 2477 580 2506 apparet
594 2471 716 2505 potuisse
729 2471 820 2506 aliqtta
832 2481 847 2498 ἱι
859 2472 957 2498 docto-

173 2519 249 2547 ribus
265 2518 375 2553 exponi,
390 2517 449 2552 qui,
462 2517 583 2552 linguam
610 2517 681 2544 unde
695 2518 824 2544 translata
837 2517 957 2549 fuerant,

174 2567 340 2600 ignorantes,
362 2565 479 2591 litteram
505 2571 585 2598 quam
611 2564 785 2599 reperiebant
803 2565 958 2592 necessario

173 2611 370 2645 sequebantur,
397 2614 425 2637 et
453 2609 633 2637 nihilominus
666 2617 726 2637 esse
753 2610 895 2637 mendosa.
916 2611 957 2638 Ad

175 2655 232 2685 luce
250 2658 365 2691 accedit,
386 2658 458 2693 quod
483 2665 545 2685 cuttt
567 2664 651 2684 sacrm
667 2658 776 2690 liuet-az,
792 2658 957 2692 sicutsupra

176 2705 278 2733 dictum
305 2708 361 2735 est,
386 2708 467 2731 tantm
499 2704 554 2731 sint
586 2703 794 2738 profunditatis,
813 2709 842 2730 ut
867 2704 957 2730 varios

176 2756 283 2781 sensus,
312 2749 462 2783 multasque
487 2753 515 2775 et
543 2748 666 2776 diversas
682 2749 834 2782 suscipiant
849 2749 958 2782 exposi-

213 2841 220 2856 ¹
239 2841 335 2867 lTitu.
351 2848 371 2872 t,
394 2841 436 2868 15.
471 2841 480 2857 ¹
499 2842 600 2871 Jerem.
616 2851 694 2875 xxtn,
707 2844 750 2870 ‘24.

791 2844 800 2859 ³
813 2843 876 2874 Sap.
891 2850 949 2874 vni,
965 2842 990 2868 1.

1005 1557 1146 1585 ronymum
1171 1549 1236 1577 talia
1264 1549 1422 1582 emendare,
1437 1549 1574 1584 addendo,
1590 1550 1790 1583 subtrahendo,

1004 1596 1154 1628 mutando;
1179 1597 1202 1624 si
1230 1597 1431 1631 posterioribus
1470 1597 1566 1631 licuit,
1601 1605 1682 1634 prout
1714 1606 1789 1627 certe

1004 1643 1091 1676 licuit,
1122 1643 1217 1680 quavis
1242 1650 1324 1671 causa
1342 1648 1416 1672 ortos
1442 1651 1552 1672 errores
1581 1645 1740 1680 corrigere,
1756 1653 1788 1672 ex

1004 1697 1059 1726 quo
1090 1694 1130 1718 tot
1154 1689 1298 1718 doctorum
1333 1690 1455 1717 virorum
1484 1690 1547 1726 libri
1568 1689 1713 1723 ﬂuxerunt,
1729 1692 1791 1726 qui-

1005 1737 1056 1764 bus
1067 1736 1264 1764 correcterium
1291 1735 1387 1763 Biblite
1409 1743 1509 1763 nomen
1523 1741 1566 1763 est
1598 1736 1727 1770 inditum,
1742 1745 1792 1764 cur

1005 1784 1030 1810 id
1044 1788 1144 1810 nostra:
1172 1782 1260 1810 aetatis
1287 1781 1445 1816 hominibus
1468 1790 1522 1809 non
1547 1782 1649 1810 liceat?
1664 1782 1792 1811 Audeaat

1004 1829 1096 1864 itaque
1122 1829 1212 1863 primo
1239 1827 1447 1862 Hieronymum,
1480 1833 1508 1854 et
1539 1832 1654 1856 eteteros
1668 1829 1715 1864 qui
1729 1836 1790 1856 eum

1005 1876 1092 1903 secuti
1118 1880 1192 1908 sunt,
1224 1874 1355 1902 Ecclesia;
1383 1873 1510 1902 doctores
1525 1873 1625 1909 impios
1643 1874 1746 1909 dicere,
1765 1880 1792 1902 et

1006 1927 1070 1950 tunc
1085 1929 1134 1950 nos
1147 1928 1256 1956 quoque
1287 1920 1411 1955 ejusdem
1438 1920 1563 1949 criminis
1578 1925 1719 1956 peragant.
1738 1921 1791 1949 Sed

1006 1968 1063 1996 lucc
1092 1972 1167 1995 certe
1188 1971 1235 1994 aut
1263 1967 1371 1993 rudium
1404 1966 1547 1993 hominum
1568 1966 1651 1993 verba
1668 1973 1733 1994 sunt
1747 1975 1792 1995 aut

1006 2013 1199 2041 maievolorum
1216 2012 1340 2047 maleque
1355 2011 1519 2039 dicentium.

1040 2059 1118 2086 Nunc
1136 2057 1169 2085 ad
1181 2057 1248 2085 illud
1265 2057 1337 2092 qttod
1364 2057 1444 2084 tertio
1463 2056 1523 2084 loco
1537 2062 1699 2092 posuerunt,
1714 2066 1793 2093 argu-

1006 2111 1127 2133 mentum
1144 2103 1319 2139 responsuri,
1335 2104 1358 2130 si
1382 2103 1604 2137 conjunctionem
1622 2103 1684 2131 ideo
1698 2105 1792 2131 condi-

1007 2151 1139 2179 tionalem
1159 2150 1215 2178 dici
1230 2149 1397 2176 al‘ﬁrmamus
1410 2168 1418 2180 ,
1432 2149 1506 2184 quod
1524 2157 1665 2184 nunquam
1681 2157 1745 2177 vera
1760 2152 1793 2177 sit

1008 2197 1060 2223 nisi
1076 2195 1234 2223 conditione
1253 2194 1388 2229 completa
1402 2214 1410 2227 ,
1429 2198 1458 2221 et
1480 2193 1604 2228 regulam
1623 2193 1693 2221 hanc
1714 2201 1792 2228 quam

1007 2242 1128 2273 tradunt,
1152 2246 1181 2268 ut
1197 2248 1296 2268 novam
1318 2240 1433 2275 quidem
1455 2243 1614 2274 temereque
1645 2239 1792 2274 inventam,

1007 2288 1118 2315 minime
1140 2294 1230 2314 veram
1250 2287 1411 2314 asserimus.
1434 2286 1528 2321 Neque
1543 2287 1617 2313 enirn
1634 2286 1791 2318 indicativo.

1006 2333 1064 2360 sive
1080 2332 1208 2367 prtesenti
1226 2331 1283 2359 sive
1296 2332 1448 2366 praeterito,
1467 2332 1562 2366 juncta
1574 2351 1581 2364 ,
1600 2331 1792 2359 conditionalis

1005 2385 1114 2414 semper
1130 2385 1191 2405 vera
1203 2382 1255 2410 est,
1271 2377 1318 2404 sed
1340 2376 1488 2411 aliquando
1502 2377 1586 2404 etiam
1607 2376 1693 2409 falsa;
1709 2385 1792 2412 neque

1008 2433 1070 2453 cum
1086 2424 1261 2461 subjunctivo
1272 2423 1371 2459 posita,
1384 2424 1451 2451 falsa
1461 2431 1579 2458 semper,
1590 2423 1639 2451 sed
1650 2423 1792 2458 aliquando

1009 2480 1084 2504 vera,
1100 2477 1182 2507 prout
1205 2478 1238 2498 ex
1252 2478 1343 2497 rertnn
1361 2469 1519 2497 conditione
1539 2469 1643 2497 falsitas
1662 2463 1792 2497 veritasvc

1009 2518 1156 2553 colligitur.
1184 2516 1260 2550 Quod
1278 2522 1314 2544 utr
1333 2516 1507 2544 manifestius
1528 2516 1712 2551 intelligatur,
1729 2516 1791 2551 quid

1009 2563 1178 2599 grammatici
1190 2563 1328 2595 sentiant,
1342 2562 1465 2590 dicemus
1477 2581 1484 2595 ,
1510 2561 1609 2589 deinde
1622 2561 1746 2597 qutedam
1761 2570 1791 2589 ex

1012 2610 1154 2637 dialectica
1182 2609 1388 2644 subjungemus.
1417 2607 1595 2636 Grammatici
1628 2615 1723 2636 omnes
1741 2613 1789 2636 tam

1012 2655 1098 2682 Graeci
1111 2662 1193 2689 quant
1213 2653 1315 2686 Latini,
1336 2658 1364 2680 et
1390 2653 1418 2680 in
1438 2653 1534 2688 primis
1560 2652 1727 2686 Priscianus,
1747 2654 1789 2688 qui

1012 2709 1066 2728 non
1095 2700 1175 2727 modo
1206 2699 1330 2734 sequitur
1354 2699 1482 2733 Graecos,
1512 2698 1559 2726 sed
1594 2699 1621 2726 id
1649 2707 1678 2726 se
1706 2699 1790 2726 facere

1011 2746 1104 2773 multis
1125 2746 1151 2772 in
1176 2746 1243 2773 locis
1261 2746 1406 2781 gloriatur,
1425 2748 1446 2772 si
1470 2745 1694 2781 conjunctionem
1708 2745 1790 2772 couti-

1029 2840 1039 2856 ⁸
1063 2839 1160 2867 lTim.
1179 2848 1198 2872 t,
1223 2840 1264 2867 15.
