1916 3066
131 112 186 145 ὃ37

543 113 582 145 ΙΝ
606 116 760 150 Il.l.UD,I
786 117 820 146 Sl
842 118 925 148 EUM
946 118 1042 150 νοις)
1060 122 1233 159 MANERE,
1253 131 1262 147 ³
1286 124 1365 157 ETC.

1711 128 1764 159 638

131 171 271 199 nuativam
289 179 349 199 esse
363 171 460 204 aiunt;
474 172 584 206 quando
605 173 678 199 enim
691 173 814 200 Graecum
835 175 921 210 signi—
935 181 962 208 Λ
975 176 1114 205 fateantur
1125 201 1131 210 ,
1148 181 1361 211 conditionalcm
1378 188 1482 212 tantum
1505 192 1537 212 ex
1563 186 1586 211 vi
1615 187 1764 217 locutionis

131 218 203 251 ficat,
219 226 333 253 eamque
351 219 423 245 sicut
438 225 465 246 ct
488 219 605 254 reliquas
620 221 840 253 continuativas,
859 230 921 249 cum

130 271 145 289 a
160 263 262 290 Grtecis
276 265 283 279 ‘
301 264 336 291 al)
351 264 494 300 Apollonio
512 264 656 292 llcrodiani
671 270 756 300 patre,
772 267 843 294 inter
857 275 923 295 cauo

130 310 201 336 sales
216 315 445 337 connumeratam
457 318 528 343 esse,
547 311 728 347 ordinemque
740 313 922 348 prtecedentis

131 356 170 382 rei
200 356 232 383 ad
257 361 419 391 sequentem
446 357 612 391 significare,
629 365 691 385 cum
706 359 798 393 aliqua
814 359 922 388 dubita-

130 401 205 429 tione
221 402 348 430 essentise
376 410 487 436 rerum,
505 403 557 436 vel,
579 408 608 430 ut
628 403 713 431 Graeci
737 405 842 438 dicunt,
862 407 922 434 sine

130 447 328 482 significatione
350 448 484 479 essentiat.
513 449 597 482 ut,Si
625 446 726 482 stertit:
751 451 868 485 dormit;
894 457 922 480 et

129 491 158 518 Si
173 497 295 527 wgrotat,
306 492 409 526 pallet;
425 497 462 526 et,
481 493 509 520 Si
521 493 588 528 febri
602 500 721 528 vexatur,
736 496 821 528 calet;
832 505 921 532 neque

129 539 202 564 enim
218 546 352 565 converso
373 538 469 566 ordine
495 539 523 567 in
541 539 583 566 his
609 542 836 576 consequentiam
856 550 920 569 sen-

130 585 222 610 tentiae
236 589 326 612 servat
339 584 439 612 oratio.
456 585 514 611 Non
534 586 607 612 cnim
620 586 667 621 qui
686 587 921 618 dormit.omnino

129 630 229 660 stertit,
244 634 271 656 et
294 630 333 657 sic
352 630 386 656 de
409 630 526 658 castoris.
545 631 611 664 _Non
635 632 860 661 irrationabiliter
874 641 921 661 eas

101 708 107 714 ι
128 675 251 702 causales
264 675 325 703 eSse
340 676 427 703 aiunt.
443 676 474 703 Et
495 677 724 711 continuationis,
740 679 919 714 quemadmo—

128 720 193 746 dum
220 724 247 747 et
264 720 451 756 adjunctionis
466 726 494 749 et
521 722 687 756 etIectionis,
708 731 754 761 per
769 725 818 751 has
837 732 920 753 causa

127 768 282 795 ostenditur
309 769 398 796 reddi.
418 768 652 802 Continuationis,
669 775 717 804 ut,
734 772 763 798 ba"
787 773 918 805 ambulat,

128 820 264 840 mormur:
280 822 363 841 causa
377 815 450 842 enim
467 823 516 842 cur
529 821 665 848 movetur,
688 817 745 851 ipsa
764 823 806 845 est
822 819 919 847 ambu-

129 861 204 886 iatio.
224 860 385 896 Huiusmodi
406 862 530 890 causalcs
561 862 698 890 interdum
718 871 767 899 pro
782 865 918 900 approba-
935 851 955 883 Β

129 906 193 933 tivis
216 907 279 941 poni
304 912 532 939 commemorant,
552 909 680 942 quoniam
697 909 814 945 scilicet,
840 915 868 937 et
891 911 919 938 id

127 953 201 986 quod
221 952 349 984 dicimus,
383 953 418 979 ita
449 958 555 980 certum
589 959 771 990 apertumque
802 960 855 990 est,
890 961 919 983 ut

128 997 298 1032 impossibile
316 998 351 1025 sit
377 999 457 1026 aliter
486 999 605 1034 opinari,
635 1004 755 1037 tuncque
785 1001 919 1031 duntaxat

128 1043 276 1070 indicativo
302 1045 452 1080 conjungi,
474 1051 502 1072 ut
528 1046 601 1080 apud
627 1046 781 1083 Virgiliuml
810 1048 919 1084 Siquid

126 1098 238 1124 usquam
253 1090 372 1117 Justiliw
397 1096 454 1124 est;
479 1096 507 1118 et
521 1092 597 1125 alibi,
616 1092 660 1125 Di,
674 1093 697 1120 si
712 1102 764 1128 qua
791 1094 855 1121 caelo
880 1099 918 1120 est

128 1136 220 1170 pietas.
232 1136 417 1163 lnduhitatum
430 1136 503 1163 enim
519 1141 546 1163 et
565 1137 592 1164 in
611 1138 681 1166 coelo
697 1139 825 1173 pietatem
840 1147 911 1171 esse,

125 1182 194 1209 etin
213 1183 313 1208 mundo
327 1182 440 1218 jus-tilia:
458 1183 573 1217 aliquid.
587 1182 656 1211 lliuc
669 1184 696 1212 in
713 1183 916 1223 l'acileni'erro-

127 1236 184 1255 rem
211 1228 370 1255 inciderunt
386 1229 539 1256 adversarii
555 1230 619 1262 mei,
641 1234 768 1264 putantes
787 1232 918 1264 quoniam

125 1276 148 1301 si
173 1275 292 1301 Causulis
310 1283 360 1310 pro
377 1275 558 1310 approliativa
586 1275 674 1310 posita
690 1283 751 1302 cum
767 1277 917 1304 indicativo

127 1321 313 1356 conjungitur,
334 1321 394 1349 ideo
413 1325 441 1349 et
454 1328 470 1348 e
485 1329 629 1355 converso,
644 1323 754 1356 quoties
769 1330 831 1349 cum
848 1323 919 1350 iudi~

127 1368 217 1394 cativo
230 1367 416 1402 coniungitur,
434 1375 495 1396 esse
510 1368 729 1402 approbativam,
747 1369 820 1404 quod
836 1369 915 1405 longe

127 1419 168 1442 est
188 1422 204 1440 a
229 1414 363 1447 veritate;
386 1421 440 1441 non
465 1414 538 1442 enim
559 1414 666 1449 quoties
680 1415 829 1443 indicativo
855 1424 914 1442 con-

125 1459 263 1494 iungitur,
279 1466 338 1486 esse
351 1459 530 1494 approbativa
547 1464 656 1495 potest,
671 1461 797 1494 quamvis
810 1461 921 1495 quoties

975 223 1045 250 nihil
1074 233 1187 259 prorsus
1204 228 1351 260 afﬁrmare,
1380 230 1538 266 nullamque
1565 240 1674 260 suarum
1701 241 1763 268 par-

975 269 1043 297 tium
1071 277 1194 301 asserere
1209 274 1330 308 tradunt,
1352 276 1400 306 sed
1427 281 1533 305 tantum
1551 278 1652 307 infer-re
1665 288 1763 308 conse-

973 321 1063 350 quens
1087 318 1269 349 antecedente
1286 320 1423 349 confosso.
1439 323 1519 351 Nulla
1545 324 1648 352 etenim
1665 333 1764 360 propo-

974 359 1083 387 sitionis
1107 369 1180 396 pars.
1201 364 1259 394 sive
1288 366 1439 395 indicativo
1460 367 1517 396 sive
1540 359 1722 405 subiunctivor
1739 373 1763 399 si

974 406 1171 436 conditionalis
1184 410 1342 444 conjunctio
1363 413 1544 449 adjungatur',
1567 415 1696 444 absolute
1714 425 1762 445 seu

974 454 1128 488 eategorice
1144 456 1258 489 punitur
1270 477 1277 489 ,
1295 458 1343 486 sed
1368 459 1456 486 solum
1472 468 1644 496 consequens
1660 471 1760 498 propo-

972 498 1103 529 sitionem
1119 501 1211 535 infert,
1228 504 1317 536 posito
1327 507 1420 534 tamen
1432 507 1614 535 antecedente
1626 509 1763 537 conditio-

973 545 1084 579 naliter,
1116 551 1143 576 et
1168 555 1225 577 non.
1249 549 1336 583 alias;
1366 551 1429 581 ideo
1445 552 1548 580 nullius
1564 554 1650 588 partis
1663 557 1763 583 veritas

972 598 1005 621 ex
1028 592 1113 621 totius
1136 593 1251 623 veritate
1272 601 1362 631 potest
1388 598 1494 627 inferri.
1510 599 1577 632 Quis
1592 600 1664 628 enim
1690 609 1762 629 sanie

973 640 1073 668 inutilis
1087 641 1161 668 ausit
1176 642 1278 675 dicere,
1298 644 1428 678 quoniam
1443 653 1516 673 verae
1523 652 1587 674 sunt
1601 643 1758 683 ﬂujusmodi

972 687 1183 720 propositiones,
1202 688 1232 714 Si
1247 689 1335 716 solm
1351 698 1433 725 supra
1448 695 1558 726 terram,
1583 694 1638 720 dies
1654 700 1710 726 est;
1723 699 1759 727 et,

972 730 1002 761 Si
1024 734 1098 759 homo
1123 735 1207 761 curris
1219 756 1225 766 ,
1241 736 1346 763 animat
1360 738 1461 770 currit,
1489 738 1593 765 idcirco
1610 743 1637 766 et
1652 745 1762 767 antece-

971 778 1062 806 dvtllja
1088 787 1150 806 vera
1166 788 1237 813 csso,
1261 781 1368 810 scilicet
1384 783 1459 817 quod
1476 784 1515 811 sol
1543 785 1578 811 sit
1601 792 1683 820 supra
1707 791 1761 813 ter-

972 832 1040 856 ram.
1056 830 1083 852 et
1097 825 1182 853 homo
1195 828 1311 854 currat?
1324 828 1417 863 itaque
1433 830 1506 856 inter
1519 830 1578 857 illas
1594 832 1761 866 propositio-

972 877 1019 898 nes
1049 871 1075 897 in
1094 871 1196 905 quibus
1212 873 1236 898 si
1257 872 1408 901 indicativo
1436 875 1602 910 adiungitur,
1627 881 1654 903 et
1670 884 1717 904 eas
1733 877 1761 904 in

970 915 1071 949 quibus
1093 917 1252 952 adiungitur
1271 919 1459 953 subjunctivo,
1479 929 1533 947 non
1559 922 1611 949 hoe
1633 922 1759 956 interest,

969 961 1041 995 quod
1058 961 1113 989 illa:
1134 962 1247 996 quidem
1259 964 1465 998 eertitudinem,
1485 966 1526 993 hae
1543 974 1608 994 vero
1627 968 1762 1003 ambigui-

972 1010 1055 1037 tatem
1070 1007 1199 1043 habeant,
1214 1011 1263 1037 sed
1277 1011 1350 1045 quod
1367 1009 1475 1039 illarum
1488 1013 1655 1048 principales
1669 1019 1762 1049 partes

970 1060 1094 1081 seorsum
1122 1061 1252 1090 accepue,
1278 1061 1361 1091 atque
1387 1058 1554 1092 perlectum,
1569 1063 1597 1087 et
1626 1059 1763 1087 aitirmant

970 1107 1106 1134 ncgantve
1120 1101 1235 1136 aliquid,
1258 1103 1345 1130 instar
1357 1104 1575 1138 propositionum
1593 1107 1763 1141 categorica-

970 1153 1047 1178 πιιιι),
1066 1154 1126 1180 quae
1141 1155 1237 1175 verum
1266 1148 1399 1177 falsumve
1423 1150 1588 1185 significant.
1605 1152 1710 1179 Etenim
1727 1153 1762 1179 ab
1807 1167 1812 1172 -

970 1191 1021 1219 hac
1038 1194 1236 1227 propositione,
1260 1195 1289 1221 Si
1311 1196 1436 1223 Socrates
1455 1197 1522 1230 febri
1538 1202 1656 1231 voratur,
1672 1198 1762 1225 ablata

968 1238 991 1265 si
1019 1239 1224 1274 conjunctione.
1251 1241 1355 1276 reliqua
1382 1250 1458 1277 pars,
1478 1251 1538 1277 quae
1569 1249 1612 1271 est
1641 1243 1762 1272 Socrates

969 1285 1035 1319 febri
1055 1291 1175 1319 uexatur,
1196 1289 1350 1321 categorica
1392 1289 1510 1317 efﬁcitur
1536 1292 1706 1325 propositio.
1735 1299 1764 1319 et

970 1338 1064 1357 verum
1094 1331 1228 1358 falsumve
1247 1333 1393 1366 signiﬁcat.
1419 1334 1527 1362 illarum
1553 1343 1619 1363 vero
1641 1337 1763 1371 partibus

971 1377 1022 1404 hoc
1039 1377 1151 1405 minime
1167 1379 1314 1414 comingit.
1332 1380 1399 1407 Nam
1415 1381 1436 1407 si
1452 1381 1485 1408 ab
1501 1382 1551 1408 hac
1563 1383 1763 1417 propositione,

970 1423 1001 1450 Si
1026 1424 1147 1451 Socrates
1178 1430 1276 1458 curret,
1309 1427 1331 1452 si
1354 1428 1576 1461 conjunctionem
1602 1429 1760 1462 abstuleris,

971 1470 1075 1504 reliqua
1093 1479 1166 1505 pars,
1182 1479 1243 1506 qum
1261 1478 1304 1500 est
1324 1472 1446 1500 Socrates
1463 1479 1568 1507 curret,
1587 1481 1637 1502 nec
1654 1479 1764 1511 catego-

128 1506 305 1541 approbativa
323 1510 377 1538 est.
393 1505 541 1535 indicativo
552 1506 692 1542 jungatur.
712 1506 820 1534 lntinita
835 1507 919 1542 hujus

973 1516 1028 1542 rica
1048 1517 1200 1551 propositio
1222 1522 1274 1549 est.
1294 1526 1346 1545 nec
1359 1518 1463 1554 aliquid
1479 1519 1595 1547 amrmat
1625 1522 1763 1556 ncgativc,

130 1553 167 1579 rei
185 1553 307 1588 exetnpla
329 1557 404 1585 sunt,
421 1552 470 1580 sed
488 1552 568 1579 nobis
598 1553 656 1582 haec
674 1553 755 1580 modo
770 1553 918 1582 sulliciant.

129 1600 158 1626 Si
186 1599 255 1626 male
284 1600 386 1626 locutus
401 1607 472 1631 sum,
491 1599 579 1634 inquit
600 1599 734 1628 Dominus
745 1599 817 1633 apud
834 1600 919 1627 Joan-

129 1653 202 1678 nem,
218 1645 394 1672 testimonium
418 1645 523 1679 per/liba
539 1645 570 1673 de
588 1646 658 1672 malo
671 1653 680 1678 ,'
694 1646 717 1672 si
740 1651 830 1673 autem
845 1646 917 1678 bene,

129 1692 192 1726 quid
219 1700 259 1717 mc
284 1691 410 1718 cwdis'?
438 1690 466 1717 Si
484 1692 545 1725 quis
571 1690 624 1718 hoc
649 1690 709 1718 loco
729 1696 834 1718 asserat
858 1691 920 1718 ideo

129 1739 336 1774 approbativam
370 1745 430 1766 esse
456 1739 479 1766 si
511 1738 757 1775 coniunctionem,
787 1738 919 1773 quoniam

129 1787 256 1820 prtcseuti
274 1785 424 1814 indicativo
441 1785 566 1822 iungitur
577 1806 585 1818 ,
601 1790 674 1813 certe
691 1790 720 1812 et
745 1785 814 1813 male
842 1785 919 1814 locu-

131 1837 187 1858 tum
212 1831 357 1859 Dominum
378 1835 482 1858 asserat
504 1837 615 1860 necesse
638 1835 691 1858 est.
708 1830 786 1863 Quod
811 1831 831 1858 si
849 1832 920 1860 male

129 1878 238 1904 locutus
251 1882 294 1904 est
314 1875 447 1904 Dominus
474 1876 557 1912 (quod
574 1875 710 1904 nefarium
730 1881 773 1904 est
793 1877 918 1910 sentire),

129 1932 178 1952 cur
191 1932 252 1952 mox
268 1924 354 1956 addit,
376 1923 404 1950 Si
418 1928 508 1952 autem
523 1924 586 1950 bene
597 1924 610 1950 ?
627 1923 733 1951 Etcum
752 1923 786 1952 de
801 1931 830 1952 se
846 1925 920 1952 dice-

132 1975 172 1997 vet
196 1970 333 2002 Salvator,
359 1969 387 1996 Si
405 1977 451 2004 ego
475 1970 502 1996 iu
521 1968 664 1997 Beelzebub
685 1969 760 2003 ejicia
777 1970 919 2005 dwmania,

132 2015 205 2050 quod
233 2015 259 2043 in
283 2015 436 2045 Beelzebub
452 2023 515 2043 cum
529 2015 629 2051 ejicere
651 2015 784 2045 daemonia
804 2016 922 2044 fateatur

131 2067 240 2098 oportet
259 2063 307 2097 qui
331 2063 353 2092 si
380 2063 530 2091 indicativo
548 2064 695 2098 junctam,
714 2063 920 2098 approbativam

131 2110 191 2137 vult
207 2118 265 2141 esse
285 2116 423 2146 oportere.
446 2110 547 2137 Verum
559 2117 614 2137 non
629 2109 719 2142 nobis,
736 2111 783 2137 sed
797 2111 854 2138 haec
870 2117 921 2137 nos

130 2157 221 2184 dicere
239 2157 414 2192 cogentibus,
425 2156 583 2191 hujus-modi
593 2156 777 2191 blaspbeutias
791 2156 921 2191 imputari

132 2205 266 2233 volumus.
283 2204 416 2231 Similiter
430 2204 502 2238 apud
519 2203 662 2239 Virgilium
680 2202 794 2235 dicitur,

166 2268 196 2295 Si
212 2268 292 2294 datur
314 2267 437 2300 Italiam,
453 2267 531 2293 sociia
556 2273 581 2293 et
597 2274 656 2301 rege
672 2272 775 2301 recepto
786 2287 794 2300 ,

167 2304 294 2334 Tendere,
310 2307 337 2330 ut
351 2302 459 2331 Italiam
475 2302 529 2329 lati
550 2301 706 2336 Latiumque
715 2307 848 2337 petamus.

166 2340 213 2365 Sin
223 2340 362 2372 absumpta
370 2338 455 2370 salus,
465 2343 489 2363 et
508 2342 542 2371 te,
554 2342 632 2372 pater
646 2340 742 2372 optime
758 2338 897 2372 Teucrum,

167 2375 268 2402 Pontus
284 2375 361 2400 habet
379 2373 484 2407 Libyae,
509 2378 539 2400 et
558 2373 675 2408 reliqua,

132 2440 191 2471 ubi.
210 2446 366 2474 quanquam
385 2437 533 2467 indicativo
555 2438 579 2464 σί
605 2438 762 2473 pmpositio
775 2439 919 2474 jungatur,

131 2494 185 2516 non
199 2490 291 2514 tamen
310 2484 490 2519 approbativa
505 2489 556 2516 est,
572 2484 620 2511 sed
635 2484 752 2511 causalis
764 2503 772 2516 ,
787 2485 844 2511 sive
856 2492 924 2511 con“

132 2533 274 2562 ditionatis
283 2541 291 2564 ;
301 2539 390 2566 neque
402 2531 475 2559 enim
488 2530 624 2566 signiﬁcat
644 2537 702 2557 rem
714 2536 834 2564 certam;
848 2531 920 2558 unde

133 2587 197 2609 tuo:
221 2579 343 2610 additur,

347 2623 394 2650 Sil:
409 2624 548 2658 absumpta
561 2624 646 2650 salus.

170 2671 224 2700 Sed
249 2673 307 2699 haec
333 2671 367 2697 de
390 2671 532 2705 praeceptis
563 2671 747 2705 grammaticis
772 2673 839 2698 satis
857 2671 921 2704 sint,

134 2725 207 2744 nunc
223 2722 315 2744 autem
333 2716 366 2742 dc
378 2715 518 2742 dialectica
544 2717 704 2743 referamus.
721 2716 798 2743 Licet
820 2717 842 2743 si
859 2724 924 2743 con-

131 2764 302 2800 junctionem
328 2761 540 2790 conditionalem
571 2769 650 2794 esse,
675 2763 758 2789 etiam
782 2763 920 2792 dialectici

174 2857 182 2873 ⁸
197 2857 282 2885 Locus
297 2857 423 2885 obscurus
473 2857 482 2871 ²
496 2855 572 2884 Joan.
592 2864 666 2890 xun,
687 2857 732 2884 25.

879 2889 893 2898 ξ

973 1562 1020 1589 sed
1035 1566 1065 1590 ut
1076 1562 1174 1590 falsum
1189 1563 1230 1590 vel
1245 1571 1338 1591 verum
1357 1565 1501 1599 signiticet.
1523 1568 1688 1602 sensumque
1702 1576 1764 1603 pcr-

974 1608 1057 1640 ficiat,
1072 1616 1105 1635 ex
1127 1609 1190 1636 aliis
1203 1610 1340 1644 dependet
1355 1611 1490 1645 partibus.
1508 1613 1546 1639 [ix
1562 1613 1608 1640 his'
1624 1621 1689 1648 ergo
1707 1622 1767 1642 ma-

973 1654 1072 1682 nifesta
1089 1655 1122 1682 ad
1143 1656 1256 1683 tertium
1274 1662 1465 1691 argumentum
1489 1658 1709 1687 adversariorum
1721 1667 1764 1688 est

975 1702 1127 1736 responsio.
1151 1702 1291 1737 Siquidem
1316 1703 1373 1731 hac
1403 1705 1563 1739 propositio,
1579 1705 1607 1733 Si
1632 1714 1690 1733 eum
1705 1708 1764 1734 volo

974 1749 1082 1774 mn'uere
1097 1750 1177 1774 donec
1198 1749 1310 1780 veniant,
1333 1756 1386 1776 non
1404 1750 1465 1777 ideo
1491 1755 1596 1779 certum
1615 1753 1761 1787 significat,

974 1792 1039 1826 quia
1055 1792 1205 1820 indicativo
1220 1794 1400 1828 coniungitur
1412 1799 1524 1829 propter
1536 1803 1593 1828 eas,
1610 1805 1678 1831 quas
1693 1798 1764 1824 dixi-

976 1845 1048 1870 mus,
1069 1839 1201 1865 rationes.
1217 1839 1294 1866 Fnlsa
1307 1845 1348 1867 est
1360 1840 1442 1874 igitur
1459 1841 1680 1869 adversariorum
1697 1851 1761 1871 con-

975 1884 1073 1916 clusio,
1084 1885 1159 1919 quod
1178 1885 1285 1913 scilicet
1308 1886 1442 1920 particula
1459 1887 1505 1914 illa
1519 1887 1668 1922 significet,
1684 1897 1716 1916 ac
1738 1891 1761 1917 si

974 1930 1122 1962 diceretur,
1151 1930 1196 1957 Sto
1215 1939 1275 1958 cum
1299 1931 1357 1958 volo
1385 1940 1502 1965 manere,
1530 1934 1631 1968 quippe
1655 1935 1763 1963 fallacia

975 1977 1170 2010 consequentis
1182 1981 1234 2003 est.
1260 1977 1316 2004 Nec
1338 1977 1422 2009 enim,
1441 1983 1469 2006 ut
1488 1986 1570 2014 supra
1590 1980 1693 2008 dictum
1710 1987 1762 2016 est,

975 2022 1157 2054 convertitur,
1168 2029 1257 2056 neque
1274 2029 1339 2050 vere
1354 2030 1500 2058 possumus
1514 2025 1618 2057 dicere,
1631 2027 1761 2060 quoniam

975 2076 1038 2096 eum
1059 2068 1237 2103 approbativa
1262 2070 1366 2101 est,.si
1396 2069 1547 2097 indicativo
1573 2064 1762 2107 conjungitur,

975 2114 1182 2149 approbativam
1194 2121 1265 2141 esse.
1282 2114 1334 2142 Sed
1361 2116 1458 2150 utjam
1478 2122 1607 2150 quartum
1633 2118 1762 2146 adversa-

975 2160 1078 2187 riorum
1101 2164 1291 2194 argumentum
1313 2160 1516 2195 aggrediamur,
1539 2161 1656 2189 dlt'illlUS
1674 2163 1764 2190 mino—

936 2203 960 2233 ι)
975 2214 1032 2234 rem
1049 2207 1144 2233 falsam
1161 2214 1232 2234 esse.
1248 2206 1356 2233 Etenim
1370 2208 1437 2235 satis
1452 2215 1465 2234 a
1481 2208 1558 2235 nobis
1573 2216 1656 2243 supra
1672 2213 1763 2237 osten-

972 2261 1032 2281 sum
1045 2259 1097 2286 est,
1115 2253 1300 2280 continuatam
1316 2253 1407 2280 adhuc
1421 2254 1503 2281 vitam
1514 2254 1625 2282 Joannis
1640 2255 1763 2291 Evange-

972 2299 1052 2331 listae,
1071 2298 1148 2326 dubii
1166 2298 1277 2333 quidem
1305 2298 1409 2326 habere
1428 2299 1577 2334 plurimum
1591 2321 1598 2333 ,
1615 2301 1682 2328 certi
1699 2309 1765 2329 vero

974 2345 1054 2378 nihil,
1073 2349 1189 2372 mortem
1208 2352 1270 2372 vero
1291 2345 1349 2379 eius
1376 2345 1439 2380 plus
1463 2345 1531 2372 certi
1560 2345 1660 2374 habere
1680 2354 1763 2381 quam
1794 2380 1795 2383 η

973 2392 1061 2420 dubii.
1087 2392 1243 2419 Adversarii
1267 2399 1334 2419 vero
1359 2393 1385 2419 in
1407 2392 1459 2420 hoc
1486 2393 1623 2428 prarcipue
1646 2393 1765 2422 fundant
1794 2385 1798 2392 Y

976 2443 1178 2474 argumentum,
1197 2439 1270 2474 quod
1290 2439 1361 2466 nulla
1378 2439 1414 2466 sit
1433 2439 1467 2467 de
1481 2439 1592 2467 Joannis
1607 2446 1693 2467 morte
1711 2441 1764 2468 du-

974 2485 1084 2512 bitatio.
1094 2486 1170 2518 Quod
1182 2493 1246 2512 vero
1257 2486 1291 2512 ad
1302 2486 1535 2513 confirmationem
1547 2485 1684 2520 opinionis
1697 2494 1764 2520 suac,

975 2532 1130 2566 exemplum
1156 2532 1297 2559 adducunt
1324 2532 1368 2559 die
1395 2532 1507 2560 Veneris
1530 2539 1627 2559 carnes
1644 2532 1764 2564 edentis,

974 2578 1039 2614 quid
1055 2579 1130 2605 aliud
1151 2578 1298 2605 dicendum
1323 2584 1375 2610 est,
1391 2586 1471 2614 quam
1499 2579 1569 2614 quod
1594 2579 1675 2614 paulo
1701 2584 1764 2606 ante

974 2625 1130 2656 retulimus,
1149 2625 1291 2651 veritatem
1312 2625 1356 2651 vel
1376 2625 1521 2652 falsitatem
1542 2625 1581 2653 rei
1605 2625 1764 2660 huiusmodi

974 2670 1189 2705 propositionem
1206 2670 1248 2697 vel
1265 2675 1368 2697 certam
1395 2670 1500 2704 facere,
1525 2673 1565 2699 vel
1584 2671 1764 2707 ambiguam?

974 2718 1122 2744 Enimvero
1137 2717 1183 2752 qui
1200 2716 1246 2744 tali
1262 2717 1306 2744 die
1323 2717 1457 2744 carnibus
1474 2719 1595 2745 vescitur
1608 2739 1615 2752 ,
1632 2718 1655 2746 si
1670 2726 1765 2746 verum

974 2764 1051 2792 lateri
1062 2763 1138 2797 velit,
1151 2768 1178 2791 et
1194 2763 1347 2798 increpanti
1359 2762 1396 2790 ita
1406 2764 1588 2798 responderit,
1598 2764 1627 2792 Si
1647 2766 1765 2800 concedo,
