1916 3066
137 125 190 156 63')

628 118 883 148 BESSABIONLS
902 119 928 148 Ξ.
955 119 988 148 [ἰ.
1011 118 1043 148 E.
1059 117 1290 147 CARDINALIS

1003 58 1010 63 ρ
1026 53 1132 67 ...ΛΑ-ια

1711 116 1770 149 640

133 180 203 214 quid-
228 179 262 205 ad
289 177 334 204 te?
367 175 512 204 comedere
536 181 565 201 se
588 179 648 208 acttt
663 174 788 200 atlirtuat.
807 172 877 205 Quid
901 172 924 200 si
941 177 962 204 Α
979 181 1090 209 quoque
1117 178 1222 208 partem
1245 174 1374 200 intactam
1409 172 1574 208 praeteriisse
1603 171 1771 205 videamur,

134 225 208 251 idem
236 223 342 250 dicatur
373 229 428 248 non
448 219 620 248 comedenti?
640 219 736 246 Nonne
763 222 791 245 et
816 218 861 245 ille
885 218 924 244 ita

135 269 331 305 respondebit,
354 267 384 295 Si
407 267 524 300 comedo,
540 266 601 302 quid
619 265 654 292 ad
671 270 694 292 te
706 265 719 291 7
742 272 796 291 non
813 263 924 299 quidem

136 322 167 344 ut
181 316 255 344 vesci
275 323 304 342 se
320 315 451 342 carnibus
467 313 596 345 fateatur,
611 312 657 340 sed
676 317 705 339 ut
723 312 791 339 falso
806 318 924 346 argucn~

138 369 191 390 tem
208 360 331 392 irrideat,
348 364 375 387 et
393 359 524 394 injustum
539 364 728 385 accusatorem
743 357 833 384 irritet
843 361 924 390 atque

136 410 305 435 contemnat.
321 404 393 438 Quid
417 405 441 431 si
461 410 495 430 eo
517 402 562 430 die
585 401 734 430 comedens
757 407 867 432 carnes,
891 399 926 425 ab

137 456 298 479 accusatore
315 457 366 478 suo
383 454 546 484 provocatus
561 468 568 481 ,
582 448 618 475 ita
637 446 821 482 respondeat,
837 445 866 472 Si
882 453 926 471 co—

137 497 212 525 medo
227 496 267 524 vel
284 504 337 523 non
346 495 462 528 cotttedo,
472 494 535 529 quid
547 493 581 520 ad
592 494 636 520 te?
651 497 724 520 recta
738 496 812 519 certe
823 489 926 517 locutio

137 544 201 576 erit,
223 551 257 570 an
283 543 345 569 ideo
360 541 494 572 dicemus,
518 539 648 575 quoniam
673 537 866 565 conditionalis
883 536 927 563 in-

139 591 258 617 dicativo
273 587 460 623 conjungitur,
475 585 681 621 approbativam
693 591 764 617 esse,
774 589 927 617 verumque

139 644 212 668 esse,
223 635 301 670 quod’
322 634 367 661 ille
383 640 479 660 carnes
498 631 572 664 edat,
596 635 625 658 et
644 636 699 657 non
713 631 777 658 edat
794 638 801 657 :
819 629 853 656 id.
862 636 928 656 vero

141 689 175 709 ne
205 680 303 709 insani,
321 678 431 713 quidem
456 677 619 705 faterentur.
648 676 690 703 An
713 683 778 703 vero
803 674 928 702 dicemus

141 734 222 755 unam
238 725 348 761 quidem
365 729 472 759 partem
487 730 581 750 veram
597 729 669 754 esse,
686 722 801 749 alteram
814 721 929 748 falsam?

141 772 250 800 Falsum
264 771 346 806 igitur
356 770 419 802 erit,
430 768 539 804 quoties
547 769 570 795 si
580 767 728 795 indicativo
741 766 928 801 conjungitur,

142 825 201 845 esse
226 816 443 851 approbativam.
465 814 543 847 Quod
570 820 636 841 vero
665 812 834 844 adversarii,
854 812 929 839 velut

143 864 232 891 tacitis
248 862 396 898 objectioni
412 860 622 896 respondentes,
632 867 689 886 non
705 859 758 886 vim
781 859 928 886 verborum

143 914 171 936 et
186 915 298 936 sensum
312 906 477 934 intellexisse
490 905 648 936 Dominum,
661 904 710 931 sed
727 911 826 939 negare
841 903 931 930 Evattn

144 954 278 987 gelistam,
287 952 373 984 aiunt,
384 951 459 978 illum
474 949 662 985 hujuscemodi
675 949 759 977 verba
772 949 930 984 protulisse,

146 1001 238 1033 inepta
250 1005 316 1025 sane
326 1002 353 1025 et
365 997 479 1032 puerilis
500 996 681 1031 Evangelistae
698 996 833 1023 sententia
849 995 930 1026 foret,

145 1045 170 1073 si
183 1045 273 1071 sciens
282 1043 425 1070 Dominum
435 1042 505 1070 velle
514 1049 544 1069 se
552 1042 579 1069 in
591 1042 642 1068 hac
651 1041 706 1068 vita
720 1048 830 1068 manere
846 1041 933 1068 donec

147 1090 264 1121 veniret,
279 1087 483 1123 condiscipulos
498 1087 582 1114 veluti
595 1086 663 1114 falsa
682 1087 827 1122 opinantes
841 1085 934 1113 redar.

147 1140 253 1171 gueret,
280 1134 362 1168 idque
385 1133 517 1162 duntaxat
542 1133 696 1168 prolatione
711 1132 877 1165 verborum;
905 1132 932 1158 in

147 1190 205 1218 quo
230 1181 269 1208 illi
292 1180 403 1215 quidem
429 1178 544 1206 mirlilce
567 1179 657 1206 forent
677 1178 825 1211 laudandi,
847 1178 933 1205 nimio

147 1227 274 1254 acumine
293 1225 393 1261 ingenii
418 1233 452 1252 ex
479 1224 609 1259 ambiguo
626 1230 754 1251 sermone
768 1231 861 1250 veram
883 1223 934 1251 eli-

147 1273 251 1300 cientes
266 1271 441 1298 sententiam.
454 1269 528 1302 Quos
538 1274 633 1296 contra
643 1268 854 1304 Chrysostomus
861 1267 935 1295 falsa:

147 1318 183 1355 de
207 1325 236 1345 se
259 1316 397 1351 opinionis
417 1315 501 1343 refert
521 1315 557 1342 ab
570 1314 741 1350 Evangelista
767 1314 850 1341 fuisse
875 1321 936 1341 cor-

150 1369 257 1399 ruptos;
271 1363 343 1398 quod
360 1362 450 1390 caeteri
463 1369 584 1397 quoque,
597 1361 645 1396 qui
660 1368 723 1388 eum
739 1360 794 1388 vita
808 1360 934 1387 functum

150 1414 256 1445 putant,
274 1408 370 1444 procul
382 1407 466 1435 dubio
482 1407 616 1435 dicerent.
634 1405 728 1434 Dicere
741 1410 873 1441 praeterea
887 1412 936 1440 per

149 1464 181 1483 ea
198 1456 289 1489 verba,
303 1454 346 1482 Sic
361 1462 420 1481 eum
442 1453 501 1481 uolo
519 1460 637 1485 manere,
660 1452 779 1480 voluisse
794 1451 935 1480 Christum

151 1503 187 1530 ita
205 1509 315 1530 manere
337 1501 482 1533 Joannem,
497 1499 544 1527 sed
561 1499 671 1526 Petrum
686 1497 861 1533 redarguere,
881 1497 934 1525 mi-

151 1548 224 1575 nime
237 1547 272 1574 ad
295 1553 325 1575 se
341 1545 504 1582 pertinentia
525 1547 704 1580 quaerentem,
721 1543 820 1578 puerili
843 1544 935 1578 potius

149 1592 319 1623 contentioni
342 1592 385 1619 vel
405 1591 524 1626 argutuli
545 1589 675 1624 sophista;
701 1588 828 1622 fallaciis,
852 1597 934 1624 quam

151 1639 259 1667 Domini
276 1639 363 1666 nostri
384 1637 447 1664 Jcsu
472 1636 578 1664 Christi
599 1634 772 1670 gravitatiet
796 1635 936 1669 sapientia:

149 1684 291 1713 convenit.
307 1682 361 1711 Sed
377 1686 436 1710 esto
455 1689 520 1710 sane
539 1685 568 1708 ut
582 1681 683 1708 dicitur
694 1689 702 1714 ;
715 1687 807 1708 nonne
823 1680 875 1707 hoc
889 1687 936 1706 su-

150 1731 307 1767 perioribus
323 1729 404 1756 dictis
420 1727 572 1762 repugnat?
599 1726 706 1754 Etenim
723 1726 746 1754 si
761 1726 845 1753 verba
863 1725 936 1753 duu-

152 1773 226 1804 taxat
245 1774 414 1810 Evangelista
442 1777 543 1809 negat,
568 1777 600 1800 ut
614 1772 717 1800 dictum
741 1776 795 1805 est,
822 1779 935 1800 sensum

152 1824 237 1858 igitur
255 1822 402 1855 concedit;
417 1821 483 1847 dixit
507 1827 572 1856 ergo
586 1827 651 1848 cum
665 1819 791 1848 Christus
805 1827 861 1848 non
876 1827 936 1848 mo-

152 1869 290 1901 riturum;
308 1867 381 1903 quod
404 1867 427 1895 si
446 1868 482 1894 ita
496 1871 550 1900 est,
571 1866 710 1902 quomodo
724 1866 783 1894 haec
799 1867 854 1894 duo
871 1873 938 1894 con-

150 1915 281 1947 stabunt,
310 1913 383 1950 quod
406 1918 433 1941 et
465 1921 530 1942 eum
561 1921 616 1941 non
645 1913 810 1941 moriturum
836 1913 938 1942 dixerit

151 1961 291 1991 Christus.
306 1964 333 1987 et
347 1959 421 1994 quod
437 1967 490 1986 non
502 1959 563 1986 ideo
581 1958 690 1992 dixerit,
707 1960 781 1994 quod
793 1959 829 1986 ita
844 1960 935 1992 vellet,

152 2003 200 2031 sed
225 2008 255 2030 ut
287 2003 398 2031 Petrum
425 2003 602 2038 redargueret
626 2011 726 2031 arcana
745 2004 937 2038 quaerenme

153 2051 284 2084 Dentutn,
310 2050 372 2085 quis
387 2057 443 2076 non
459 2050 549 2077 videat
567 2055 695 2084 quartum
715 2050 936 2078 adversariorum

150 2103 344 2132 argumentum
370 2096 434 2123 huic
451 2096 582 2123 solutioni
605 2096 775 2124 contrarium
795 2097 877 2124 esse?
893 2097 936 2125 Si-

152 2143 263 2178 quidem
281 2142 336 2169 iltic
359 2142 455 2169 dicunt
469 2142 565 2176 procul
587 2142 672 2170 dubio
687 2141 820 2170 Joannem
846 2143 937 2171 adhuc

978 218 1183 254 Hieronymum,
1196 219 1377 254 Augustinum
1393 224 1560 253 exterasque
1572 223 1600 246 et
1617 224 1725 246 veteres
1741 224 1774 246 et

977 273 1064 293 novos
1086 265 1213 293 doctores
1244 265 1418 300 opponimus,
1439 266 1485 299 qui
1509 273 1571 292 cum
1603 274 1657 293 non
1684 265 1774 293 modo

977 310 1115 343 catholici,
1133 318 1228 338 verum
1254 311 1336 337 etiam
1365 310 1533 339 sanctissimi
1561 310 1663 338 fuerint
1683 315 1773 346 atque

977 355 1141 387 habeantur,
1170 355 1254 382 multa
1279 359 1368 382 tamen
1386 359 1414 382 et
1434 355 1462 382 itt
1487 355 1575 382 Veteri
1592 363 1626 383 ex
1640 356 1772 388 Hebraeo,

977 405 1005 428 et
1021 400 1049 427 in
1063 400 1139 428 Novo
1153 400 1329 428 Testamento
1342 408 1375 428 ex
1390 400 1484 428 Graeco
1503 400 1578 428 fonte
1592 401 1694 436 edocti,
1709 410 1775 429 tnu-

978 451 1045 479 tare,
1066 446 1187 478 demere,
1201 446 1313 479 addere,
1340 446 1490 481 corrigere,
1508 446 1668 481 emendare,
1693 455 1775 474 rese-

978 500 1051 525 care,
1066 492 1225 525 reformare,
1237 496 1276 525 et,
1296 497 1327 520 ut
1339 499 1434 520 eorum
1446 492 1538 520 verbis
1551 499 1622 525 utar,
1635 493 1773 521 readderc

979 546 1032 565 non
1057 539 1249 572 erubuerunt,
1264 538 1496 573 quemadmodum
1527 539 1555 565 in
1580 539 1775 573 superioribus

978 583 1046 610 satis
1057 590 1194 618 superque
1208 590 1223 610 a
1238 583 1320 610 nobis
1344 587 1484 610 ostensutn
1501 587 1642 618 putamus.
1655 584 1772 617 Verum,

979 634 1009 656 ut
1024 629 1170 664 aliquando
1185 628 1294 656 dicendi
1307 629 1388 656 tinem
1405 629 1548 662 faciamus,
1561 629 1774 665 dissolutisjam

980 679 1062 710 atque
1076 675 1199 703 rescissis
1211 674 1435 702 adversariorum
1453 676 1635 710 argumentis,
1649 675 1773 703 dicimus

980 722 1152 756 ingenueque
1176 721 1424 754 testamur,licere
1450 721 1549 752 cuivis.
1576 726 1632 749 tum
1652 723 1774 750 veritate

980 767 1034 799 rei,
1049 772 1108 794 tum
1120 767 1222 794 Graecae
1235 770 1318 802 atque
1331 767 1474 803 originalis
1493 768 1593 803 linguae
1620 768 1774 796 concordia

981 813 1063 846 freto,
1078 813 1183 848 ab5que
1203 813 1259 840 ullo
1276 818 1351 840 metu
1364 813 1492 848 aliquove
1506 814 1614 849 injustas
1627 815 1775 842 calumnia:

981 858 1114 893 periculo,
1131 866 1192 885 cum
1208 862 1305 886 sancto
1316 858 1492 893 Evangelista
1504 858 1661 894 Graecisque
1676 860 1776 888 docto-

982 904 1068 936 ribus,
1089 904 1119 931 Si
1145 911 1204 930 eum
1226 903 1284 930 volo
1305 911 1412 930 manere
1437 904 1519 930 donec
1543 905 1665 937 veniam,
1679 905 1774 941 legere

981 954 1064 985 atque
1094 949 1233 984 proferre,
1264 949 1446 977 muliebribus
1475 949 1556 978 minis
1586 954 1613 977 et
1637 958 1774 978 vanorum

983 995 1125 1022 hominum
1138 994 1237 1030 jurgiis
1254 995 1420 1030 contemptis
1434 1003 1465 1022 ac
1488 1003 1537 1030 pro
1552 995 1638 1023 nihilo
1658 997 1774 1026 habitis.

983 1041 1060 1069 Licet
1086 1045 1176 1069 autem
1197 1041 1224 1068 in
1242 1041 1317 1068 calce
1347 1040 1480 1068 oration-is
1505 1042 1583 1077 quasi
1600 1042 1721 1078 signum,
1742 1049 1776 1072 ut

983 1086 1074 1117 aiunt.
1089 1087 1249 1121 imprimere
1258 1087 1390 1120 sermoni,
1411 1091 1439 1114 et
1453 1087 1538 1114 veluti
1555 1088 1662 1124 asylum
1675 1093 1776 1117 contra

984 1140 1080 1160 omnes
1107 1136 1299 1167 oppugnantes
1320 1140 1370 1160 nos
1395 1133 1529 1167 recipere.
1541 1133 1590 1161 Eia
1606 1134 1690 1169 igitur
1715 1139 1774 1167 eat,

986 1178 1234 1213 progrediaturque
1246 1179 1273 1205 in
1289 1177 1411 1205 ntedium
1424 1178 1551 1214 egregius
1566 1186 1708 1206 sacrarum
1727 1180 1775 1207 lit-

986 1228 1104 1250 terarum
1131 1223 1493 1262 interpres,—integcrrimus
1516 1224 1558 1251 vir
1578 1224 1773 1261 Hieronymus.

985 1274 1012 1296 et
1021 1268 1101 1303 quasi
1111 1268 1236 1296 veritatis
1251 1269 1404 1304 aejustitia:
1420 1275 1618 1305 propugnator,
1631 1273 1772 1307 quomodo

985 1315 1045 1351 ipse
1060 1315 1134 1342 hunc
1154 1315 1245 1343 locum
1260 1316 1444 1350 transtulerit,
1465 1317 1603 1345 ostendat.
1618 1317 1668 1346 llic
1687 1319 1714 1346 in
1728 1328 1773 1352 ea,

986 1369 1067 1397 quam
1083 1362 1117 1389 ad
1130 1361 1304 1389 Iovinianum
1320 1362 1352 1389 de
1364 1363 1517 1397 virginitate
1530 1364 1650 1400 scripsit,
1665 1365 1774 1400 elegan-

986 1407 1091 1435 tissima
1105 1407 1240 1441 oratione,
1256 1415 1376 1440 rursum,
1393 1408 1494 1443 inquit,
1506 1408 1540 1436 de
1552 1410 1633 1437 Petro
1644 1410 1773 1446 loquens,

986 1460 1048 1488 post
1065 1454 1183 1481 auditam
1200 1454 1375 1486 sententiam,
1404 1454 1478 1488 quod
1498 1455 1533 1482 ab
1546 1456 1600 1484 alio
1621 1457 1774 1493 cingendtts

987 1503 1070 1531 esset,
1086 1505 1114 1526 et
1126 1499 1268 1526 ducendus
1284 1507 1339 1534 quo
1361 1500 1455 1534 nollet,
1469 1503 1598 1531 etcrucis
1617 1503 1656 1531 illi
1674 1505 1774 1532 fuisset

989 1546 1079 1581 passio
1105 1546 1264 1580 prophetata
1275 1565 1283 1577 ,
1309 1550 1337 1573 et
1360 1546 1405 1574 ille
1421 1547 1527 1576 diceret
1540 1557 1548 1577 ι
1563 1548 1686 1583 Domine,
1703 1551 1770 1586 quid

988 1591 1061 1619 iste?
1089 1591 1185 1618 nolens
1208 1591 1339 1618 Joannctn
1357 1591 1504 1626 deserere,
1527 1601 1588 1621 cum
1613 1603 1667 1630 quo
1682 1597 1773 1624 fuerat

986 1645 1094 1672 semper
1105 1638 1259 1672 copulatus,
1273 1637 1339 1666 dicit
1356 1638 1382 1666 ei
1403 1638 1554 1668 Dominus:
1569 1640 1637 1673 Quid
1651 1642 1686 1668 ad
1701 1647 1735 1674 te,
1750 1645 1773 1670 si

986 1691 1044 1710 eum
1055 1683 1115 1710 υοιο
1133 1684 1171 1710 εἰσ
1186 1691 1240 1711 esse
1253 1684 1265 1710 2
1282 1684 1351 1717 Quis
1374 1684 1492 1720 amplius
1504 1685 1573 1714 alios
1589 1691 1672 1715 testes
1685 1689 1773 1716 citat?

987 1729 1049 1763 quis
1069 1728 1142 1755 aliud
1166 1729 1305 1756 desiderat
1323 1729 1534 1758 testimonium?
1551 1738 1612 1758 cum
1638 1732 1772 1770 Hierony-

987 1781 1062 1802 mum
1077 1774 1114 1802 ita
1131 1774 1274 1802 audiamus
1296 1774 1447 1808 dicentem,
1463 1775 1494 1804 Si
1510 1777 1579 1804 enim
1592 1778 1649 1805 volo
1666 1779 1703 1806 sic
1715 1789 1773 1807 ma-

987 1828 1058 1848 nere.
1074 1820 1144 1854 Quid
1165 1820 1238 1847 enim
1262 1820 1336 1848 aliud
1362 1825 1404 1849 est
1423 1822 1463 1849 sic
1486 1829 1557 1857 esse,
1571 1824 1625 1851 nisi
1640 1827 1773 1854 manere?

986 1867 1054 1894 Nam
1065 1867 1103 1894 ita
1119 1865 1220 1898 dicere.
1236 1865 1279 1893 Sic
1295 1874 1354 1894 eum
1370 1867 1440 1900 vola,
1456 1868 1493 1895 sic
1508 1876 1574 1902 esse,
1592 1877 1674 1898 nemo
1688 1872 1772 1900 aude~

988 1917 1040 1945 ret,
1059 1912 1108 1940 nisi
1131 1912 1275 1940 barbarus.
1293 1912 1465 1941 Manifestum
1481 1919 1525 1942 est
1543 1915 1637 1950 igitur,
1660 1923 1688 1945 et
1701 1920 1773 1946 anti-

988 1958 1098 1993 quiores
1125 1959 1291 1993 Hieronymo
1321 1958 1501 1994 interpretes,
1530 1961 1578 1996 qui
1604 1963 1643 1989 εἰσ
1674 1971 1722 1997 pro
1749 1966 1772 1993 si

987 2004 1167 2040 scripserunt,
1184 2004 1236 2031 nisi
1246 2004 1421 2032 librariorum
1431 2007 1528 2034 menda
1542 2007 1636 2043 fuerit,
1651 2017 1769 2046 errasse,

988 2058 1050 2078 cum
1067 2050 1250 2086 Hieronymus
1267 2051 1335 2086 ipse,
1352 2053 1376 2078 si
1397 2053 1466 2086 volo,
1483 2053 1596 2088 dixerit,
1612 2061 1638 2083 et
1659 2064 1708 2085 eos
1723 2060 1769 2093 qui

987 2097 1183 2132 Hieronymum
1214 2102 1279 2124 sunt
1301 2099 1405 2131 secuti,
1425 2099 1542 2134 pristino
1569 2109 1620 2129 usu
1649 2105 1771 2139 corrupti

989 2143 1125 2170 sermonis
1137 2144 1312 2178 praevalente,
1327 2145 1368 2171 vel
1378 2145 1568 2180 imperitorum
1581 2153 1771 2186 praesumptio-

153 2196 182 2216 se
196 2195 317 2222 manere,
334 2187 378 2215 hic
394 2195 469 2220 vero,
482 2195 538 2216 non
550 2188 611 2215 ideo
624 2188 664 2216 sic
676 2189 778 2217 dixisse
791 2189 936 2217 Dominum
952 2195 976 2224 ι)
989 2197 1036 2221 ne,
1055 2190 1097 2216 vel
1113 2189 1219 2216 incuria
1232 2189 1418 2224 librariorum,
1437 2200 1487 2226 pro
1508 2194 1531 2220 si
1550 2193 1768 2233 llieronytniano,

152 2235 226 2271 quod
252 2235 289 2261 ita
314 2234 407 2266 vellet,
424 2233 472 2262 sed
494 2238 523 2261 ut
547 2234 658 2262 Petrum
685 2235 849 2269 increparet.
868 2235 936 2262 Nam

130 2273 225 2316 {quod
254 2285 391 2316 postretno
417 2279 533 2314 addunt,
561 2280 732 2307 moriendum
759 2281 850 2315 potius
875 2289 937 2309 esse

130 2314 138 2363 ξ
152 2335 234 2363 quam
248 2327 398 2362 quidquam
413 2326 446 2354 de
454 2334 533 2354 sacra
541 2325 682 2361 Scriptura
693 2328 936 2361 commutantium;

130 2345 132 2347 ι
152 2344 234 2363 ,ιω-ι..
248 2344 398 2362 μων-ι...
413 2344 446 2354 υ..
454 2344 682 2361 summurn...
693 2344 919 2354 w.............u.....
929 2348 936 2361 ,

127 2344 137 2409 ἔ
153 2381 242 2409 neque
265 2381 345 2409 posse
361 2380 423 2400 esse
439 2373 615 2406 catholicum,
633 2374 681 2408 qui
704 2374 777 2401 huttc
797 2375 936 2408 Evangelii

151 2419 242 2446 locum
259 2425 428 2446 commutare
444 2418 657 2454 praesumpserit,
674 2418 834 2454 adduntque
857 2427 934 2452 eum,

152 2467 199 2501 qui
216 2467 268 2493 hoc
282 2473 365 2493 ausus
376 2465 470 2499 fuerit,
487 2466 570 2493 etiam
587 2466 679 2500 pejora
692 2465 843 2499 facturum,
863 2467 885 2494 si
911 2467 935 2494 ei

149 2513 301 2540 auctoritas
315 2517 342 2540 et
361 2513 432 2540 vires
456 2512 630 2544 accesserint,
643 2512 774 2539 etsitalia
802 2513 857 2540 sitit
876 2520 937 2547 quae

153 2567 202 2585 nos
218 2559 252 2586 ad
277 2559 364 2586 risum
389 2559 480 2593 potius
508 2563 645 2590 moveant,
666 2566 746 2593 quam
764 2559 797 2586 ad
822 2567 938 2594 respon—

153 2607 235 2634 dendi
265 2606 386 2634 laborem
421 2605 650 2641 suscipiendum,
684 2611 774 2634 tamen
802 2614 835 2634 ne
869 2607 937 2633 hanc

117 2400 137 2423 λ

989 2236 1027 2263 sic
1052 2235 1119 2262 illud
1145 2235 1292 2270 pristinum
1319 2237 1487 2266 continuatis
1505 2241 1676 2275 temporibus
1703 2251 1768 2271 eon-

989 2281 1143 2316 scripsisse.
1159 2281 1212 2309 Sed
1242 2290 1292 2310 nos
1320 2283 1431 2312 quidem
1446 2292 1507 2312 cum
1524 2286 1699 2323 Hieronymo,
1709 2297 1770 2317 cum

989 2328 1147 2355 sinceritate
1161 2327 1260 2355 Graeca:
1283 2331 1441 2363 scripturaa,
1466 2339 1529 2358 cum
1544 2332 1646 2360 Graecis
1675 2335 1772 2363 docto-

990 2374 1076 2406 ribus,
1095 2378 1125 2400 ut
1143 2374 1183 2400 fas
1198 2378 1250 2404 est.
1275 2375 1436 2408 sentientes,
1452 2375 1483 2403 Si
1504 2385 1563 2403 eum
1576 2378 1634 2405 volo
1655 2387 1770 2412 manere,

988 2421 1120 2455 legamus,
1144 2421 1178 2447 ad
1197 2421 1313 2455 gloriam
1331 2422 1390 2456 ejus
1413 2422 1457 2457 qui
1483 2430 1532 2457 per
1555 2425 1770 2452 sacratissimum

990 2466 1167 2500 Evangelistae
1179 2466 1292 2494 Joannis
1306 2474 1336 2494 os
1350 2467 1445 2495 Graeco
1466 2475 1594 2497 sermone
1615 2471 1769 2504 scribentis,

990 2513 1047 2540 luce
1069 2513 1185 2546 loquens
1205 2512 1308 2548 absque
1325 2514 1379 2540 ulla
1397 2522 1508 2549 prorsus
1522 2516 1700 2551 ambiguitate
1715 2526 1771 2545 ver-

990 2559 1136 2593 lmrutn,Si
1155 2567 1225 2593 eunt,
1244 2560 1342 2594 inquit,
1361 2561 1418 2587 volo
1433 2569 1539 2589 manere
1557 2563 1638 2590 donec
1657 2564 1768 2598 veniam,

989 2605 1050 2640 (/Itirl
1064 2606 1097 2631 ad
1117 2606 1163 2632 te?
1183 2606 1229 2639 Tu,
1246 2614 1351 2641 sequere
1372 2615 1420 2633 mc.
