  <div class='ocr_page' id='page_1' title='image "/cluster/home/n/w/nwhite01/storage/ocr_20150623/161/njp.32101077773255/442.png"; bbox 0 0 1916 3066; ppageno 0'>
   <div class='ocr_carea' id='block_1_1' title="bbox 636 149 1751 186">
    <p class='ocr_par' dir='ltr' id='par_1_1' title="bbox 636 149 1751 186">
     <span class='ocr_line' id='line_1_1' title="bbox 636 149 1751 186; baseline 0.005 -6"><span class='ocrx_word' id='word_1_1' title='bbox 636 149 855 182; x_wconf 79' lang='lat' dir='ltr'><strong>ORATIONES</strong></span> <span class='ocrx_word' id='word_1_2' title='bbox 884 152 1031 182; x_wconf 74' lang='lat' dir='ltr'><strong>CONTRA</strong></span> <span class='ocrx_word' id='word_1_3' title='bbox 1059 152 1222 184; x_wconf 71' lang='lat' dir='ltr'><strong>TURCAS.</strong></span> <span class='ocrx_word' id='word_1_4' title='bbox 1697 154 1751 186; x_wconf 63' lang='lat'><strong>642</strong></span> 
     </span>
    </p>
   </div>
   <div class='ocr_carea' id='block_1_2' title="bbox 1294 230 1725 237">
    <p class='ocr_par' dir='ltr' id='par_1_2' title="bbox 1294 230 1725 237">
     <span class='ocr_line' id='line_1_2' title="bbox 1294 230 1725 237; baseline 0.002 -1"><span class='ocrx_word' id='word_1_5' title='bbox 1294 230 1725 237; x_wconf 52' lang='lat'><strong>—-.~.-_..___.-—.</strong></span> 
     </span>
    </p>
   </div>
   <div class='ocr_carea' id='block_1_3' title="bbox 1541 239 1739 248">
    <p class='ocr_par' dir='ltr' id='par_1_3' title="bbox 1541 239 1739 248">
     <span class='ocr_line' id='line_1_3' title="bbox 1541 239 1739 248; baseline 0 -1"><span class='ocrx_word' id='word_1_6' title='bbox 1541 239 1739 248; x_wconf 69' lang='lat'><strong>._.____.=</strong></span> 
     </span>
    </p>
   </div>
   <div class='ocr_carea' id='block_1_4' title="bbox 309 319 1566 401">
    <p class='ocr_par' dir='ltr' id='par_1_4' title="bbox 309 319 1566 401">
     <span class='ocr_line' id='line_1_4' title="bbox 309 319 1566 401; baseline 0 -1"><span class='ocrx_word' id='word_1_7' title='bbox 309 319 887 401; x_wconf 81' lang='lat' dir='ltr'><strong>CARDINALIS</strong></span> <span class='ocrx_word' id='word_1_8' title='bbox 931 321 1566 401; x_wconf 80' lang='lat' dir='ltr'><strong>BESSARIONIS</strong></span> 
     </span>
    </p>
   </div>
   <div class='ocr_carea' id='block_1_5' title="bbox 715 450 1167 482">
    <p class='ocr_par' dir='ltr' id='par_1_5' title="bbox 715 450 1167 482">
     <span class='ocr_line' id='line_1_5' title="bbox 715 450 1167 482; baseline 0.002 -1"><span class='ocrx_word' id='word_1_9' title='bbox 715 451 768 481; x_wconf 86' lang='grc' dir='ltr'><strong>ΑΙ)</strong></span> <span class='ocrx_word' id='word_1_10' title='bbox 787 450 995 482; x_wconf 73' lang='lat' dir='ltr'><strong>PRINCIPES</strong></span> <span class='ocrx_word' id='word_1_11' title='bbox 1017 451 1083 482; x_wconf 83' lang='lat' dir='ltr'><strong>lTA</strong></span> <span class='ocrx_word' id='word_1_12' title='bbox 1091 451 1125 482; x_wconf 91' lang='lat' dir='ltr'><strong>LI</strong></span> <span class='ocrx_word' id='word_1_13' title='bbox 1133 452 1167 482; x_wconf 70' lang='grc' dir='ltr'>Ε</span> 
     </span>
    </p>
   </div>
   <div class='ocr_carea' id='block_1_6' title="bbox 419 513 1451 554">
    <p class='ocr_par' dir='ltr' id='par_1_6' title="bbox 419 513 1451 554">
     <span class='ocr_line' id='line_1_6' title="bbox 419 513 1451 554; baseline 0.003 -10"><span class='ocrx_word' id='word_1_14' title='bbox 419 515 475 545; x_wconf 86' lang='lat' dir='ltr'><strong>DE</strong></span> <span class='ocrx_word' id='word_1_15' title='bbox 497 513 829 546; x_wconf 78' lang='lat' dir='ltr'><strong>CHRISTIANORUM</strong></span> <span class='ocrx_word' id='word_1_16' title='bbox 847 515 977 546; x_wconf 83' lang='lat' dir='ltr'><strong>CLADE</strong></span> <span class='ocrx_word' id='word_1_17' title='bbox 993 516 1033 546; x_wconf 86' lang='lat' dir='ltr'><strong>IN</strong></span> <span class='ocrx_word' id='word_1_18' title='bbox 1053 515 1258 547; x_wconf 79' lang='lat' dir='ltr'><strong>CHALCIDE</strong></span> <span class='ocrx_word' id='word_1_19' title='bbox 1281 516 1451 554; x_wconf 62' lang='lat' dir='ltr'><strong>EUBGEJE,</strong></span> 
     </span>
    </p>
   </div>
   <div class='ocr_carea' id='block_1_7' title="bbox 292 579 1575 620">
    <p class='ocr_par' dir='ltr' id='par_1_7' title="bbox 292 579 1575 620">
     <span class='ocr_line' id='line_1_7' title="bbox 292 579 1575 620; baseline 0.002 -9"><span class='ocrx_word' id='word_1_20' title='bbox 292 579 346 611; x_wconf 89' lang='lat' dir='ltr'><strong>DE</strong></span> <span class='ocrx_word' id='word_1_21' title='bbox 366 579 571 612; x_wconf 80' lang='lat' dir='ltr'><strong>PEBICULIS</strong></span> <span class='ocrx_word' id='word_1_22' title='bbox 590 579 741 611; x_wconf 73' lang='lat' dir='ltr'><strong>ITALHE</strong></span> <span class='ocrx_word' id='word_1_23' title='bbox 767 580 1062 613; x_wconf 80' lang='lat' dir='ltr'><strong>IMMINENTIBUS</strong></span> <span class='ocrx_word' id='word_1_24' title='bbox 1077 581 1324 613; x_wconf 82' lang='lat' dir='ltr'><strong>EXPUGNATO</strong></span> <span class='ocrx_word' id='word_1_25' title='bbox 1341 581 1575 620; x_wconf 82' lang='lat' dir='ltr'><strong>HYDRUNTO,</strong></span> 
     </span>
    </p>
   </div>
   <div class='ocr_carea' id='block_1_8' title="bbox 679 642 1193 675">
    <p class='ocr_par' dir='ltr' id='par_1_8' title="bbox 679 642 1193 675">
     <span class='ocr_line' id='line_1_8' title="bbox 679 642 1193 675; baseline 0.004 -3"><span class='ocrx_word' id='word_1_26' title='bbox 679 642 730 672; x_wconf 88' lang='lat' dir='ltr'><strong>DE</strong></span> <span class='ocrx_word' id='word_1_27' title='bbox 745 642 944 674; x_wconf 78' lang='lat' dir='ltr'><strong>SEDANDIS</strong></span> <span class='ocrx_word' id='word_1_28' title='bbox 966 643 1193 675; x_wconf 74' lang='lat' dir='ltr'><strong>DlSCOIiDIIS</strong></span> 
     </span>
    </p>
   </div>
   <div class='ocr_carea' id='block_1_9' title="bbox 568 703 1310 744">
    <p class='ocr_par' dir='ltr' id='par_1_9' title="bbox 568 703 1310 744">
     <span class='ocr_line' id='line_1_9' title="bbox 568 703 1310 744; baseline 0.003 -10"><span class='ocrx_word' id='word_1_29' title='bbox 568 703 620 744; x_wconf 76' lang='grc' dir='ltr'><strong>ΕΤ</strong></span> <span class='ocrx_word' id='word_1_30' title='bbox 635 704 908 736; x_wconf 77' lang='lat' dir='ltr'><strong>DECERNENDO</strong></span> <span class='ocrx_word' id='word_1_31' title='bbox 926 705 1056 737; x_wconf 88' lang='lat' dir='ltr'><strong>BELLO</strong></span> <span class='ocrx_word' id='word_1_32' title='bbox 1078 706 1118 737; x_wconf 84' lang='grc' dir='ltr'><strong>ΙΝ</strong></span> <span class='ocrx_word' id='word_1_33' title='bbox 1143 705 1310 743; x_wconf 81' lang='lat' dir='ltr'><strong>TURCAS,</strong></span> 
     </span>
    </p>
   </div>
   <div class='ocr_carea' id='block_1_10' title="bbox 767 776 1115 823">
    <p class='ocr_par' dir='ltr' id='par_1_10' title="bbox 767 776 1115 823">
     <span class='ocr_line' id='line_1_10' title="bbox 767 776 1115 823; baseline 0 -1"><span class='ocrx_word' id='word_1_34' title='bbox 767 776 1115 823; x_wconf 78' lang='lat' dir='ltr'><strong>ORATIONES</strong></span> 
     </span>
    </p>
   </div>
   <div class='ocr_carea' id='block_1_11' title="bbox 443 851 1451 894">
    <p class='ocr_par' dir='ltr' id='par_1_11' title="bbox 443 851 1451 894">
     <span class='ocr_line' id='line_1_11' title="bbox 443 851 1451 894; baseline -0.001 -10"><span class='ocrx_word' id='word_1_35' title='bbox 443 853 562 890; x_wconf 88' lang='lat' dir='ltr'><strong>Quibus</strong></span> <span class='ocrx_word' id='word_1_36' title='bbox 581 853 745 893; x_wconf 76' lang='lat' dir='ltr'><strong>subjicitur</strong></span> <span class='ocrx_word' id='word_1_37' title='bbox 765 854 929 894; x_wconf 82' lang='lat' dir='ltr'><strong>persuasio</strong></span> <span class='ocrx_word' id='word_1_38' title='bbox 951 861 990 884; x_wconf 87' lang='lat' dir='ltr'><strong>ex</strong></span> <span class='ocrx_word' id='word_1_39' title='bbox 1007 853 1227 885; x_wconf 77' lang='lat' dir='ltr'><strong>Demosthenis</strong></span> <span class='ocrx_word' id='word_1_40' title='bbox 1253 851 1451 892; x_wconf 76' lang='lat' dir='ltr'><strong>Olynthium.</strong></span> 
     </span>
    </p>
   </div>
   <div class='ocr_carea' id='block_1_12' title="bbox 118 150 171 187">
    <p class='ocr_par' dir='ltr' id='par_1_12' title="bbox 118 150 171 187">
     <span class='ocr_line' id='line_1_12' title="bbox 118 150 171 187; baseline -0.075 0"><span class='ocrx_word' id='word_1_41' title='bbox 118 150 171 187; x_wconf 67' lang='grc'><strong>641</strong></span> 
     </span>
    </p>
   </div>
   <div class='ocr_carea' id='block_1_13' title="bbox 162 995 1753 1036">
    <p class='ocr_par' dir='ltr' id='par_1_13' title="bbox 162 995 1753 1036">
     <span class='ocr_line' id='line_1_13' title="bbox 162 995 1753 1036; baseline -0.001 -8"><span class='ocrx_word' id='word_1_42' title='bbox 162 998 276 1028; x_wconf 85' lang='lat' dir='ltr'><strong>Nolatu</strong></span> <span class='ocrx_word' id='word_1_43' title='bbox 287 995 329 1036; x_wconf 91' lang='lat'><strong>(1)</strong></span> <span class='ocrx_word' id='word_1_44' title='bbox 344 999 374 1027; x_wconf 88' lang='lat' dir='ltr'><strong>et</strong></span> <span class='ocrx_word' id='word_1_45' title='bbox 387 996 469 1027; x_wconf 86' lang='lat' dir='ltr'><strong>lectu</strong></span> <span class='ocrx_word' id='word_1_46' title='bbox 482 996 675 1035; x_wconf 72' lang='lat' dir='ltr'><strong>dignissimae</strong></span> <span class='ocrx_word' id='word_1_47' title='bbox 685 999 758 1028; x_wconf 87' lang='lat' dir='ltr'><strong>sunt</strong></span> <span class='ocrx_word' id='word_1_48' title='bbox 770 995 912 1036; x_wconf 77' lang='lat' dir='ltr'><strong>epistolae</strong></span> <span class='ocrx_word' id='word_1_49' title='bbox 921 995 1006 1030; x_wconf 77' lang='lat' dir='ltr'><strong>duae,</strong></span> <span class='ocrx_word' id='word_1_50' title='bbox 1017 1003 1088 1034; x_wconf 68' lang='lat' dir='ltr'><strong>qum</strong></span> <span class='ocrx_word' id='word_1_51' title='bbox 1097 995 1299 1027; x_wconf 78' lang='lat' dir='ltr'><strong>Orationibus</strong></span> <span class='ocrx_word' id='word_1_52' title='bbox 1312 995 1645 1035; x_wconf 68' lang='lat' dir='ltr'><strong>praemissteleguntur</strong></span> <span class='ocrx_word' id='word_1_53' title='bbox 1655 996 1686 1026; x_wconf 87' lang='lat' dir='ltr'><strong>in</strong></span> <span class='ocrx_word' id='word_1_54' title='bbox 1697 1004 1753 1026; x_wconf 80' lang='lat' dir='ltr'><strong>co-</strong></span> 
     </span>
    </p>
   </div>
   <div class='ocr_carea' id='block_1_14' title="bbox 124 1044 1754 1084">
    <p class='ocr_par' dir='ltr' id='par_1_14' title="bbox 124 1044 1754 1084">
     <span class='ocr_line' id='line_1_14' title="bbox 124 1044 1754 1084; baseline -0.001 -8"><span class='ocrx_word' id='word_1_55' title='bbox 124 1045 193 1077; x_wconf 88' lang='lat' dir='ltr'><strong>dice</strong></span> <span class='ocrx_word' id='word_1_56' title='bbox 209 1045 312 1084; x_wconf 82' lang='lat' dir='ltr'><strong>Regio</strong></span> <span class='ocrx_word' id='word_1_57' title='bbox 334 1045 523 1076; x_wconf 79' lang='lat' dir='ltr'><strong>Taurinensi</strong></span> <span class='ocrx_word' id='word_1_58' title='bbox 543 1053 630 1076; x_wconf 87' lang='lat' dir='ltr'><strong>num.</strong></span> <span class='ocrx_word' id='word_1_59' title='bbox 654 1045 741 1082; x_wconf 83' lang='lat'><strong>1165,</strong></span> <span class='ocrx_word' id='word_1_60' title='bbox 764 1045 942 1075; x_wconf 88' lang='lat' dir='ltr'><strong>membran.</strong></span> <span class='ocrx_word' id='word_1_61' title='bbox 962 1051 1035 1075; x_wconf 65' lang='lat' dir='ltr'><strong>saec.</strong></span> <span class='ocrx_word' id='word_1_62' title='bbox 1056 1053 1114 1076; x_wconf 86' lang='lat' dir='ltr'><strong>xv.</strong></span> <span class='ocrx_word' id='word_1_63' title='bbox 1135 1045 1210 1076; x_wconf 87' lang='lat' dir='ltr'><strong>Cum</strong></span> <span class='ocrx_word' id='word_1_64' title='bbox 1232 1046 1316 1076; x_wconf 89' lang='lat' dir='ltr'><strong>enim</strong></span> <span class='ocrx_word' id='word_1_65' title='bbox 1343 1045 1488 1076; x_wconf 84' lang='lat' dir='ltr'><strong>Bessario</strong></span> <span class='ocrx_word' id='word_1_66' title='bbox 1518 1045 1678 1076; x_wconf 86' lang='lat' dir='ltr'><strong>orationes</strong></span> <span class='ocrx_word' id='word_1_67' title='bbox 1698 1044 1754 1075; x_wconf 88' lang='lat' dir='ltr'><strong>has</strong></span> 
     </span>
    </p>
   </div>
   <div class='ocr_carea' id='block_1_15' title="bbox 123 1092 1753 1134">
    <p class='ocr_par' dir='ltr' id='par_1_15' title="bbox 123 1092 1753 1134">
     <span class='ocr_line' id='line_1_15' title="bbox 123 1092 1753 1134; baseline -0.001 -9"><span class='ocrx_word' id='word_1_68' title='bbox 123 1094 232 1125; x_wconf 83' lang='lat' dir='ltr'><strong>Latine</strong></span> <span class='ocrx_word' id='word_1_69' title='bbox 246 1103 264 1125; x_wconf 91' lang='lat' dir='ltr'><strong>a</strong></span> <span class='ocrx_word' id='word_1_70' title='bbox 277 1102 311 1125; x_wconf 85' lang='lat' dir='ltr'><strong>se</strong></span> <span class='ocrx_word' id='word_1_71' title='bbox 327 1094 521 1134; x_wconf 83' lang='lat' dir='ltr'><strong>compositas</strong></span> <span class='ocrx_word' id='word_1_72' title='bbox 535 1093 673 1125; x_wconf 82' lang='lat' dir='ltr'><strong>misisset</strong></span> <span class='ocrx_word' id='word_1_73' title='bbox 692 1093 729 1125; x_wconf 87' lang='lat' dir='ltr'><strong>ad</strong></span> <span class='ocrx_word' id='word_1_74' title='bbox 760 1093 968 1124; x_wconf 87' lang='lat' dir='ltr'><strong>Guilielmum</strong></span> <span class='ocrx_word' id='word_1_75' title='bbox 992 1092 1165 1129; x_wconf 86' lang='lat' dir='ltr'><strong>Fichetum,</strong></span> <span class='ocrx_word' id='word_1_76' title='bbox 1184 1093 1378 1130; x_wconf 84' lang='lat' dir='ltr'><strong>Sabaudum,</strong></span> <span class='ocrx_word' id='word_1_77' title='bbox 1402 1096 1558 1125; x_wconf 89' lang='lat' dir='ltr'><strong>rectorem</strong></span> <span class='ocrx_word' id='word_1_78' title='bbox 1586 1093 1753 1125; x_wconf 81' lang='lat' dir='ltr'><strong>Universi-</strong></span> 
     </span>
    </p>
   </div>
   <div class='ocr_carea' id='block_1_16' title="bbox 124 1141 1752 1181">
    <p class='ocr_par' dir='ltr' id='par_1_16' title="bbox 124 1141 1752 1181">
     <span class='ocr_line' id='line_1_16' title="bbox 124 1141 1752 1181; baseline 0 -8"><span class='ocrx_word' id='word_1_79' title='bbox 124 1142 195 1173; x_wconf 73' lang='lat' dir='ltr'><strong>tatis</strong></span> <span class='ocrx_word' id='word_1_80' title='bbox 213 1141 411 1178; x_wconf 85' lang='lat' dir='ltr'><strong>Perisiensis,</strong></span> <span class='ocrx_word' id='word_1_81' title='bbox 429 1150 527 1173; x_wconf 85' lang='lat' dir='ltr'><strong>sacrae</strong></span> <span class='ocrx_word' id='word_1_82' title='bbox 546 1141 717 1180; x_wconf 64' lang='lat' dir='ltr'><strong>theologia:</strong></span> <span class='ocrx_word' id='word_1_83' title='bbox 731 1141 909 1177; x_wconf 85' lang='lat' dir='ltr'><strong>doctorem.</strong></span> <span class='ocrx_word' id='word_1_84' title='bbox 925 1141 1086 1178; x_wconf 70' lang='lat' dir='ltr'><strong>tto-virum,</strong></span> <span class='ocrx_word' id='word_1_85' title='bbox 1104 1145 1138 1173; x_wconf 88' lang='lat' dir='ltr'><strong>ut</strong></span> <span class='ocrx_word' id='word_1_86' title='bbox 1159 1142 1255 1174; x_wconf 86' lang='lat' dir='ltr'><strong>habet</strong></span> <span class='ocrx_word' id='word_1_87' title='bbox 1276 1143 1442 1174; x_wconf 84' lang='lat' dir='ltr'><strong>Rossottus</strong></span> <span class='ocrx_word' id='word_1_88' title='bbox 1460 1143 1492 1174; x_wconf 93' lang='lat' dir='ltr'><strong>in</strong></span> <span class='ocrx_word' id='word_1_89' title='bbox 1515 1142 1640 1181; x_wconf 80' lang='lat' dir='ltr'><strong>Syllaba</strong></span> <span class='ocrx_word' id='word_1_90' title='bbox 1661 1142 1752 1173; x_wconf 82' lang='lat' dir='ltr'><strong>Scri-</strong></span> 
     </span>
    </p>
   </div>
   <div class='ocr_carea' id='block_1_17' title="bbox 122 1190 1755 1234">
    <p class='ocr_par' dir='ltr' id='par_1_17' title="bbox 122 1190 1755 1234">
     <span class='ocr_line' id='line_1_17' title="bbox 122 1190 1755 1234; baseline 0 -12"><span class='ocrx_word' id='word_1_91' title='bbox 122 1196 250 1234; x_wconf 75' lang='lat' dir='ltr'><strong>ptorum</strong></span> <span class='ocrx_word' id='word_1_92' title='bbox 267 1191 499 1224; x_wconf 83' lang='lat' dir='ltr'><strong>Sabaudorum.</strong></span> <span class='ocrx_word' id='word_1_93' title='bbox 516 1199 589 1231; x_wconf 82' lang='lat' dir='ltr'><strong>pag.</strong></span> <span class='ocrx_word' id='word_1_94' title='bbox 613 1191 683 1229; x_wconf 78' lang='grc'>250,</span> <span class='ocrx_word' id='word_1_95' title='bbox 701 1200 849 1231; x_wconf 83' lang='lat' dir='ltr'><strong>magnum</strong></span> <span class='ocrx_word' id='word_1_96' title='bbox 867 1190 1024 1227; x_wconf 72' lang='lat' dir='ltr'><strong>doctrina,</strong></span> <span class='ocrx_word' id='word_1_97' title='bbox 1043 1191 1220 1222; x_wconf 75' lang='lat' dir='ltr'><strong>eruditione</strong></span> <span class='ocrx_word' id='word_1_98' title='bbox 1244 1196 1274 1222; x_wconf 76' lang='lat' dir='ltr'><strong>et</strong></span> <span class='ocrx_word' id='word_1_99' title='bbox 1296 1191 1482 1231; x_wconf 76' lang='lat' dir='ltr'><strong>prudentia,</strong></span> <span class='ocrx_word' id='word_1_100' title='bbox 1501 1195 1534 1223; x_wconf 86' lang='lat' dir='ltr'><strong>ut</strong></span> <span class='ocrx_word' id='word_1_101' title='bbox 1551 1199 1601 1222; x_wconf 87' lang='lat' dir='ltr'><strong>res</strong></span> <span class='ocrx_word' id='word_1_102' title='bbox 1617 1191 1655 1222; x_wconf 88' lang='lat' dir='ltr'><strong>iis</strong></span> <span class='ocrx_word' id='word_1_103' title='bbox 1674 1199 1755 1222; x_wconf 86' lang='lat' dir='ltr'><strong>con—</strong></span> 
     </span>
    </p>
   </div>
   <div class='ocr_carea' id='block_1_18' title="bbox 123 1237 1751 1279">
    <p class='ocr_par' dir='ltr' id='par_1_18' title="bbox 123 1237 1751 1279">
     <span class='ocr_line' id='line_1_18' title="bbox 123 1237 1751 1279; baseline -0.002 -8"><span class='ocrx_word' id='word_1_104' title='bbox 123 1243 226 1271; x_wconf 82' lang='lat' dir='ltr'><strong>tentes</strong></span> <span class='ocrx_word' id='word_1_105' title='bbox 238 1239 408 1270; x_wconf 80' lang='lat' dir='ltr'><strong>Galliarum</strong></span> <span class='ocrx_word' id='word_1_106' title='bbox 422 1239 489 1278; x_wconf 80' lang='lat' dir='ltr'><strong>regi</strong></span> <span class='ocrx_word' id='word_1_107' title='bbox 502 1240 637 1279; x_wconf 81' lang='lat' dir='ltr'><strong>aliisque</strong></span> <span class='ocrx_word' id='word_1_108' title='bbox 651 1239 852 1279; x_wconf 83' lang='lat' dir='ltr'><strong>principibus</strong></span> <span class='ocrx_word' id='word_1_109' title='bbox 863 1237 1048 1277; x_wconf 74' lang='lat' dir='ltr'><strong>explicaret,</strong></span> <span class='ocrx_word' id='word_1_110' title='bbox 1061 1247 1114 1269; x_wconf 88' lang='lat' dir='ltr'><strong>eas</strong></span> <span class='ocrx_word' id='word_1_111' title='bbox 1127 1239 1289 1276; x_wconf 83' lang='lat' dir='ltr'><strong>Fichetus,</strong></span> <span class='ocrx_word' id='word_1_112' title='bbox 1302 1239 1335 1269; x_wconf 89' lang='lat' dir='ltr'><strong>in</strong></span> <span class='ocrx_word' id='word_1_113' title='bbox 1353 1239 1412 1270; x_wconf 85' lang='lat' dir='ltr'><strong>hoc</strong></span> <span class='ocrx_word' id='word_1_114' title='bbox 1424 1240 1574 1270; x_wconf 86' lang='lat' dir='ltr'><strong>volumen</strong></span> <span class='ocrx_word' id='word_1_115' title='bbox 1587 1239 1751 1272; x_wconf 87' lang='lat' dir='ltr'><strong>collectas.</strong></span> 
     </span>
    </p>
   </div>
   <div class='ocr_carea' id='block_1_19' title="bbox 125 1285 1755 1328">
    <p class='ocr_par' dir='ltr' id='par_1_19' title="bbox 125 1285 1755 1328">
     <span class='ocr_line' id='line_1_19' title="bbox 125 1285 1755 1328; baseline -0.001 -10"><span class='ocrx_word' id='word_1_116' title='bbox 125 1286 238 1318; x_wconf 88' lang='lat' dir='ltr'><strong>obtulit</strong></span> <span class='ocrx_word' id='word_1_117' title='bbox 255 1287 421 1318; x_wconf 80' lang='lat' dir='ltr'><strong>Sabaudiae</strong></span> <span class='ocrx_word' id='word_1_118' title='bbox 436 1286 585 1322; x_wconf 87' lang='lat' dir='ltr'><strong>Ducibus.</strong></span> <span class='ocrx_word' id='word_1_119' title='bbox 602 1287 722 1328; x_wconf 84' lang='lat' dir='ltr'><strong>scripta</strong></span> <span class='ocrx_word' id='word_1_120' title='bbox 740 1287 779 1318; x_wconf 83' lang='lat' dir='ltr'><strong>ad</strong></span> <span class='ocrx_word' id='word_1_121' title='bbox 796 1286 926 1318; x_wconf 85' lang='lat' dir='ltr'><strong>eosdem</strong></span> <span class='ocrx_word' id='word_1_122' title='bbox 945 1286 1092 1325; x_wconf 82' lang='lat' dir='ltr'><strong>epistola,</strong></span> <span class='ocrx_word' id='word_1_123' title='bbox 1110 1295 1174 1326; x_wconf 88' lang='lat' dir='ltr'><strong>qna</strong></span> <span class='ocrx_word' id='word_1_124' title='bbox 1193 1295 1248 1318; x_wconf 89' lang='lat' dir='ltr'><strong>eos</strong></span> <span class='ocrx_word' id='word_1_125' title='bbox 1266 1286 1421 1323; x_wconf 87' lang='lat' dir='ltr'><strong>hortatur,</strong></span> <span class='ocrx_word' id='word_1_126' title='bbox 1438 1290 1472 1318; x_wconf 92' lang='lat' dir='ltr'><strong>ut</strong></span> <span class='ocrx_word' id='word_1_127' title='bbox 1489 1287 1607 1318; x_wconf 87' lang='lat' dir='ltr'><strong>bellum</strong></span> <span class='ocrx_word' id='word_1_128' title='bbox 1632 1285 1755 1317; x_wconf 83' lang='lat' dir='ltr'><strong>fortiter</strong></span> 
     </span>
    </p>
   </div>
   <div class='ocr_carea' id='block_1_20' title="bbox 125 1330 1756 1376">
    <p class='ocr_par' dir='ltr' id='par_1_20' title="bbox 125 1330 1756 1376">
     <span class='ocr_line' id='line_1_20' title="bbox 125 1330 1756 1376; baseline 0.001 -11"><span class='ocrx_word' id='word_1_129' title='bbox 125 1330 424 1376; x_wconf 20' lang='lat' dir='ltr'><strong>capessant,‘atque</strong></span> <span class='ocrx_word' id='word_1_130' title='bbox 453 1335 527 1366; x_wconf 85' lang='lat' dir='ltr'><strong>aviti</strong></span> <span class='ocrx_word' id='word_1_131' title='bbox 552 1335 733 1376; x_wconf 88' lang='lat' dir='ltr'><strong>splendoris</strong></span> <span class='ocrx_word' id='word_1_132' title='bbox 747 1343 907 1367; x_wconf 82' lang='lat' dir='ltr'><strong>memores</strong></span> <span class='ocrx_word' id='word_1_133' title='bbox 925 1343 984 1374; x_wconf 87' lang='lat' dir='ltr'><strong>pro</strong></span> <span class='ocrx_word' id='word_1_134' title='bbox 1002 1334 1158 1374; x_wconf 79' lang='lat' dir='ltr'><strong>religione</strong></span> <span class='ocrx_word' id='word_1_135' title='bbox 1183 1339 1280 1376; x_wconf 87' lang='lat' dir='ltr'><strong>atque</strong></span> <span class='ocrx_word' id='word_1_136' title='bbox 1307 1336 1404 1366; x_wconf 76' lang='lat' dir='ltr'><strong>ltalim</strong></span> <span class='ocrx_word' id='word_1_137' title='bbox 1431 1337 1530 1366; x_wconf 84' lang='lat' dir='ltr'><strong>salute</strong></span> <span class='ocrx_word' id='word_1_138' title='bbox 1554 1335 1756 1367; x_wconf 82' lang='lat' dir='ltr'><strong>defendenda</strong></span> 
     </span>
    </p>
   </div>
   <div class='ocr_carea' id='block_1_21' title="bbox 123 1383 1579 1425">
    <p class='ocr_par' dir='ltr' id='par_1_21' title="bbox 123 1383 1579 1425">
     <span class='ocr_line' id='line_1_21' title="bbox 123 1383 1579 1425; baseline 0.001 -11"><span class='ocrx_word' id='word_1_139' title='bbox 123 1383 205 1415; x_wconf 85' lang='lat' dir='ltr'><strong>vires</strong></span> <span class='ocrx_word' id='word_1_140' title='bbox 224 1392 295 1415; x_wconf 82' lang='lat' dir='ltr'><strong>suas</strong></span> <span class='ocrx_word' id='word_1_141' title='bbox 311 1392 506 1425; x_wconf 84' lang='lat' dir='ltr'><strong>operamque</strong></span> <span class='ocrx_word' id='word_1_142' title='bbox 521 1387 684 1424; x_wconf 80' lang='lat' dir='ltr'><strong>praestent.</strong></span> <span class='ocrx_word' id='word_1_143' title='bbox 703 1385 799 1416; x_wconf 84' lang='lat' dir='ltr'><strong>Porro</strong></span> <span class='ocrx_word' id='word_1_144' title='bbox 816 1386 922 1416; x_wconf 88' lang='lat' dir='ltr'><strong>autem</strong></span> <span class='ocrx_word' id='word_1_145' title='bbox 942 1383 1140 1415; x_wconf 78' lang='lat' dir='ltr'><strong>Bessarionis</strong></span> <span class='ocrx_word' id='word_1_146' title='bbox 1157 1384 1291 1424; x_wconf 85' lang='lat' dir='ltr'><strong>epistola</strong></span> <span class='ocrx_word' id='word_1_147' title='bbox 1306 1389 1352 1416; x_wconf 87' lang='lat' dir='ltr'><strong>est</strong></span> <span class='ocrx_word' id='word_1_148' title='bbox 1365 1383 1551 1425; x_wconf 85' lang='lat' dir='ltr'><strong>hujusmodi</strong></span> <span class='ocrx_word' id='word_1_149' title='bbox 1569 1395 1579 1416; x_wconf 68' lang='grc' dir='ltr'><strong>ι</strong></span> 
     </span>
    </p>
   </div>
   <div class='ocr_carea' id='block_1_22' title="bbox 157 1453 1753 1492">
    <p class='ocr_par' dir='ltr' id='par_1_22' title="bbox 157 1453 1753 1492">
     <span class='ocr_line' id='line_1_22' title="bbox 157 1453 1753 1492; baseline -0.001 -8"><span class='ocrx_word' id='word_1_150' title='bbox 157 1455 299 1489; x_wconf 77' lang='lat' dir='ltr'><strong>Bsssuuo.</strong></span> <span class='ocrx_word' id='word_1_151' title='bbox 310 1453 458 1492; x_wconf 81' lang='lat' dir='ltr'><strong>episcopus</strong></span> <span class='ocrx_word' id='word_1_152' title='bbox 472 1456 644 1491; x_wconf 76' lang='lat' dir='ltr'><strong>Sabinensis,</strong></span> <span class='ocrx_word' id='word_1_153' title='bbox 662 1457 812 1485; x_wconf 83' lang='lat' dir='ltr'><strong>cardinalis</strong></span> <span class='ocrx_word' id='word_1_154' title='bbox 825 1457 914 1486; x_wconf 71' lang='lat' dir='ltr'><strong>Nicae-</strong></span> <span class='ocrx_word' id='word_1_155' title='bbox 928 1461 952 1491; x_wconf 76' lang='grc' dir='ltr'><strong>Α</strong></span> <span class='ocrx_word' id='word_1_156' title='bbox 966 1456 1101 1484; x_wconf 88' lang='lat' dir='ltr'><strong>orationis</strong></span> <span class='ocrx_word' id='word_1_157' title='bbox 1129 1455 1183 1483; x_wconf 74' lang='lat' dir='ltr'><strong>vim</strong></span> <span class='ocrx_word' id='word_1_158' title='bbox 1213 1462 1245 1483; x_wconf 81' lang='lat' dir='ltr'><strong>ac</strong></span> <span class='ocrx_word' id='word_1_159' title='bbox 1264 1455 1450 1490; x_wconf 61' lang='lat' dir='ltr'><strong>praestantiam</strong></span> <span class='ocrx_word' id='word_1_160' title='bbox 1479 1455 1653 1489; x_wconf 87' lang='lat' dir='ltr'><strong>desideretis,</strong></span> <span class='ocrx_word' id='word_1_161' title='bbox 1671 1464 1753 1491; x_wconf 82' lang='lat' dir='ltr'><strong>quam</strong></span> 
     </span>
    </p>
   </div>
   <div class='ocr_carea' id='block_1_23' title="bbox 123 1501 914 1538">
    <p class='ocr_par' dir='ltr' id='par_1_23' title="bbox 123 1501 914 1538">
     <span class='ocr_line' id='line_1_23' title="bbox 123 1501 914 1538; baseline 0.001 -8"><span class='ocrx_word' id='word_1_162' title='bbox 123 1510 188 1535; x_wconf 86' lang='lat' dir='ltr'><strong>nus,</strong></span> <span class='ocrx_word' id='word_1_163' title='bbox 205 1503 359 1538; x_wconf 86' lang='lat' dir='ltr'><strong>patriarcha</strong></span> <span class='ocrx_word' id='word_1_164' title='bbox 376 1501 709 1538; x_wconf 82' lang='lat' dir='ltr'><strong>Constantinopolitanus,</strong></span> <span class='ocrx_word' id='word_1_165' title='bbox 721 1503 874 1531; x_wconf 79' lang='lat' dir='ltr'><strong>reverendo</strong></span> <span class='ocrx_word' id='word_1_166' title='bbox 886 1508 914 1531; x_wconf 85' lang='lat' dir='ltr'><strong>et</strong></span> 
     </span>
    </p>
   </div>
   <div class='ocr_carea' id='block_1_24' title="bbox 124 1548 914 1584">
    <p class='ocr_par' dir='ltr' id='par_1_24' title="bbox 124 1548 914 1584">
     <span class='ocr_line' id='line_1_24' title="bbox 124 1548 914 1584; baseline 0.001 -9"><span class='ocrx_word' id='word_1_167' title='bbox 124 1548 284 1576; x_wconf 79' lang='lat' dir='ltr'><strong>doctissimo</strong></span> <span class='ocrx_word' id='word_1_168' title='bbox 304 1548 375 1584; x_wconf 86' lang='lat' dir='ltr'><strong>patri</strong></span> <span class='ocrx_word' id='word_1_169' title='bbox 401 1550 532 1584; x_wconf 73' lang='lat' dir='ltr'><strong>magistro</strong></span> <span class='ocrx_word' id='word_1_170' title='bbox 552 1548 705 1576; x_wconf 86' lang='lat' dir='ltr'><strong>Guillermo</strong></span> <span class='ocrx_word' id='word_1_171' title='bbox 721 1549 850 1582; x_wconf 74' lang='lat' dir='ltr'><strong>FICEETO,</strong></span> <span class='ocrx_word' id='word_1_172' title='bbox 870 1556 914 1576; x_wconf 79' lang='lat' dir='ltr'><strong>sa-</strong></span> 
     </span>
    </p>
   </div>
   <div class='ocr_carea' id='block_1_25' title="bbox 124 1594 914 1630">
    <p class='ocr_par' dir='ltr' id='par_1_25' title="bbox 124 1594 914 1630">
     <span class='ocr_line' id='line_1_25' title="bbox 124 1594 914 1630; baseline -0.001 -7"><span class='ocrx_word' id='word_1_173' title='bbox 124 1602 178 1623; x_wconf 69' lang='lat' dir='ltr'><strong>crae</strong></span> <span class='ocrx_word' id='word_1_174' title='bbox 193 1595 336 1630; x_wconf 70' lang='lat' dir='ltr'><strong>theologia:</strong></span> <span class='ocrx_word' id='word_1_175' title='bbox 350 1595 502 1630; x_wconf 83' lang='lat' dir='ltr'><strong>professori</strong></span> <span class='ocrx_word' id='word_1_176' title='bbox 515 1596 544 1622; x_wconf 94' lang='lat' dir='ltr'><strong>in</strong></span> <span class='ocrx_word' id='word_1_177' title='bbox 560 1595 675 1630; x_wconf 77' lang='lat' dir='ltr'><strong>collegio</strong></span> <span class='ocrx_word' id='word_1_178' title='bbox 691 1594 823 1623; x_wconf 78' lang='lat' dir='ltr'><strong>Sorhonte</strong></span> <span class='ocrx_word' id='word_1_179' title='bbox 838 1595 914 1622; x_wconf 83' lang='lat' dir='ltr'><strong>Pari-</strong></span> 
     </span>
    </p>
   </div>
   <div class='ocr_carea' id='block_1_26' title="bbox 123 1641 570 1673">
    <p class='ocr_par' dir='ltr' id='par_1_26' title="bbox 123 1641 570 1673">
     <span class='ocr_line' id='line_1_26' title="bbox 123 1641 570 1673; baseline 0.002 -5"><span class='ocrx_word' id='word_1_180' title='bbox 123 1641 168 1673; x_wconf 82' lang='lat' dir='ltr'><strong>sii,</strong></span> <span class='ocrx_word' id='word_1_181' title='bbox 184 1641 274 1668; x_wconf 87' lang='lat' dir='ltr'><strong>amico</strong></span> <span class='ocrx_word' id='word_1_182' title='bbox 289 1645 384 1669; x_wconf 79' lang='lat' dir='ltr'><strong>nostro</strong></span> <span class='ocrx_word' id='word_1_183' title='bbox 395 1641 570 1669; x_wconf 80' lang='lat' dir='ltr'><strong>charissima.</strong></span> 
     </span>
    </p>
   </div>
   <div class='ocr_carea' id='block_1_27' title="bbox 160 1687 913 1721">
    <p class='ocr_par' dir='ltr' id='par_1_27' title="bbox 160 1687 913 1721">
     <span class='ocr_line' id='line_1_27' title="bbox 160 1687 913 1721; baseline 0 -5"><span class='ocrx_word' id='word_1_184' title='bbox 160 1688 320 1717; x_wconf 77' lang='lat' dir='ltr'><strong>Rcverende</strong></span> <span class='ocrx_word' id='word_1_185' title='bbox 344 1693 374 1716; x_wconf 86' lang='lat' dir='ltr'><strong>et</strong></span> <span class='ocrx_word' id='word_1_186' title='bbox 397 1687 557 1716; x_wconf 83' lang='lat' dir='ltr'><strong>doctissime</strong></span> <span class='ocrx_word' id='word_1_187' title='bbox 583 1688 675 1721; x_wconf 78' lang='lat' dir='ltr'><strong>Pater,</strong></span> <span class='ocrx_word' id='word_1_188' title='bbox 701 1688 790 1716; x_wconf 89' lang='lat' dir='ltr'><strong>amice</strong></span> <span class='ocrx_word' id='word_1_189' title='bbox 818 1693 913 1716; x_wconf 86' lang='lat' dir='ltr'><strong>noster</strong></span> 
     </span>
    </p>
   </div>
   <div class='ocr_carea' id='block_1_28' title="bbox 123 1733 912 1770">
    <p class='ocr_par' dir='ltr' id='par_1_28' title="bbox 123 1733 912 1770">
     <span class='ocr_line' id='line_1_28' title="bbox 123 1733 912 1770; baseline 0.001 -9"><span class='ocrx_word' id='word_1_190' title='bbox 123 1733 297 1767; x_wconf 85' lang='lat' dir='ltr'><strong>charissime,</strong></span> <span class='ocrx_word' id='word_1_191' title='bbox 311 1733 440 1761; x_wconf 89' lang='lat' dir='ltr'><strong>audimus</strong></span> <span class='ocrx_word' id='word_1_192' title='bbox 455 1741 509 1760; x_wconf 93' lang='lat' dir='ltr'><strong>non</strong></span> <span class='ocrx_word' id='word_1_193' title='bbox 531 1733 621 1760; x_wconf 87' lang='lat' dir='ltr'><strong>solum</strong></span> <span class='ocrx_word' id='word_1_194' title='bbox 645 1733 673 1760; x_wconf 91' lang='lat' dir='ltr'><strong>in</strong></span> <span class='ocrx_word' id='word_1_195' title='bbox 695 1734 870 1770; x_wconf 82' lang='lat' dir='ltr'><strong>philosophia</strong></span> <span class='ocrx_word' id='word_1_196' title='bbox 884 1739 912 1762; x_wconf 86' lang='lat' dir='ltr'><strong>et</strong></span> 
     </span>
    </p>
   </div>
   <div class='ocr_carea' id='block_1_29' title="bbox 123 1779 911 1815">
    <p class='ocr_par' dir='ltr' id='par_1_29' title="bbox 123 1779 911 1815">
     <span class='ocr_line' id='line_1_29' title="bbox 123 1779 911 1815; baseline 0 -9"><span class='ocrx_word' id='word_1_197' title='bbox 123 1786 265 1807; x_wconf 83' lang='lat' dir='ltr'><strong>sacrarum</strong></span> <span class='ocrx_word' id='word_1_198' title='bbox 284 1779 440 1806; x_wconf 87' lang='lat' dir='ltr'><strong>litterarum</strong></span> <span class='ocrx_word' id='word_1_199' title='bbox 456 1780 614 1815; x_wconf 72' lang='lat' dir='ltr'><strong>cognitione</strong></span> <span class='ocrx_word' id='word_1_200' title='bbox 631 1789 680 1809; x_wconf 86' lang='lat' dir='ltr'><strong>vos</strong></span> <span class='ocrx_word' id='word_1_201' title='bbox 690 1782 845 1812; x_wconf 79' lang='lat' dir='ltr'><strong>elaborare,</strong></span> <span class='ocrx_word' id='word_1_202' title='bbox 863 1779 911 1807; x_wconf 89' lang='lat' dir='ltr'><strong>sed</strong></span> 
     </span>
    </p>
   </div>
   <div class='ocr_carea' id='block_1_30' title="bbox 122 1825 911 1862">
    <p class='ocr_par' dir='ltr' id='par_1_30' title="bbox 122 1825 911 1862">
     <span class='ocr_line' id='line_1_30' title="bbox 122 1825 911 1862; baseline 0.005 -10"><span class='ocrx_word' id='word_1_203' title='bbox 122 1825 206 1853; x_wconf 78' lang='lat' dir='ltr'><strong>etiam</strong></span> <span class='ocrx_word' id='word_1_204' title='bbox 227 1826 254 1853; x_wconf 90' lang='lat' dir='ltr'><strong>in</strong></span> <span class='ocrx_word' id='word_1_205' title='bbox 272 1825 439 1860; x_wconf 70' lang='lat' dir='ltr'><strong>eloquentia:</strong></span> <span class='ocrx_word' id='word_1_206' title='bbox 454 1827 555 1854; x_wconf 81' lang='lat' dir='ltr'><strong>studiis</strong></span> <span class='ocrx_word' id='word_1_207' title='bbox 567 1827 731 1862; x_wconf 84' lang='lat' dir='ltr'><strong>dicendique</strong></span> <span class='ocrx_word' id='word_1_208' title='bbox 746 1828 853 1855; x_wconf 86' lang='lat' dir='ltr'><strong>ratione</strong></span> <span class='ocrx_word' id='word_1_209' title='bbox 865 1828 911 1856; x_wconf 78' lang='lat' dir='ltr'><strong>diu</strong></span> 
     </span>
    </p>
   </div>
   <div class='ocr_carea' id='block_1_31' title="bbox 123 1872 911 1909">
    <p class='ocr_par' dir='ltr' id='par_1_31' title="bbox 123 1872 911 1909">
     <span class='ocr_line' id='line_1_31' title="bbox 123 1872 911 1909; baseline 0.003 -10"><span class='ocrx_word' id='word_1_210' title='bbox 123 1877 261 1904; x_wconf 83' lang='lat' dir='ltr'><strong>versatos,</strong></span> <span class='ocrx_word' id='word_1_211' title='bbox 276 1879 363 1907; x_wconf 84' lang='lat' dir='ltr'><strong>eaque</strong></span> <span class='ocrx_word' id='word_1_212' title='bbox 380 1872 498 1900; x_wconf 85' lang='lat' dir='ltr'><strong>mirifice</strong></span> <span class='ocrx_word' id='word_1_213' title='bbox 515 1872 674 1901; x_wconf 78' lang='lat' dir='ltr'><strong>delectatos.</strong></span> <span class='ocrx_word' id='word_1_214' title='bbox 691 1874 751 1906; x_wconf 86' lang='lat' dir='ltr'><strong>Quo</strong></span> <span class='ocrx_word' id='word_1_215' title='bbox 767 1874 795 1900; x_wconf 94' lang='lat' dir='ltr'><strong>in</strong></span> <span class='ocrx_word' id='word_1_216' title='bbox 810 1881 911 1909; x_wconf 76' lang='lat' dir='ltr'><strong>genere</strong></span> 
     </span>
    </p>
   </div>
   <div class='ocr_carea' id='block_1_32' title="bbox 122 1917 912 1953">
    <p class='ocr_par' dir='ltr' id='par_1_32' title="bbox 122 1917 912 1953">
     <span class='ocr_line' id='line_1_32' title="bbox 122 1917 912 1953; baseline 0 -9"><span class='ocrx_word' id='word_1_217' title='bbox 122 1918 174 1945; x_wconf 85' lang='lat' dir='ltr'><strong>etsi</strong></span> <span class='ocrx_word' id='word_1_218' title='bbox 190 1917 257 1944; x_wconf 89' lang='lat' dir='ltr'><strong>nihil</strong></span> <span class='ocrx_word' id='word_1_219' title='bbox 277 1918 412 1945; x_wconf 82' lang='lat' dir='ltr'><strong>habemus</strong></span> <span class='ocrx_word' id='word_1_220' title='bbox 424 1918 498 1950; x_wconf 88' lang='lat' dir='ltr'><strong>quod</strong></span> <span class='ocrx_word' id='word_1_221' title='bbox 515 1925 681 1953; x_wconf 76' lang='lat' dir='ltr'><strong>magnopere</strong></span> <span class='ocrx_word' id='word_1_222' title='bbox 696 1925 798 1953; x_wconf 86' lang='lat' dir='ltr'><strong>cupere</strong></span> <span class='ocrx_word' id='word_1_223' title='bbox 810 1918 912 1945; x_wconf 84' lang='lat' dir='ltr'><strong>debea-</strong></span> 
     </span>
    </p>
   </div>
   <div class='ocr_carea' id='block_1_33' title="bbox 125 1964 910 1999">
    <p class='ocr_par' dir='ltr' id='par_1_33' title="bbox 125 1964 910 1999">
     <span class='ocr_line' id='line_1_33' title="bbox 125 1964 910 1999; baseline 0.003 -9"><span class='ocrx_word' id='word_1_224' title='bbox 125 1964 170 1996; x_wconf 87' lang='lat' dir='ltr'><strong>tis,</strong></span> <span class='ocrx_word' id='word_1_225' title='bbox 198 1968 289 1991; x_wconf 85' lang='lat' dir='ltr'><strong>tamen</strong></span> <span class='ocrx_word' id='word_1_226' title='bbox 316 1964 425 1992; x_wconf 85' lang='lat' dir='ltr'><strong>mittere</strong></span> <span class='ocrx_word' id='word_1_227' title='bbox 447 1964 597 1991; x_wconf 81' lang='lat' dir='ltr'><strong>statuimus</strong></span> <span class='ocrx_word' id='word_1_228' title='bbox 616 1964 758 1991; x_wconf 86' lang='lat' dir='ltr'><strong>orationes</strong></span> <span class='ocrx_word' id='word_1_229' title='bbox 778 1964 910 1999; x_wconf 81' lang='lat' dir='ltr'><strong>quasdam</strong></span> 
     </span>
    </p>
   </div>
   <div class='ocr_carea' id='block_1_34' title="bbox 123 2008 913 2045">
    <p class='ocr_par' dir='ltr' id='par_1_34' title="bbox 123 2008 913 2045">
     <span class='ocr_line' id='line_1_34' title="bbox 123 2008 913 2045; baseline 0 -9"><span class='ocrx_word' id='word_1_230' title='bbox 123 2009 176 2036; x_wconf 89' lang='lat' dir='ltr'><strong>hoc</strong></span> <span class='ocrx_word' id='word_1_231' title='bbox 193 2014 318 2044; x_wconf 87' lang='lat' dir='ltr'><strong>tempore</strong></span> <span class='ocrx_word' id='word_1_232' title='bbox 342 2015 357 2035; x_wconf 83' lang='lat' dir='ltr'><strong>a</strong></span> <span class='ocrx_word' id='word_1_233' title='bbox 381 2008 462 2036; x_wconf 88' lang='lat' dir='ltr'><strong>nobis</strong></span> <span class='ocrx_word' id='word_1_234' title='bbox 487 2008 578 2037; x_wconf 82' lang='lat' dir='ltr'><strong>editas</strong></span> <span class='ocrx_word' id='word_1_235' title='bbox 591 2016 640 2043; x_wconf 84' lang='lat' dir='ltr'><strong>pro</strong></span> <span class='ocrx_word' id='word_1_236' title='bbox 655 2008 827 2044; x_wconf 74' lang='lat' dir='ltr'><strong>gravissimis</strong></span> <span class='ocrx_word' id='word_1_237' title='bbox 839 2009 913 2045; x_wconf 84' lang='lat' dir='ltr'><strong>peri-</strong></span> 
     </span>
    </p>
   </div>
   <div class='ocr_carea' id='block_1_35' title="bbox 123 2053 909 2089">
    <p class='ocr_par' dir='ltr' id='par_1_35' title="bbox 123 2053 909 2089">
     <span class='ocr_line' id='line_1_35' title="bbox 123 2053 909 2089; baseline -0.001 -7"><span class='ocrx_word' id='word_1_238' title='bbox 123 2054 194 2082; x_wconf 83' lang='lat' dir='ltr'><strong>culis</strong></span> <span class='ocrx_word' id='word_1_239' title='bbox 205 2062 266 2089; x_wconf 60' lang='lat' dir='ltr'><strong>qua</strong></span> <span class='ocrx_word' id='word_1_240' title='bbox 277 2054 361 2082; x_wconf 71' lang='lat' dir='ltr'><strong>italiae</strong></span> <span class='ocrx_word' id='word_1_241' title='bbox 370 2053 588 2089; x_wconf 77' lang='lat' dir='ltr'><strong>Christianisque</strong></span> <span class='ocrx_word' id='word_1_242' title='bbox 603 2054 732 2082; x_wconf 82' lang='lat' dir='ltr'><strong>omnibus</strong></span> <span class='ocrx_word' id='word_1_243' title='bbox 744 2054 889 2082; x_wconf 85' lang='lat' dir='ltr'><strong>imminent</strong></span> <span class='ocrx_word' id='word_1_244' title='bbox 901 2063 909 2082; x_wconf 83' lang='lat'><strong>:</strong></span> 
     </span>
    </p>
   </div>
   <div class='ocr_carea' id='block_1_36' title="bbox 123 2099 910 2136">
    <p class='ocr_par' dir='ltr' id='par_1_36' title="bbox 123 2099 910 2136">
     <span class='ocr_line' id='line_1_36' title="bbox 123 2099 910 2136; baseline 0 -8"><span class='ocrx_word' id='word_1_245' title='bbox 123 2108 178 2128; x_wconf 83' lang='lat' dir='ltr'><strong>non</strong></span> <span class='ocrx_word' id='word_1_246' title='bbox 198 2100 284 2136; x_wconf 75' lang='lat' dir='ltr'><strong>magis</strong></span> <span class='ocrx_word' id='word_1_247' title='bbox 303 2099 415 2135; x_wconf 84' lang='lat' dir='ltr'><strong>quidem</strong></span> <span class='ocrx_word' id='word_1_248' title='bbox 433 2104 463 2128; x_wconf 86' lang='lat' dir='ltr'><strong>ut</strong></span> <span class='ocrx_word' id='word_1_249' title='bbox 489 2100 531 2127; x_wconf 83' lang='lat' dir='ltr'><strong>vel</strong></span> <span class='ocrx_word' id='word_1_250' title='bbox 552 2100 688 2128; x_wconf 82' lang='lat' dir='ltr'><strong>sermonis</strong></span> <span class='ocrx_word' id='word_1_251' title='bbox 705 2100 851 2135; x_wconf 85' lang='lat' dir='ltr'><strong>puritatem</strong></span> <span class='ocrx_word' id='word_1_252' title='bbox 868 2100 910 2128; x_wconf 77' lang='lat' dir='ltr'><strong>vel</strong></span> 
     </span>
    </p>
   </div>
   <div class='ocr_carea' id='block_1_37' title="bbox 966 1502 1756 1542">
    <p class='ocr_par' dir='ltr' id='par_1_37' title="bbox 966 1502 1756 1542">
     <span class='ocr_line' id='line_1_37' title="bbox 966 1502 1756 1542; baseline -0.001 -11"><span class='ocrx_word' id='word_1_253' title='bbox 966 1507 997 1531; x_wconf 85' lang='lat' dir='ltr'><strong>ut</strong></span> <span class='ocrx_word' id='word_1_254' title='bbox 1016 1502 1175 1538; x_wconf 77' lang='lat' dir='ltr'><strong>intelligetis</strong></span> <span class='ocrx_word' id='word_1_255' title='bbox 1197 1506 1303 1542; x_wconf 25' lang='lat' dir='ltr'><strong>quanta.</strong></span> <span class='ocrx_word' id='word_1_256' title='bbox 1325 1502 1459 1529; x_wconf 87' lang='lat' dir='ltr'><strong>malorum</strong></span> <span class='ocrx_word' id='word_1_257' title='bbox 1482 1502 1603 1537; x_wconf 87' lang='lat' dir='ltr'><strong>procella</strong></span> <span class='ocrx_word' id='word_1_258' title='bbox 1626 1503 1652 1529; x_wconf 91' lang='lat' dir='ltr'><strong>in</strong></span> <span class='ocrx_word' id='word_1_259' title='bbox 1675 1503 1756 1530; x_wconf 89' lang='lat' dir='ltr'><strong>Chri-</strong></span> 
     </span>
    </p>
   </div>
   <div class='ocr_carea' id='block_1_38' title="bbox 965 1548 1754 1585">
    <p class='ocr_par' dir='ltr' id='par_1_38' title="bbox 965 1548 1754 1585">
     <span class='ocr_line' id='line_1_38' title="bbox 965 1548 1754 1585; baseline 0 -8"><span class='ocrx_word' id='word_1_260' title='bbox 965 1549 1061 1577; x_wconf 79' lang='lat' dir='ltr'><strong>stianae</strong></span> <span class='ocrx_word' id='word_1_261' title='bbox 1091 1548 1251 1585; x_wconf 65' lang='lat' dir='ltr'><strong>reipublicae</strong></span> <span class='ocrx_word' id='word_1_262' title='bbox 1276 1549 1364 1583; x_wconf 84' lang='lat' dir='ltr'><strong>capita</strong></span> <span class='ocrx_word' id='word_1_263' title='bbox 1391 1553 1420 1576; x_wconf 89' lang='lat' dir='ltr'><strong>et</strong></span> <span class='ocrx_word' id='word_1_264' title='bbox 1447 1548 1574 1576; x_wconf 76' lang='lat' dir='ltr'><strong>fortunas</strong></span> <span class='ocrx_word' id='word_1_265' title='bbox 1604 1550 1754 1585; x_wconf 75' lang='lat' dir='ltr'><strong>impendet,</strong></span> 
     </span>
    </p>
   </div>
   <div class='ocr_carea' id='block_1_39' title="bbox 965 1594 1755 1632">
    <p class='ocr_par' dir='ltr' id='par_1_39' title="bbox 965 1594 1755 1632">
     <span class='ocr_line' id='line_1_39' title="bbox 965 1594 1755 1632; baseline 0.001 -9"><span class='ocrx_word' id='word_1_266' title='bbox 965 1602 1080 1630; x_wconf 84' lang='lat' dir='ltr'><strong>remque</strong></span> <span class='ocrx_word' id='word_1_267' title='bbox 1107 1599 1135 1623; x_wconf 86' lang='lat' dir='ltr'><strong>et</strong></span> <span class='ocrx_word' id='word_1_268' title='bbox 1163 1594 1236 1630; x_wconf 89' lang='lat' dir='ltr'><strong>apud</strong></span> <span class='ocrx_word' id='word_1_269' title='bbox 1267 1594 1476 1622; x_wconf 84' lang='lat' dir='ltr'><strong>serenissimum</strong></span> <span class='ocrx_word' id='word_1_270' title='bbox 1507 1602 1598 1631; x_wconf 74' lang='lat' dir='ltr'><strong>regem</strong></span> <span class='ocrx_word' id='word_1_271' title='bbox 1629 1601 1658 1623; x_wconf 88' lang='lat' dir='ltr'><strong>et</strong></span> <span class='ocrx_word' id='word_1_272' title='bbox 1684 1597 1755 1632; x_wconf 85' lang='lat' dir='ltr'><strong>apud</strong></span> 
     </span>
    </p>
   </div>
   <div class='ocr_carea' id='block_1_40' title="bbox 964 1640 1757 1678">
    <p class='ocr_par' dir='ltr' id='par_1_40' title="bbox 964 1640 1757 1678">
     <span class='ocr_line' id='line_1_40' title="bbox 964 1640 1757 1678; baseline 0.004 -10"><span class='ocrx_word' id='word_1_273' title='bbox 964 1641 1033 1669; x_wconf 88' lang='lat' dir='ltr'><strong>alios</strong></span> <span class='ocrx_word' id='word_1_274' title='bbox 1051 1641 1098 1676; x_wconf 90' lang='lat' dir='ltr'><strong>qui</strong></span> <span class='ocrx_word' id='word_1_275' title='bbox 1115 1649 1195 1676; x_wconf 90' lang='lat' dir='ltr'><strong>opem</strong></span> <span class='ocrx_word' id='word_1_276' title='bbox 1221 1641 1259 1669; x_wconf 86' lang='lat' dir='ltr'><strong>ita</strong></span> <span class='ocrx_word' id='word_1_277' title='bbox 1284 1640 1402 1668; x_wconf 85' lang='lat' dir='ltr'><strong>maxime</strong></span> <span class='ocrx_word' id='word_1_278' title='bbox 1426 1641 1500 1669; x_wconf 64' lang='lat' dir='ltr'><strong>ferre</strong></span> <span class='ocrx_word' id='word_1_279' title='bbox 1514 1642 1626 1673; x_wconf 86' lang='lat' dir='ltr'><strong>debent.</strong></span> <span class='ocrx_word' id='word_1_280' title='bbox 1647 1649 1677 1670; x_wconf 94' lang='lat' dir='ltr'><strong>ut</strong></span> <span class='ocrx_word' id='word_1_281' title='bbox 1693 1650 1757 1678; x_wconf 86' lang='lat' dir='ltr'><strong>pos-</strong></span> 
     </span>
    </p>
   </div>
   <div class='ocr_carea' id='block_1_41' title="bbox 959 1687 1755 1725">
    <p class='ocr_par' dir='ltr' id='par_1_41' title="bbox 959 1687 1755 1725">
     <span class='ocr_line' id='line_1_41' title="bbox 959 1687 1755 1725; baseline 0.004 -10"><span class='ocrx_word' id='word_1_282' title='bbox 959 1690 1046 1721; x_wconf 77' lang='lat' dir='ltr'><strong>‘sunt,</strong></span> <span class='ocrx_word' id='word_1_283' title='bbox 1083 1687 1228 1723; x_wconf 71' lang='lat' dir='ltr'><strong>explicatis</strong></span> <span class='ocrx_word' id='word_1_284' title='bbox 1259 1692 1345 1715; x_wconf 87' lang='lat' dir='ltr'><strong>totam</strong></span> <span class='ocrx_word' id='word_1_285' title='bbox 1375 1695 1407 1715; x_wconf 85' lang='lat' dir='ltr'><strong>ac</strong></span> <span class='ocrx_word' id='word_1_286' title='bbox 1432 1689 1623 1723; x_wconf 85' lang='lat' dir='ltr'><strong>persuadeatis</strong></span> <span class='ocrx_word' id='word_1_287' title='bbox 1647 1698 1653 1716; x_wconf 94' lang='lat'>:</span> <span class='ocrx_word' id='word_1_288' title='bbox 1681 1690 1755 1725; x_wconf 88' lang='lat' dir='ltr'><strong>quod</strong></span> 
     </span>
    </p>
   </div>
   <div class='ocr_carea' id='block_1_42' title="bbox 963 1733 1755 1769">
    <p class='ocr_par' dir='ltr' id='par_1_42' title="bbox 963 1733 1755 1769">
     <span class='ocr_line' id='line_1_42' title="bbox 963 1733 1755 1769; baseline 0.003 -8"><span class='ocrx_word' id='word_1_289' title='bbox 963 1734 1055 1768; x_wconf 81' lang='lat' dir='ltr'><strong>potius</strong></span> <span class='ocrx_word' id='word_1_290' title='bbox 1072 1733 1204 1762; x_wconf 87' lang='lat' dir='ltr'><strong>acerbum</strong></span> <span class='ocrx_word' id='word_1_291' title='bbox 1218 1737 1271 1767; x_wconf 85' lang='lat' dir='ltr'><strong>est,</strong></span> <span class='ocrx_word' id='word_1_292' title='bbox 1282 1741 1364 1769; x_wconf 87' lang='lat' dir='ltr'><strong>quam</strong></span> <span class='ocrx_word' id='word_1_293' title='bbox 1376 1733 1535 1768; x_wconf 84' lang='lat' dir='ltr'><strong>obscurum,</strong></span> <span class='ocrx_word' id='word_1_294' title='bbox 1561 1742 1616 1763; x_wconf 90' lang='lat' dir='ltr'><strong>non</strong></span> <span class='ocrx_word' id='word_1_295' title='bbox 1639 1743 1755 1763; x_wconf 86' lang='lat' dir='ltr'><strong>exarsu-</strong></span> 
     </span>
    </p>
   </div>
   <div class='ocr_carea' id='block_1_43' title="bbox 966 1779 1755 1816">
    <p class='ocr_par' dir='ltr' id='par_1_43' title="bbox 966 1779 1755 1816">
     <span class='ocr_line' id='line_1_43' title="bbox 966 1779 1755 1816; baseline 0.005 -10"><span class='ocrx_word' id='word_1_296' title='bbox 966 1787 1024 1806; x_wconf 83' lang='lat' dir='ltr'><strong>ram</strong></span> <span class='ocrx_word' id='word_1_297' title='bbox 1041 1780 1144 1807; x_wconf 78' lang='lat' dir='ltr'><strong>italiam</strong></span> <span class='ocrx_word' id='word_1_298' title='bbox 1165 1780 1249 1808; x_wconf 86' lang='lat' dir='ltr'><strong>tantis</strong></span> <span class='ocrx_word' id='word_1_299' title='bbox 1272 1779 1406 1807; x_wconf 87' lang='lat' dir='ltr'><strong>malorum</strong></span> <span class='ocrx_word' id='word_1_300' title='bbox 1426 1780 1573 1811; x_wconf 75' lang='lat' dir='ltr'><strong>incendiis.</strong></span> <span class='ocrx_word' id='word_1_301' title='bbox 1589 1782 1656 1816; x_wconf 90' lang='lat' dir='ltr'><strong>quin</strong></span> <span class='ocrx_word' id='word_1_302' title='bbox 1676 1782 1755 1810; x_wconf 80' lang='lat' dir='ltr'><strong>llam-</strong></span> 
     </span>
    </p>
   </div>
   <div class='ocr_carea' id='block_1_44' title="bbox 964 1826 1755 1864">
    <p class='ocr_par' dir='ltr' id='par_1_44' title="bbox 964 1826 1755 1864">
     <span class='ocr_line' id='line_1_44' title="bbox 964 1826 1755 1864; baseline 0.006 -12"><span class='ocrx_word' id='word_1_303' title='bbox 964 1833 1070 1854; x_wconf 89' lang='lat' dir='ltr'><strong>marum</strong></span> <span class='ocrx_word' id='word_1_304' title='bbox 1096 1826 1193 1861; x_wconf 78' lang='lat' dir='ltr'><strong>globos</strong></span> <span class='ocrx_word' id='word_1_305' title='bbox 1222 1827 1333 1862; x_wconf 69' lang='lat' dir='ltr'><strong>longius</strong></span> <span class='ocrx_word' id='word_1_306' title='bbox 1357 1832 1479 1856; x_wconf 85' lang='lat' dir='ltr'><strong>evomat.</strong></span> <span class='ocrx_word' id='word_1_307' title='bbox 1510 1827 1538 1854; x_wconf 93' lang='lat' dir='ltr'><strong>ld</strong></span> <span class='ocrx_word' id='word_1_308' title='bbox 1566 1835 1602 1855; x_wconf 87' lang='lat' dir='ltr'><strong>ne</strong></span> <span class='ocrx_word' id='word_1_309' title='bbox 1637 1830 1755 1864; x_wconf 66' lang='lat' dir='ltr'><strong>accidat,</strong></span> 
     </span>
    </p>
   </div>
   <div class='ocr_carea' id='block_1_45' title="bbox 963 1873 1755 1908">
    <p class='ocr_par' dir='ltr' id='par_1_45' title="bbox 963 1873 1755 1908">
     <span class='ocr_line' id='line_1_45' title="bbox 963 1873 1755 1908; baseline 0.006 -10"><span class='ocrx_word' id='word_1_310' title='bbox 963 1878 1026 1899; x_wconf 86' lang='lat' dir='ltr'><strong>cum</strong></span> <span class='ocrx_word' id='word_1_311' title='bbox 1057 1879 1207 1908; x_wconf 71' lang='lat' dir='ltr'><strong>regnorum</strong></span> <span class='ocrx_word' id='word_1_312' title='bbox 1240 1873 1364 1900; x_wconf 90' lang='lat' dir='ltr'><strong>omnium</strong></span> <span class='ocrx_word' id='word_1_313' title='bbox 1398 1881 1481 1902; x_wconf 81' lang='lat' dir='ltr'><strong>causa</strong></span> <span class='ocrx_word' id='word_1_314' title='bbox 1513 1878 1608 1908; x_wconf 88' lang='lat' dir='ltr'><strong>optare</strong></span> <span class='ocrx_word' id='word_1_315' title='bbox 1641 1874 1755 1908; x_wconf 88' lang='lat' dir='ltr'><strong>debent,</strong></span> 
     </span>
    </p>
   </div>
   <div class='ocr_carea' id='block_1_46' title="bbox 963 1917 1755 1957">
    <p class='ocr_par' dir='ltr' id='par_1_46' title="bbox 963 1917 1755 1957">
     <span class='ocr_line' id='line_1_46' title="bbox 963 1917 1755 1957; baseline 0.008 -14"><span class='ocrx_word' id='word_1_316' title='bbox 963 1924 1080 1951; x_wconf 88' lang='lat' dir='ltr'><strong>quorum</strong></span> <span class='ocrx_word' id='word_1_317' title='bbox 1092 1917 1166 1945; x_wconf 88' lang='lat' dir='ltr'><strong>salus</strong></span> <span class='ocrx_word' id='word_1_318' title='bbox 1181 1918 1208 1944; x_wconf 91' lang='lat' dir='ltr'><strong>in</strong></span> <span class='ocrx_word' id='word_1_319' title='bbox 1225 1917 1374 1945; x_wconf 81' lang='lat' dir='ltr'><strong>discrimen</strong></span> <span class='ocrx_word' id='word_1_320' title='bbox 1389 1919 1545 1951; x_wconf 86' lang='lat' dir='ltr'><strong>adducitur,</strong></span> <span class='ocrx_word' id='word_1_321' title='bbox 1566 1924 1623 1947; x_wconf 91' lang='lat' dir='ltr'><strong>tum</strong></span> <span class='ocrx_word' id='word_1_322' title='bbox 1641 1926 1755 1957; x_wconf 87' lang='lat' dir='ltr'><strong>propter</strong></span> 
     </span>
    </p>
   </div>
   <div class='ocr_carea' id='block_1_47' title="bbox 962 1962 1754 2000">
    <p class='ocr_par' dir='ltr' id='par_1_47' title="bbox 962 1962 1754 2000">
     <span class='ocr_line' id='line_1_47' title="bbox 962 1962 1754 2000; baseline 0.008 -11"><span class='ocrx_word' id='word_1_323' title='bbox 962 1962 1145 1990; x_wconf 88' lang='lat' dir='ltr'><strong>immortalem</strong></span> <span class='ocrx_word' id='word_1_324' title='bbox 1163 1963 1249 1990; x_wconf 84' lang='lat' dir='ltr'><strong>Deum</strong></span> <span class='ocrx_word' id='word_1_325' title='bbox 1266 1964 1345 1999; x_wconf 85' lang='lat' dir='ltr'><strong>cujus</strong></span> <span class='ocrx_word' id='word_1_326' title='bbox 1366 1965 1463 2000; x_wconf 79' lang='lat' dir='ltr'><strong>religio</strong></span> <span class='ocrx_word' id='word_1_327' title='bbox 1477 1967 1653 1994; x_wconf 85' lang='lat' dir='ltr'><strong>sanctissima</strong></span> <span class='ocrx_word' id='word_1_328' title='bbox 1672 1976 1754 2000; x_wconf 67' lang='lat' dir='ltr'><strong>vexa,-</strong></span> 
     </span>
    </p>
   </div>
   <div class='ocr_carea' id='block_1_48' title="bbox 964 2009 1754 2047">
    <p class='ocr_par' dir='ltr' id='par_1_48' title="bbox 964 2009 1754 2047">
     <span class='ocr_line' id='line_1_48' title="bbox 964 2009 1754 2047; baseline 0.01 -12"><span class='ocrx_word' id='word_1_329' title='bbox 964 2013 1008 2036; x_wconf 90' lang='lat' dir='ltr'><strong>tur</strong></span> <span class='ocrx_word' id='word_1_330' title='bbox 1022 2016 1054 2036; x_wconf 86' lang='lat' dir='ltr'><strong>ac</strong></span> <span class='ocrx_word' id='word_1_331' title='bbox 1068 2009 1190 2037; x_wconf 85' lang='lat' dir='ltr'><strong>trahitur</strong></span> <span class='ocrx_word' id='word_1_332' title='bbox 1202 2010 1235 2038; x_wconf 86' lang='lat' dir='ltr'><strong>ad</strong></span> <span class='ocrx_word' id='word_1_333' title='bbox 1249 2010 1402 2045; x_wconf 86' lang='lat' dir='ltr'><strong>interitum,</strong></span> <span class='ocrx_word' id='word_1_334' title='bbox 1420 2020 1516 2047; x_wconf 72' lang='lat' dir='ltr'><strong>magna</strong></span> <span class='ocrx_word' id='word_1_335' title='bbox 1530 2013 1754 2043; x_wconf 81' lang='lat' dir='ltr'><strong>Christianorum</strong></span> 
     </span>
    </p>
   </div>
   <div class='ocr_carea' id='block_1_49' title="bbox 962 2055 1314 2086">
    <p class='ocr_par' dir='ltr' id='par_1_49' title="bbox 962 2055 1314 2086">
     <span class='ocr_line' id='line_1_49' title="bbox 962 2055 1314 2086; baseline 0.014 -5"><span class='ocrx_word' id='word_1_336' title='bbox 962 2055 1086 2083; x_wconf 91' lang='lat' dir='ltr'><strong>omnium</strong></span> <span class='ocrx_word' id='word_1_337' title='bbox 1103 2056 1193 2085; x_wconf 83' lang='lat' dir='ltr'><strong>clade.</strong></span> <span class='ocrx_word' id='word_1_338' title='bbox 1208 2056 1314 2086; x_wconf 85' lang='lat' dir='ltr'><strong>Valete.</strong></span> 
     </span>
    </p>
   </div>
   <div class='ocr_carea' id='block_1_50' title="bbox 997 2099 1672 2135">
    <p class='ocr_par' dir='ltr' id='par_1_50' title="bbox 997 2099 1672 2135">
     <span class='ocr_line' id='line_1_50' title="bbox 997 2099 1672 2135; baseline 0.01 -7"><span class='ocrx_word' id='word_1_339' title='bbox 997 2100 1037 2129; x_wconf 83' lang='lat' dir='ltr'><strong>Ex</strong></span> <span class='ocrx_word' id='word_1_340' title='bbox 1055 2099 1128 2130; x_wconf 86' lang='lat' dir='ltr'><strong>Urbe</strong></span> <span class='ocrx_word' id='word_1_341' title='bbox 1141 2102 1186 2130; x_wconf 90' lang='lat' dir='ltr'><strong>die</strong></span> <span class='ocrx_word' id='word_1_342' title='bbox 1198 2102 1305 2132; x_wconf 87' lang='lat' dir='ltr'><strong>decima</strong></span> <span class='ocrx_word' id='word_1_343' title='bbox 1319 2104 1398 2132; x_wconf 76' lang='lat' dir='ltr'><strong>tertia</strong></span> <span class='ocrx_word' id='word_1_344' title='bbox 1413 2105 1574 2133; x_wconf 84' lang='lat' dir='ltr'><strong>Decembris</strong></span> <span class='ocrx_word' id='word_1_345' title='bbox 1592 2106 1672 2135; x_wconf 76' lang='lat' dir='ltr'><strong>H70.</strong></span> 
     </span>
    </p>
   </div>
   <div class='ocr_carea' id='block_1_51' title="bbox 162 2160 980 2203">
    <p class='ocr_par' dir='ltr' id='par_1_51' title="bbox 162 2160 980 2203">
     <span class='ocr_line' id='line_1_51' title="bbox 162 2160 980 2203; baseline -0.001 -10"><span class='ocrx_word' id='word_1_346' title='bbox 162 2161 312 2203; x_wconf 87' lang='lat' dir='ltr'><strong>Sequitur</strong></span> <span class='ocrx_word' id='word_1_347' title='bbox 331 2160 451 2193; x_wconf 86' lang='lat' dir='ltr'><strong>Ficheti</strong></span> <span class='ocrx_word' id='word_1_348' title='bbox 470 2161 603 2201; x_wconf 86' lang='lat' dir='ltr'><strong>epistola</strong></span> <span class='ocrx_word' id='word_1_349' title='bbox 622 2161 659 2192; x_wconf 86' lang='lat' dir='ltr'><strong>ad</strong></span> <span class='ocrx_word' id='word_1_350' title='bbox 675 2160 841 2191; x_wconf 75' lang='lat' dir='ltr'><strong>Sahaudiaa</strong></span> <span class='ocrx_word' id='word_1_351' title='bbox 858 2160 955 2192; x_wconf 88' lang='lat' dir='ltr'><strong>duces</strong></span> <span class='ocrx_word' id='word_1_352' title='bbox 972 2169 980 2192; x_wconf 90' lang='lat'><strong>:</strong></span> 
     </span>
    </p>
   </div>
   <div class='ocr_carea' id='block_1_52' title="bbox 158 2220 1754 2265">
    <p class='ocr_par' dir='ltr' id='par_1_52' title="bbox 158 2220 1754 2265">
     <span class='ocr_line' id='line_1_52' title="bbox 158 2220 1754 2265; baseline 0.004 -14"><span class='ocrx_word' id='word_1_353' title='bbox 158 2222 356 2252; x_wconf 75' lang='lat' dir='ltr'><strong>Illustrissimis</strong></span> <span class='ocrx_word' id='word_1_354' title='bbox 371 2221 544 2257; x_wconf 87' lang='lat' dir='ltr'><strong>principibus</strong></span> <span class='ocrx_word' id='word_1_355' title='bbox 557 2222 668 2249; x_wconf 67' lang='lat' dir='ltr'><strong>Amat-:0</strong></span> <span class='ocrx_word' id='word_1_356' title='bbox 684 2221 834 2248; x_wconf 80' lang='lat' dir='ltr'><strong>Sabaudia:</strong></span> <span class='ocrx_word' id='word_1_357' title='bbox 846 2220 909 2249; x_wconf 87' lang='lat' dir='ltr'><strong>duci</strong></span> <span class='ocrx_word' id='word_1_358' title='bbox 927 2223 949 2254; x_wconf 77' lang='grc' dir='ltr'><strong><em>Β</em></strong></span> <span class='ocrx_word' id='word_1_359' title='bbox 962 2221 1040 2259; x_wconf 82' lang='lat' dir='ltr'><strong>clpes</strong></span> <span class='ocrx_word' id='word_1_360' title='bbox 1056 2223 1125 2252; x_wconf 79' lang='lat' dir='ltr'><strong>alios</strong></span> <span class='ocrx_word' id='word_1_361' title='bbox 1148 2224 1312 2254; x_wconf 66' lang='lat' dir='ltr'><strong>Christiana:</strong></span> <span class='ocrx_word' id='word_1_362' title='bbox 1332 2225 1523 2255; x_wconf 83' lang='lat' dir='ltr'><strong>defensionem</strong></span> <span class='ocrx_word' id='word_1_363' title='bbox 1544 2227 1686 2265; x_wconf 76' lang='lat' dir='ltr'><strong>religionis</strong></span> <span class='ocrx_word' id='word_1_364' title='bbox 1706 2232 1754 2258; x_wconf 87' lang='lat' dir='ltr'><strong>ad-</strong></span> 
     </span>
    </p>
   </div>
   <div class='ocr_carea' id='block_1_53' title="bbox 121 2267 913 2307">
    <p class='ocr_par' dir='ltr' id='par_1_53' title="bbox 121 2267 913 2307">
     <span class='ocr_line' id='line_1_53' title="bbox 121 2267 913 2307; baseline -0.005 -8"><span class='ocrx_word' id='word_1_365' title='bbox 121 2272 237 2307; x_wconf 76' lang='lat' dir='ltr'><strong>ejusqnc</strong></span> <span class='ocrx_word' id='word_1_366' title='bbox 255 2269 397 2303; x_wconf 75' lang='lat' dir='ltr'><strong>fratribus,</strong></span> <span class='ocrx_word' id='word_1_367' title='bbox 416 2268 586 2296; x_wconf 85' lang='lat' dir='ltr'><strong>Guillermus</strong></span> <span class='ocrx_word' id='word_1_368' title='bbox 607 2268 752 2301; x_wconf 78' lang='lat' dir='ltr'><strong>FlClIETUS,</strong></span> <span class='ocrx_word' id='word_1_369' title='bbox 774 2267 913 2295; x_wconf 79' lang='lat' dir='ltr'><strong>Parisien-</strong></span> 
     </span>
    </p>
   </div>
   <div class='ocr_carea' id='block_1_54' title="bbox 122 2313 911 2350">
    <p class='ocr_par' dir='ltr' id='par_1_54' title="bbox 122 2313 911 2350">
     <span class='ocr_line' id='line_1_54' title="bbox 122 2313 911 2350; baseline -0.005 -6"><span class='ocrx_word' id='word_1_370' title='bbox 122 2319 160 2345; x_wconf 83' lang='lat' dir='ltr'><strong>sis</strong></span> <span class='ocrx_word' id='word_1_371' title='bbox 172 2315 315 2350; x_wconf 74' lang='lat' dir='ltr'><strong>theologus</strong></span> <span class='ocrx_word' id='word_1_372' title='bbox 329 2316 435 2348; x_wconf 87' lang='lat' dir='ltr'><strong>doctor,</strong></span> <span class='ocrx_word' id='word_1_373' title='bbox 450 2314 539 2349; x_wconf 87' lang='lat' dir='ltr'><strong>patria</strong></span> <span class='ocrx_word' id='word_1_374' title='bbox 552 2321 616 2341; x_wconf 85' lang='lat' dir='ltr'><strong>vero</strong></span> <span class='ocrx_word' id='word_1_375' title='bbox 626 2313 782 2347; x_wconf 83' lang='lat' dir='ltr'><strong>Sabaudus,</strong></span> <span class='ocrx_word' id='word_1_376' title='bbox 793 2313 911 2341; x_wconf 86' lang='lat' dir='ltr'><strong>salutem</strong></span> 
     </span>
    </p>
   </div>
   <div class='ocr_carea' id='block_1_55' title="bbox 122 2359 719 2399">
    <p class='ocr_par' dir='ltr' id='par_1_55' title="bbox 122 2359 719 2399">
     <span class='ocr_line' id='line_1_55' title="bbox 122 2359 719 2399; baseline -0.008 -8"><span class='ocrx_word' id='word_1_377' title='bbox 122 2363 268 2399; x_wconf 84' lang='lat' dir='ltr'><strong>plurimam</strong></span> <span class='ocrx_word' id='word_1_378' title='bbox 285 2361 402 2396; x_wconf 89' lang='lat' dir='ltr'><strong>plurimo</strong></span> <span class='ocrx_word' id='word_1_379' title='bbox 418 2367 481 2388; x_wconf 88' lang='lat' dir='ltr'><strong>cum</strong></span> <span class='ocrx_word' id='word_1_380' title='bbox 502 2359 607 2388; x_wconf 86' lang='lat' dir='ltr'><strong>honore</strong></span> <span class='ocrx_word' id='word_1_381' title='bbox 625 2360 719 2387; x_wconf 88' lang='lat' dir='ltr'><strong>mittit.</strong></span> 
     </span>
    </p>
   </div>
   <div class='ocr_carea' id='block_1_56' title="bbox 156 2403 910 2441">
    <p class='ocr_par' dir='ltr' id='par_1_56' title="bbox 156 2403 910 2441">
     <span class='ocr_line' id='line_1_56' title="bbox 156 2403 910 2441; baseline -0.003 -5"><span class='ocrx_word' id='word_1_382' title='bbox 156 2408 185 2436; x_wconf 88' lang='lat' dir='ltr'><strong>Si</strong></span> <span class='ocrx_word' id='word_1_383' title='bbox 207 2407 376 2436; x_wconf 85' lang='lat' dir='ltr'><strong>serenissimi</strong></span> <span class='ocrx_word' id='word_1_384' title='bbox 398 2403 538 2441; x_wconf 75' lang='lat' dir='ltr'><strong>principes</strong></span> <span class='ocrx_word' id='word_1_385' title='bbox 558 2411 658 2434; x_wconf 82' lang='lat' dir='ltr'><strong>vestrae</strong></span> <span class='ocrx_word' id='word_1_386' title='bbox 677 2405 843 2434; x_wconf 83' lang='lat' dir='ltr'><strong>desideratis</strong></span> <span class='ocrx_word' id='word_1_387' title='bbox 860 2414 910 2434; x_wconf 89' lang='lat' dir='ltr'><strong>ex-</strong></span> 
     </span>
    </p>
   </div>
   <div class='ocr_carea' id='block_1_57' title="bbox 120 2453 911 2488">
    <p class='ocr_par' dir='ltr' id='par_1_57' title="bbox 120 2453 911 2488">
     <span class='ocr_line' id='line_1_57' title="bbox 120 2453 911 2488; baseline -0.004 -4"><span class='ocrx_word' id='word_1_388' title='bbox 120 2456 201 2484; x_wconf 65' lang='lat' dir='ltr'><strong>celsae</strong></span> <span class='ocrx_word' id='word_1_389' title='bbox 220 2454 330 2482; x_wconf 68' lang='lat' dir='ltr'><strong>familia:</strong></span> <span class='ocrx_word' id='word_1_390' title='bbox 345 2461 445 2481; x_wconf 90' lang='lat' dir='ltr'><strong>nomen</strong></span> <span class='ocrx_word' id='word_1_391' title='bbox 462 2453 489 2480; x_wconf 90' lang='lat' dir='ltr'><strong>in</strong></span> <span class='ocrx_word' id='word_1_392' title='bbox 505 2453 564 2480; x_wconf 87' lang='lat' dir='ltr'><strong>dies</strong></span> <span class='ocrx_word' id='word_1_393' title='bbox 578 2453 662 2480; x_wconf 73' lang='lat' dir='ltr'><strong>altius</strong></span> <span class='ocrx_word' id='word_1_394' title='bbox 682 2453 826 2487; x_wconf 81' lang='lat' dir='ltr'><strong>extollere,</strong></span> <span class='ocrx_word' id='word_1_395' title='bbox 847 2461 911 2488; x_wconf 87' lang='lat' dir='ltr'><strong>pro-</strong></span> 
     </span>
    </p>
   </div>
   <div class='ocr_carea' id='block_1_58' title="bbox 122 2498 910 2534">
    <p class='ocr_par' dir='ltr' id='par_1_58' title="bbox 122 2498 910 2534">
     <span class='ocr_line' id='line_1_58' title="bbox 122 2498 910 2534; baseline -0.005 -5"><span class='ocrx_word' id='word_1_396' title='bbox 122 2501 194 2529; x_wconf 90' lang='lat' dir='ltr'><strong>fecto</strong></span> <span class='ocrx_word' id='word_1_397' title='bbox 215 2505 335 2528; x_wconf 80' lang='lat' dir='ltr'><strong>vestram</strong></span> <span class='ocrx_word' id='word_1_398' title='bbox 350 2498 569 2533; x_wconf 69' lang='lat' dir='ltr'><strong>Christianazque</strong></span> <span class='ocrx_word' id='word_1_399' title='bbox 601 2499 760 2534; x_wconf 70' lang='lat' dir='ltr'><strong>reipublicae</strong></span> <span class='ocrx_word' id='word_1_400' title='bbox 788 2508 910 2533; x_wconf 82' lang='lat' dir='ltr'><strong>causam,</strong></span> 
     </span>
    </p>
   </div>
   <div class='ocr_carea' id='block_1_59' title="bbox 122 2545 910 2583">
    <p class='ocr_par' dir='ltr' id='par_1_59' title="bbox 122 2545 910 2583">
     <span class='ocr_line' id='line_1_59' title="bbox 122 2545 910 2583; baseline 0 -9"><span class='ocrx_word' id='word_1_401' title='bbox 122 2554 204 2583; x_wconf 84' lang='lat' dir='ltr'><strong>quam</strong></span> <span class='ocrx_word' id='word_1_402' title='bbox 218 2546 299 2582; x_wconf 81' lang='lat' dir='ltr'><strong>hujus</strong></span> <span class='ocrx_word' id='word_1_403' title='bbox 313 2545 438 2581; x_wconf 84' lang='lat' dir='ltr'><strong>opusculi</strong></span> <span class='ocrx_word' id='word_1_404' title='bbox 449 2546 614 2573; x_wconf 80' lang='lat' dir='ltr'><strong>suavissima</strong></span> <span class='ocrx_word' id='word_1_405' title='bbox 627 2546 710 2573; x_wconf 74' lang='lat' dir='ltr'><strong>lectio</strong></span> <span class='ocrx_word' id='word_1_406' title='bbox 727 2554 775 2573; x_wconf 75' lang='lat' dir='ltr'><strong>vos</strong></span> <span class='ocrx_word' id='word_1_407' title='bbox 787 2546 910 2577; x_wconf 79' lang='lat' dir='ltr'><strong>docebit.</strong></span> 
     </span>
    </p>
   </div>
   <div class='ocr_carea' id='block_1_60' title="bbox 122 2590 909 2627">
    <p class='ocr_par' dir='ltr' id='par_1_60' title="bbox 122 2590 909 2627">
     <span class='ocr_line' id='line_1_60' title="bbox 122 2590 909 2627; baseline 0 -6"><span class='ocrx_word' id='word_1_408' title='bbox 122 2594 227 2621; x_wconf 83' lang='lat' dir='ltr'><strong>alacres</strong></span> <span class='ocrx_word' id='word_1_409' title='bbox 240 2590 421 2627; x_wconf 77' lang='lat' dir='ltr'><strong>accingemini</strong></span> <span class='ocrx_word' id='word_1_410' title='bbox 433 2598 601 2626; x_wconf 79' lang='lat' dir='ltr'><strong>cognoscere</strong></span> <span class='ocrx_word' id='word_1_411' title='bbox 616 2591 811 2627; x_wconf 77' lang='lat' dir='ltr'><strong>cognitamque</strong></span> <span class='ocrx_word' id='word_1_412' title='bbox 827 2595 909 2621; x_wconf 81' lang='lat' dir='ltr'><strong>tueri.</strong></span> 
     </span>
    </p>
   </div>
   <div class='ocr_carea' id='block_1_61' title="bbox 121 2637 904 2673">
    <p class='ocr_par' dir='ltr' id='par_1_61' title="bbox 121 2637 904 2673">
     <span class='ocr_line' id='line_1_61' title="bbox 121 2637 904 2673; baseline -0.001 -6"><span class='ocrx_word' id='word_1_413' title='bbox 121 2639 256 2672; x_wconf 81' lang='lat' dir='ltr'><strong>Bessario,</strong></span> <span class='ocrx_word' id='word_1_414' title='bbox 272 2637 433 2665; x_wconf 88' lang='lat' dir='ltr'><strong>Sabincnsis</strong></span> <span class='ocrx_word' id='word_1_415' title='bbox 445 2637 602 2672; x_wconf 86' lang='lat' dir='ltr'><strong>episcopus,</strong></span> <span class='ocrx_word' id='word_1_416' title='bbox 619 2637 904 2673; x_wconf 77' lang='lat' dir='ltr'><strong>Constantinopolita-</strong></span> 
     </span>
    </p>
   </div>
   <div class='ocr_carea' id='block_1_62' title="bbox 121 2682 910 2720">
    <p class='ocr_par' dir='ltr' id='par_1_62' title="bbox 121 2682 910 2720">
     <span class='ocr_line' id='line_1_62' title="bbox 121 2682 910 2720; baseline -0.001 -7"><span class='ocrx_word' id='word_1_417' title='bbox 121 2693 172 2713; x_wconf 88' lang='lat' dir='ltr'><strong>nus</strong></span> <span class='ocrx_word' id='word_1_418' title='bbox 189 2684 355 2720; x_wconf 84' lang='lat' dir='ltr'><strong>patriarcha,</strong></span> <span class='ocrx_word' id='word_1_419' title='bbox 378 2691 461 2718; x_wconf 87' lang='lat' dir='ltr'><strong>quem</strong></span> <span class='ocrx_word' id='word_1_420' title='bbox 486 2684 566 2718; x_wconf 79' lang='lat' dir='ltr'><strong>vulgo</strong></span> <span class='ocrx_word' id='word_1_421' title='bbox 581 2682 722 2712; x_wconf 66' lang='lat' dir='ltr'><strong>Nicmnum</strong></span> <span class='ocrx_word' id='word_1_422' title='bbox 740 2685 910 2713; x_wconf 82' lang='lat' dir='ltr'><strong>cardinalcni</strong></span> 
     </span>
    </p>
   </div>
   <div class='ocr_carea' id='block_1_63' title="bbox 120 2730 908 2767">
    <p class='ocr_par' dir='ltr' id='par_1_63' title="bbox 120 2730 908 2767">
     <span class='ocr_line' id='line_1_63' title="bbox 120 2730 908 2767; baseline -0.003 -8"><span class='ocrx_word' id='word_1_423' title='bbox 120 2732 272 2767; x_wconf 76' lang='lat' dir='ltr'><strong>appellant,</strong></span> <span class='ocrx_word' id='word_1_424' title='bbox 290 2731 382 2766; x_wconf 88' lang='lat' dir='ltr'><strong>operis</strong></span> <span class='ocrx_word' id='word_1_425' title='bbox 396 2730 449 2764; x_wconf 89' lang='lat' dir='ltr'><strong>sui,</strong></span> <span class='ocrx_word' id='word_1_426' title='bbox 468 2730 542 2765; x_wconf 87' lang='lat' dir='ltr'><strong>quod</strong></span> <span class='ocrx_word' id='word_1_427' title='bbox 556 2730 614 2766; x_wconf 87' lang='lat' dir='ltr'><strong>ipse</strong></span> <span class='ocrx_word' id='word_1_428' title='bbox 626 2739 700 2758; x_wconf 86' lang='lat' dir='ltr'><strong>nunc</strong></span> <span class='ocrx_word' id='word_1_429' title='bbox 710 2731 745 2758; x_wconf 88' lang='lat' dir='ltr'><strong>ad</strong></span> <span class='ocrx_word' id='word_1_430' title='bbox 756 2738 805 2759; x_wconf 84' lang='lat' dir='ltr'><strong>vos</strong></span> <span class='ocrx_word' id='word_1_431' title='bbox 818 2731 908 2765; x_wconf 83' lang='lat' dir='ltr'><strong>mitto,</strong></span> 
     </span>
    </p>
   </div>
   <div class='ocr_carea' id='block_1_64' title="bbox 121 2776 909 2814">
    <p class='ocr_par' dir='ltr' id='par_1_64' title="bbox 121 2776 909 2814">
     <span class='ocr_line' id='line_1_64' title="bbox 121 2776 909 2814; baseline 0 -9"><span class='ocrx_word' id='word_1_432' title='bbox 121 2778 187 2805; x_wconf 90' lang='lat' dir='ltr'><strong>mihi</strong></span> <span class='ocrx_word' id='word_1_433' title='bbox 200 2778 258 2813; x_wconf 82' lang='lat' dir='ltr'><strong>jam</strong></span> <span class='ocrx_word' id='word_1_434' title='bbox 281 2777 388 2812; x_wconf 90' lang='lat' dir='ltr'><strong>pridem</strong></span> <span class='ocrx_word' id='word_1_435' title='bbox 405 2776 545 2811; x_wconf 80' lang='lat' dir='ltr'><strong>exemplar</strong></span> <span class='ocrx_word' id='word_1_436' title='bbox 564 2776 641 2804; x_wconf 89' lang='lat' dir='ltr'><strong>reddi</strong></span> <span class='ocrx_word' id='word_1_437' title='bbox 661 2777 754 2812; x_wconf 87' lang='lat' dir='ltr'><strong>jussit,</strong></span> <span class='ocrx_word' id='word_1_438' title='bbox 772 2778 909 2814; x_wconf 87' lang='lat' dir='ltr'><strong>simulque</strong></span> 
     </span>
    </p>
   </div>
   <div class='ocr_carea' id='block_1_65' title="bbox 122 2821 911 2860">
    <p class='ocr_par' dir='ltr' id='par_1_65' title="bbox 122 2821 911 2860">
     <span class='ocr_line' id='line_1_65' title="bbox 122 2821 911 2860; baseline 0.003 -10"><span class='ocrx_word' id='word_1_439' title='bbox 122 2823 253 2859; x_wconf 64' lang='lat' dir='ltr'><strong>praecepit</strong></span> <span class='ocrx_word' id='word_1_440' title='bbox 268 2827 297 2850; x_wconf 92' lang='lat' dir='ltr'><strong>ut</strong></span> <span class='ocrx_word' id='word_1_441' title='bbox 311 2821 384 2857; x_wconf 85' lang='lat' dir='ltr'><strong>apud</strong></span> <span class='ocrx_word' id='word_1_442' title='bbox 400 2821 667 2849; x_wconf 81' lang='lat' dir='ltr'><strong>ChriSIianissimum</strong></span> <span class='ocrx_word' id='word_1_443' title='bbox 685 2831 776 2858; x_wconf 76' lang='lat' dir='ltr'><strong>regem</strong></span> <span class='ocrx_word' id='word_1_444' title='bbox 792 2829 820 2851; x_wconf 85' lang='lat' dir='ltr'><strong>et</strong></span> <span class='ocrx_word' id='word_1_445' title='bbox 836 2825 911 2860; x_wconf 73' lang='lat' dir='ltr'><strong>priu-</strong></span> 
     </span>
    </p>
   </div>
   <div class='ocr_carea' id='block_1_66' title="bbox 156 2891 765 2928">
    <p class='ocr_par' dir='ltr' id='par_1_66' title="bbox 156 2891 765 2928">
     <span class='ocr_line' id='line_1_66' title="bbox 156 2891 765 2928; baseline -0.007 -9"><span class='ocrx_word' id='word_1_446' title='bbox 156 2896 192 2928; x_wconf 82' lang='lat' dir='ltr'><strong>(t)</strong></span> <span class='ocrx_word' id='word_1_447' title='bbox 204 2894 295 2924; x_wconf 79' lang='lat' dir='ltr'><strong>Pasini,</strong></span> <span class='ocrx_word' id='word_1_448' title='bbox 310 2894 455 2920; x_wconf 72' lang='lat' dir='ltr'><strong>Codd.mss.</strong></span> <span class='ocrx_word' id='word_1_449' title='bbox 472 2891 574 2917; x_wconf 79' lang='lat' dir='ltr'><strong>Tuurin.</strong></span> <span class='ocrx_word' id='word_1_450' title='bbox 591 2893 652 2923; x_wconf 66' lang='lat' dir='ltr'><strong>Lat,</strong></span> <span class='ocrx_word' id='word_1_451' title='bbox 673 2895 765 2927; x_wconf 57' lang='lat' dir='ltr'><strong>p.‘_293,</strong></span> 
     </span>
    </p>
   </div>
   <div class='ocr_carea' id='block_1_67' title="bbox 287 2938 644 2984">
    <p class='ocr_par' dir='ltr' id='par_1_67' title="bbox 287 2938 644 2984">
     <span class='ocr_line' id='line_1_67' title="bbox 287 2938 644 2984; baseline -0.003 -16"><span class='ocrx_word' id='word_1_452' title='bbox 287 2939 427 2984; x_wconf 73' lang='lat' dir='ltr'><strong>l’nttot..</strong></span> <span class='ocrx_word' id='word_1_453' title='bbox 452 2940 509 2969; x_wconf 77' lang='lat' dir='ltr'><strong>Gn.</strong></span> <span class='ocrx_word' id='word_1_454' title='bbox 537 2938 644 2969; x_wconf 74' lang='lat' dir='ltr'><strong>CLXI.</strong></span> 
     </span>
    </p>
   </div>
   <div class='ocr_carea' id='block_1_68' title="bbox 965 2270 1752 2314">
    <p class='ocr_par' dir='ltr' id='par_1_68' title="bbox 965 2270 1752 2314">
     <span class='ocr_line' id='line_1_68' title="bbox 965 2270 1752 2314; baseline 0.008 -16"><span class='ocrx_word' id='word_1_455' title='bbox 965 2278 1061 2300; x_wconf 75' lang='lat' dir='ltr'><strong>versus</strong></span> <span class='ocrx_word' id='word_1_456' title='bbox 1081 2271 1312 2300; x_wconf 85' lang='lat' dir='ltr'><strong>immanissimum</strong></span> <span class='ocrx_word' id='word_1_457' title='bbox 1338 2270 1460 2300; x_wconf 89' lang='lat' dir='ltr'><strong>Turcum</strong></span> <span class='ocrx_word' id='word_1_458' title='bbox 1482 2274 1752 2314; x_wconf 61' lang='lat' dir='ltr'><strong>suadercin,‘quem-</strong></span> 
     </span>
    </p>
   </div>
   <div class='ocr_carea' id='block_1_69' title="bbox 965 2317 1753 2355">
    <p class='ocr_par' dir='ltr' id='par_1_69' title="bbox 965 2317 1753 2355">
     <span class='ocr_line' id='line_1_69' title="bbox 965 2317 1753 2355; baseline 0.006 -11"><span class='ocrx_word' id='word_1_459' title='bbox 965 2317 1113 2344; x_wconf 88' lang='lat' dir='ltr'><strong>admodum</strong></span> <span class='ocrx_word' id='word_1_460' title='bbox 1128 2317 1203 2345; x_wconf 89' lang='lat' dir='ltr'><strong>illius</strong></span> <span class='ocrx_word' id='word_1_461' title='bbox 1216 2318 1251 2345; x_wconf 88' lang='lat' dir='ltr'><strong>ad</strong></span> <span class='ocrx_word' id='word_1_462' title='bbox 1268 2325 1311 2345; x_wconf 88' lang='lat' dir='ltr'><strong>me</strong></span> <span class='ocrx_word' id='word_1_463' title='bbox 1323 2317 1423 2346; x_wconf 87' lang='lat' dir='ltr'><strong>litteris</strong></span> <span class='ocrx_word' id='word_1_464' title='bbox 1437 2319 1753 2355; x_wconf 60' lang='lat' dir='ltr'><strong>cognoscetis.‘ln‘teri-a’.</strong></span> 
     </span>
    </p>
   </div>
   <div class='ocr_carea' id='block_1_70' title="bbox 964 2363 1754 2402">
    <p class='ocr_par' dir='ltr' id='par_1_70' title="bbox 964 2363 1754 2402">
     <span class='ocr_line' id='line_1_70' title="bbox 964 2363 1754 2402; baseline 0.006 -12"><span class='ocrx_word' id='word_1_465' title='bbox 964 2363 1074 2391; x_wconf 81' lang='lat' dir='ltr'><strong>tametsi</strong></span> <span class='ocrx_word' id='word_1_466' title='bbox 1095 2367 1202 2391; x_wconf 84' lang='lat' dir='ltr'><strong>tantum</strong></span> <span class='ocrx_word' id='word_1_467' title='bbox 1221 2363 1296 2392; x_wconf 87' lang='lat' dir='ltr'><strong>illius</strong></span> <span class='ocrx_word' id='word_1_468' title='bbox 1318 2363 1420 2393; x_wconf 83' lang='lat' dir='ltr'><strong>fascem</strong></span> <span class='ocrx_word' id='word_1_469' title='bbox 1445 2366 1554 2393; x_wconf 92' lang='lat' dir='ltr'><strong>humeri</strong></span> <span class='ocrx_word' id='word_1_470' title='bbox 1576 2367 1685 2402; x_wconf 81' lang='lat' dir='ltr'><strong>fragiles</strong></span> <span class='ocrx_word' id='word_1_471' title='bbox 1703 2378 1754 2395; x_wconf 74' lang='lat' dir='ltr'><strong>nlui</strong></span> 
     </span>
    </p>
   </div>
   <div class='ocr_carea' id='block_1_71' title="bbox 964 2410 1754 2448">
    <p class='ocr_par' dir='ltr' id='par_1_71' title="bbox 964 2410 1754 2448">
     <span class='ocr_line' id='line_1_71' title="bbox 964 2410 1754 2448; baseline 0.008 -12"><span class='ocrx_word' id='word_1_472' title='bbox 964 2410 1044 2437; x_wconf 89' lang='lat' dir='ltr'><strong>initio</strong></span> <span class='ocrx_word' id='word_1_473' title='bbox 1061 2411 1235 2445; x_wconf 87' lang='lat' dir='ltr'><strong>recusabant,</strong></span> <span class='ocrx_word' id='word_1_474' title='bbox 1252 2415 1343 2440; x_wconf 77' lang='lat' dir='ltr'><strong>tamen</strong></span> <span class='ocrx_word' id='word_1_475' title='bbox 1358 2412 1425 2440; x_wconf 88' lang='lat' dir='ltr'><strong>vicit</strong></span> <span class='ocrx_word' id='word_1_476' title='bbox 1439 2414 1467 2440; x_wconf 91' lang='lat' dir='ltr'><strong>in</strong></span> <span class='ocrx_word' id='word_1_477' title='bbox 1483 2413 1579 2448; x_wconf 88' lang='lat' dir='ltr'><strong>primis</strong></span> <span class='ocrx_word' id='word_1_478' title='bbox 1591 2413 1754 2442; x_wconf 77' lang='lat' dir='ltr'><strong>Christiana:</strong></span> 
     </span>
    </p>
   </div>
   <div class='ocr_carea' id='block_1_72' title="bbox 965 2455 1753 2495">
    <p class='ocr_par' dir='ltr' id='par_1_72' title="bbox 965 2455 1753 2495">
     <span class='ocr_line' id='line_1_72' title="bbox 965 2455 1753 2495; baseline 0.005 -11"><span class='ocrx_word' id='word_1_479' title='bbox 965 2455 1106 2492; x_wconf 64' lang='lat' dir='ltr'><strong>religionis</strong></span> <span class='ocrx_word' id='word_1_480' title='bbox 1122 2465 1201 2485; x_wconf 89' lang='lat' dir='ltr'><strong>amor</strong></span> <span class='ocrx_word' id='word_1_481' title='bbox 1213 2464 1239 2485; x_wconf 78' lang='lat' dir='ltr'><strong>et</strong></span> <span class='ocrx_word' id='word_1_482' title='bbox 1254 2458 1385 2495; x_wconf 77' lang='lat' dir='ltr'><strong>dignitas,</strong></span> <span class='ocrx_word' id='word_1_483' title='bbox 1401 2459 1428 2487; x_wconf 93' lang='lat' dir='ltr'><strong>in</strong></span> <span class='ocrx_word' id='word_1_484' title='bbox 1443 2468 1496 2495; x_wconf 90' lang='lat' dir='ltr'><strong>qua</strong></span> <span class='ocrx_word' id='word_1_485' title='bbox 1510 2468 1563 2487; x_wconf 89' lang='lat' dir='ltr'><strong>non</strong></span> <span class='ocrx_word' id='word_1_486' title='bbox 1580 2465 1684 2488; x_wconf 87' lang='lat' dir='ltr'><strong>tantum</strong></span> <span class='ocrx_word' id='word_1_487' title='bbox 1699 2462 1753 2488; x_wconf 86' lang='lat' dir='ltr'><strong>ini-</strong></span> 
     </span>
    </p>
   </div>
   <div class='ocr_carea' id='block_1_73' title="bbox 965 2505 1755 2540">
    <p class='ocr_par' dir='ltr' id='par_1_73' title="bbox 965 2505 1755 2540">
     <span class='ocr_line' id='line_1_73' title="bbox 965 2505 1755 2540; baseline 0.009 -9"><span class='ocrx_word' id='word_1_488' title='bbox 965 2505 1050 2532; x_wconf 84' lang='lat' dir='ltr'><strong>tiatus</strong></span> <span class='ocrx_word' id='word_1_489' title='bbox 1064 2512 1125 2533; x_wconf 88' lang='lat' dir='ltr'><strong>sum</strong></span> <span class='ocrx_word' id='word_1_490' title='bbox 1143 2510 1172 2532; x_wconf 88' lang='lat' dir='ltr'><strong>ut</strong></span> <span class='ocrx_word' id='word_1_491' title='bbox 1188 2507 1291 2540; x_wconf 68' lang='lat' dir='ltr'><strong>cmtcri,</strong></span> <span class='ocrx_word' id='word_1_492' title='bbox 1309 2515 1405 2535; x_wconf 81' lang='lat' dir='ltr'><strong>verum</strong></span> <span class='ocrx_word' id='word_1_493' title='bbox 1428 2507 1498 2535; x_wconf 87' lang='lat' dir='ltr'><strong>hanc</strong></span> <span class='ocrx_word' id='word_1_494' title='bbox 1513 2509 1595 2536; x_wconf 82' lang='lat' dir='ltr'><strong>etiam</strong></span> <span class='ocrx_word' id='word_1_495' title='bbox 1617 2509 1643 2536; x_wconf 92' lang='lat' dir='ltr'><strong>in</strong></span> <span class='ocrx_word' id='word_1_496' title='bbox 1659 2510 1755 2538; x_wconf 82' lang='lat' dir='ltr'><strong>docto-</strong></span> 
     </span>
    </p>
   </div>
   <div class='ocr_carea' id='block_1_74' title="bbox 965 2547 1754 2586">
    <p class='ocr_par' dir='ltr' id='par_1_74' title="bbox 965 2547 1754 2586">
     <span class='ocr_line' id='line_1_74' title="bbox 965 2547 1754 2586; baseline 0.009 -12"><span class='ocrx_word' id='word_1_497' title='bbox 965 2547 1030 2575; x_wconf 82' lang='lat' dir='ltr'><strong>ralis</strong></span> <span class='ocrx_word' id='word_1_498' title='bbox 1053 2556 1119 2576; x_wconf 75' lang='lat' dir='ltr'><strong>men:</strong></span> <span class='ocrx_word' id='word_1_499' title='bbox 1144 2549 1326 2584; x_wconf 87' lang='lat' dir='ltr'><strong>professionis</strong></span> <span class='ocrx_word' id='word_1_500' title='bbox 1349 2552 1523 2586; x_wconf 71' lang='lat' dir='ltr'><strong>susreptionc</strong></span> <span class='ocrx_word' id='word_1_501' title='bbox 1541 2553 1686 2581; x_wconf 81' lang='lat' dir='ltr'><strong>docturum</strong></span> <span class='ocrx_word' id='word_1_502' title='bbox 1711 2563 1754 2581; x_wconf 88' lang='lat' dir='ltr'><strong>me</strong></span> 
     </span>
    </p>
   </div>
   <div class='ocr_carea' id='block_1_75' title="bbox 966 2593 1754 2632">
    <p class='ocr_par' dir='ltr' id='par_1_75' title="bbox 966 2593 1754 2632">
     <span class='ocr_line' id='line_1_75' title="bbox 966 2593 1754 2632; baseline 0.006 -12"><span class='ocrx_word' id='word_1_503' title='bbox 966 2593 1199 2628; x_wconf 78' lang='lat' dir='ltr'><strong>defensurumque</strong></span> <span class='ocrx_word' id='word_1_504' title='bbox 1226 2598 1314 2622; x_wconf 89' lang='lat' dir='ltr'><strong>morte</strong></span> <span class='ocrx_word' id='word_1_505' title='bbox 1336 2595 1491 2630; x_wconf 80' lang='lat' dir='ltr'><strong>posthabita</strong></span> <span class='ocrx_word' id='word_1_506' title='bbox 1522 2597 1665 2632; x_wconf 80' lang='lat' dir='ltr'><strong>spopondi.</strong></span> <span class='ocrx_word' id='word_1_507' title='bbox 1685 2598 1754 2626; x_wconf 80' lang='lat' dir='ltr'><strong>Vicit</strong></span> 
     </span>
    </p>
   </div>
   <div class='ocr_carea' id='block_1_76' title="bbox 964 2640 1754 2680">
    <p class='ocr_par' dir='ltr' id='par_1_76' title="bbox 964 2640 1754 2680">
     <span class='ocr_line' id='line_1_76' title="bbox 964 2640 1754 2680; baseline 0.009 -13"><span class='ocrx_word' id='word_1_508' title='bbox 964 2640 1047 2668; x_wconf 87' lang='lat' dir='ltr'><strong>etiam</strong></span> <span class='ocrx_word' id='word_1_509' title='bbox 1064 2641 1226 2676; x_wconf 76' lang='lat' dir='ltr'><strong>gravissima</strong></span> <span class='ocrx_word' id='word_1_510' title='bbox 1244 2641 1417 2670; x_wconf 83' lang='lat' dir='ltr'><strong>Bessarionis</strong></span> <span class='ocrx_word' id='word_1_511' title='bbox 1431 2645 1516 2678; x_wconf 74' lang='lat' dir='ltr'><strong>putris</strong></span> <span class='ocrx_word' id='word_1_512' title='bbox 1533 2644 1694 2680; x_wconf 72' lang='lat' dir='ltr'><strong>auctoritas,</strong></span> <span class='ocrx_word' id='word_1_513' title='bbox 1711 2650 1754 2674; x_wconf 89' lang='lat' dir='ltr'><strong>cui</strong></span> 
     </span>
    </p>
   </div>
   <div class='ocr_carea' id='block_1_77' title="bbox 966 2687 1757 2727">
    <p class='ocr_par' dir='ltr' id='par_1_77' title="bbox 966 2687 1757 2727">
     <span class='ocr_line' id='line_1_77' title="bbox 966 2687 1757 2727; baseline 0.009 -13"><span class='ocrx_word' id='word_1_514' title='bbox 966 2695 1017 2723; x_wconf 88' lang='lat' dir='ltr'><strong>pro</strong></span> <span class='ocrx_word' id='word_1_515' title='bbox 1031 2687 1164 2723; x_wconf 76' lang='lat' dir='ltr'><strong>singulari</strong></span> <span class='ocrx_word' id='word_1_516' title='bbox 1181 2697 1230 2716; x_wconf 87' lang='lat' dir='ltr'><strong>sua</strong></span> <span class='ocrx_word' id='word_1_517' title='bbox 1247 2689 1381 2724; x_wconf 68' lang='lat' dir='ltr'><strong>dignitate</strong></span> <span class='ocrx_word' id='word_1_518' title='bbox 1401 2691 1630 2727; x_wconf 84' lang='lat' dir='ltr'><strong>sanctissimeque</strong></span> <span class='ocrx_word' id='word_1_519' title='bbox 1647 2692 1757 2721; x_wconf 87' lang='lat' dir='ltr'><strong>deside-</strong></span> 
     </span>
    </p>
   </div>
   <div class='ocr_carea' id='block_1_78' title="bbox 965 2733 1755 2772">
    <p class='ocr_par' dir='ltr' id='par_1_78' title="bbox 965 2733 1755 2772">
     <span class='ocr_line' id='line_1_78' title="bbox 965 2733 1755 2772; baseline 0.009 -12"><span class='ocrx_word' id='word_1_520' title='bbox 965 2733 1007 2760; x_wconf 88' lang='lat' dir='ltr'><strong>rio</strong></span> <span class='ocrx_word' id='word_1_521' title='bbox 1024 2733 1119 2761; x_wconf 88' lang='lat' dir='ltr'><strong>defore</strong></span> <span class='ocrx_word' id='word_1_522' title='bbox 1143 2734 1251 2763; x_wconf 84' lang='lat' dir='ltr'><strong>labores</strong></span> <span class='ocrx_word' id='word_1_523' title='bbox 1273 2743 1348 2762; x_wconf 84' lang='lat' dir='ltr'><strong>meos</strong></span> <span class='ocrx_word' id='word_1_524' title='bbox 1369 2744 1423 2763; x_wconf 92' lang='lat' dir='ltr'><strong>non</strong></span> <span class='ocrx_word' id='word_1_525' title='bbox 1446 2737 1544 2772; x_wconf 82' lang='lat' dir='ltr'><strong>patiar,</strong></span> <span class='ocrx_word' id='word_1_526' title='bbox 1573 2740 1617 2765; x_wconf 82' lang='lat' dir='ltr'><strong>sed</strong></span> <span class='ocrx_word' id='word_1_527' title='bbox 1647 2748 1679 2766; x_wconf 89' lang='lat' dir='ltr'><strong>ne</strong></span> <span class='ocrx_word' id='word_1_528' title='bbox 1695 2741 1755 2767; x_wconf 63' lang='lat' dir='ltr'><strong>vitae</strong></span> 
     </span>
    </p>
   </div>
   <div class='ocr_carea' id='block_1_79' title="bbox 964 2778 1755 2817">
    <p class='ocr_par' dir='ltr' id='par_1_79' title="bbox 964 2778 1755 2817">
     <span class='ocr_line' id='line_1_79' title="bbox 964 2778 1755 2817; baseline 0.014 -13"><span class='ocrx_word' id='word_1_529' title='bbox 964 2778 1075 2814; x_wconf 86' lang='lat' dir='ltr'><strong>quidem</strong></span> <span class='ocrx_word' id='word_1_530' title='bbox 1101 2778 1128 2806; x_wconf 90' lang='lat' dir='ltr'><strong>in</strong></span> <span class='ocrx_word' id='word_1_531' title='bbox 1147 2778 1369 2816; x_wconf 44' lang='lat' dir='ltr'><strong>tam‘opportuno</strong></span> <span class='ocrx_word' id='word_1_532' title='bbox 1387 2783 1498 2817; x_wconf 83' lang='lat' dir='ltr'><strong>negotio</strong></span> <span class='ocrx_word' id='word_1_533' title='bbox 1516 2784 1608 2813; x_wconf 84' lang='lat' dir='ltr'><strong>subire</strong></span> <span class='ocrx_word' id='word_1_534' title='bbox 1622 2787 1755 2815; x_wconf 77' lang='lat' dir='ltr'><strong>recusabo</strong></span> 
     </span>
    </p>
   </div>
   <div class='ocr_carea' id='block_1_80' title="bbox 965 2826 1755 2864">
    <p class='ocr_par' dir='ltr' id='par_1_80' title="bbox 965 2826 1755 2864">
     <span class='ocr_line' id='line_1_80' title="bbox 965 2826 1755 2864; baseline 0.01 -11"><span class='ocrx_word' id='word_1_535' title='bbox 965 2826 1127 2854; x_wconf 82' lang='lat' dir='ltr'><strong>discrimen.</strong></span> <span class='ocrx_word' id='word_1_536' title='bbox 1139 2826 1210 2855; x_wconf 77' lang='lat' dir='ltr'><strong>Vicit</strong></span> <span class='ocrx_word' id='word_1_537' title='bbox 1223 2833 1354 2862; x_wconf 59' lang='lat' dir='ltr'><strong>praetcrea</strong></span> <span class='ocrx_word' id='word_1_538' title='bbox 1368 2837 1449 2864; x_wconf 87' lang='lat' dir='ltr'><strong>quam</strong></span> <span class='ocrx_word' id='word_1_539' title='bbox 1463 2830 1525 2858; x_wconf 83' lang='lat' dir='ltr'><strong>inde</strong></span> <span class='ocrx_word' id='word_1_540' title='bbox 1538 2830 1657 2860; x_wconf 86' lang='lat' dir='ltr'><strong>futuram</strong></span> <span class='ocrx_word' id='word_1_541' title='bbox 1670 2834 1755 2861; x_wconf 85' lang='lat' dir='ltr'><strong>multo</strong></span> 
     </span>
    </p>
   </div>
   <div class='ocr_carea' id='block_1_81' title="bbox 1479 2943 1515 2973">
    <p class='ocr_par' dir='ltr' id='par_1_81' title="bbox 1479 2943 1515 2973">
     <span class='ocr_line' id='line_1_81' title="bbox 1479 2943 1515 2973; baseline 0.028 -1"><span class='ocrx_word' id='word_1_542' title='bbox 1479 2943 1515 2973; x_wconf 68' lang='grc'><strong>21</strong></span> 
     </span>
    </p>
   </div>
  </div>
