1916 3066
161 156 214 187 id”.

639 150 892 184 BESSAlilONlS
907 154 936 186 ὃ
969 148 1001 183 li.
1026 151 1057 182 E.
1071 150 1313 182 ‘CARDINALIS

1727 145 1783 182 (ιι

162 215 290 250 tmjorcttt
305 213 418 240 etet-ise
435 212 533 239 domus
550 212 647 238 vestra:
665 211 777 243 gloriam
794 217 875 243 spero
886 216 944 236 cer-
961 211 982 239 Α
998 209 1114 243 act-epit.
1142 209 1174 235 Et
1195 207 1269 242 quod
1295 205 1503 241 prazceileutiori
1530 205 1654 233 Pontifex
1683 208 1783 235 merito

163 261 322 294 tissimeth
335 258 471 293 conjecto.
487 258 631 292 Tantisper
646 262 735 283 tamen
750 255 864 289 exsequi
884 262 945 288 qum

161 307 330 340 jubebantur
356 304 504 336 intermisi,
525 303 590 330 duttt
615 303 660 330 hic
675 308 703 329 et
722 302 783 328 istic
801 299 948 328 domestici

164 353 228 380 belli
243 359 370 379 rumores
382 350 549 385 compositos
566 353 643 381 certe
653 355 858 382 cognoscerem.
868 345 948 378 Nune

163 407 229 427 vero
244 399 271 425 in
287 403 409 433 tempore
422 404 477 424 tton
494 395 677 426 committam,
690 398 720 420 ut
737 398 783 422 aut
800 399 948 428 parumper

164 446 286 474 defuisse
314 443 477 480 professioni
502 449 568 469 mea:
591 442 652 476 jnrc
670 447 812 475 coarzuar,
831 445 879 467 aut
898 439 948 467 Ni-

164 501 242 521 c:rno
259 491 334 520 Patri
352 498 401 525 pro
417 489 489 516 virili
506 496 566 516 mea
582 493 659 523 patte
678 496 730 517 non
748 486 881 521 paruisse.
901 489 950 513 aut

165 539 238 574 quod
273 545 343 572 opus
375 535 482 563 caeteris
509 534 658 561 Galliarum
686 532 950 565 Gcrtnaniarumque

166 584 348 619 principibus.
371 585 400 609 et
421 581 484 608 aliis
501 580 569 608 viris
590 579 786 614 prrestatttibus
801 578 869 605 alias
891 579 950 612 ipse

166 637 258 657 coram
285 627 397 656 exhibui
420 626 543 661 dedique
568 624 770 659 compluribus,
790 623 858 650 alias
882 623 952 652 meis

168 683 229 703 cum
259 673 362 702 litteris
385 673 458 704 misi,
485 671 586 698 aliosve
612 667 688 701 brevi
711 668 846 697 missurus
871 676 952 698 sunt,

168 719 271 747 Vestris
281 718 375 745 videar
387 715 587 745 Serenitatibus
601 713 755 741 occuluisse
771 721 779 746 ;
794 712 948 748 praesertim

167 774 229 792 cum
250 764 351 791 belltttn
371 762 444 798 quod
464 761 499 788 ab
513 760 643 788 omnibus
663 759 830 788 Christianis
858 754 953 786 monet

167 812 297 839 Bessario
322 809 436 845 perfidis
456 807 584 835 hostibus
609 806 728 839 inferri,
745 806 848 832 nullius
870 812 952 839 quam

167 863 256 885 vestra
285 856 370 890 magis
403 852 522 883 intersit,
545 852 648 887 quippe
672 851 773 886 quibus
801 849 953 877 domestica

999 261 1092 290 postea
1120 256 1205 282 voluit
1231 255 1376 283 electionis
1396 256 1458 290 jure
1487 256 1623 287 mandari,
1647 260 1781 290 tanquam

999 301 1175 332 hmrcditarig
1195 301 1350 331 Saxonibus
1367 300 1549 339 prccolicnu'a
1566 301 1675 332 fuisset,
1691 301 1786 328 multis

999 346 1110 377 saxulis
1133 346 1242 378 assidua
1268 345 1377 382 imperii
1393 346 1494 380 electio
1517 345 1659 379 Saxopiris
1678 346 1787 373 aedibus

1001 391 1136 426 hospitam
1150 397 1202 423 est,
1217 392 1272 419 into
1287 392 1484 427 propemodum
1500 391 1675 419 brcreditaria
1690 391 1786 426 potius

1000 437 1082 465 facta.
1097 438 1324 472 Quandoquidem
1340 446 1393 465 ttou
1411 443 1464 465 tam
1482 446 1496 464 a
1510 437 1617 472 proavis
1628 436 1787 465 Macedoni-

1001 483 1053 512 bus
1063 491 1078 511 a
1095 483 1195 518 quibus
1209 488 1330 519 coeperat
1346 491 1381 512 eo
1393 491 1425 514 se
1435 484 1549 518 recepit,
1566 483 1613 510 sed
1630 483 1665 510 ob
1676 483 1785 518 egregia

1000 538 1111 569 quoque
1138 530 1242 558 militia:
1262 529 1382 557 facinora
1403 529 1577 564 splendorem
1602 529 1666 556 alibi
1692 536 1786 563 parem

1001 581 1098 612 postea
1114 584 1168 603 non
1190 576 1305 603 invenit.
1319 575 1385 603 Nam
1399 576 1473 602 Sam
1484 574 1658 609 principibtts
1678 575 1740 602 aliis
1753 575 1787 601 ad

1003 621 1133 652 tuentium
1149 622 1350 657 rempublicam
1368 621 1565 653 Christianam,
1581 621 1682 648 nedum
1697 622 1789 655 priva-

1004 673 1061 699 tam
1087 676 1116 696 se
1143 676 1253 703 semper
1276 668 1404 703 exemplo
1427 667 1582 703 proposuit.
1608 666 1685 700 Quod
1706 667 1790 694 etiam

1003 719 1096 749 postea
1112 714 1165 741 fuit
1180 714 1214 741 ad
1229 715 1281 741 hoc
1298 720 1406 749 tempus
1427 722 1442 741 a
1463 713 1599 741 Sabaudis
1616 713 1791 748 principibus

1003 759 1186 787 successionis
1197 759 1260 794 jure
1276 766 1448 794 possessum,
1466 758 1518 786 hoc
1532 763 1585 790 est,
1599 763 1628 784 ut
1640 757 1789 792 imperium

1003 804 1077 840 justo
1103 805 1177 832 bello
1203 805 1255 832 sibi
1273 805 1385 840 suisque
1411 807 1550 840 pararent,
1569 804 1678 839 publica
1694 805 1788 831 conti—

1005 850 1244 885 nenterjosteque
1267 841 1513 885 regerent,aliena
1537 849 1639 876 tuendo
1657 848 1791 875 domesti-

165 906 272 940 jactura
298 881 425 929 etuillata
450 881 561 927 familiae
582 881 749 925 contumelia
766 896 895 924 stimulus
917 895 952 923 ad
970 881 991 910 Β
1005 902 1051 922 cas
1062 902 1130 930 opes
1143 899 1286 931 angerent,
1299 881 1384 923 factis
1402 895 1501 922 famam
1513 892 1744 922 extendereutlm
1757 901 1791 928 ge

170 952 221 978 hoc
246 948 348 976 bellum
364 954 427 975 esse
451 945 573 973 debebit.
594 944 743 971 Enimvero
759 950 812 970 non
837 949 953 977 recupe-

169 996 246 1023 randi
261 994 349 1021 soluttt
373 990 483 1027 Cyprlci
510 990 598 1025 regni,
615 989 663 1018 sed
685 988 826 1017 Armenici
842 994 953 1024 quoque

167 1048 196 1070 et
211 1038 451 1075 Hierosolymitani
470 1037 547 1065 vobis
561 1036 659 1069 debiti,
674 1035 752 1063 vobis
768 1035 868 1070 erepti,
888 1034 954 1062 reii-

168 1096 222 1123 qtut
236 1087 369 1115 nimirum
386 1085 438 1113 ista
452 1084 607 1112 certissima
629 1089 693 1117 spes
708 1087 759 1109 est.
778 1081 851 1115 Quin
866 1080 954 1115 copiis

169 1134 269 1162 vestris
282 1132 420 1167 simulque
431 1129 654 1158 Christianorum
669 1127 792 1154 omnium
807 1134 876 1161 quas
889 1126 955 1153 Bes-

168 1181 245 1208 sario
264 1183 371 1207 vestros
394 1177 421 1205 in
438 1177 535 1206 hostes
549 1175 649 1204 cietet
672 1177 770 1206 armat,
793 1171 866 1204 haud
889 1178 956 1204 sane

169 1226 279 1254 diﬁicile
302 1224 387 1252 fuerit
411 1222 622 1259 opulentissima
638 1225 727 1249 vestra
745 1227 830 1255 regna
844 1218 959 1254 perﬁdil

170 1273 227 1301 ilzis
250 1270 430 1307 praedonibus
455 1268 527 1304 eripi
551 1268 688 1302 vobisque
713 1265 832 1296 restitui.
860 1265 955 1300 Neque

171 1317 302 1348 vincendi
330 1316 447 1349 facultas
462 1313 582 1346 antehac
601 1312 655 1344 fuit
679 1312 765 1348 major
779 1315 827 1338 aut
842 1310 956 1347 posthac

169 1363 249 1389 vobis
274 1361 402 1388 adfutura
420 1364 473 1392 est,
495 1363 591 1394 utpote
611 1361 651 1385 tot
669 1364 722 1384 una
740 1356 822 1383 domo
839 1355 957 1384 lectissi-

169 1410 223 1437 mis
237 1408 368 1435 fratribus
383 1406 516 1441 sanguine
543 1404 614 1432 natis
637 1403 781 1439 praecelso,
802 1406 881 1429 :rtate
903 1401 955 1428 flo-

169 1455 338 1486 rentissima,
353 1451 536 1488 magnanimis
546 1449 738 1482 bellatoribus,
747 1448 821 1475 domi
836 1447 958 1483 forisque

171 1508 238 1537 pace
255 1498 422 1527 fruentlbus.
434 1496 550 1525 summis
564 1495 691 1527 ducibus,
704 1493 822 1522 summis
834 1494 956 1530 regibus.

1002 940 1122 976 lateque.

1038 988 1112 1022 lim,
1127 988 1301 1017 Seronissimi
1317 988 1470 1023 Principes,
1493 995 1555 1015 eunt
1572 987 1670 1023 legetis
1686 986 1729 1015 vel
1747 986 1792 1014 in-

1004 1040 1079 1063 tento
1094 1036 1228 1070 legentem
1252 1035 1409 1070 quempiam
1433 1034 1589 1065 audieritis.
1607 1039 1664 1063 tum
1685 1033 1791 1068 primo-

1004 1089 1062 1109 rem
1079 1081 1190 1116 quidem
1211 1081 1288 1108 illum
1305 1080 1439 1108 Sabauda
1463 1085 1548 1116 caput
1570 1080 1679 1108 familia
1693 1079 1791 1108 Berol-

1005 1127 1068 1159 dunt
1092 1127 1228 1156 Saxonrtn
1251 1135 1346 1155 coram
1366 1127 1454 1156 oculis
1475 1126 1581 1162 ponite.
1596 1133 1702 1162 quam.
1724 1126 1789 1158 iste.

1005 1181 1085 1209 quem
1095 1174 1312 1209 summisdigitis
1326 1177 1355 1205 ut
1366 1173 1444 1203 aiunt
1455 1177 1560 1204 tantum
1570 1174 1713 1209 attingam.
1724 1173 1790 1201 dum

1004 1220 1353 1259 Mclatolsﬂtusregibut.
1383 1226 1490 1251 utet-at
1514 1220 1632 1253 bellator
1653 1219 1793 1255 egregius,

1005 1266 1092 1298 semei
1106 1273 1134 1297 et
1156 1265 1256 1301 sapius
1278 1267 1418 1302 suppetias
1432 1266 1505 1298 tulit,
1526 1266 1609 1294 sedes
1630 1265 1736 1293 interea
1751 1265 1795 1292 fu-

1007 1317 1075 1345 tura:
1091 1318 1146 1340 tatu
1168 1313 1266 1348 ampla
1287 1321 1342 1343 suae
1367 1312 1475 1343 familiae
1492 1319 1623 1341 mucrone
1641 1312 1794 1347 clypcnque

1007 1358 1126 1392 invenit.
1142 1359 1324 1393 inventusque
1344 1357 1440 1387 hostili.
1452 1366 1549 1386 cruore
1564 1358 1665 1386 iterum.
1680 1358 1796 1384 iterum—

1007 1413 1060 1440 que
1077 1405 1220 1440 respersit.
1243 1405 1290 1432 illa
1306 1404 1465 1432 Maurianna
1486 1409 1568 1431 tantae
1584 1397 1794 1431 fundamentum

1008 1451 1108 1478 domus
1133 1452 1233 1477 vestra:
1258 1451 1351 1485 (qnam
1381 1454 1483 1476 terram
1507 1449 1581 1476 ferro
1602 1447 1684 1475 toties
1708 1455 1794 1482 pene-

1010 1496 1115 1529 travit‘,
1136 1495 1175 1522 illi
1192 1494 1323 1522 Secusani
1347 1493 1485 1533 Salueiani
1510 1493 1686 1521 marchimes
1708 1494 1796 1520 conti-

172 1547 287 1576 summis
302 1543 515 1580 imperatoribus
530 1541 646 1574 ﬁndere,
665 1540 798 1568 beneﬁcio
814 1541 954 1576 stirpeque
971 1550 992 1580 ο
1010 1546 1107 1575 tesque
1116 1540 1312 1568 Pedctnontuni
1330 1540 1416 1575 (quos
1427 1541 1509 1568 toties
1522 1540 1618 1574 fudit),
1636 1541 1702 1575 quid
1726 1548 1797 1575 pra»

170 1592 336 1628 conjunctis,
353 1590 482 1618 Ecclesiae
500 1593 602 1616 sanctas
620 1587 752 1614 Romana:
768 1586 955 1619 amicissimis,

170 1638 304 1668 Pontiﬂce
315 1636 433 1664 maximo
445 1643 500 1662 non
514 1634 604 1661 soluat
615 1633 720 1668 optimo
731 1637 758 1660 et
768 1633 956 1665 sanctissimo,

170 1685 218 1713 sed
235 1688 263 1711 et
284 1687 465 1711 conterrnneo
481 1683 510 1706 et
524 1678 611 1706 Vestri
632 1678 743 1713 generis
756 1678 956 1709 amantissimo,

169 1735 198 1759 et
215 1731 241 1757 in
252 1729 304 1756 hoc
317 1725 487 1755 conficiendo
502 1724 575 1752 bello
587 1723 658 1751 duco
671 1722 804 1757 socioque
814 1722 956 1751 vobiscum

170 1775 311 1804 adfuturo.
332 1772 402 1806 Quin
430 1771 453 1798 ui
472 1770 586 1806 pergitis
611 1776 687 1796 arma
712 1775 868 1803 capessere,
896 1775 958 1795 mox

170 1829 281 1850 omnem
297 1819 483 1849 Germaniam,
500 1816 627 1848 Galbam.
649 1815 822 1850 Hesperiam,
839 1815 955 1848 italiam,

175 1876 285 1897 omnem
302 1866 422 1901 denique
447 1865 570 1892 animum
586 1861 775 1890 Christianum
799 1866 907 1889 vestros
929 1861 956 1888 in

173 1916 268 1943 hostes
286 1911 451 1944 inccndetis,
469 1915 591 1938 vestrum
610 1910 637 1936 iu
653 1915 774 1936 antorem
789 1908 958 1942 tutelamque

171 1962 296 1997 rapictis.
321 1960 448 1996 Optimus
476 1958 592 1985 bellator
620 1957 738 1992 quisque
762 1956 841 1990 signa
866 1959 958 1982 vestro

171 2009 286 2041 subibit,
303 2007 427 2035 tuebitur
442 2011 524 2040 atque
540 2004 663 2032 extollet.
680 2001 754 2030 Crux
770 2002 823 2030 ista
840 2002 956 2029 eandm

175 2064 223 2092 per
238 2061 348 2083 omnem
366 2052 509 2083 Grtcciam,
528 2051 600 2078 unde
622 2049 760 2085 quondam
778 2048 889 2075 domum
913 2055 959 2074 ve-

170 2107 256 2130 stram
281 2109 310 2130 se
329 2100 469 2128 victricem
489 2098 636 2131 extulerat,
651 2097 745 2124 hostes
763 2096 824 2124 fidei
840 2096 960 2123 eil‘ulrni-

171 2149 260 2182 nabit,
281 2155 297 2175 e
309 2146 453 2178 servitute,
473 2145 538 2178 situ,
551 2144 689 2179 squalore,
702 2143 790 2176 luctu,
800 2143 959 2174 carceribus

171 2195 343 2225 Christianos
359 2191 489 2220 dissolvet
503 2190 732 2226 quatuplurimos.
756 2188 851 2216 Denuo
867 2189 959 2217 Mace-

1009 1593 1052 1615 ter
1069 1586 1249 1614 Beroldinum
1274 1593 1367 1614 ensem
1395 1595 1458 1615 acre
1483 1595 1604 1622 unquam
1625 1587 1797 1615 senserunt?

1008 1635 1142 1662 Nimirum
1167 1634 1224 1662 haec
1248 1642 1292 1661 tne
1318 1640 1425 1663 tacente
1450 1634 1600 1669 loquantur
1625 1635 1676 1662 illi.
1696 1635 1793 1670 Neque

1008 1681 1130 1709 silebant
1141 1688 1195 1716 qua
1210 1681 1295 1715 gloria
1314 1680 1429 1709 militari
1442 1682 1551 1709 Beroldi
1566 1682 1638 1709 ﬁlius
1654 1681 1794 1709 lltttnbrr-

1010 1731 1055 1755 tus
1078 1732 1172 1763 postea
1198 1727 1291 1759 fuerit.
1315 1733 1363 1755 aut
1378 1728 1515 1756 Amadeus
1530 1729 1611 1761 alter,
1626 1733 1674 1755 aut
1689 1737 1791 1763 prone-

1009 1780 1086 1809 potes
1097 1783 1166 1810 quos
1181 1775 1261 1810 longa
1271 1775 1343 1802 serie
1356 1781 1490 1810 praetereo
1504 1785 1509 1802 :
1523 1775 1569 1810 qui
1582 1775 1679 1802 bellica
1693 1777 1796 1810 quippe

1009 1821 1091 1849 laude
1106 1822 1212 1856 magnis
1227 1822 1337 1857 regibus
1349 1822 1459 1850 etiamsi
1477 1822 1603 1850 maximis
1617 1823 1796 1850 conferantur

1010 1865 1129 1900 impares
1144 1874 1316 1901 nequaquam
1334 1867 1459 1894 fuerunt.
1478 1867 1567 1902 Atque
1583 1868 1635 1895 nisi
1655 1868 1722 1895 tales
1737 1873 1798 1896 ton-

1011 1912 1086 1946 tiquc
1099 1912 1226 1945 fuissent,
1243 1913 1403 1949 neutiquam
1420 1913 1486 1941 istas
1500 1921 1568 1948 opes
1585 1915 1660 1942 domi
1677 1916 1796 1945 habere-

1011 1959 1055 1990 tis,
1073 1959 1234 1994 neutiquam
1256 1960 1323 1986 istas
1341 1959 1424 1986 urbes
1446 1961 1682 1994 opulentissimas.
1704 1965 1798 1991 neuti-

1011 2013 1092 2041 quam
1110 2006 1142 2033 ad
1167 2006 1318 2040 Helvetios,
1333 2007 1508 2043 Allobroges,
1528 2008 1647 2042 Ararim,
1664 2015 1797 2045 transque

1011 2052 1115 2080 Padum
1134 2051 1166 2079 ad
1185 2051 1315 2079 lnsubres
1335 2057 1363 2080 et
1383 2052 1527 2080 Nicianutn
1547 2056 1666 2090 :rqnoris
1685 2062 1795 2090 portum

1011 2103 1134 2126 vestrum
1154 2097 1315 2126 tenderetur
1330 2097 1477 2133 imperiutn
1491 2107 1498 2131 ;
1515 2106 1675 2134 perpetuam
1689 2103 1798 2138 imperii

1011 2145 1143 2173 vicariam
1161 2145 1289 2173 Subauda
1306 2145 1404 2174 domus
1421 2155 1476 2174 nott
1496 2148 1652 2182 obtineret;
1666 2157 1698 2177 ex
1710 2152 1799 2178 conti-

1013 2191 1087 2221 tibus
1106 2191 1202 2224 duces,
1215 2199 1248 2219 ex
1266 2191 1384 2221 ducibus
1404 2194 1514 2229 reginas
1535 2202 1668 2230 regesque
1685 2204 1739 2223 non
1756 2198 1799 2223 fn-

172 2243 259 2270 dones
273 2238 442 2273 Amadeique
458 2237 539 2265 vestri
553 2241 654 2271 tropaea
667 2235 808 2269 imponent
822 2243 871 2263 sua
886 2234 958 2270 Grat-
976 2234 997 2262 D
1012 2237 1130 2267 dissem.
1151 2237 1368 2273 Haudquaquam
1385 2239 1457 2266 cnim
1475 2240 1624 2268 oscitantes
1641 2241 1683 2278 (ut
1700 2243 1799 2277 pleris-

172 2289 214 2317 cis
240 2285 386 2318 limitibus.
417 2284 501 2312 Vobis
524 2282 661 2319 siquidem
684 2289 738 2309 non
767 2281 848 2309 modo
873 2289 960 2317 genus

172 2334 394 2370 antiquissimum
414 2339 428 2359 a
450 2329 645 2363 Macedonibus
659 2333 712 2362 est,
734 2336 829 2359 verum
849 2336 960 2364 quoque

172 2381 327 2417 gentilibus
349 2379 449 2407 vestris
481 2377 562 2405 fatale
591 2377 643 2404 fuit
667 2376 780 2409 Graecia:
809 2377 960 2404 dominari.

173 2427 280 2461 Etenim
307 2433 426 2461 proavus
450 2424 496 2452 ille
520 2427 610 2450 vester
631 2422 775 2458 Philippus
798 2426 883 2450 armis
906 2422 959 2450 sibi

173 2481 284 2508 sua-quc
300 2471 409 2499 familia:
420 2469 541 2506 subjecit
555 2469 689 2497 Grmriaut
703 2476 824 2496 omnem.
840 2468 960 2496 Alexan-

172 2522 234 2551 dcr,
250 2519 310 2555 ejus
334 2518 415 2550 filius,
436 2516 482 2551 qui
501 2515 608 2550 itnperii
623 2515 668 2550 jus
690 2523 705 2541 a
730 2520 806 2550 patre
824 2515 958 2550 percepit,

173 2572 231 2594 tum
243 2564 407 2592 latissimnnt
419 2568 553 2590 terrarum
566 2561 661 2589 orbetn
677 2560 872 2589 Macedonibus
888 2561 960 2589 bello

171 2611 307 2647 quaesivit,
337 2609 415 2644 cujus
441 2608 661 2647 splendidissima
692 2609 817 2643 presapia
843 2615 957 2643 quoquo

171 2646 266 2694 postea
282 2666 311 2685 se
335 2655 452 2684 contulit
476 2646 586 2690 semper
605 2654 746 2682 dominata
762 2658 814 2682 est.
839 2653 907 2681 Nam
931 2655 960 2681 in

173 2703 247 2730 omni
260 2708 397 2730 terrartttn
412 2705 499 2736 parte,
516 2699 617 2728 nedum
635 2699 661 2726 itt
678 2699 793 2731 Grtecia,
808 2698 892 2734 stirps
905 2698 961 2726 Ma-

171 2749 303 2778 cedonica
321 2756 405 2783 regna
424 2747 610 2783 pulclerrinte
628 2746 725 2781 gessit.
749 2746 821 2779 Quin
839 2746 923 2774 etiam
944 2754 958 2774 a

172 2794 274 2823 Graecis
298 2799 474 2828 posteaquam
498 2799 598 2819 nomen
617 2791 726 2826 imperii
747 2791 781 2818 ad
807 2791 960 2820 Germanos

173 2839 283 2873 trajecit
296 2839 422 2866 Pontifex
444 2838 589 2870 maximus,
604 2837 759 2864 Othonibus
774 2837 801 2865 itt
819 2837 957 2865 Saxonum

175 2885 247 2913 avita
263 2889 352 2913 vestra
365 2884 447 2912 domo
461 2884 538 2918 longa
557 2884 658 2918 quippe
672 2883 848 2912 successione
865 2884 958 2912 sedem

1012 2292 1064 2320 que
1079 2283 1251 2319 principibus
1262 2285 1330 2313 vitio
1339 2285 1442 2320 datur),
1461 2290 1510 2314 aut
1524 2286 1685 2316 domesticis
1700 2289 1798 2318 litibus

1012 2329 1137 2364 impliciti
1157 2330 1241 2358 vitam
1257 2330 1395 2364 vixerunt;
1411 2336 1439 2358 at
1453 2339 1518 2362 vero
1532 2334 1632 2367 partim
1650 2333 1800 2368 industria,

1012 2375 1119 2409 labore,
1136 2376 1264 2409 consilio,
1286 2377 1404 2408 viribus,
1428 2385 1524 2413 opera,
1541 2378 1693 2414 diligentia,
1713 2380 1800 2408 benc-

1013 2423 1087 2456 ficio,
1110 2424 1184 2459 justo
1209 2424 1337 2457 tutpcrio,
1358 2424 1475 2459 publicae
1499 2425 1636 2456 libertatis
1660 2428 1800 2461 custodia,

1013 2470 1113 2503 partim
1140 2469 1377 2503 dimicationibus,
1402 2471 1503 2506 pugnis
1527 2472 1683 2506 acerrimis,
1709 2479 1801 2502 castra

1013 2517 1121 2549 castris,
1146 2515 1263 2543 urbibus
1290 2517 1385 2550 urbes,
1406 2517 1552 2553 imperium
1581 2519 1700 2555 imperio
1720 2520 1799 2549 brevi

1012 2561 1226 2595 conjunxerunt.
1244 2566 1340 2596 utpote
1363 2563 1466 2598 quibus
1492 2565 1602 2595 artibus
1627 2566 1715 2594 amori
1732 2569 1800 2595 sub-

1009 2606 1092 2642 jectis
1109 2607 1205 2634 iisdem
1229 2608 1301 2636 ltosti
1321 2610 1422 2638 terrori
1443 2618 1554 2647 semper
1571 2611 1699 2641 fuissent.
1714 2612 1801 2648 Equi-

1011 2653 1073 2681 detn
1103 2654 1125 2682 si
1153 2654 1278 2683 Sabauda
1304 2657 1384 2686 tellus
1409 2658 1459 2686 ista
1480 2658 1572 2694 (quam
1598 2659 1651 2694 ipsi
1674 2659 1800 2695 quotidie

1012 2701 1191 2737 conculcatis)
1205 2701 1341 2731 imbutum
1356 2705 1517 2741 sanguinem
1539 2705 1677 2736 exsudarc
1692 2712 1798 2742 posset.

1013 2746 1137 2782 profecto
1151 2748 1311 2783 praedonum
1325 2757 1423 2778 cruore
1439 2756 1497 2779 tota
1511 2753 1670 2780 rubescerct
1685 2758 1800 2790 totaque

1013 2791 1193 2826 redundaret,
1217 2801 1287 2828 quos
1314 2794 1354 2822 illi
1379 2800 1510 2824 cruentos
1533 2797 1616 2826 istinc
1642 2799 1798 2834 ejecerunt,

1011 2846 1134 2873 quisque
1147 2847 1330 2875 repugnantes
1349 2842 1411 2869 istic
1431 2843 1604 2872 ceciderunt.
1620 2845 1692 2878 Quin
1709 2847 1795 2874 etiam

1012 2884 1056 2913 isti
1077 2885 1099 2913 si
1114 2885 1188 2920 loqui
1203 2886 1326 2920 daretur,
1347 2887 1404 2923 Ego
1423 2889 1562 2925 (diceret),
1584 2892 1724 2927 principes
1739 2892 1792 2921 Sa-
