1916 3066
167 166 222 201 Ma

687 162 904 198 ORATIONES
931 160 1083 196 CONTRA
1109 167 1232 199 TURCA
1238 166 1267 200 S.

1745 170 1797 203 656

168 226 263 261 baudi,
280 226 381 255 vestris
398 226 434 255 ab
451 227 513 255 istis
529 226 681 262 majoribus
692 234 774 261 opes,
787 226 954 256 libertatem.
970 225 993 254 A
1007 224 1185 254 Macedonico
1211 227 1323 262 quidem
1351 231 1437 263 pauCo
1455 231 1595 264 parvaque
1613 237 1685 265 smpe
1702 237 1796 260 manu.

167 274 298 309 quietem,
323 273 512 309 splendorem,
536 273 636 301 famam
654 273 827 308 gloriamque
845 270 955 305 accepi,

167 327 229 354 qua:
244 327 318 348 nunc
332 327 383 348 vos
398 325 499 355 praeter
517 328 610 348 meum
626 326 732 347 morem
748 319 888 353 principes
903 325 957 345 una

168 369 272 401 septem
287 366 342 393 alo.
358 366 463 394 Vereor
477 365 511 393 ab
531 366 616 393 armis
631 373 667 393 ne
682 365 862 393 desuescatis.
880 364 957 400 Saape

168 411 234 439 dum
249 412 367 439 unicum'
382 416 467 447 caput
492 411 588 444 habui,
611 410 736 438 victricia
751 411 832 446 longe
847 410 958 444 lateque

166 457 267 486 vexilla
286 458 346 485 tuli.
367 458 471 486 Vereor
489 465 524 485 ne
549 457 686 489 fortassis,
713 456 778 484 dum
793 457 843 491 ipsi
864 456 957 484 dome-

168 506 268 532 sticum
286 505 373 532 otium
392 511 547 539 pacemque
562 505 607 539 (ne
625 504 715 532 dicam
740 503 897 539 mollitiem)
913 503 959 531 ni-

168 551 254 578 mium
269 550 379 582 amatis.
397 549 560 582 effeminati,
581 550 670 578 timidi
692 558 846 586 segnesque
863 549 958 577 videa-

168 596 247 623 mini.
278 596 320 623 Ne
348 595 371 623 si
396 595 502 623 diutius
526 604 589 631 qute
615 597 732 631 turpiter
751 601 816 623 sunt
845 596 957 629 amissa,

168 643 319 678 repetitum
348 643 389 670 ire
413 643 595 675 cunctamini,
615 650 684 678 quae
709 643 810 670 tenetis
832 643 958 670 hostibus

168 689 239 717 detis
257 689 402 716 auferendi
426 689 583 717 audaciam.
610 689 760 724 Majoribus
781 682 883 717 vestris
900 689 958 717 sive

168 735 224 762 illis
235 734 405 768 Eacidibus,
420 734 479 762 sive
492 734 551 762 istis
573 734 742 765 Saxonibus,
761 735 819 762 sive
837 734 891 762 mei
907 735 956 763 Be-

167 779 239 807 roldi
260 780 469 808 successoribus
495 787 530 806 ne
551 779 613 807 sitis
641 779 751 807 tandem
777 779 875 815 pudori
902 788 957 808 non

167 833 265 861 parum
282 826 393 860 quidem
418 826 475 860 ipsa
499 833 606 852 vereor.
625 824 699 858 Quas
725 825 837 860 quidem
858 826 894 853 ob
913 834 958 854 res

167 876 215 900 aut
237 871 386 906 aliquando
406 870 557 906 dispudeat
576 874 631 898 tam
647 871 721 898 clara
744 871 836 898 sidera
849 876 957 900 vestros

168 918 287 953 majores
302 917 470 951 meminisse,
485 922 533 944 aut
555 917 629 953 quod
654 917 693 945 illi
709 917 787 945 vobis
801 919 852 945 iter
864 923 958 946 osten-

168 965 247 998 dunt,
273 965 298 991 in
313 963 445 1001 Cyprum,
470 964 496 992 in
516 964 685 997 Armeniam,
702 965 731 992 in
757 964 913 994 Salomonis
929 969 958 993 et

167 1010 271 1039 Christi
292 1019 407 1046 regnum
432 1011 509 1039 ocius
532 1010 681 1046 praeripite.
710 1011 810 1039 Ensem
832 1017 957 1040 vestrum

168 1056 274 1085 Graecia
293 1063 427 1090 moratur,
451 1056 613 1091 praedonum
633 1057 811 1092 hostiumque
833 1056 957 1085 thesauri

168 1103 261 1136 opima
278 1103 355 1130 vobis
369 1102 456 1138 spolia
472 1102 565 1130 futura
578 1108 652 1131 sunt.
667 1103 704 1130 De
720 1104 819 1131 vestris
830 1103 957 1132 hostibus

168 1149 327 1184 triumphus
340 1149 503 1182 ducendus;
523 1156 575 1177 vos
594 1150 755 1184 posterique
773 1150 858 1177 vestri
879 1150 958 1178 ditis-

168 1195 238 1223 sima
254 1202 336 1231 rcgna
348 1195 465 1230 perenni
478 1199 600 1235 tempore
612 1196 767 1230 possessuri
785 1196 863 1225 estis.
879 1196 953 1225 Jam-

167 1241 223 1277 jam
236 1249 252 1269 a
266 1241 380 1269 sedibus
393 1240 496 1269 Graecis
512 1241 606 1269 tandiu
622 1244 747 1270 extorres
762 1242 882 1277 Philippi
895 1242 959 1270 Ale-

169 1288 323 1324 xandrique
345 1288 402 1316 fato
419 1295 470 1317 suo
487 1288 588 1316 reverti
613 1289 726 1317 domum
749 1296 827 1316 suam
854 1297 958 1317 concu-

170 1334 290 1370 piscant,
312 1334 414 1370 quibus
434 1334 565 1362 nimirum
583 1334 617 1370 (si
632 1335 694 1370 quis
716 1335 799 1362 modo
814 1335 957 1370 gentilium

170 1387 283 1408 suorum
301 1388 398 1408 sensus
423 1385 467 1408 est
487 1385 548 1415 post
571 1380 699 1415 mortem)
719 1388 835 1416 regnum
849 1380 959 1409 Graeco-

171 1435 233 1455 rum
248 1427 300 1455 sibi
316 1427 476 1454 restitutum
493 1426 525 1454 iri
549 1426 701 1461 videbitur,
719 1427 828 1462 quando
846 1435 896 1456 vos
911 1427 958 1455 de-

171 1481 222 1502 cus
237 1473 278 1501 sui
307 1473 416 1509 generis
433 1472 549 1509 gloriam
569 1473 705 1508 reliquam
720 1473 763 1500 sui
783 1473 904 1501 nominis
924 1481 958 1501 eo

172 1520 292 1548 sentient
306 1519 485 1546 adventuros.
501 1519 589 1554 Atque
603 1519 772 1554 utinamjam
786 1527 860 1546 nunc
872 1519 958 1547 alter-

1011 271 1066 298 utri
1088 271 1193 300 Graacia
1215 274 1286 308 (quae
1303 277 1369 302 tunc
1392 275 1476 303 armis
1499 275 1656 302 libertatem
1679 276 1798 303 maxime

1010 317 1163 353 tuebatur),
1184 320 1238 346 utri
1254 321 1297 347 vel
1318 325 1450 350 externus
1473 322 1563 356 patuit
1578 322 1655 349 orbis
1672 330 1680 349 :
1696 322 1798 349 vestris

1009 367 1037 389 et
1053 363 1176 390 omnium
1201 364 1420 393 Christianorum
1433 367 1519 394 armis
1536 367 1581 394 illa
1599 367 1797 402 propemodum

1010 408 1125 436 inermis
1144 416 1199 437 non
1213 410 1320 445 parebit
1334 412 1345 438 ?
1359 412 1577 448 Deprecantibus
1593 421 1625 440 ac
1640 421 1798 448 repugnan-

1010 454 1086 482 tibus
1106 463 1189 491 grave
1212 458 1354 485 servitutis
1375 459 1470 493 jugum
1489 459 1621 493 imposuit
1645 459 1798 494 Philippus,

1009 499 1141 536 imposuit
1154 502 1320 531 Alexdâ€™hder.
1336 504 1534 539 E-xpetentibus
1544 510 1571 532 et
1585 505 1799 539 implorantibus

1009 553 1087 574 suam
1099 547 1311 584 Sabandamque
1329 550 1485 578 libertatem
1504 551 1643 585 negabunt
1659 550 1799 578 Sabaudi?

1010 591 1105 628 Usque
1128 601 1229 629 nempe
1242 596 1312 623 adeo
1329 597 1431 625 nobilis
1452 596 1496 624 illa
1520 597 1617 625 Graeca
1634 597 1709 624 natio
1727 598 1799 632 (quae

1009 646 1084 667 nunc
1094 640 1241 677 delitescit)
1257 643 1419 669 servitutem
1435 650 1545 677 semper
1557 643 1703 670 exhorruit
1717 642 1800 678 (pi-2v.

1010 685 1104 712 sertim
1122 686 1317 715 abhorrentem
1337 695 1352 714 a
1374 687 1509 723 Christo),
1525 693 1556 715 ut
1570 695 1632 715 cum
1656 696 1718 715 mox
1740 688 1798 715 suis

1009 730 1123 766 perï¬dis
1141 732 1264 767 tyrannis
1287 733 1389 760 bellum
1406 741 1422 760 a
1437 733 1514 760 vobis
1531 733 1647 768 aliisque
1660 733 1797 761 Christia-

1010 778 1133 806 nissitnis
1156 779 1330 813 principibus
1354 787 1446 815 parari
1469 780 1629 815 conjectura
1645 780 1748 815 capiet,
1762 779 1797 806 ad

1010 831 1039 851 se
1056 825 1180 852 venturis
1200 826 1324 860 pristinae
1340 825 1476 853 libertatis
1494 826 1730 854 restauratoribus
1746 826 1799 853 iter

1011 870 1054 897 vel
1071 869 1145 897 ferro
1161 871 1240 898 vobis
1256 871 1390 905 recludet,
1413 872 1555 903 alimenta,
1573 879 1669 905 naves,
1688 877 1798 907 portus.

1013 915 1220 950 impedimenta,
1238 917 1387 952 stipendia,
1410 917 1536 952 praesidia
1560 922 1661 952 sponte
1677 925 1726 945 sua
1745 918 1798 945 mi-

1012 962 1151 994 nistrabit,
1167 970 1226 989 sese
1242 970 1290 989 sua
1302 967 1401 998 sponte
1421 971 1630 998 quoquoversus
1646 964 1724 998 signa
1738 971 1800 990 ver-

1013 1007 1113 1038 terilis.
1127 1013 1248 1035 vestrum
1261 1009 1311 1036 sub
1326 1009 1472 1043 imperium
1486 1009 1602 1036 missura
1621 1009 1800 1044 parituraque

1011 1053 1085 1080 veris
1098 1053 1206 1088 piisque
1221 1055 1351 1082 dominis.
1368 1056 1401 1083 Et
1413 1063 1447 1083 eo
1461 1055 1573 1090 quidem
1592 1055 1724 1082 libentius
1743 1063 1799 1090 quo

1014 1099 1139 1135 tyrannis
1160 1100 1275 1128 invitius
1292 1101 1452 1137 diutiusque
1477 1102 1602 1129 servivit.
1627 1101 1732 1135 Ecquid
1749 1107 1800 1135 ego

1013 1145 1138 1180 privatus
1156 1153 1206 1180 pro
1230 1151 1328 1174 vestrm
1351 1147 1506 1182 praestantis
1522 1148 1656 1182 prosapiae
1678 1145 1803 1175 commoâ€”

1013 1192 1159 1224 ditatibus,
1175 1200 1225 1228 pro
1239 1198 1350 1221 terreno
1367 1194 1535 1229 requirendo
1547 1194 1676 1229 imperio,
1689 1202 1739 1229 pro
1755 1202 1801 1221 rc-

1013 1238 1140 1273 petendis
1155 1247 1320 1274 proavorum
1331 1240 1445 1268 sedibus
1461 1248 1508 1268 vos
1521 1240 1801 1275 longius'pluribusve

1013 1286 1154 1319 cohorter,
1170 1286 1405 1322 quandoquidem,
1417 1287 1459 1314 vel
1476 1287 1538 1314 istis
1546 1286 1658 1321 quidem
1672 1288 1802 1315 omnibus

1014 1331 1190 1367 posthabitis,
1208 1333 1269 1367 ipsa
1282 1332 1384 1368 quippe
1396 1332 1558 1360 Christiana:
1571 1332 1712 1368 religionis
1727 1333 1801 1360 salus

1013 1386 1047 1406 eo
1069 1387 1118 1407 vos
1139 1387 1194 1414 quo
1214 1379 1344 1414 princeps
1364 1379 1489 1406 Bessario
1505 1384 1600 1407 monet
1619 1381 1726 1414 optimo
1739 1380 1801 1415 jnrc

1014 1425 1160 1453 traducere
1181 1425 1273 1452 debet.
1297 1424 1354 1453 Ilac
1379 1433 1476 1460 nempe
1499 1426 1527 1453 in
1545 1430 1623 1461 parte
1640 1425 1709 1453 nihil
1731 1433 1801 1459 opus

1012 1471 1072 1500 fore
1087 1471 1279 1499 cohortatione
1289 1476 1349 1499 mea
1361 1471 1439 1505 duxi,
1456 1480 1491 1500 ne
1504 1472 1629 1500 fortassis
1643 1477 1690 1500 aut
1706 1481 1803 1508 super-

1013 1523 1100 1543 vacuo
1113 1515 1208 1544 labore
1220 1524 1278 1544 rem
1289 1524 1349 1552 qua:
1361 1525 1390 1545 se
1403 1518 1481 1546 vobis
1494 1518 1606 1547 abunde
1619 1520 1800 1554 persuaserit.

172 1571 235 1594 uter
265 1565 329 1593 illuc
351 1564 478 1593 alicunde
501 1571 593 1600 posset
616 1565 775 1600 emergerel
809 1564 959 1601 llaudqua-
975 1571 997 1601 Î¿
1013 1569 1087 1589 nunc
1105 1562 1163 1597 ipse
1187 1562 1338 1595 intendam,
1356 1568 1403 1591 aut
1416 1572 1510 1599 aquam
1536 1565 1589 1592 sibi
1607 1566 1716 1595 divinus
1735 1567 1802 1595 Bes-

173 1620 256 1648 quam
275 1612 332 1639 illic
348 1611 475 1647 profecto
492 1611 587 1647 stirpis
606 1616 662 1639 suae
679 1618 791 1644 nomen,
809 1612 961 1639 auctorita-

175 1662 240 1690 tem,
264 1657 421 1685 oblitterari
446 1657 558 1685 siierive
583 1661 724 1693 pateretur
740 1666 747 1683 :
765 1657 831 1693 quin
845 1657 879 1684 ad
896 1657 962 1685 istas

174 1707 282 1731 vestras
311 1707 398 1738 usque
424 1703 507 1738 Alpes
532 1703 585 1731 iter
609 1710 624 1730 a
650 1703 755 1732 Graecia
784 1703 859 1731 ferro
882 1703 962 1732 vobis

175 1751 308 1785 aperiret.
323 1750 420 1785 Neque
436 1757 486 1777 vos
502 1750 622 1785 Philippi
642 1754 689 1777 aut
705 1750 855 1777 Alexandri
872 1750 962 1778 deter-

175 1802 236 1824 reat
250 1796 421 1832 magnitudo,
441 1801 570 1832 tanquam
596 1797 782 1832 nequidquam
800 1797 895 1825 conari
916 1797 963 1825 de-

175 1842 279 1874 beatis,
298 1843 372 1877 quod
396 1842 436 1870 illi
460 1842 641 1871 confecerint.
666 1844 724 1870 lmo
746 1851 812 1870 vero
831 1851 893 1870 cum
908 1843 963 1871 illis

175 1888 256 1924 longe
271 1889 349 1916 vobis
362 1889 535 1916 commodior
549 1889 747 1924 bonestiorque
761 1889 826 1916 belli
846 1889 959 1925 gerendi

175 1935 247 1962 ratio
270 1939 323 1961 cst.
350 1934 428 1962 Unus
453 1934 597 1970 Philippus
625 1943 753 1970 unusque
783 1935 961 1963 Alexander:

175 1981 245 2008 alter
258 1980 381 2013 Graeciae,
399 1981 471 2009 alter
488 1981 563 2009 orbis
576 1981 703 2009 civitates
718 1989 814 2008 omnes
832 1989 963 2017 armaque

174 2028 348 2060 constravit;
372 2035 422 2055 vos
443 2033 561 2063 septem,
587 2036 671 2055 unum
690 2032 738 2055 aut
761 2028 890 2061 alterum,
915 2033 963 2055 aut

176 2078 232 2102 tres
245 2074 286 2101 ad'
298 2082 434 2102 summum
456 2074 600 2110 praedones
628 2083 680 2102 non
705 2075 887 2110 exslinguctis
900 2075 963 2102 ?Ab

174 2128 230 2148 uno
258 2121 386 2156 Philippo
419 2128 529 2156 unoque
553 2121 712 2148 Alexandro
744 2129 828 2156 regna
851 2121 961 2157 quidem

173 2166 276 2199 aliena,
298 2167 352 2194 imo
379 2166 414 2194 ab
434 2167 481 2194 illo
507 2175 555 2202 per
580 2167 724 2200 Graaciam,
749 2175 823 2195 nunc
850 2167 884 2194 ab
909 2168 962 2195 hoc

174 2213 254 2249 longe
269 2222 318 2249 per
334 2214 429 2242 orbem
441 2215 555 2250 qua'sita
571 2219 647 2242 sunt.
665 2215 687 2242 A
701 2215 780 2242 vobis
793 2220 884 2243 vestra
902 2217 962 2243 sine

1013 1607 1086 1634 sario
1109 1608 1281 1642 provinciam
1313 1609 1466 1646 delegerit,
1491 1611 1651 1647 optimeque
1670 1608 1800 1648 gesserit,

1012 1653 1126 1683 inermis
1149 1662 1199 1690 ego
1227 1660 1288 1691 post
1307 1656 1382 1684 hunc
1401 1665 1498 1694 gerere
1524 1660 1650 1695 tuerique
1676 1669 1799 1697 pergant.

1011 1700 1079 1728 Nam
1098 1701 1143 1737 (ad
1171 1710 1220 1730 vos
1245 1710 1412 1739 causamque
1437 1705 1511 1740 quod
1535 1706 1645 1743 attinet)
1669 1709 1801 1737 militaria

1013 1748 1127 1783 quidem
1151 1749 1272 1784 insignia
1296 1750 1398 1784 quibus
1415 1759 1507 1786 enses,
1523 1753 1624 1789 clypei,
1648 1756 1802 1791 lvexillaque

1011 1799 1104 1822 vestra
1129 1797 1217 1824 multo
1243 1797 1329 1832 magis
1353 1797 1501 1833 refulgent,
1527 1801 1614 1834 spolia
1640 1807 1716 1834 sunt,
1741 1810 1800 1838 qua:

1012 1840 1199 1871 Christianam
1218 1851 1329 1871 causam
1342 1845 1421 1872 vobis
1436 1846 1607 1881 persuadere
1624 1847 1716 1876 verbis
1733 1848 1802 1877 faci.

1013 1887 1067 1914 lius
1083 1888 1212 1915 omnibus
1229 1893 1366 1923 possunt,
1383 1890 1485 1925 quippe
1501 1899 1563 1926 quae
1579 1899 1694 1927 quartus
1718 1902 1732 1920 a
1751 1895 1803 1922 Bc-

1014 1934 1093 1961 roldo
1105 1939 1203 1961 vestrae
1213 1935 1312 1962 domus
1323 1935 1452 1970 princeps
1462 1935 1600 1964 Amadeus
1610 1937 1712 1966 Christi
1724 1941 1803 1969 victis

1013 1980 1047 2007 ab
1064 1980 1193 2008 hostibus
1214 1982 1325 2008 domutn
1348 1983 1511 2018 reportavit.
1528 1983 1607 2012 Unde
1629 1988 1804 2020 reportavit?
1839 1979 1843 1990 â¸

1013 2026 1115 2061 Utique
1131 2027 1283 2062 reportavit
1298 2035 1313 2054 e
1335 2027 1450 2055 Graecia.
1467 2029 1546 2062 Quod
1563 2030 1585 2057 si
1602 2039 1675 2058 nunc
1693 2039 1741 2060 ore
1756 2041 1802 2060 ro-

1014 2074 1100 2102 tttndo
1116 2081 1269 2109 magnaque
1283 2073 1378 2102 Graeco
1394 2082 1469 2102 more
1481 2081 1644 2105 sonaturum
1660 2078 1802 2107 Bessario-

1014 2130 1077 2150 nem
1098 2126 1203 2150 attente
1226 2121 1317 2157 placet
1335 2121 1444 2154 audire,
1462 2122 1538 2150 ibitis
1553 2124 1669 2158 alacres,
1683 2126 1803 2154 victores

1015 2169 1115 2196 iterum
1128 2168 1277 2195 reversuri.
1293 2168 1347 2196 Sed
1360 2176 1428 2203 quas
1443 2168 1509 2196 huic
1525 2170 1696 2199 homunculo
1707 2177 1801 2199 vestro

1015 2223 1120 2251 suoque
1133 2215 1301 2249 mancipiolo
1321 2215 1428 2243 litteras
1441 2215 1488 2243 ille
1505 2216 1581 2243 reddi
1596 2217 1721 2258 jusserit,
1734 2219 1801 2254 quid

175 2261 319 2295 sanguine,
348 2261 409 2288 sine
427 2261 539 2294 sudore,
561 2262 620 2289 sine
647 2262 843 2290 reclamatione
867 2263 960 2291 dctra-
979 2253 1000 2280 D
1015 2267 1043 2289 et
1056 2261 1160 2297 negotii
1175 2262 1325 2295 mandarit,
1341 2262 1454 2299 jamjam
1472 2264 1565 2292 animo
1580 2264 1700 2300 propitio
1715 2253 1801 2293 bette-

175 2306 299 2334 hentur?
325 2307 377 2335 Unâ€˜i
400 2306 528 2343 Philippo
555 2308 658 2342 unique
681 2308 847 2342 Alexandro,
874 2309 961 2337 milite

1015 2308 1133 2344 voloque
1147 2308 1294 2344 percipite.
