1916 3066
116 131 169 163 ευ
595 130 854 163 BESSARIONIS
872 129 903 161 S.
925 129 961 161 Β.
984 129 1020 161 Ε.
1038 128 1278 161 CARDINALIS
1691 127 1753 161 6η

870 210 1054 219 —-——--—-—

543 286 677 317 REYER
686 284 886 316 ENDISSIMI
906 283 1154 315 CARDINALIS
1178 283 1327 315 NICIENI

634 365 1240 424 BESSARIONIS

355 469 411 500 AD
433 464 781 500 ILLUSTRISSIMOS
796 463 1095 503 INCLYTOSQUE
1115 466 1276 498 lTALl/E
1291 468 1520 500 PRINCIPES

460 543 699 589 CONTRA
738 539 964 584 TUBCAS
1002 539 1433 588 EXHORTATIO.

122 626 222 655 (Romu-
244 632 284 656 ap.
308 623 443 649 Antonium
463 621 578 646 medium
594 616 748 656 MDXXXYll
768 617 837 656 ιιι-ιέ
1110 625 1140 656 .u.
1153 618 1249 656 [2,560.
1272 619 1357 644 Instan
1380 620 1455 644 etiam
1475 621 1600 644 orationes
1613 620 1668 643 alite
1684 620 1748 644 antl-

711 648 811 673 turcica-
826 648 916 672 eodem
931 649 1043 679 tempore
1059 648 1171 681 habits.)

513 776 533 804 Ι.
931 773 954 803 Α
969 773 1153 807 eversionem,
1173 773 1271 802 iitterm
1284 774 1334 803 abs
1350 779 1377 803 te
1390 775 1503 804 redditze
1527 780 1591 803 sunt
1613 775 1639 802 in
1659 775 1761 811 qn'lms

121 829 261 856 BHSSMUO.
279 826 414 862 episcopus
435 823 560 862 Sabinus.
578 821 725 862 currlinalis
739 819 912 862 ‘Nir‘m'nusif-
967 827 1029 846 cum
1046 827 1078 847 ea
1103 819 1230 854 legissem
1256 827 1317 855 qua:
1337 821 1370 848 de
1398 821 1479 856 regie
1499 820 1650 856 maiestatis
1668 821 1762 847 animo

157 856 324 891 tristrissim'is
351 856 428 895 ulun
456 859 563 893 inclytis
583 857 674 884 Italia:
704 856 876 891 principibus.

975 865 1113 901 :titdioquc
1129 873 1183 893 non
1200 866 1333 893 mediocri
1349 866 1381 894 ad
1397 867 1490 894 sedem
1504 865 1607 895 Christi
1619 866 1761 894 tutandam

965 912 1163 947 perscripsisti,
1175 912 1271 949 collegi
1285 912 1427 948 paululum
1441 917 1562 940 mentem
1575 917 1604 940 et
1614 913 1760 947 respiravi,

965 958 1092 993 coepique
1104 963 1201 994 optare
1213 959 1394 987 vehementer
1408 964 1438 987 ut
1450 967 1478 987 re
1491 963 1601 995 pra-stet
1615 959 1688 995 quod
1699 967 1762 987 vcr-

964 1004 1006 1033 bis
1022 1005 1110 1040 ipsum
1128 1006 1290 1041 promisisse
1324 1006 1455 1034 aﬂirmas.
1471 1006 1536 1039 Sed,
1551 1014 1601 1034 nos
1618 1007 1760 1039 infelicest

965 1058 1062 1079 vereor
1076 1058 1110 1079 ne
1125 1051 1287 1079 criminibus
1312 1052 1413 1080 nostris
1434 1052 1468 1080 ab
1482 1051 1629 1080 immortali
1646 1052 1702 1080 Deo
1714 1052 1764 1079 dc-

964 1097 1042 1130 serti,
1070 1098 1227 1126 crudeliora
1254 1102 1386 1133 praeterea
1414 1102 1442 1125 et
1459 1098 1583 1133 graviora
1601 1097 1760 1133 patiamur;

968 1144 1092 1176 demum,
1109 1144 1325 1179 percunctando,
1347 1144 1416 1172 alter
1431 1145 1549 1172 alterum
1564 1144 1761 1179 exspectando,

969 1188 1082 1223 culpatur
1107 1189 1135 1215 in
1155 1189 1226 1216 alios
1253 1189 1415 1224 rejiciendo,
1437 1190 1471 1217 ad
1490 1190 1612 1217 ultimam
1638 1190 1764 1217 labamur

966 1234 1129 1269 perniciem.
1141 1233 1163 1261 Ο
1183 1235 1299 1262 mist-ros
1314 1234 1506 1262 Christianos!
1524 1243 1540 1262 ο
1557 1242 1645 1263 caecos
1660 1235 1760 1262 ltalosl

966 1281 1194 1314 Accelerandum,
1207 1280 1345 1313 Bcssario,
1366 1287 1396 1309 nt
1408 1282 1448 1309 vel
1466 1290 1498 1309 ex
1513 1282 1567 1309 hoc
1581 1281 1683 1309 smculo
1707 1281 1762 1309 Deo

966 1328 1075 1355 volente
1104 1328 1254 1363 migremus
1280 1328 1307 1355 in
1333 1336 1422 1356 :evum
1450 1328 1516 1356 illud
1549 1329 1762 1364 sempitcrtunu,

122 1381 194 1408 miro
224 1378 345 1415 qucdam
366 1377 451 1405 animi
482 1376 575 1404 studio
604 1375 638 1403 ad
669 1375 915 1410 propugnationem
967 1374 1009 1401 vel
1035 1374 1060 1401 in
1086 1374 1167 1401 aliam
1186 1375 1306 1409 aliquam
1332 1375 1472 1410 regionem
1501 1376 1672 1403 advolemns.
1702 1375 1762 1402 Non

119 1426 287 1462 Christiana:
313 1422 375 1452 ﬁdéi
392 1429 420 1451 et
440 1423 632 1450 humanissimi
658 1421 746 1449 hostis
766 1421 852 1449 nostri
874 1421 916 1448 in-
934 1450 955 1462 ἢ
970 1424 1161 1455 exspectemus
1189 1425 1264 1448 certe
1289 1420 1411 1448 Turcum
1441 1421 1546 1448 Italiam
1574 1421 1763 1449 invadi-atem.

120 1458 235 1500 teritum
264 1472 406 1499 ardentem
436 1475 519 1505 atque
545 1468 745 1497 inﬂammatum
769 1476 839 1496 esse.
862 1467 920 1501 illis
934 1450 956 1479 Β
970 1466 1030 1494 lluc
1048 1471 1162 1502 spectat,
1179 1467 1260 1494 crede
1276 1467 1354 1501 mihi,
1372 1467 1424 1495 hoc
1438 1468 1504 1503 agit,
1523 1467 1557 1495 ad
1574 1467 1627 1495 ltoc
1641 1475 1669 1495 se
1686 1475 1765 1495 com-

154 922 223 947 Cutn
246 919 331 947 Nonis
354 916 504 945 Sextilibus
518 935 526 948 ,
553 913 733 942 illustrissimi
762 911 910 947 principes,

120 967 342 995 infelicissimum
358 964 423 991 illud
449 969 549 989 novum
564 961 693 988 Euboicae
711 958 865 987 eversionis
878 957 912 986 ad

121 1021 171 1041 nos
192 1013 312 1048 printum
329 1010 444 1037 :tllalum
459 1009 559 1036 fuisset
577 1006 629 1043 (l),
646 1013 804 1040 essemque,
829 1012 913 1040 supra

120 1066 202 1094 quam
218 1056 272 1084 dici
289 1060 389 1092 potest,
404 1056 497 1083 anitno
511 1054 610 1081 anxius
624 1058 705 1088 atque
720 1052 866 1085 sollicitus,
883 1055 914 1078 ιιι

121 1106 166 1133 vix
181 1103 335 1139 respirandi
360 1110 472 1130 causam
500 1100 609 1128 viderer
637 1099 792 1131 habiturus,
815 1097 913 1125 accidit

120 1152 192 1179 forte
210 1151 319 1178 fortuna
334 1154 364 1177 ut
378 1156 413 1176 eo
435 1148 496 1182 ipso
514 1147 571 1179 die.
589 1145 655 1173 dum
672 1152 762 1173 essem
781 1145 819 1171 ita
845 1143 913 1171 alle-

121 1203 193 1230 ctus,
210 1195 318 1224 abbatis
334 1193 478 1230 cujusdam
494 1193 547 1220 viri
563 1191 661 1228 optimi
683 1191 856 1219 Bessarionis
869 1191 910 1219 lit-

122 1251 197 1272 teras
209 1251 224 1270 a
245 1241 368 1277 Neapoli,
387 1240 433 1268 ubi
451 1247 523 1267 nunc
542 1238 710 1267 monasterio
722 1237 816 1266 Sancti
829 1237 914 1265 Seve-

121 1291 187 1320 tini,
206 1296 239 1315 ex
257 1285 399 1313 consortio
418 1284 504 1312 beata:
519 1284 647 1318 Justinte,
664 1283 822 1318 praefectus.
839 1290 917 1310 accc-

120 1335 221 1370 νει-ιιι»,
237 1333 338 1369 quibus
354 1331 386 1359 ad
408 1339 451 1358 me
466 1330 605 1358 scribebat
621 1330 792 1365 majestatem
813 1329 914 1363 regiam

123 1527 185 1547 intra
201 1518 343 1554 respondi,
360 1523 388 1545 et
406 1522 434 1544 ιιι
448 1516 555 1543 litteras
571 1523 646 1543 meas
658 1514 822 1543 Celsitndini
835 1515 918 1550 regite

123 1566 300 1598 ostenderet,
322 1563 428 1592 monui.
460 1563 532 1591 Duas
559 1567 691 1598 praeterea
709 1562 848 1589 orationes
870 1569 920 1596 pro

124 1618 205 1639 tantm
217 1612 258 1639 rei
275 1610 466 1646 magnitudine
481 1617 513 1636 ac
526 1608 658 1644 periculis
680 1607 846 1635 Christiana:
865 1607 919 1634 rei—

125 1658 242 1693 publica;
270 1655 483 1684 imminentibus
510 1654 582 1682 edidi
606 1663 612 1681 :
635 1653 721 1682 altera
748 1653 921 1680 demonstra-

124 1710 184 1733 tum
201 1709 244 1732 est
270 1703 407 1731 fortunam
426 1701 605 1737 periculaque
623 1700 676 1728 ista
696 1701 729 1727 ad
748 1707 845 1727 omnes
859 1707 921 1734 per-

126 1752 231 1784 littere;
248 1751 333 1777 altera
351 1757 411 1781 vos,
428 1748 512 1775 Italia:
526 1747 678 1783 principes,
694 1747 726 1774 ad
742 1747 919 1774 concordiam

126 1797 286 1830 bellumque
296 1795 323 1822 in
337 1794 431 1821 hostes
444 1792 651 1821 decernendum
666 1792 830 1819 adhortatus
845 1800 919 1819 sum.

124 1840 156 1869 ιιι
170 1841 242 1868 enim
260 1847 322 1867 meo
335 1839 487 1867 convenire
503 1839 593 1866 otlicio
607 1838 712 1874 putavi.
725 1837 760 1865 At
775 1845 838 1865 cum
854 1837 922 1865 faci-

126 1887 181 1915 lius
192 1886 333 1915 auditores
349 1886 509 1922 persuaderi
521 1885 628 1913 soleant
641 1892 697 1921 quo
707 1885 816 1920 gravior
828 1890 920 1912 aucto-

127 1934 195 1961 ritas
210 1937 238 1960 et
258 1932 327 1960 ﬁdes
341 1932 445 1959 dicenti
461 1931 606 1963 tribuitur,
634 1930 839 1964 Demosthenis,
857 1931 919 1966 phi-

128 1978 236 2013 losophi
251 1977 416 2006 nobilissimi
438 1977 596 2012 summique.
615 1976 746 2008 oratoris,
764 1977 919 2003 orationem

127 2031 211 2058 quam
225 2023 253 2050 in
271 2023 332 2059 ejus
347 2022 461 2058 generis
473 2029 555 2049 causa
579 2021 675 2048 habuit
688 2029 703 2048 e
719 2020 812 2049 Graeca
827 2021 920 2055 lingua

128 2071 156 2096 in
175 2069 298 2096 Latinam
317 2067 465 2101 converti,
493 2067 575 2102 plane
597 2071 627 2093 ut
647 2074 743 2094 omnes
768 2066 921 2101 intelligant

971 1517 1059 1548 parat,
1078 1513 1129 1539 ltoc
1147 1518 1247 1541 conatu
1262 1514 1336 1541 omni
1352 1518 1378 1541 et
1393 1513 1485 1541 studio
1500 1514 1652 1542 contendit.
1673 1513 1704 1540 Et
1718 1513 1765 1541 di-

972 1568 1052 1594 cam,
1071 1561 1161 1587 dicam
1186 1561 1282 1595 plane,
1303 1560 1372 1595 proh
1396 1561 1492 1588 dolori
1512 1561 1670 1595 assequitur
1688 1562 1763 1596 quod

972 1608 1058 1642 cupit,
1079 1607 1131 1634 nisi
1146 1616 1160 1635 ε
1178 1615 1276 1634 somno
1294 1606 1422 1642 Capituli,
1439 1615 1494 1642 quo
1515 1607 1646 1643 paulatint
1663 1608 1767 1635 exstin-

973 1655 1088 1690 guitur,
1113 1655 1320 1689 expergiscatur
1344 1653 1397 1690 ise.
1416 1653 1505 1690 italia]
1522 1676 1530 1688 ,
1566 1654 1619 1682 nisi
1648 1662 1766 1682 concors

974 1706 1057 1735 atque
1074 1708 1130 1727 uno
1144 1707 1281 1727 consensu
1298 1699 1408 1727 fortiter
1427 1699 1550 1735 totisque
1562 1700 1670 1727 viribus
1686 1705 1764 1726 tmto

976 1747 1060 1774 furori
1078 1746 1198 1780 resistat,
1219 1746 1271 1774 nisi
1290 1746 1401 1774 omissis
1429 1745 1576 1781 ﬁgmentis,
1591 1747 1683 1773 causis
1696 1753 1766 1781 quas

971 1794 1076 1830 jactare
1102 1794 1182 1827 s-nlet,
1212 1797 1241 1820 ut
1262 1793 1341 1827 justas
1357 1793 1512 1826 videantur.
1527 1793 1600 1820 inani
1616 1793 1766 1820 verborum

974 1840 1048 1873 fuco,
1062 1840 1169 1874 reipsa,
1179 1847 1272 1874 opera,
1285 1839 1380 1873 armis,
1393 1839 1486 1868 crucis
1501 1839 1594 1867 hostes
1609 1840 1765 1869 adoriatur.

974 1885 1140 1915 Versabatur
1156 1885 1221 1912 olim
1247 1886 1275 1912 in
1309 1885 1471 1913 discrimine
1495 1885 1668 1921 Byzantium.
1685 1885 1764 1913 Nulla

974 1933 1058 1962 Italiae
1073 1941 1135 1969 pars
1156 1932 1230 1960 misit
1256 1932 1390 1964 subsidia,
1411 1940 1469 1960 rem
1486 1933 1605 1961 alienam
1632 1934 1767 1968 putabant

974 1989 1085 2014 omnes;
1100 1980 1253 2015 periculum
1267 1980 1299 2007 ad
1315 1987 1344 2008 se
1361 1987 1415 2008 non
1431 1981 1571 2015 pertinere
1586 1980 1655 2008 falso
1671 1981 1768 2008 crede-

974 2026 1051 2054 bant.
1063 2026 1145 2061 Atqui
1155 2030 1248 2061 postea
1258 2031 1405 2054 senserunt
1414 2030 1481 2061 quot
1490 2026 1560 2054 mala
1570 2027 1674 2061 experti
1689 2017 1763 2060 sun’t,

975 2077 1043 2108 quot
1054 2072 1274 2101 Christianorum
1290 2071 1417 2105 fortunat,
1436 2072 1639 2107 opes,impcria
1653 2073 1679 2101 in
1698 2074 1766 2101 Tur-

128 2123 172 2143 me
188 2122 281 2150 neque
296 2113 418 2146 inutilia,
436 2119 526 2148 neque
549 2112 782 2147 amplissimorum
799 2112 921 2139 virorum
936 2128 957 2156 α
975 2127 1070 2148 eorum
1096 2118 1315 2146 dominationem
1336 2118 1464 2152 redacta;
1498 2118 1745 2154 Trapezuntiorum
1757 2143 1764 2153 ,

127 2161 306 2196 opinionibus
320 2161 410 2189 aliena
427 2158 583 2186 consulere.
606 2159 642 2186 Ea
658 2158 751 2185 omnia
770 2159 848 2185 vobis
862 2158 923 2185 mit~

128 2206 211 2234 tend:
228 2206 323 2233 censui
338 2227 345 2238 ,
366 2209 395 2232 ut
411 2209 458 2232 aut
472 2205 524 2240 ipsi
538 2204 645 2239 legatis,
669 2211 733 2230 cum
746 2211 796 2239 per
813 2204 923 2239 publica

126 2253 249 2287 negotia,
260 2260 322 2287 qua:
337 2251 422 2279 multa
436 2251 548 2286 quidem
561 2255 588 2278 et
601 2250 695 2285 gravia
710 2254 787 2282 sunt,
800 2249 922 2283 licuerit,

127 2306 175 2328 aut
195 2300 258 2327 aliis
289 2298 402 2334 legenda
430 2303 513 2332 atque
537 2296 681 2324 referenda
706 2296 831 2324 tradntis.
853 2297 922 2324 Sunt

127 2347 201 2374 enim
221 2346 330 2373 cunctis
350 2344 428 2372 vobis
450 2344 622 2380 principibus
641 2344 798 2371 communia
815 2365 822 2377 ,
850 2344 897 2379 qui
912 2366 919 2378 ,

131 2399 160 2420 nt
182 2392 300 2420 feliciter
319 2392 384 2419 huic
411 2391 589 2419 nobilissimae
609 2391 758 2425 provincia:
784 2391 920 2426 prmestis,

129 2440 166 2466 ita
186 2440 212 2466 in
234 2443 376 2474 posterum
397 2438 505 2465 felicius
521 2444 582 2464 eam
599 2437 711 2472 rogatis,
739 2442 767 2464 et
781 2445 831 2464 nos
844 2442 923 2473 opta-

129 2493 200 2519 mus,
219 2489 247 2513 ct
265 2493 312 2513 vos
329 2484 424 2512 cortari
448 2483 568 2511 debetis.

130 2588 259 2617 Bsssamo
270 2588 416 2616 cardinaltt
428 2588 587 2649 Bcsspmost
603 2587 730 2615 monac/to
742 2593 821 2622 atque
833 2588 922 2615 abbati

465 2632 493 2649 9n
509 2628 589 2649 utem.

465 2628 589 2650 virtutem.

168 2669 326 2705 Deploranti
351 2678 439 2706 nuper
454 2669 523 2697 mihi
542 2669 764 2697 Christianorum
781 2668 922 2696 hominum

130 2716 305 2745 calamitates
332 2722 361 2745 et
388 2717 596 2745 acerbissimam
627 2715 767 2744 Chalcidis
795 2716 925 2743 Euboicae

166 2784 205 2818 (Ι)
224 2784 330 2812 Aunoa
361 2785 465 2812 mundo
494 2784 607 2812 condito
629 2784 699 2811 G978
729 2783 805 2819 (Chr.
837 2783 921 2819 H70)

130 2820 257 2847 lultanus
276 2821 377 2847 bellum
403 2821 515 2847 Venetis
535 2822 610 2852 Iecit,
630 2825 703 2846 terra
730 2821 855 2853 marique
874 2828 924 2854 ng-

132 2862 253 2890 gressus.
271 2855 444 2890 Expugnavit
458 2855 616 2883 Chalcidem
634 2855 757 2887 Euboan,
774 2854 819 2881 ubi
840 2855 923 2890 quid-

977 2165 1183 2200 SEuopensiunr,
1202 2164 1406 2200 Mitylenorum,
1422 2163 1703 2200 Peloponuesiorum,
1716 2167 1768 2195 Ca-

978 2211 1034 2244 riae,
1054 2210 1168 2243 Cilicite,
1189 2209 1279 2245 Mysize
1295 2231 1302 2243 ,
1324 2208 1472 2237 Pannoniae
1498 2210 1648 2245 inferioris,
1673 2213 1768 2247 Epiro-

979 2262 1078 2290 tarum,
1097 2256 1270 2291 Illyricorum
1287 2262 1385 2290 rnagna
1400 2263 1432 2283 ex
1451 2260 1540 2291 parte,
1553 2262 1694 2292 postremo
1709 2258 1767 2286 Eu-

978 2303 1132 2330 bo‘cornm.
1147 2301 1219 2334 Quid
1236 2300 1293 2328 ita?
1308 2300 1378 2334 Quia
1402 2302 1551 2330 noluerunt
1569 2303 1768 2339 quinquaginta

977 2348 1263 2385 millium_aureorum
1290 2351 1403 2381 sumptu
1431 2346 1458 2374 iu
1486 2351 1608 2382 tempore
1640 2349 1767 2383 opitulari

977 2393 1106 2429 Byzantio
1124 2396 1152 2420 et
1171 2391 1206 2419 ab
1225 2399 1255 2418 ea
1274 2398 1451 2419 communem
1471 2392 1580 2420 hostem
1595 2394 1768 2429 propulsare.

977 2440 1044 2466 lude
1064 2439 1194 2465 nimirum
1215 2438 1274 2465 hanc
1293 2438 1386 2465 omnia
1415 2439 1490 2467 ivere
1523 2440 1662 2474 perditum
1683 2459 1691 2472 .
1728 2446 1767 2475 et,

978 2491 1106 2519 tanquam
1127 2483 1210 2511 erilis
1236 2483 1343 2511 foribus
1363 2485 1531 2518 confractis,
1553 2485 1634 2521 lupus
1655 2487 1681 2513 in
1703 2494 1769 2515 oves

979 2532 1111 2566 impetum
1138 2529 1224 2562 fecit;
1246 2531 1318 2558 intra
1338 2538 1433 2558 earnm
1453 2531 1537 2558 latera
1558 2538 1702 2566 versatur,
1725 2534 1770 2561 in-

978 2578 1080 2611 sultat,
1102 2577 1225 2604 caedibus
1246 2577 1322 2610 furit,
1345 2582 1374 2605 et
1402 2582 1458 2604 tum
1479 2585 1575 2606 corunt
1594 2587 1656 2615 qua:
1676 2581 1770 2608 amisi-

978 2632 1039 2652 tntts
1059 2623 1278 2658 unumquodque
1304 2623 1409 2651 centies
1434 2624 1552 2652 millenis
1571 2626 1693 2654 millibus
1714 2635 1768 2656 non

978 2670 1167 2705 imprudenter
1185 2674 1336 2704 emeretur,
1360 2670 1415 2698 imo
1435 2680 1500 2699 vero
1521 2680 1638 2701 numero
1661 2675 1770 2702 infinito

979 2716 1180 2752 quinquaginta
1196 2715 1280 2743 millia
1297 2722 1420 2752 superat.
1437 2718 1506 2752 Quid
1525 2720 1605 2748 nobis
1617 2728 1680 2749 cum
1695 2721 1771 2750 Grre-

978 2783 1044 2819 quid
1057 2783 1202 2820 masculini
1230 2791 1312 2812 sexus
1340 2785 1535 2815 duodecimum
1556 2790 1644 2817 aetatis
1665 2798 1770 2820 annum

978 2819 1116 2858 excedetg
1128 2820 1353 2858 erat,_jttterfecit
1370 2828 1482 2858 propter
1494 2824 1664 2853 deditionem
1690 2819 1772 2855 reeué

979 2861 1077 2882 satam.
1093 2853 1306 2890 Turre-Gracia,
1323 2863 1351 2891 p.
