1916 3066
157 155 213 187 6i9.

678 157 729 187 ΟΒ
735 156 898 187 ATIONES
917 157 1067 189 CONTRA
1086 159 1244 190 TURCAS.

1726 158 1780 190 650

157 213 208 246 cis,
226 212 292 247 quid
318 219 381 240 cum
401 213 504 249 Mysiis.
529 213 654 248 Illyricis,
675 206 873 243 Pannonibus?
890 214 945 242 ~l’e—
958 217 983 246 Α
996 216 1078 244 nibus
1093 218 1139 252 qui
1164 217 1282 253 privatis
1298 217 1397 245 studiis
1414 221 1442 244 et
1469 216 1615 245 aﬂ‘eetibus
1643 218 1722 245 vacui
1739 226 1785 245 u-

158 264 249 292 reant,
269 258 414 293 inquiunt,
436 259 502 294 quid
522 259 622 287 nobis?
649 259 735 287 Nobis
753 260 822 287 bene
838 260 885 293 sit,
903 261 946 287 in-

159 308 266 333 tereant
282 305 340 333 alii.
362 305 421 332 llue
436 305 511 338 ades,
530 305 603 333 bone
630 305 683 337 vir,
702 305 738 332 ita
757 305 898 340 siquidem
916 305 950 332 li-

158 352 252 379 bertas
271 354 318 378 tua
336 351 444 378 servari
471 351 584 385 poterit.
614 350 650 378 At
668 358 723 378 non
743 350 878 386 intelligis
895 351 950 378 tuis

157 397 262 424 viribus
277 396 343 431 (tuze
355 396 427 423 enim
442 395 664 424 Christianorum
680 397 755 424 vires
770 398 860 431 sunt),
884 398 949 430 tuis,

160 443 285 477 inquam,
303 441 446 469 exhaustis
470 441 577 469 viribus
600 446 677 469 tanto
694 446 719 469 te
740 442 950 470 imbecilliorem

158 493 186 516 et
198 488 357 515 inferiorem
376 486 444 518 fore,
458 491 562 522 quanto
577 486 664 515 hostis
679 492 743 515 tuus
770 488 899 522 superior
917 496 950 516 ac

159 535 297 571 potentior
315 534 421 567 evadet,
433 541 496 561 cum
508 540 564 568 quo
583 533 693 561 tandem
702 535 752 562 tibi
764 534 949 562 dimicandum

160 585 211 609 est.
234 580 308 608 Salis
325 580 399 607 enim
420 579 560 607 videberis
581 579 615 607 ab
640 580 719 608 hoste
739 580 915 615 impetrasse,
929 581 951 609 si

161 627 235 663 quod
263 626 449 661 Polyphemus
469 625 569 661 Ulyssi,
582 630 612 652 ut
631 626 659 653 in
678 625 779 653 fabulis
790 626 909 658 dederit,
923 631 953 654 ut

161 673 274 701 ultimus
293 671 518 699 conficiare.Ttbi
543 672 583 699 vel
595 671 683 699 invito
697 671 847 699 cedendum
860 672 914 699 erit
925 676 953 700 et

163 719 282 747 servitus
314 717 468 750 subeunda,
488 725 550 751 quae
579 725 640 745 cum
667 725 716 752 per
734 725 763 744 se
782 717 871 752 turpis
899 717 951 751 sit,

165 770 222 791 tum
249 763 409 791 tonditione
429 762 532 789 domini
551 762 854 797 turpissimaJ‘Obsessa
872 762 954 791 Chal-

163 810 204 837 cis
225 810 251 836 in
275 809 388 841 Euhcea,
410 808 478 835 urbs
497 808 634 843 quondam
655 808 859 841 ﬂorentissima,
882 809 954 835 unde

164 856 265 883 Cumas
296 855 322 881 in
354 853 502 888 Campania
528 854 645 881 deducta
664 858 707 882 est
734 854 854 886 colonia,
876 854 948 881 unde

165 901 290 930 homines
310 905 457 928 manarunt
476 901 523 934 qui
544 900 684 935 Neapolim
704 900 896 932 incoluerunt,
921 899 947 927 vi

167 952 255 982 rapta,
277 955 372 975 eversa
387 967 395 979 ,
416 947 490 975 ferro
510 947 624 982 ignique
656 951 829 981 consumpta.
852 945 955 973 Classis

168 993 318 1021 Turcorum
346 993 511 1027 amplissima
541 1001 589 1027 per
624 996 711 1019 totunt
745 991 954 1026 Hellespontum

165 1043 306 1073 vagatur;
351 1039 460 1074 fugatus
495 1038 598 1066 navalis
618 1037 785 1065 Venetorum
815 1038 957 1065 exercitus

160 1085 270 1120 aufugit
285 1105 293 1117 ,
322 1085 396 1112 cetlit
429 1084 490 1112 loco
507 1105 515 1117 ,
549 1084 647 1112 latitat.
668 1084 750 1112 Turci
775 1084 896 1111 victoria
915 1084 957 1112 fu-

168 1139 259 1158 rorem
279 1130 509 1166 superbissimum
538 1131 565 1158 in
592 1137 692 1157 omnes
715 1130 819 1158 insulas
837 1130 898 1158 illas
913 1131 958 1158 de-

169 1177 356 1210 bacchantur,
382 1181 508 1204 avertunt
539 1183 649 1204 omnem
677 1175 814 1209 ordinem,
837 1180 956 1210 aetatem,

169 1230 264 1249 sexum
293 1222 320 1249 in
341 1222 477 1257 praedam;
497 1226 605 1249 vastant
627 1229 725 1257 agros,
743 1220 956 1256 depopulantur.

170 1268 240 1302 Quid
263 1268 297 1295 ad
327 1268 396 1295 nos?
423 1267 533 1295 Venetis
561 1275 636 1295 cura:
659 1268 705 1295 sit.
732 1267 817 1295 Recte
836 1275 899 1296 cum
924 1268 960 1295 iis

169 1319 274 1342 actum.
286 1314 357 1342 Utile
366 1314 440 1341 enim
453 1318 536 1346 esset,
557 1313 579 1342 si
593 1314 766 1349 gravioribus
778 1313 960 1342 incommodis

171 1360 397 1388 conflictarentur
415 1369 422 1387 :
439 1359 561 1394 quietius
583 1359 675 1387 eaateri
691 1364 719 1387 et
741 1359 867 1387 securius
884 1361 960 1387 vive-

173 1410 277 1434 remus:
292 1407 410 1434 Tantum
431 1407 489 1435 otio
505 1411 599 1434 nostro
622 1408 730 1435 accedit
753 1413 888 1443 quantum
904 1408 961 1436 illis

171 1453 280 1485 imperii
306 1453 447 1487 demitur;
468 1455 489 1481 si
520 1454 581 1489 quis
595 1454 642 1490 qui
665 1455 744 1482 malis
759 1454 817 1482 istis
845 1454 961 1490 ingemi-

172 1504 242 1528 scat.
259 1499 284 1526 is
300 1500 433 1532 Venetus,
459 1501 626 1528 Venetorum
643 1501 768 1535 partibus
796 1500 878 1533 favet,
906 1509 961 1528 non

174 1546 343 1578 audiendus,
362 1547 596 1574 contemnendus.
627 1546 650 1574 Ο
679 1551 788 1582 turpem
815 1547 995 1589 hominumc

175 1592 370 1627 ignorantiam,
392 1600 409 1620 ο
436 1593 604 1626 vecordiam,
620 1600 635 1620 0
647 1593 804 1621 insanabile
821 1592 926 1625 odium,
943 1601 960 1621 ο

176 1643 339 1670 inimicitias
365 1643 464 1671 stultas
481 1647 508 1670 et
525 1643 665 1671 inauditas
696 1650 757 1673 quae
771 1643 797 1670 in
815 1648 960 1670 auctorum

175 1687 281 1715 viscera
294 1689 420 1721 steviunt,
434 1691 561 1723 quamvis
574 1688 600 1715 in
614 1688 684 1715 alios
698 1693 834 1722 susceptae
849 1688 962 1715 videan~

176 1734 240 1761 turl
260 1733 338 1765 Veni,
353 1733 490 1767 Bessan-io,
507 1734 645 1770 fugiamus
659 1733 751 1762 simul.
768 1734 912 1762 Proximus
934 1740 961 1762 tu

179 1787 211 1807 es
226 1779 348 1814 periculo
364 1788 371 1806 τ
388 1787 439 1814 ego
455 1780 608 1814 proximus.
625 1780 710 1807 Paulo
725 1781 798 1808 enim
817 1786 878 1816 post
893 1789 961 1816 prie-

179 1829 223 1852 sto
239 1825 294 1852 erit
315 1825 464 1852 Brundusii
493 1825 600 1853 navalis
627 1825 781 1853 Turcorum
812 1829 964 1860 exercitus,

180 1874 281 1905 prmsto
298 1870 424 1905 Neapoli,
442 1875 542 1905 przesto
566 1870 668 1898 Romae.
686 1871 745 1898 Jam
774 1870 810 1899 ita
831 1872 899 1899 mari
916 1872 966 1900 do-

181 1916 313 1948 minatur,
332 1915 443 1944 Venetis
456 1916 628 1949 cedentibus,
649 1917 882 1952 quemadmodum
911 1923 967 1945 ter-

183 1971 224 1990 ra.
239 1963 277 1990 lta
305 1963 365 1991 istis
379 1963 607 1995 consultantibus,
636 1963 772 1999 trajicient
790 1965 817 1991 in
838 1964 966 1999 Apuliam

182 2010 269 2038 multa
298 2009 419 2037 militum
437 2010 534 2042 millia,
554 2010 655 2045 quibus
681 2009 844 2043 abundant;
875 2010 910 2037 ab
935 2010 970 2038 iis

185 2057 311 2092 quotidie
322 2057 387 2084 ﬂent
403 2057 576 2085 incursiones
592 2056 619 2083 in
633 2063 729 2092 agrum
743 2055 968 2092 Neapolitanum,

185 2104 212 2132 iu
226 2105 392 2132 Romanum.
409 2102 556 2136 Cedamus,
571 2103 697 2138 inquam,
715 2107 792 2131 tanto
804 2103 919 2136 turbini,
935 2111 971 2131 ne

185 2159 237 2179 nos
254 2151 358 2186 pariter
373 2149 418 2177 hic
436 2152 590 2185 opprimat;
610 2149 710 2177 infensi
724 2149 763 2177 illi
777 2150 889 2185 quidem
906 2154 972 2178 sunt

186 2197 295 2225 nemini
313 2204 385 2229 meo,
401 2200 428 2224 et
444 2196 493 2224 tibi
508 2200 622 2231 propter
638 2203 693 2227 me,
709 2196 817 2224 tametsi
833 2196 910 2224 nullo
923 2203 972 2223 eos

1004 268 1078 296 sent,
1096 271 1127 291 ea
1144 264 1236 292 omnia
1257 265 1345 300 palam
1365 269 1446 291 erant
1461 269 1489 291 et
1516 264 1543 291 itt
1558 269 1695 299 promptu.
1713 264 1783 292 Tum

999 307 1088 335 sibilis
1102 308 1186 344 vulgi,
1205 309 1383 337 honestorum
1401 309 1526 337 moribus
1539 309 1719 344 expludcbar.
1736 307 1784 337 Ju-

999 353 1128 382 dicabant
1147 354 1316 388 dementem,
1339 355 1455 382 somniis
1469 355 1602 382 deditum.
1635 355 1719 383 Risus
1747 354 1782 383 ds

1000 406 1044 426 me
1075 407 1130 426 non
1157 407 1268 434 parvus,
1285 405 1315 427 ut
1346 401 1410 434 scis,
1434 401 1581 428 excitatus.
1599 400 1651 428 Sed
1672 405 1784 432 tamen.

1001 442 1069 477 proli
1087 442 1180 469 dolori
1205 447 1362 471 evenerunt
1370 445 1472 477 omnia,
1481 450 1510 471 nt
1519 445 1641 479 praedixi.
1650 445 1785 477 Caveant,

1001 488 1049 523 qui
1068 489 1126 516 hac
1140 489 1268 522 audiunt,
1286 497 1319 517 ne
1335 489 1407 517 idern
1434 490 1543 518 accidat
1573 491 1601 518 in
1631 496 1785 526 posterum.

1001 533 1061 567 Non
1077 534 1190 562 timidus
1207 535 1333 563 Bessario
1348 535 1374 562 in
1391 536 1543 564 subeundis
1565 537 1696 570 periculis
1721 546 1728 564 :
1754 538 1789 565 ti-

1002 579 1093 606 midus
1111 580 1137 606 in
1152 580 1362 615 prospiciendis.
1381 580 1475 608 Posset
1491 581 1580 608 adhuc
1593 581 1719 613 inermis,
1732 590 1790 609 mo-

1003 624 1109 652 nachus
1123 632 1219 657 senex,
1234 626 1367 661 majorem
1383 627 1506 654 animutn
1515 630 1547 654 et
1561 634 1617 663 prae
1629 635 1659 655 se
1675 627 1748 655 ferre
1761 631 1790 655 et

1003 675 1146 706 praestare,
1173 679 1258 705 quam
1280 671 1325 699 isti
1354 680 1518 707 persuasum
1548 673 1679 707 habeant,
1706 673 1790 700 modo

1002 716 1154 745 Christiani
1172 717 1313 753 principes
1327 718 1431 746 vellent
1457 718 1547 746 facere
1571 719 1644 752 quod
1661 724 1789 754 possunt,

1004 762 1077 797 quod
1101 762 1212 791 debent.
1232 763 1286 791 Iret
1307 763 1366 798 ipsc
1382 764 1408 791 in
1437 764 1543 792 hostem
1569 772 1631 792 cm
1647 764 1791 796 militibus.

1005 816 1068 836 cum
1098 809 1261 838 eohorlibtts
1291 810 1417 842 armatis,
1444 818 1507 838 cum
1539 810 1792 846 propugnatoribus

1006 855 1100 883 crucis
1116 855 1153 882 ita
1168 855 1281 890 quidem
1296 855 1454 887 instructis.
1471 860 1500 883 ut
1514 855 1587 884 vires
1601 862 1630 884 et
1645 856 1745 891 copiae,
1761 860 1792 883 ut

1007 902 1129 938 legiones
1145 901 1263 929 hostiles
1275 902 1427 936 postulant.
1452 901 1521 935 Quid
1534 903 1541 929 l
1554 902 1727 937 agitamusue
1739 901 1791 929 ista

1007 947 1100 975 animo
1120 947 1229 975 cunctis
1244 947 1277 975 ad
1292 947 1344 975 hoc
1359 947 1573 980 dormientibus,
1589 947 1793 975 dissidentibus

1007 993 1080 1020 inter
1095 1000 1169 1023 sese,
1194 992 1281 1020 altero
1299 993 1416 1020 alterius
1453 992 1603 1027 perniciem
1634 993 1794 1027 optantibus

1007 1043 1035 1066 et
1051 1038 1250 1066 molientibus?
1287 1038 1401 1066 Undeue
1418 1038 1544 1066 Bessario
1559 1045 1621 1066 eum
1639 1038 1736 1070 altero,
1748 1046 1794 1067 ss-

1008 1091 1058 1112 ues
1072 1085 1164 1117 ambo,
1185 1085 1289 1112 incerta
1307 1083 1477 1116 valetudine,
1495 1084 1603 1113 viribus
1629 1085 1721 1116 fracti.
1747 1092 1794 1112 ar-

1008 1130 1113 1158 ccbunt
1129 1135 1235 1158 tantutn
1256 1129 1340 1158 Turci
1360 1131 1492 1165 impetttm
1512 1130 1709 1165 potentissimi,
1725 1138 1791 1159 san-

1009 1176 1121 1213 guinem
1137 1175 1327 1204 Christianum
1356 1176 1534 1204 anhelantis?
1559 1176 1698 1211 ineptum,
1726 1176 1795 1204 stul-

1011 1230 1079 1258 tum,
1095 1224 1204 1252 inutile.
1220 1223 1299 1254 Veni,
1325 1222 1475 1257 migremus
1501 1222 1566 1249 alio.
1597 1222 1796 1257 Relinquamus

1010 1268 1183 1304 principibus
1208 1268 1292 1295 Italia:
1310 1275 1404 1295 curam
1419 1268 1509 1296 istam.
1529 1267 1594 1295 Nam
1609 1272 1637 1295 et
1663 1267 1702 1295 illi
1734 1275 1785 1295 nos

1011 1315 1197 1350 reliquerunt,
1212 1319 1294 1349 atque
1309 1307 1462 1341 obaudiunt
1477 1313 1594 1348 jamdiu,
1616 1319 1747 1348 tanquam
1778 1320 1795 1341 ο

1011 1361 1125 1395 speculo
1140 1360 1305 1391 clamantes,
1322 1359 1516 1394 praedicentes,
1531 1362 1693 1394 proponentc
1704 1365 1718 1386 s
1731 1363 1798 1385 ante

1012 1406 1107 1433 oculos
1123 1413 1221 1440 eorum
1239 1405 1375 1440 pericula.
1393 1404 1527 1440 Optemus
1547 1409 1637 1432 tatuen
1657 1402 1749 1430 adhuc
1762 1403 1798 1431 ab

1012 1452 1161 1479 immortali
1191 1452 1247 1479 Deo
1274 1451 1417 1480 Salvatore
1445 1455 1551 1481 nostro,
1578 1454 1608 1476 ut
1631 1447 1800 1478 criminibus

1014 1498 1119 1526 nostris
1136 1498 1276 1533 ignoscat;
1293 1501 1320 1525 et
1339 1496 1431 1529 fidem,
1447 1496 1526 1532 cujus
1554 1501 1583 1523 et
1610 1490 1683 1523 la'tor
1700 1493 1752 1522 fuit
1770 1498 1798 1522 et

1013 1548 1119 1577 auctur,
1134 1551 1215 1578 quam
1231 1543 1265 1570 ad
1279 1543 1444 1570 saeculorum
1469 1541 1550 1569 finem
1566 1548 1705 1577 nunquam
1721 1547 1800 1568 occa-

1015 1598 1107 1619 suram
1125 1591 1266 1626 pollicitus
1285 1590 1313 1618 in
1340 1590 1422 1618 tantis
1447 1590 1612 1625 malis.quae
1641 1588 1721 1617 nobis
1750 1589 1803 1617 itu—

1015 1637 1145 1672 pendent,
1164 1641 1222 1664 tum
1241 1641 1351 1672 urgent,
1367 1641 1488 1664 ttteatur.
1510 1636 1570 1664 Non
1586 1635 1802 1664 intermittamus

1015 1684 1119 1711 hortari
1133 1687 1160 1711 et
1175 1691 1270 1719 rogare
1283 1683 1419 1718 principes
1430 1686 1549 1715 nostros,
1561 1686 1590 1709 ut
1602 1681 1635 1709 ad
1648 1688 1802 1711 sacrorum.

1015 1729 1255 1760 cmrcmoniarnm,
1272 1728 1358 1756 totius
1376 1727 1546 1763 principatus
1562 1726 1743 1755 ecclesiastici
1760 1734 1804 1754 sa—

1019 1774 1119 1807 lutem,
1135 1775 1251 1803 consilia
1279 1774 1371 1802 omnia
1392 1773 1546 1807 conferant,
1564 1773 1699 1806 laborem,
1724 1772 1806 1800 indu-

1023 1821 1131 1854 striam,
1150 1820 1356 1857 cogitationem,
1372 1824 1459 1847 tolum
1486 1819 1608 1847 animum
1623 1823 1705 1854 atque
1732 1819 1809 1854 inge-

1019 1866 1107 1893 ttium.
1136 1865 1313 1901 Appellamus
1329 1864 1436 1892 Siciliae
1454 1872 1545 1899 regem
1570 1863 1806 1895 ﬂorentissimum.

1021 1920 1150 1948 rogemus
1164 1917 1205 1945 ut,
1219 1912 1328 1947 imperii
1343 1912 1385 1939 sui
1425 1911 1526 1938 finibus
1557 1909 1691 1943 tutandis,
1719 1917 1809 1945 neque

1022 1968 1098 1993 cura,
1115 1967 1206 1995 neque
1223 1959 1324 1994 opibus
1337 1959 1418 1986 desit.
1445 1958 1499 1985 Res
1515 1958 1568 1993 ipsi
1584 1956 1637 1985 erit
1652 1965 1715 1986 cum
1729 1957 1811 1986 hoste

1021 2007 1115 2034 vicino
1129 2010 1157 2033 et
1187 2005 1392 2040 potentissimo.
1408 2003 1559 2032 Cousulant
1578 2002 1734 2031 rebussuis
1754 2002 1811 2034 Tu-

1024 2052 1075 2085 sci,
1089 2051 1215 2087 Ligures,
1227 2050 1368 2081 lnsubres,
1384 2048 1481 2076 Veneti
1495 2058 1502 2076 :
1517 2049 1640 2084 cogitent
1655 2055 1709 2083 quo
1730 2053 1812 2082 pacto

1025 2098 1059 2126 ab
1070 2097 1164 2125 hostili
1180 2096 1284 2124 szevitia
1297 2095 1350 2123 tuti
1367 2094 1433 2122 sint.
1450 2094 1531 2123 Nulla
1551 2095 1626 2122 inter
1639 2101 1706 2122 oves
1718 2099 1747 2122 et
1767 2094 1812 2121 lu-

1025 2151 1076 2180 pos
1089 2144 1187 2179 gratia.
1196 2142 1308 2171 Nullum
1323 2142 1396 2169 inter
1407 2141 1537 2177 profanos
1553 2141 1680 2168 homines
1692 2145 1721 2168 et
1731 2140 1814 2168 Citri-

1026 2190 1131 2218 stianos
1145 2189 1190 2224 jus
1207 2188 1347 2216 amicitias.
1363 2187 1423 2218 Non
1448 2186 1541 2219 donis,
1561 2195 1617 2214 non
1646 2187 1812 2214 muneribus

187 2251 306 2278 unquam
325 2242 404 2271 affeei
422 2242 598 2269 incommodo
615 2247 662 2269 aut
676 2242 813 2274 lacessivi,
828 2250 883 2270 non
907 2249 973 2270 sane
987 2236 1015 2267 D
1028 2241 1142 2273 pacatur
1157 2235 1245 2263 hastis
1271 2235 1409 2266 immanis,
1427 2233 1572 2262 barbarus.
1593 2232 1673 2260 Nulla
1702 2232 1816 2261 frederis

189 2291 253 2326 quia
275 2287 425 2321 noluerim,
440 2288 486 2316 setl
504 2288 576 2323 quod
595 2296 648 2315 non
664 2289 752 2323 potui.
771 2288 894 2316 Locutus
910 2284 974 2316 sum

188 2337 285 2367 multa.
305 2343 367 2364 cum
385 2335 463 2368 alibi,
481 2339 540 2362 tum
559 2334 586 2361 in
599 2340 706 2362 senatu.
718 2334 866 2369 Nunquam
879 2334 976 2362 destiti

190 2383 319 2416 suadere,
334 2389 458 2412 monere.
474 2379 634 2416 praedicere,
665 2388 773 2415 rogare.
794 2381 855 2409 Non
887 2381 978 2409 defuit

192 2430 330 2461 voluntas,
350 2436 411 2463 qua».
430 2427 622 2465 inimicissima
639 2427 714 2459 illis;
733 2426 804 2454 hanc
818 2426 921 2454 acriter
936 2427 978 2455 ul-

193 2476 341 2504 ciscentur.
359 2474 439 2503 Veni,
456 2473 553 2501 demus
568 2473 660 2499 louum
689 2473 746 2500 iraa.

231 2522 335 2550 Delirat
355 2519 492 2552 Bessario,
507 2519 623 2550 insanit,
638 2526 732 2549 senex.
749 2518 879 2553 frigidus,
906 2518 981 2546 timi-

194 2570 257 2597 dus.
273 2567 410 2599 Profecto,
427 2566 463 2593 nti
479 2565 614 2597 Bessario,
644 2572 696 2591 non
715 2565 817 2592 insanit
843 2565 979 2592 Bessario.

195 2615 236 2642 Tu
252 2623 282 2642 es
300 2613 367 2640 mihi
382 2612 469 2642 testis,
481 2619 542 2638 cum
556 2609 686 2638 Bononiae
701 2617 837 2641 essemus,
852 2614 880 2636 et
892 2609 983 2636 adhuc

196 2661 335 2689 pascha]:
353 2657 564 2690 nuncupareris.
581 2662 665 2691 atque
690 2656 788 2683 allatus
803 2661 878 2683 esset
894 2655 984 2683 infeli-

197 2706 326 2733 cissimus
340 2704 386 2732 ille
398 2703 432 2731 de
444 2702 522 2730 urbis
541 2702 700 2736 Byzantina:
715 2700 826 2728 excidio
855 2701 982 2734 nuntius,

197 2760 230 2779 ra
244 2751 348 2784 omnia,
370 2757 429 2786 quae
445 2753 538 2785 postea
556 2752 704 2776 consecuta
721 2752 798 2779 sunt,
817 2755 861 2774 nte
891 2747 984 2774 futura

200 2798 369 2834 praedixisse,
385 2804 438 2823 non
453 2803 486 2822 ea
504 2802 569 2822 sane
585 2795 617 2821 de
632 2789 725 2825 eausa’,
742 2793 816 2828 quod
851 2793 893 2820 vel
920 2801 986 2828 pru.

201 2845 292 2873 tientia
308 2843 467 2874 excellenti,
496 2841 538 2869 vel
561 2840 743 2868 divinationis
770 2839 866 2868 furore
893 2839 987 2874 aliquo

203 2892 372 2927 despicerent
388 2897 448 2925 qua:
462 2888 509 2916 alii
525 2896 579 2916 non
592 2891 758 2920 cernerent;
778 2887 824 2915 scd
839 2886 913 2922 quod
927 2894 986 2914 ont-

1027 2283 1159 2318 religione
1177 2286 1285 2310 tenetur
1301 2280 1433 2316 perﬁdus,
1450 2287 1505 2309 non
1517 2284 1642 2307 movetur
1654 2279 1816 2306 misericor-

1028 2328 1073 2356 dia
1090 2327 1312 2356 crudelissinnts.
1342 2326 1493 2358 Dominari,
1522 2332 1651 2360 prmesse,
1678 2324 1816 2359 imperare

1029 2374 1124 2409 cupit;
1143 2380 1242 2400 cruore
1258 2376 1286 2400 et
1303 2372 1412 2399 damma
1429 2376 1529 2398 cuncta
1551 2370 1642 2397 delere
1660 2370 1729 2399 vult.
1746 2369 1816 2397 Sub-

1026 2421 1122 2457 jugare
1134 2419 1187 2448 sibi
1200 2422 1315 2447 cunctos
1328 2418 1430 2446 studet.
1456 2416 1524 2449 Quis
1536 2416 1613 2446 illum
1632 2423 1647 2442 a
1666 2420 1741 2445 tanta
1773 2415 1817 2441 vi-

1030 2468 1124 2495 ctorim
1139 2474 1220 2494 cursu
1238 2464 1408 2493 retartlabit?
1424 2463 1581 2497 Peragrabit
1602 2466 1689 2492 totum
1717 2461 1818 2490 Sicilia;

1030 2520 1156 2549 regnum.
1173 2513 1288 2540 Romam
1305 2519 1392 2546 usque
1410 2509 1568 2546 perveniet.
1585 2508 1652 2543 Quis
1667 2508 1719 2535 erit
1734 2508 1820 2543 impe-

1033 2559 1178 2587 dimento?
1198 2557 1403 2596 llyperluoreine
1430 2554 1542 2590 populi,
1569 2558 1597 2581 et
1611 2557 1708 2589 gentes
1725 2561 1819 2581 remo-

1033 2605 1166 2633 tissimae?
1183 2605 1217 2632 At
1234 2603 1295 2637 illis,
1305 2608 1359 2630 tam
1372 2601 1464 2629 nullus
1482 2600 1581 2629 harutn
1599 2607 1690 2628 rerum
1709 2606 1819 2630 sensus.

1035 2659 1116 2686 quam
1132 2650 1221 2678 ollicio
1242 2649 1363 2676 alienum
1380 2652 1477 2683 putant
1490 2654 1539 2682 pro
1556 2647 1644 2674 aliena
1658 2645 1748 2672 salute
1761 2651 1822 2670 sese

1035 2698 1062 2725 in
1079 2696 1230 2725 discrimen
1248 2694 1362 2730 olferre.
1379 2693 1496 2725 Galliae,
1528 2691 1664 2724 Britanni,
1681 2689 1821 2721 Germani,

1035 2747 1135 2771 exterae
1148 2741 1293 2769 nationes?
1308 2740 1342 2772 At
1366 2740 1462 2774 procul
1481 2743 1546 2766 sunt
1564 2746 1579 2765 a
1597 2736 1740 2773 periculo:
1759 2743 1817 2762 non

1037 2794 1135 2826 putant
1151 2789 1255 2817 Italiam
1272 2787 1300 2815 iu
1322 2787 1413 2814 medio
1442 2786 1577 2822 periculo,
1611 2791 1709 2820 magna
1732 2789 1824 2810 rerum

1037 2835 1246 2872 perturbatione
1264 2838 1421 2861 versantem
1438 2839 1558 2864 cessare,
1574 2834 1622 2858 aut
1639 2830 1757 2865 s0pitam
1782 2835 1826 2855 cs-

1038 2891 1078 2917 se,
1092 2889 1174 2918 quant
1191 2880 1307 2908 inliuitis
1322 2885 1392 2915 pene
1410 2877 1558 2913 triumphis
1581 2882 1608 2906 et
1624 2876 1743 2905 hostium
1759 2880 1828 2908 sileo.
