1916 3066
132 112 182 143 Τ51

128 169 174 196 liis
191 168 350 199 decoratam
380 180 441 202 csse
467 175 569 204 sciunt.
585 177 694 212 italiae,

126 215 263 250 imminet,
281 217 381 252 quibus
395 220 510 253 eadem,
525 222 640 258 ferrum,
653 227 827 262 servitutem.
839 229 917 259 exsi-

128 263 165 292 lia
181 264 324 294 denuntiat
338 270 366 294 et
379 270 520 298 ostentat?
533 271 682 306 Atnolunt,
694 274 847 310 negligunt,
858 284 914 304 non

131 315 247 344 possunt
262 310 362 340 adduci
390 317 419 340 ut
434 314 546 342 credam
563 324 624 350 sese
643 318 713 347 adeo
741 321 915 356 propinquos

127 362 189 383 esse
209 356 353 391 periculo;
368 359 425 387 suis
441 360 548 390 viribus
565 363 710 394 conﬁdunt
734 367 863 401 nimium,
885 373 915 398 ut

128 401 210 449 plane
228 404 379 432 verendum
406 406 452 441 sit,
481 416 516 436 ue
532 409 558 437 in
574 411 633 439 suis
656 413 757 447 potius,
777 422 858 449 quam
885 415 914 444 in

128 448 217 476 hostis
235 449 335 478 finibus
349 455 536 486 castrametari
564 461 647 492 atque
672 448 824 489 exercitum
841 462 915 489 alere

128 499 273 529 cogantur.
285 496 352 524 Veni
367 497 435 533 jam,
447 499 571 529 Bessario
584 511 591 536 ;
604 507 729 537 petamus
737 505 915 536 solitudinem

129 545 155 567 et
171 541 279 568 deserta
294 543 363 570 loca.
380 543 452 572 Satis
472 553 503 573 cx
520 555 611 574 rerum
625 549 747 577 civilium
764 556 836 579 statu
852 560 917 587 pet-

129 586 264 634 cepimus.
278 587 378 616 Parum
394 590 475 618 nobis
490 592 553 623 vitae
565 600 704 629 superest,
722 601 751 623 et
766 598 835 625 mihi
853 586 914 634 iqui

129 632 222 659 senior
237 640 309 666 sum,
325 639 351 661 et
369 635 416 662 tibi
430 637 476 671 qui
491 637 664 667 imbecillior.
681 641 709 668 Si
730 643 822 678 aliqua
840 632 915 673 in‘re

130 678 307 722 consiliorum
323 684 490 715 nostrorum.
504 683 587 715 vocis.
604 687 739 720 corporis,
756 688 915 722 reipublicz

128 720 291 750 Christiana:
307 732 372 751 ttsus
385 730 470 756 esset.
483 729 649 756 manendum
666 738 732 759 sane
747 720 837 761 adhuc
852 742 917 761 con-

129 775 230 801 scrcm,
247 770 338 798 adhuc
354 771 545 800 laborandum.
566 774 622 810 Ego
637 784 702 803 vero
712 777 769 812 jatn
783 783 822 805 tot
837 779 916 807 annis

131 820 247 843 conatus
261 816 351 850 quoad
369 819 457 852 potui,
477 819 547 848 nihil
561 821 733 855 professione
758 831 830 857 mea,
846 825 915 853 nihil

612 120 866 156 BESSARIONIS
885 126 917 158 S.‘
935 128 972 160 Η.
992 130 1024 162 Ε.
1038 130 1272 163 CARDINALIS

1700 130 1758 163 6‘5?

712 181 813 216 quibus
831 183 918 214 hostis

973 189 1021 217 Dei
1040 190 1205 218 inmortalis
1218 190 1332 227 templa,
1344 195 1452 223 oomos,
1466 189 1557 220 sedes,
1580 195 1652 221 aras,
1670 188 1757 221 focos,

968 235 1094 270 sepulcra
1118 237 1264 271 majorum,
1291 235 1377 270 leges,
1393 234 1561 267 libertatem,
1574 234 1687 267 liberos,
1705 241 1756 269 pa-

965 282 1046 308 triam
1061 282 1090 309 in
1113 282 1238 316 periculo
1261 281 1381 312 versari,
1398 288 1453 308 non
1468 280 1607 308 excitetur
1621 280 1755 307 adversus

966 326 1086 359 hostem,
1098 331 1126 354 ct
1136 334 1192 354 non
1202 326 1283 354 modo
1293 327 1416 353 fortunas
1425 333 1531 358 omnes,
1542 332 1611 360 quas
1620 331 1667 353 aut
1676 325 1760 353 habet

967 378 1015 400 aut
1031 373 1177 400 habiturus
1189 376 1242 403 est.
1253 372 1300 400 sed
1313 371 1395 400 vitam
1410 371 1495 406 ipsam
1509 372 1536 398 in
1552 370 1701 399 discrimen
1713 369 1758 398 of—

966 418 1048 451 ferat,
1064 422 1092 444 et
1109 425 1171 445 cum
1195 418 1327 452 dignitate
1346 416 1446 444 cadere
1471 416 1558 449 malit,
1583 423 1666 451 quam
1693 423 1757 444 eum

967 464 1118 500 ignominia
1132 464 1257 492 servire?
1273 464 1367 499 itaque
1384 467 1515 498 perpettta
1534 463 1659 491 oratione
1678 463 1759 491 nobis

965 510 1127 538 enitendum
1146 515 1198 541 est,
1211 518 1266 538 non
1283 514 1314 537 ut
1331 509 1409 537 vobis
1423 509 1595 544 principibus
1609 508 1757 543 sapientis-

966 557 1055 590 simis,
1080 557 1182 590 quibus
1209 557 1269 583 htec
1301 560 1367 584 sunt
1389 555 1474 590 magis
1496 555 1646 589 explorata,
1674 562 1756 589 quam

967 602 1058 634 nobis,
1085 602 1138 629 ista
1159 601 1386 636 persuadeamus,
1414 601 1462 629 sed
1486 605 1516 628 ut
1531 605 1594 628 ante
1613 602 1707 628 oculos
1723 600 1758 629 iis

966 647 1120 682 periculum
1133 654 1330 682 proponamus.
1344 646 1404 682 qui,
1418 646 1483 673 dum
1498 646 1593 681 procul
1608 646 1756 673 admodum

967 699 982 719 a
997 692 1122 727 periculo
1140 699 1169 719 se
1185 692 1282 719 abesse
1296 695 1404 727 putant,
1423 691 1515 718 futura
1533 691 1691 726 prospicere
1707 698 1757 718 ne-

967 741 1082 772 queunt.
1106 737 1187 765 Juvat
1205 737 1289 772 igitur
1309 737 1428 772 primum
1446 737 1570 764 omnium
1595 736 1630 764 de
1651 737 1757 771 origine

966 787 995 810 et
1014 790 1116 818 genere
1141 789 1173 809 ac
1198 783 1306 810 viribus
1333 782 1487 810 Turcorum
1513 783 1636 810 breviter
1652 783 1756 817 aliquid

968 835 1197 860 commemorare,
1221 828 1304 862 plane
1321 833 1351 855 ut
1374 836 1471 856 omnes
1499 828 1664 863 intelligant.
1692 828 1757 856 Haec

131 860 182 908 hac
192 861 327 908 dignitate
343 863 458 897 profeci.
479 864 530 897 Tu,
547 867 672 900 quamvis
690 869 730 896 tui
747 869 852 899 ordinis
867 870 917 897 ho-
933 873 953 900 Β
968 874 1186 902 Athumanorum
1216 860 1331 906 familia,
1362 873 1476 901 minima
1500 860 1654 902 Turcorum
1678 881 1756 908 pars,

132 906 253 934 minibus
277 908 374 942 prosis,
392 910 454 944 plus
473 914 563 938 tamen
591 913 718 946 proﬁcies
749 922 858 942 mecum
889 916 916 945 in

131 955 215 987 rebus
230 955 458 990 contemplandis,
475 957 532 989 ubi,
549 958 570 985 si
584 959 612 986 in
624 959 729 988 desidia
758 961 813 990 ista
829 962 918 996 persi-

131 1003 207 1025 stant
223 999 383 1032 Christiani,
404 1002 454 1029 soli
471 1003 525 1030 Deo
540 1003 674 1037 vivamus,
700 1009 727 1032 et
744 1007 822 1044 nobis
838 1007 915 1042 ipsis.

131 1043 192 1072 Alat
214 1053 273 1076 nos.
304 1047 350 1081 qtti
378 1047 440 1081 coeli
456 1048 575 1076 volatilia
601 1054 630 1077 et
663 1050 766 1079 bestias
791 1053 849 1088 agri
866 1061 916 1081 sua

131 1090 277 1121 clementia
293 1092 384 1120 satiat.
401 1092 495 1128 Neque
508 1102 591 1129 grave
611 1101 659 1122 aut
673 1096 783 1124 diliicile
797 1098 855 1127 fore
869 1106 916 1126 ar.-

131 1136 219 1164 bitror
237 1137 334 1165 divinae
349 1138 508 1168 liberalitati
529 1140 598 1168 duos
615 1141 824 1175 homunciones,
852 1152 916 1179 per-

131 1189 212 1217 quam
241 1183 315 1210 brevi
346 1189 478 1218 tempore,
495 1186 568 1221 quod
596 1188 677 1221 nobis
702 1189 838 1224 reliquum
864 1196 917 1224 ost,

131 1228 189 1263 suis
205 1228 304 1263 opibus
322 1235 489 1260 sustentare.
916 1226 918 1228 I

506 1288 550 1316 lli.

131 1328 321 1372 BE§_§AMO_NI§,
337 1333 461 1372 episcopi,
476 1333 577 1368 Sabini,
589 1335 739 1372 cardinum
753 1336 866 1372 Nicani,
883 1337 920 1370 ad

167 1366 361 1407 illustrissimus
377 1366 554 1407 _inélg_tosque
570 1366 674 1407 'ltalt'te
705 1366 866 1407 principes;
886 1368 919 1399 de

167 1401 293 1434 periculis
309 1401 616 1432 imminentibus'oratio.

171 1455 254 1486 Multa
275 1463 341 1491 sunt
355 1458 490 1494 profecto,
508 1459 687 1489 illustrissimi
704 1462 852 1499 inclytique
866 1463 919 1491 ita-

132 1501 178 1537 liae
193 1503 341 1538 principes,
358 1512 419 1546 quin
434 1504 468 1532 ad
481 1512 551 1539 rem,
566 1506 600 1534 de
616 1513 669 1541 qua
688 1507 859 1538 consulimur
874 1516 920 1537 co-

133 1549 256 1587 gitando.
285 1549 413 1583 dicenda,
437 1556 468 1578 ut
492 1551 617 1581 facienda
634 1560 650 1580 a
674 1553 755 1583 nobis
780 1558 855 1582 sunt.
879 1554 918 1585 Ea

134 1595 227 1630 omnia
249 1595 272 1623 si
292 1597 421 1632 persequi
444 1596 472 1624 in
495 1597 641 1633 praesentia
657 1599 785 1633 velimus,
802 1607 854 1627 nec
868 1607 919 1628 nos

134 1649 245 1671 servare
267 1642 378 1670 modum
397 1643 424 1670 in
440 1643 570 1677 dicendo,
586 1652 638 1673 nec
661 1653 710 1674 vos
728 1646 755 1673 in
780 1647 919 1675 audiendo

135 1688 261 1717 molestia
279 1695 373 1716 carere
395 1689 534 1727 poteritis.
551 1690 676 1728 Reliquis
693 1692 777 1727 igitur
793 1692 821 1719 in
844 1693 919 1722 aliud

135 1736 246 1767 tempus
262 1733 419 1766 reservatis,
433 1733 469 1768 de
487 1742 540 1762 una
561 1739 665 1763 tantum
681 1737 815 1771 particula
835 1737 922 1765 disse-

136 1786 242 1815 remus,
258 1782 286 1815 et
300 1786 332 1806 ea
347 1779 458 1815 quidem
471 1782 689 1817 pernecessaria,
708 1791 770 1819 qua
784 1784 806 1811 si
821 1784 888 1812 satis
900 1792 920 1812 ,a

135 1823 217 1855 nobis
243 1824 374 1863 explicari
393 1826 489 1860 possit,
505 1826 543 1862 ita
557 1832 586 1854 ut
602 1827 629 1855 in
645 1828 745 1857 animis
762 1830 862 1858 vestris
879 1830 920 1859 in-

135 1868 251 1902 haereat,
264 1877 296 1897 ac
310 1870 452 1904 veritatem
468 1872 634 1907 cogitatione
649 1873 785 1909 attingere
797 1875 919 1908 valeatis,

136 1914 227 1949 facilis
239 1915 274 1942 ad
292 1915 397 1950 reliqua
413 1917 505 1945 futura
527 1922 570 1946 est
586 1918 641 1951 via,
658 1922 688 1952 ut
709 1919 778 1952 nihil
803 1919 921 1955 amplius

136 1963 253 1990 arduum
278 1963 366 1992 videri
383 1969 477 2001 queat.
494 1964 522 1995 ld
539 1972 604 1993 vero
624 1965 704 1998 facile
720 1974 770 1995 nos
788 1957 922 1998 consecu-

136 2010 214 2038 ειη-οε
237 2007 416 2041 arbitramur,
440 2009 463 2036 si
478 2009 669 2044 probabilibus
698 2010 871 2043 documentis
892 2016 921 2041 et

137 2053 292 2086 rationibus
307 2056 453 2083 ostendere
468 2056 622 2090 poterimus
637 2057 753 2087 maxima
772 2059 840 2090 haec,
861 2065 921 2095 qua!

136 2097 297 2133 impendere
314 2100 454 2129 cernimus
465 2102 597 2137 pericula,
610 2107 638 2129 et
649 2103 826 2138 gravissimos
838 2106 920 2138 atque

136 2144 332 2174 acerbissimos
357 2153 448 2179 casus,
470 2155 523 2174 non
542 2148 624 2175 unius
646 2152 694 2175 aut
715 2148 840 2181 alterius,
865 2156 919 2176 non

968 928 984 947 a
1007 928 1090 958 quam
1109 928 1194 956 parvo
1218 920 1371 955 humilique
1397 920 1546 955 principio,
1572 927 1653 955 quam
1676 919 1756 947 brevi

971 969 1095 1001 tempore
1111 986 1119 997 ,
1152 966 1284 998 solertia,
1313 966 1455 1000 diligentia
1482 973 1513 993 ae
1545 965 1685 1000 vigilantia
1707 972 1758 994 sua

969 1012 997 1039 in
1027 1017 1131 1039 tantum
1157 1011 1294 1046 fastigium
1321 1011 1447 1044 venerit,
1465 1015 1496 1038 ut
1514 1012 1569 1046 jam
1593 1019 1649 1038 non
1673 1011 1758 1039 modo

971 1057 1085 1092 reliquis
1109 1057 1292 1088 nationibus,
1325 1057 1373 1084 sed
1399 1057 1450 1092 ipsi
1473 1057 1677 1092 provinciarum
1707 1065 1759 1084 no-

969 1103 1109 1131 bilissimae
1142 1103 1395 1138 potentissimusque
1423 1103 1526 1134 italiae,
1558 1107 1586 1131 et
1619 1103 1758 1138 imperare

968 1154 1097 1181 assuetae.
1108 1150 1214 1184 stuporl
1233 1157 1265 1176 c
1281 1149 1423 1176 formidini
1438 1149 1482 1177 sit.
1499 1149 1651 1177 Turcorum
1666 1149 1755 1183 natio,

968 1203 1030 1224 cum
1055 1195 1215 1230 aliquandiu
1240 1195 1379 1227 Pcrsiam,
1409 1195 1538 1226 Mediam,
1566 1195 1755 1230 Babyloniam,

968 1241 1106 1273 Arabiam,
1121 1240 1228 1275 Syriam
1239 1245 1267 1268 et
1280 1240 1427 1267 nonnullas
1437 1240 1505 1267 alias
1518 1240 1669 1274 superioris
1682 1239 1754 1267 Asia

968 1291 1060 1323 partes
1083 1286 1227 1317 tenuisset,
1251 1285 1361 1314 tandem
1381 1293 1443 1313 cum
1467 1285 1502 1312 ab
1522 1285 1620 1313 incolis
1641 1292 1701 1312 sese
1723 1285 1753 1312 in

968 1333 1125 1361 libertatem
1144 1331 1358 1364 vindicantibus,
1375 1336 1432 1359 tum
1449 1332 1483 1359 ab
1498 1331 1559 1359 aliis
1574 1331 1752 1366 hyperboreis

969 1379 1078 1414 populis
1103 1378 1168 1406 inde
1188 1378 1312 1413 expulsa,
1339 1378 1372 1405 ad
1398 1377 1544 1406 inferiores
1566 1373 1755 1413 Aiue'partcs

969 1423 1123 1457 conﬂuxit;
1151 1429 1234 1459 atque
1260 1424 1297 1451 ibi
1315 1423 1410 1452 multis
1434 1423 1573 1459 variisque
1594 1423 1674 1451 bellis
1689 1431 1753 1450 cum

969 1469 1126 1500 Grecorum
1150 1469 1267 1504 imperio
1290 1469 1377 1496 Marto
1402 1469 1514 1504 ancipiti
1538 1468 1632 1504 gestis,
1655 1467 1692 1496 ita
1717 1469 1753 1496 ad

972 1521 1128 1546 extremum
1154 1516 1280 1552 superior
1299 1515 1397 1548 evasit,
1422 1520 1450 1542 nt
1474 1515 1671 1551 Pamphyliam,
1688 1515 1756 1543 Cili-

971 1562 1052 1594 ciam,
1067 1561 1189 1598 Lyciam,
1201 1561 1412 1596 Paphlagoniam
1428 1561 1589 1596 reliquaque
1603 1561 1694 1587 omnia
1711 1561 1756 1588 illa

971 1609 1031 1636 lora
1054 1608 1082 1635 in
1096 1607 1228 1635 ditionem
1245 1606 1394 1642 redegerit.
1416 1606 1469 1634 Sed
1495 1613 1561 1641 pace
1580 1605 1646 1633 foris
1665 1612 1755 1641 parta,

971 1655 1068 1682 seditio
1081 1654 1154 1681 domi
1169 1658 1229 1681 orta
1241 1658 1295 1682 est.
1304 1653 1374 1681 Nam
1382 1653 1416 1680 de
1430 1652 1545 1688 imperio
1558 1651 1629 1679 inter
1640 1659 1670 1679 se
1684 1651 1757 1678 ferro

971 1699 1103 1726 dimicare
1115 1704 1270 1734 ceperunt.
1288 1699 1373 1729 Erant
1396 1699 1469 1727 inter
1489 1705 1538 1726 eos
1557 1700 1661 1732 septem
1678 1697 1758 1724 nobi-

972 1746 1056 1773 liores
1078 1745 1199 1777 familiie,
1220 1745 1254 1772 ad
1273 1752 1342 1779 quas
1364 1744 1515 1772 factionum
1531 1750 1681 1778 rerumque
1695 1750 1758 1770 om-
1795 1778 1798 1781 '

972 1791 1048 1818 nium
1064 1798 1171 1818 summa
1189 1790 1378 1818 deferebatur.
1394 1789 1452 1822 liae,
1467 1789 1602 1817 bellorum
1615 1787 1757 1815 diuturni-

973 1842 1029 1865 tate
1055 1836 1144 1869 fessaz,
1169 1843 1226 1868 eas,
1250 1843 1319 1870 quas
1345 1835 1476 1866 diximus,
1498 1834 1654 1870 provincias
1682 1837 1758 1862 sum

972 1882 1065 1917 potius
1092 1889 1174 1917 quam
1198 1881 1282 1909 armis
1299 1880 1435 1914 dividere,
1459 1887 1491 1908 ac
1515 1879 1612 1914 partiri
1638 1883 1712 1905 tuter
1727 1885 1757 1905 se

972 1932 1137 1956 statuerunt.
1155 1927 1193 1954 ita
1215 1926 1289 1961 quod
1312 1925 1488 1961 perexiguum
1505 1924 1636 1952 et‘tenue
1659 1922 1755 1952 admo-

972 1974 1037 2001 dum
1059 1978 1120 2000 erat
1146 1973 1304 2007 imperium,
1332 1972 1360 1999 in
1385 1976 1490 2006 septem
1512 1976 1604 2005 partes
1624 1969 1756 1999 divisum.

972 2019 1190 2049 Alhumanorum
1209 2017 1328 2050 familias,
1345 2025 1376 2044 ex
1396 2023 1449 2051 qua
1467 2019 1581 2044 octavus
1593 2015 1648 2049 jam
1663 2019 1759 2049 regnet

972 2069 1067 2092 nostro
1078 2069 1200 2099 tempore
1210 2063 1362 2091 Turcorum
1374 2063 1515 2098 princeps,
1537 2060 1632 2091 Cilicia
1644 2060 1758 2093 locaque

972 2111 1087 2142 ﬁnitima
1112 2110 1295 2138 obvenerunt.
1317 2109 1381 2136 llaec
1397 2107 1550 2135 Turcorum
1567 2114 1621 2136 res.
1636 2105 1689 2132 hoc
1705 2104 1759 2132 ini-

972 2156 1055 2189 tium,
1073 2156 1137 2184 intie
1160 2155 1230 2183 tanti
1247 2156 1362 2183 terroris
1383 2154 1471 2188 origo.
1495 2152 1642 2186 lnterjecto
1657 2150 1758 2178 deinde

139 2189 220 2215 trium
245 2197 317 2221 esse,
344 2191 391 2219 sed
411 2191 494 2219 totius
517 2192 681 2220 Christianze
702 2194 872 2228 reipublicae.
892 2198 920 2221 et
936 2202 957 2232 ι)
974 2207 1097 2235 ιεωροιιθ
1122 2201 1213 2235 hujus,
1238 2200 1285 2234 qui
1301 2207 1374 2227 nunc
1396 2202 1501 2234 regnat.
1517 2197 1602 2226 Τυκὶ
1619 2200 1724 2228 atavus,
1741 2201 1758 2222 a

137 2236 164 2260 in
181 2236 278 2269 primis
292 2236 376 2273 italia:
389 2239 556 2267 communia.
572 2239 629 2267 Etsi
645 2240 718 2267 enim
733 2240 793 2267 aliis
810 2240 918 2276 quidem

137 2280 223 2314 prius.
237 2281 299 2309 aliis
313 2289 377 2309 vero
391 2285 527 2317 posterius
540 2289 614 2311 tanta
625 2285 768 2312 calamitas
783 2285 919 2316 imminet,

137 2328 170 2353 ad
187 2333 340 2355 extremum
357 2333 447 2356 tamen
463 2337 515 2356 tina
531 2331 654 2357 omnium
669 2331 762 2358 futura
777 2336 819 2358 est
829 2332 921 2367 perni-

136 2371 206 2405 cies,
224 2382 254 2401 ac
279 2374 361 2410 hujus
378 2375 466 2403 hostis
482 2376 570 2403 nostri
595 2380 670 2404 tanta
698 2377 783 2404 animi
805 2378 921 2406 vastitas

137 2421 252 2454 (utinam
267 2421 325 2449 falsi
343 2428 418 2450 vates
437 2423 523 2450 simus
533 2423 551 2458 i)
569 2424 698 2451 omnibus
714 2425 824 2452 tandem
840 2425 921 2453 mise-

138 2474 196 2493 rum
227 2472 309 2502 atque
338 2468 549 2504 ignominiosum
573 2469 676 2497 exitum
706 2471 839 2504 allatura,
869 2470 920 2498 nisi

139 2512 246 2540 fortiter
260 2521 358 2549 magno
377 2515 468 2543 animo
484 2515 548 2547 totis
563 2516 669 2545 viribus
687 2517 840 2545 resistatur.
861 2517 920 2550 Qua

139 2559 164 2584 in
181 2566 221 2590 re,
242 2559 264 2586 si
287 2568 382 2587 omnes
405 2561 432 2587 in
452 2569 539 2589 meum
563 2563 728 2590 sententiam
750 2563 920 2598 persuadere

139 2609 263 2638 potuero,
287 2611 315 2633 ut
332 2615 385 2634 non
403 2607 483 2635 aliter
499 2612 580 2643 atque
596 2615 646 2644 ego
661 2609 750 2642 sentio
773 2614 800 2637 et
823 2617 919 2637 verum

138 2655 190 2682 cst,
217 2652 268 2687 ipsi
295 2661 406 2689 quoque
428 2655 559 2687 sentiant,
579 2663 704 2691 magnam
722 2656 846 2692 profecto
861 2664 919 2683 rem

139 2696 247 2728 fecisse.
267 2705 318 2726 ncc
342 2699 487 2727 dimidium
512 2699 609 2733 totius,
631 2705 661 2727 ut
684 2701 730 2739 ille
749 2701 850 2736 inquit,
865 2701 919 2729 'sed

138 2752 209 2778 opus
225 2745 360 2779 integrum
373 2754 416 2774 me
426 2747 575 2775 absolvisse
587 2748 750 2777 arbitrabor.
765 2749 832 2782 Quis
846 2750 918 2776 enim

140 2791 208 2823 adeo
230 2791 330 2818 infirmi
352 2797 431 2827 atque
450 2793 580 2820 imbecilli
606 2794 690 2821 animi
714 2800 767 2827 est,
792 2795 860 2822 adeo
877 2796 919 2822 sui

140 2835 279 2878 ὶήςειίεξθιιδ
294 2842 319 2863 cl
338 2840 454 2881 proprizc
467 2839 564 2868 salutis
578 2839 690 2873 oblitus,
710 2841 765 2884 qui,
781 2841 802 2868 si
821 2841 919 2868 viderit,

971 2255 1027 2283 quo
1044 2247 1090 2278 hic
1104 2251 1198 2274 sextus
1214 2246 1310 2273 ordine
1324 2245 1400 2280 regni
1417 2248 1555 2279 sceptrum
1572 2242 1687 2278 accepit,
1701 2248 1757 2268 non

971 2293 1090 2325 viribus,
1106 2300 1160 2323 non
1172 2292 1285 2324 divitiis,
1301 2299 1354 2318 non
1369 2291 1485 2318 militum
1500 2296 1627 2321 numero,
1641 2295 1695 2314 non
1706 2287 1758 2314 im-

971 2339 1044 2374 perii
1059 2338 1250 2374 magnitudine
1268 2337 1366 2368 fretus,
1379 2336 1427 2364 sed
1441 2335 1477 2363 ob
1495 2335 1588 2362 civiles
1605 2332 1758 2363 discordias

972 2385 1122 2414 accersitus
1148 2392 1163 2412 a
1187 2383 1288 2411 Grmcis
1310 2383 1336 2409 in
1359 2374 1499 2416 Europam
1523 2379 1640 2414 trajecit,
1666 2385 1756 2407 anou

972 2437 1045 2456 nunc
1067 2429 1155 2456 ferme
1180 2428 1269 2463 agitur
1290 2427 1456 2455 centesimus
1473 2430 1500 2452 ct
1515 2424 1680 2458 tricesimus,
1702 2430 1757 2449 non

973 2479 1029 2503 tam
1046 2475 1079 2503 iis
1095 2475 1228 2505 adversus
1243 2481 1312 2507 quos
1329 2476 1494 2507 provocatus
1510 2470 1610 2500 fuerat,
1625 2476 1707 2504 quam
1724 2467 1758 2495 iis

973 2522 1019 2557 qui
1038 2521 1242 2548 acccrsiverant
1265 2519 1437 2554 perniciosus
1452 2523 1479 2544 et
1506 2514 1757 2551 pcstilentissimus.

973 2567 1107 2595 Paulatim
1122 2567 1195 2600 cnim
1220 2573 1344 2600 serpens,
1363 2572 1394 2591 ac
1410 2564 1473 2595 sibi,
1491 2570 1544 2590 non
1566 2561 1662 2591 amicis
1675 2561 1758 2595 impe-

973 2612 1043 2639 riunt
1056 2619 1227 2646 comparans.
1240 2618 1325 2644 usque
1339 2609 1406 2636 adeo
1422 2608 1498 2635 auxit
1513 2607 1597 2639 vires,
1613 2610 1643 2633 ut
1664 2606 1759 2633 volen-

973 2662 1014 2683 tcs
1039 2663 1131 2692 postca
1160 2664 1222 2683 eum
1246 2657 1346 2690 ejicere
1378 2663 1430 2684 non
1455 2653 1605 2688 potuerint,
1627 2652 1694 2680 satis
1728 2658 1758 2679 se

972 2702 1097 2729 olfecisse
1123 2702 1263 2738 arbitrati,
1288 2701 1313 2732 si
1335 2700 1436 2736 laniem:
1462 2700 1516 2732 icto
1541 2698 1628 2732 aequis
1643 2705 1704 2724 cum
1726 2705 1759 2723 co

973 2749 1080 2784 legibus
1095 2749 1188 2776 vivcre
1203 2748 1391 2780 impetrarent.
1412 2746 1492 2780 Atqui
1513 2753 1555 2772 rcs
1573 2745 1662 2775 aliter,
1676 2752 1759 2778 quam

973 2795 1077 2829 opinati
1094 2795 1213 2827 fuerant,
1226 2793 1328 2820 evenit.
1348 2793 1452 2819 Etenim
1468 2799 1534 2825 gens
1549 2791 1662 2817 barbara
1677 2795 1759 2824 atque

974 2843 1063 2876 inops,
1083 2840 1163 2868 simul
1184 2847 1214 2867 ac
1231 2838 1404 2877 dulcedinem
1422 2838 1529 2874 frugum
1546 2842 1571 2864 et
1594 2838 1760 2878 suavilatent
