1916 3066
124 133 182 166 653

649 134 867 165 ORATION-ES
888 134 1041 165 CONTRA
1060 120 1228 166 TURCAS.

1702 134 1755 166 6M

125 191 288 219 divitiarum
311 197 421 227 gustare
444 192 538 227 cepit,
564 192 668 219 nullum
684 192 844 264 cuﬁiditatis
863 195 916 219 ter-
929 191 1099 223 AGrmciam
1115 191 1249 229 diximus,
1271 191 1397 226 quamvis
1419 198 1569 227 paucorum
1590 190 1754 226 oppidorum

125 237 233 264 minutn
250 237 357 264 statuit.
381 237 420 264 Ex
444 245 528 264 parvo
549 237 642 264 itaque
666 245 698 264 ac
742 236 807 264 ebili
836 237 916 264 initio
969 236 1106 264 reuulum.
1128 237 1229 264 divinis
1252 236 1347 264 colunt
1378 236 1547 264 bonuribus.
1569 239 1597 263 et
1623 240 1754 264 peruetus

124 237 233 264 minutn
250 237 357 265 statuit.
381 237 420 265 Ex
444 245 528 272 parvo
549 237 642 272 itaque
666 245 698 264 ac
723 236 807 265 debili
836 237 916 264 initio

124 290 215 318 usque
238 282 308 311 adeo
328 291 424 311 eorum
445 284 518 312 vires
531 288 640 310 centum
654 286 682 310 ct
698 282 811 318 triginta
827 290 916 310 anno-

125 337 189 357 rum
213 329 303 365 spatio
317 334 476 363 creverunt,
491 334 522 357 ut
543 330 600 365 jam
619 337 675 357 non
699 336 784 364 parva
801 329 917 366 Europae

124 380 204 410 parte
214 380 360 410 occupata,
375 383 427 403 nec
441 372 557 403 Danubii
567 372 800 411 profundissimus
814 375 914 408 amnis,

124 427 179 447 nec
195 419 296 456 Illyrici
313 420 456 455 asperrimi
473 425 582 448 montes
601 427 698 447 eorum
718 419 850 454 impetum
868 427 914 447 re-

127 465 238 492 tardare
252 465 358 500 possint
373 465 451 501 quin,
471 464 584 492 ﬂumine
601 465 773 497 transmisso,
791 469 819 492 et
840 463 917 492 Ioco-

127 518 190 538 rum
217 511 425 540 difﬁcultatibus
447 511 599 546 superatis,
625 511 702 538 illinc
730 518 780 545 per
805 518 916 538 omnem

127 556 298 584 Pannoniam
326 561 503 592 grassentur,
534 557 599 585 hinc
624 557 652 585 in
681 557 800 585 mediam
829 563 916 592 usque

127 602 315 635 Germaniam,
338 608 365 631 et
383 604 478 635 Istros.
499 608 527 631 et
548 603 649 632 Forum
666 603 732 631 Julii
756 606 915 637 penetrent,

128 645 327 681 depopulantes
338 654 369 675 ac
383 647 516 675 fcedantes
524 648 626 682 omnia,
639 656 672 676 ac
682 648 764 676 ﬂores
776 648 838 676 illos
853 655 916 682 pro-

127 691 282 719 vinciarutn
309 692 381 720 ferro
399 693 517 729 igneque
533 698 681 722 vastantes.
700 692 760 728 Quo
774 694 834 722 loco
848 693 915 721 illud

128 739 157 765 in
175 738 270 773 primis
286 746 300 766 a
316 739 397 767 nobis
408 740 682 768 animadvertendum
696 748 806 773 censeo,
821 747 916 772 quam-

128 783 172 810 vis
187 783 245 818 hazc
267 784 359 812 omnia
382 792 427 817 eo,
448 792 502 820 quo
520 785 652 818 diximus,
675 785 806 819 temporis
827 784 917 820 spatio

129 829 259 863 fecerint,
282 830 362 865 plura
385 835 442 858 tum
467 831 614 866 postremis
629 831 809 866 quadraginta
826 830 915 862 annis,

130 882 214 909 quam
227 876 374 911 nonaginta
393 876 448 904 illis
461 876 652 911 superioribus
667 876 774 904 fecisse.-
789 875 828 905 lta
842 876 916 904 enim
929 880 931 882 ’

129 925 230 948 natura
252 927 439 956 comparatum
461 927 515 955 est,
534 927 564 949 ut
589 922 723 958 principia
740 922 841 950 virtute
856 921 918 957 qui-

130 966 195 993 dem
225 974 257 994 ac
283 966 388 994 viribus
416 967 520 1002 majora
543 967 618 1000 sint,
641 965 829 1002 magnitudine
851 974 918 994 vero

130 1013 265 1048 cepiaque
282 1014 437 1042 vincantur.
451 1010 490 1041 Ex
506 1013 549 1042 his
562 1014 626 1041 item
643 1013 823 1049 quadraginta
838 1010 919 1040 annis

131 1057 213 1095 longe
235 1060 312 1094 plura
334 1060 377 1088 Itis
393 1060 489 1088 decem
511 1066 540 1089 et
554 1066 658 1095 septem
683 1066 817 1095 patrasse,
835 1067 918 1094 quam

134 1106 223 1133 tribus
235 1111 262 1133 et
276 1106 373 1142 viginti
390 1107 536 1142 prioribus.
554 1107 634 1134 Plura
651 1106 780 1134 immanis
792 1106 843 1133 ista
859 1105 919 1133 bel-

131 1152 179 1180 lua
201 1152 424 1180 Christianorum
450 1154 613 1188 sanguinem
636 1161 746 1189 semper
772 1152 917 1185 anhelans,

130 1204 195 1234 post
204 1198 382 1234 Byzantinum
394 1198 531 1226 excidium
543 1198 618 1226 solus
636 1198 731 1234 gessit,
743 1205 825 1233 quam
841 1201 920 1232 pater

131 1245 192 1280 ejus
205 1250 286 1280 atque
301 1252 370 1272 avus
392 1252 442 1280 per
462 1252 573 1273 omnem
585 1244 670 1272 vitam
691 1243 792 1276 fecere,
810 1243 919 1277 decem,

133 1293 164 1316 ut
177 1296 248 1324 saepe
263 1297 278 1316 a
299 1289 378 1317 nobis
394 1289 559 1324 explicatum
572 1293 625 1322 est,
645 1288 751 1316 interea
769 1288 859 1323 regnis
873 1295 921 1315 oc-

133 1334 251 1369 cupatis,
263 1338 293 1361 ut
305 1334 393 1370 palam
407 1333 536 1362 omnibus
548 1333 582 1361 sit
599 1341 654 1368 quo
668 1334 755 1368 magis
766 1333 827 1368 ejus
844 1331 920 1361 vires

134 1384 280 1415 augentur,
307 1388 341 1408 eo
366 1378 465 1408 deinde
482 1380 589 1408 minore
606 1380 725 1415 negotio,
742 1386 920 1414 quoscunque

133 1426 246 1462 aggredi
270 1426 400 1459 voluerit,
423 1434 503 1462 posse
526 1433 667 1461 superare.
684 1421 920 1459 Quemadmodum

133 1475 207 1502 enim
223 1475 249 1502 in
269 1474 424 1508 disciplinis
443 1478 526 1509 atque
541 1473 648 1501 artibus
665 1477 693 1500 et
712 1473 786 1500 omni
803 1472 921 1500 actionis

969 236 1106 271 regulum,
1128 237 1229 264 divinis
1252 236 1347 265 colunt
1378 236 1547 268 honoribus,
1569 239 1597 263 et
1623 240 1755 271 perpetua

967 280 1038 309 fama
1063 289 1095 310 ac
1106 282 1274 317 sempiterna
1289 282 1377 318 gloria
1390 282 1541 310 celebrant.
1552 281 1682 310 Sanctum
1691 288 1755 309 eum

966 334 999 355 ac
1014 327 1123 356 beatum
1149 329 1303 361 nominant,
1320 329 1484 357 coelestibus
1507 329 1661 363 praedicant
1679 327 1755 355 Ioca-

967 378 1025 402 tum
1037 374 1161 408 sedibus,
1171 382 1234 402 cum
1247 375 1373 410 princeps
1387 374 1491 403 bellum
1514 374 1650 402 adversus
1673 372 1756 401 Chri-

971 420 1076 449 stianos
1090 421 1220 457 gesserit,
1236 425 1264 449 et
1285 421 1382 456 paucis
1404 420 1568 455 quibusdam
1593 419 1755 455 subiugatis,

967 473 1017 494 eos
1035 467 1126 502 impiae
1140 466 1339 494 Mahumetanas
1354 472 1439 494 secta
1455 465 1600 493 dicaverit.
1617 465 1687 498 Quid
1707 472 1756 493 eos

968 511 1078 539 tandem
1094 520 1158 547 erga
1174 519 1203 540 se
1218 511 1340 540 facturos
1356 511 1504 545 existimet,
1521 511 1543 538 si
1560 518 1624 538 cum
1639 515 1680 538 tot
1695 510 1757 541 aliis

968 556 1131 584 Christianis
1147 557 1267 592 populis,
1285 556 1368 584 Italos
1382 563 1495 591 quoque
1512 554 1598 591 (quod
1611 555 1698 583 etiam
1711 562 1757 583 cev

967 603 1056 639 gitare
1076 603 1174 630 horret
1189 602 1309 638 animus)
1326 602 1501 638 subjugaritl
1523 601 1565 629 An
1581 609 1647 629 vero
1662 600 1758 636 gloria

967 648 1078 677 avidum
1096 649 1222 677 dubitare
1237 649 1402 684 poterimus,
1422 656 1485 675 cum
1505 648 1557 675 hoc
1576 651 1674 682 natura
1696 654 1757 674 om-

964 695 1050 723 nibus
1074 694 1153 727 insit,
1169 695 1322 730 praesertim
1351 693 1535 729 principibus,
1559 697 1587 721 et
1617 692 1662 720 hic
1687 694 1758 722 sciat

967 741 1074 769 nullum
1096 740 1148 768 sibi
1170 740 1203 768 ad
1223 741 1455 768 immortalitatem
1477 739 1641 774 ampliorem
1662 741 1757 773 patere

967 787 1116 823 campum?
1131 787 1197 814 Nam
1211 787 1245 814 de
1256 786 1375 815 utilitate
1387 786 1538 821 ambigere.
1553 792 1755 820 supervacuum

968 838 1043 862 certe
1054 832 1248 861 videtur.Cum
1260 833 1333 859 enim
1349 831 1420 859 ratio
1433 831 1491 858 haec
1507 831 1633 858 bifariam
1647 831 1755 858 divida-

970 884 1024 914 tur,
1033 884 1061 907 et
1076 879 1142 907 hinc
1156 877 1295 914 quomodo
1307 876 1409 905 servari
1422 884 1483 911 quae
1495 881 1571 912 parta
1585 881 1660 909 sunt,
1679 876 1756 904 illinc

969 934 1024 961 quo
1036 929 1115 961 pacto
1131 924 1224 960 augeri
1241 927 1352 959 queant,
1363 923 1563 954 consideretur,
1576 929 1630 957 qua
1645 921 1754 950 tandem

969 973 1075 1001 ratione
1086 980 1146 1007 quae
1157 971 1239 998 habet
1260 970 1368 998 facilius
1391 977 1423 997 ac
1436 969 1540 997 certius
1556 975 1666 996 servare
1679 972 1756 1003 pote-

971 1020 1017 1051 rit,
1032 1024 1114 1052 quam
1138 1015 1265 1051 augendo
1289 1014 1486 1049 principatum,
1502 1019 1529 1041 et
1553 1013 1620 1041 ﬁnes
1647 1011 1754 1046 Imperii

970 1060 1166 1098 propagando?
1180 1060 1274 1088 Solent
1290 1059 1388 1087 medici
1405 1059 1433 1086 in
1450 1056 1613 1093 corporibus
1624 1055 1756 1084 curandis

970 1116 1002 1136 ea
1017 1107 1137 1136 remedia
1159 1106 1300 1140 adhibere,
1323 1113 1383 1141 qua:
1402 1104 1549 1140 aliquando
1570 1103 1667 1131 iisdem
1682 1110 1755 1130 mor-

971 1154 1070 1182 borum
1096 1152 1245 1189 generibus
1271 1152 1349 1179 utilia
1371 1150 1476 1186 experti
1502 1154 1566 1177 sunt
1582 1157 1589 1176 :
1606 1149 1658 1176 hoc
1682 1147 1754 1176 idem

971 1199 1124 1238 Turcorum
1151 1198 1300 1234 imperator
1322 1197 1398 1230 facit,
1416 1200 1443 1223 et
1465 1195 1519 1224 hoc
1541 1195 1619 1230 quasi
1637 1193 1757 1222 medica-

972 1249 1095 1273 mentum
1112 1244 1250 1280 quoddam
1266 1243 1300 1270 ad
1316 1249 1359 1275 ea,
1380 1249 1442 1277 qum
1463 1245 1541 1276 parta
1556 1244 1631 1273 sunt,
1643 1246 1757 1267 conser-

970 1292 1059 1320 vanda
1071 1292 1282 1321 saluberrimum
1295 1294 1387 1323 ratus;
1403 1297 1435 1317 eo
1450 1296 1559 1323 semper
1572 1283 1671 1319 utitur,
1689 1285 1756 1314 huic

971 1337 1069 1370 haeret,
1086 1337 1139 1365 hoc
1151 1336 1319 1370 frequentat.
1338 1334 1443 1362 Mutare
1457 1334 1521 1364 hoc.
1538 1337 1567 1360 ut
1583 1331 1658 1359 aliud
1674 1337 1757 1365 espe-

971 1384 1071 1416 riatur,
1087 1390 1142 1410 non
1158 1386 1236 1417 potat
1252 1385 1351 1409 tutum.
1368 1379 1451 1415 Cupit
1465 1381 1507 1414 (ut
1525 1386 1575 1414 par
1591 1377 1645 1413 est)
1667 1376 1758 1407 omni-

971 1437 1026 1465 que
1049 1434 1150 1457 conatu
1169 1428 1266 1455 nititur
1287 1433 1452 1455 conservare
1468 1425 1626 1460 imperium.
1646 1422 1757 1451 Nullam

971 1475 1007 1504 ad
1034 1474 1062 1503 id
1090 1475 1219 1503 tutiorem
1243 1480 1305 1502 esse
1327 1472 1402 1501 viam
1429 1471 1568 1506 intelligit,
1593 1477 1674 1506 quam
1693 1476 1754 1502 cum

134 1528 235 1556 genere
257 1520 316 1548 ﬂeri
331 1520 468 1553 videmus,
486 1523 516 1547 ut
538 1520 623 1555 major
646 1519 682 1547 sit
699 1523 839 1554 postremo
853 1525 922 1553 quo-
933 1529 955 1559 α
971 1521 1060 1550 aliena
1075 1521 1184 1557 jactura
1202 1520 1276 1548 vires
1292 1526 1357 1547 suas
1373 1525 1485 1553 augere.
1508 1515 1586 1551 Quod
1606 1516 1629 1544 si
1646 1515 1756 1550 assequi

135 1574 190 1601 que
206 1574 289 1599 anno,
313 1574 394 1601 quam
411 1565 540 1594 omnibus
562 1564 750 1601 superioribus
766 1563 917 1600 profectus.

136 1611 216 1640 Unde
232 1611 299 1639 illud
323 1619 432 1647 quoque
449 1611 529 1646 vulgo
546 1611 600 1638 dici
619 1610 699 1642 solet,
717 1609 853 1638 ditescere
871 1610 921 1637 ho-

135 1657 204 1684 mini
227 1657 337 1684 diﬂicile
360 1664 440 1689 esse,
468 1657 496 1684 in
527 1656 691 1684 immensum
717 1662 782 1682 vero
812 1654 921 1682 divitias

135 1711 235 1738 augere
248 1702 420 1730 facillimum.
435 1702 473 1730 Ita
490 1701 516 1729 in
535 1701 618 1729 rebus
633 1708 744 1736 quoque
756 1699 921 1727 militaribus

136 1748 247 1782 accidit,
270 1752 301 1775 ut
322 1748 433 1776 vincere
450 1747 560 1775 diﬂicile
583 1746 732 1774 admodum
750 1747 795 1780 sit,
810 1745 920 1781 evagari

137 1799 230 1830 postea
246 1802 294 1828 per
311 1793 441 1822 victorias
455 1794 559 1821 nullius
575 1792 688 1820 laboris.
703 1792 792 1825 Quare
808 1799 922 1826 persua-

137 1842 203 1869 dere
226 1841 278 1868 sibi
303 1840 421 1876 quisque
448 1839 528 1867 facile
554 1843 656 1874 potest,
679 1838 744 1873 quid
771 1839 923 1866 sceleratus

139 1887 237 1921 hostis,
255 1895 310 1922 quo
325 1885 395 1914 nihil
412 1885 466 1914 dici
484 1885 621 1918 deterius,
635 1884 702 1912 nihil
718 1885 858 1912 crudelius
874 1892 924 1919 po-

143 1938 208 1965 test.
229 1933 355 1968 proximo
370 1933 422 1960 hoc
441 1932 631 1968 quinquennio
649 1931 772 1959 facturus
784 1931 830 1963 sit,
847 1935 923 1957 tanta

136 1981 192 2017 jam
206 1980 300 2008 decem
314 1983 343 2008 et
358 1983 464 2015 septem
477 1979 558 2006 annis
575 1978 695 2014 potentia
711 1980 880 2012 comparata,
895 1981 923 2004 et

139 2027 224 2061 priori
245 2027 307 2061 ejus
325 2026 454 2061 potentiae
477 2024 581 2053 addita.
601 2024 704 2060 Magnae
724 2022 924 2059 incomparabi-

139 2073 236 2108 lesque
251 2077 316 2100 sunt
335 2073 396 2109 ejus
417 2072 500 2104 vires,
523 2071 686 2100 inexhausta
707 2070 854 2104 cupiditas,
872 2069 924 2096 im-

141 2127 235 2147 mensa
259 2119 418 2147 dominandi
447 2118 545 2151 libido,
571 2117 686 2145 scientia
714 2116 755 2144 rei
785 2115 922 2147 militaris,

140 2170 206 2194 aetas
227 2165 332 2198 ﬂorida,
349 2173 449 2200 corpus
460 2165 602 2193 laboribus
617 2168 767 2192 assuetum.
783 2163 826 2190 An
841 2161 926 2196 igitur

971 1576 1025 1596 non
1048 1572 1150 1604 posset,
1173 1566 1249 1594 nulla
1265 1565 1345 1593 nobis
1361 1565 1469 1592 timoris
1492 1563 1563 1591 ratio
1581 1567 1666 1594 esset,
1682 1558 1757 1589 nulla

971 1614 1005 1641 de
1020 1614 1103 1642 rebus
1116 1613 1218 1641 nostris
1231 1611 1367 1640 dubitatio
1379 1619 1386 1638 :
1398 1610 1458 1642 sed,
1469 1616 1514 1637 me
1522 1608 1652 1636 miserum
1663 1608 1670 1635 ι
1681 1615 1757 1637 men-

972 1660 1018 1688 tiri
1041 1661 1069 1688 iu
1084 1659 1136 1687 hac
1158 1664 1237 1694 parte
1252 1658 1335 1685 etiam
1353 1657 1449 1685 volens
1469 1663 1526 1684 non
1547 1661 1667 1690 possum.
1683 1652 1758 1682 Nihil

973 1713 1094 1742 unquam
1120 1705 1238 1740 alicujus
1263 1703 1375 1731 facilius
1399 1702 1463 1730 fuit.
1488 1701 1531 1729 Ad
1556 1701 1615 1729 haec
1634 1698 1759 1735 pecunia:

972 1758 1106 1779 numerus
1128 1750 1293 1783 immensus,
1319 1747 1470 1776 multitudo
1490 1747 1608 1775 militum
1623 1745 1757 1777 inaudita,

972 1803 1005 1826 ut
1021 1799 1100 1834 cujus
1117 1797 1270 1825 exercitum
1281 1802 1363 1830 supra
1381 1794 1501 1823 ducenta
1514 1793 1657 1820 hominum
1673 1791 1759 1820 millia

973 1849 1138 1880 sequuntur.
1155 1843 1276 1871 Classem
1292 1841 1386 1874 habet,
1401 1847 1484 1879 quam
1499 1838 1688 1874 superioribus
1701 1836 1759 1864 die-

974 1891 1027 1918 bus
1035 1890 1062 1917 in
1073 1889 1275 1924 expugnatione
1282 1885 1423 1915 Chalcidis
1431 1892 1485 1913 non
1495 1884 1555 1911 sine
1563 1889 1674 1918 stupore
1684 1882 1760 1910 audi-

975 1935 1026 1963 stis
1036 1939 1167 1969 quantam
1179 1933 1316 1960 instruere
1325 1931 1369 1958 vix
1379 1931 1468 1958 omnis
1477 1929 1559 1957 simul
1568 1927 1643 1956 Italia
1653 1930 1758 1962 posset.

974 1981 1040 2010 Erat
1050 1985 1112 2009 ante
1121 1980 1195 2007 hunc
1206 1978 1279 2006 diem
1292 1975 1556 2005 dnntasatterrestri
1571 1974 1695 2002 exercitu
1708 1980 1757 2008 po-

974 2031 1045 2055 tens.
1057 2025 1138 2054 Maris
1151 2023 1296 2059 imperium
1303 2013 1393 2050 adhuc
1406 2020 1508 2048 nostris
1517 2012 1670 2055 supererat.
1681 2016 1760 2046 Nunc

974 2080 1041 2102 vero
1067 2072 1094 2108 (0
1122 2069 1314 2106 cogitationem
1341 2073 1451 2103 qucque
1470 2070 1550 2093 tantae
1571 2063 1659 2092 cladis
1684 2071 1761 2092 accr—

976 2119 1039 2147 bam
1056 2106 1077 2153 ll
1091 2124 1168 2147 mare
1183 2121 1294 2151 qunque
1308 2112 1472 2141 Christianis
1493 2111 1615 2138 ablatum
1633 2106 1689 2138 illis
1708 2109 1760 2136 ad-

978 2165 1066 2197 ditum
1091 2168 1144 2192 est.
1160 2162 1237 2191 Licet
1251 2161 1278 2189 ei
1301 2160 1358 2195 jam
1381 2158 1468 2186 libere
1488 2157 1580 2194 vagari
1609 2163 1664 2192 quo
1681 2155 1760 2188 libet,

141 2220 205 2239 cum
217 2212 290 2242 velit,
300 2215 328 2239 et
339 2212 434 2246 possit,
447 2217 476 2238 et
484 2211 563 2243 sciat,
577 2209 705 2238 dubitare
719 2207 818 2244 aliquis
834 2211 924 2242 potest
941 2204 963 2230 Ι)
981 2218 1077 2240 omnes
1092 2215 1199 2246 ponus,
1212 2215 1307 2236 omnes
1332 2205 1485 2235 maritimas
1500 2203 1631 2238 stationes
1659 2201 1761 2230 liberas

141 2258 209 2292 quin
227 2262 283 2284 toto
298 2257 391 2284 animo
405 2263 437 2283 ac
454 2260 511 2283 tota
525 2260 615 2283 tuente
631 2255 659 2283 in
677 2262 727 2282 nos
746 2254 805 2281 dics
820 2257 926 2281 noctes-

142 2312 196 2338 que
214 2304 341 2331 feratur?
357 2303 399 2330 An
417 2310 481 2330 vero
494 2306 631 2329 armatum
646 2301 834 2336 praestolamur
850 2299 926 2327 domi

143 2350 302 2380 oscitantes,
330 2353 361 2375 ut
381 2352 438 2376 tum
461 2348 570 2374 domum
593 2347 748 2377 credamus,
775 2353 838 2372 cum
862 2352 927 2372 eum

143 2401 205 2422 ante
227 2395 320 2422 oculos
341 2398 450 2421 nostros
465 2394 539 2420 virus
561 2392 732 2420 exhalantem
748 2389 927 2419 videbimus?

144 2440 202 2467 Non
223 2441 303 2468 decet
320 2441 456 2475 profecto,
474 2447 525 2468 nec
543 2439 670 2467 Italorum
687 2437 817 2472 potentiae
832 2437 872 2464 fas
885 2440 927 2463 est

144 2487 235 2514 dicere
258 2495 265 2514 :
283 2487 343 2514 Non
363 2491 499 2521 putaram.
519 2484 631 2519 Propria
649 2483 707 2511 Itali
729 2483 869 2518 sanguinis
885 2485 928 2509 est

145 2533 302 2568 prudentia.
333 2532 443 2567 propria
467 2532 590 2562 libertas,
613 2530 752 2565 proprium
769 2528 926 2563 imperium.

147 2581 186 2607 An
210 2579 377 2614 degenerare
401 2578 590 2605 nobilissimus
613 2577 721 2603 animus
738 2583 753 2602 a
779 2574 928 2609 majoribus

146 2625 214 2655 suis.
230 2629 268 2654 et,
284 2631 365 2658 quem
384 2623 455 2651 Deus
469 2623 555 2650 voluit
575 2622 682 2649 czntcris
696 2622 846 2656 imperare,
869 2627 928 2647 ser-

145 2671 203 2698 vire
233 2671 307 2705 genti
339 2670 495 2698 fcetlissiuue
519 2668 726 2696 sustinebitur?
750 2667 823 2695 Nihil
852 2671 929 2702 putat

146 2717 252 2744 Turcus
273 2724 302 2743 se
319 2716 409 2743 facere
426 2716 537 2750 dignius
555 2722 646 2749 posse,
663 2714 733 2741 nihil
757 2713 861 2741 nomini
874 2708 929 2740 suo

146 2762 304 2798 gloriosius,
333 2769 415 2796 quam
440 2761 462 2788 si
483 2761 511 2788 in
535 2760 637 2787 Italiam
662 2759 812 2787 exercitum
835 2758 927 2790 ducat,

146 2814 174 2835 ct
191 2809 325 2842 imperare
338 2808 444 2834 solitam
462 2806 629 2841 provinciam
641 2813 690 2833 suo
704 2805 785 2832 addat
801 2805 927 2839 imperio.

147 2854 224 2885 Mavi
249 2854 306 2889 ejus
332 2858 483 2889 parentem,
500 2859 579 2887 qtnztn
605 2851 722 2887 primum
745 2850 882 2886 trajceisse
900 2850 928 2877 in

978 2258 1060 2286 habet
1075 2265 1082 2284 ε
1098 2254 1271 2283 Ambracium
1282 2253 1392 2285 sinum,
1407 2255 1516 2287 portum
1534 2250 1610 2278 illum
1624 2248 1762 2277 nobilissi-

977 2311 1052 2333 mum
1067 2302 1247 2338 Apolloniam,
1265 2300 1324 2328 loca
1335 2298 1445 2334 quidem
1465 2297 1548 2324 Italia:
1559 2296 1688 2328 ﬁnitima;
1700 2302 1762 2330 quas

977 2349 1042 2376 olim
1062 2347 1194 2375 Romanis
1208 2345 1236 2373 in
1255 2343 1397 2376 Graeciam,
1412 2342 1435 2370 si
1451 2341 1546 2369 eadetn
1565 2348 1639 2368 nunc
1661 2339 1700 2367 illi
1718 2339 1760 2366 via

977 2395 1005 2422 in
1024 2394 1130 2421 Italiam
1144 2392 1206 2422 erit.
1219 2397 1351 2426 perquam
1370 2389 1454 2417 brcve
1469 2388 1583 2419 fretum,
1598 2385 1759 2414 brevisaima

978 2440 1113 2475 navigatio
1138 2443 1190 2466 est.
1219 2437 1361 2464 Terrestre
1384 2439 1515 2470 praeterea
1543 2433 1597 2460 iter
1611 2439 1698 2466 usque
1727 2430 1761 2458 ad

978 2486 1078 2514 Forum
1091 2485 1155 2513 Julii
1170 2489 1265 2520 patens
1285 2488 1367 2518 atque
1388 2485 1524 2517 apertum.
1541 2479 1608 2506 Mari
1632 2483 1762 2511 terraque

977 2532 1086 2566 cingere
1098 2530 1202 2559 Italiam
1215 2533 1313 2565 potest.
1329 2527 1400 2561 Quid
1417 2532 1469 2559 est,
1484 2525 1558 2560 quod
1572 2531 1634 2552 eum
1650 2522 1691 2550 vel
1708 2529 1762 2548 non

978 2576 1082 2604 hortari
1096 2581 1178 2610 atque
1193 2575 1334 2610 impellere
1357 2573 1456 2601 debeat
1472 2571 1505 2599 ad
1527 2577 1570 2602 ea,
1589 2576 1650 2604 qua:
1668 2567 1762 2595 tandiu

978 2624 1071 2651 animo
1088 2622 1232 2657 proposuit
1244 2640 1251 2652 ,
1268 2619 1446 2655 perficienda,
1461 2617 1503 2645 vel
1521 2617 1555 2644 ab
1567 2616 1601 2644 iis
1620 2615 1762 2642 deterrere

978 2669 1065 2705 possit
1081 2673 1162 2702 atque
1173 2665 1318 2693 avertere?
1341 2664 1465 2692 Audistis
1481 2663 1596 2695 multos,
1614 2660 1661 2696 qui
1684 2659 1763 2686 illum

978 2704 1076 2749 saepius
1094 2713 1196 2741 Italiam
1221 2716 1371 2743 nutantem,
1387 2710 1493 2737 Italiam
1515 2712 1684 2744 sperantem,
1711 2704 1763 2732 Ita-

978 2761 1043 2790 liam
1066 2767 1098 2787 ac
1112 2759 1225 2786 Romam
1240 2756 1434 2784 vociferantem
1460 2754 1654 2782 intellexerunt
1669 2760 1677 2786 ;
1697 2752 1720 2779 si
1737 2757 1765 2779 et

980 2804 1066 2838 cupit,
1093 2806 1121 2830 et
1137 2809 1215 2836 posse
1241 2809 1269 2828 se
1295 2805 1395 2834 sperat.
1411 2798 1482 2826 Nihil
1506 2803 1582 2826 certe
1607 2802 1671 2829 est.
1689 2795 1763 2832 (mod

981 2857 1043 2877 eum
1057 2847 1143 2885 possit
1160 2847 1193 2874 ab
1209 2846 1260 2874 hoc
1286 2845 1426 2881 proposito
1444 2844 1593 2876 remorari,
1613 2842 1763 2882 praesertim
