1916 3066
163 117 217 148 6.35

624 116 882 148 BESSARIONIS
901 117 933 148 S.
955 117 989 148 Β.
1015 119 1048 149 Ε.
1073 119 1307 150 CARDINALIS

1734 117 1792 150 656

163 174 229 200 dum
254 173 335 201 italos
354 173 470 202 conlidit
484 181 626 210 nunquam
647 182 702 203 uno
718 182 853 203 consensu
871 174 899 202 in
920 181 949 201 se
963 175 988 204 Α
1002 178 1142 205 mantibus
1165 177 1334 212 asperrimis,
1364 185 1413 213 pro
1427 176 1548 213 Illyrium
1576 175 1692 212 penuria
1720 183 1790 204 eum

164 219 382 254 conspiratum,
398 228 540 256 nunquam
552 221 685 249 adversus
697 228 727 249 se
740 228 816 248 arma
824 225 949 256 sumptu-

150 273 222 294 τοι.
237 265 285 293 His
307 265 352 294 ille
367 267 589 295 contentionibus
603 275 679 302 spem
701 275 777 295 suam
795 267 949 301 confirmat,

163 315 192 339 et
203 319 374 347 qumcunque
385 316 462 347 optat
474 312 526 340 sibi
540 312 620 340 facile
639 313 793 348 pollicetur.
810 312 949 345 Referam,

163 359 288 392 quamvis
300 362 364 386 nota
383 359 419 386 sit
437 359 530 393 vulgo,
545 359 682 390 fabellam,
699 366 753 394 qua
774 366 862 393 nuper
883 365 952 386 usus

149 403 275 436 dicitur,
294 411 355 430 cum
372 411 406 431 ex
418 404 478 431 suis
492 403 604 439 quidam
628 403 789 432 dissuadere
810 404 836 431 ei
848 404 950 431 bellum

164 449 295 476 adversus
323 449 495 478 Christianos
520 455 678 478 conaretur.
713 449 780 478 Nam
810 457 873 478 cum
905 450 952 478 ille

164 495 369 523 formidandum
387 504 446 524 esse
462 496 567 525 diceret
583 504 618 525 ne
632 497 783 525 Christiani
802 497 873 525 bello
888 497 952 525 irri-

163 540 213 567 tati
232 542 340 568 tandem
355 540 382 568 in
400 549 484 568 unum
504 541 706 575 convenirent,
720 543 878 578 bellumque
903 543 963 573 ad-,

155 592 260 613 'versus
274 593 337 613 eum
352 587 491 614 communi
508 588 626 615 consilio
642 591 670 615 et
693 595 745 623 ope
760 593 907 622 gererent;
924 593 952 616 at

164 631 268 664 ridens,
282 632 447 666 Meminisse,
474 637 606 669 tyrannus
632 634 733 669 inquit,
755 634 830 662 illius
855 633 954 663 fabulae

165 679 304 706 convenit.
318 678 385 706 Cum
398 679 455 714 lupi
469 679 619 714 aliquando
633 687 760 716 magnam
773 687 872 707 canum
886 680 954 708 mul-

166 724 310 752 titudinem
336 725 484 753 adventare
512 725 645 754 adversus
669 734 698 754 se
712 726 782 754 forte
805 726 956 755 intellexis-

165 775 236 802 sent.
261 770 412 806 ingensque
436 776 579 807 propterea
609 776 700 800 terror
714 779 763 800 eos
781 775 953 808 occupasset,

167 823 239 844 unus
249 824 283 844 ex
301 817 345 851 iis,
360 819 408 852 qui
429 818 502 845 inter
518 826 566 846 eos
579 818 674 846 senior
690 822 761 850 erat.
787 818 816 845 in
842 818 954 852 propin-

166 869 251 896 quum
273 867 394 890 montem
409 863 559 898 profectus,
573 870 706 892 cacumen
722 864 792 900 ejus,
812 869 842 891 ut
854 871 952 891 canum

166 908 355 942 specularetur
380 909 540 941 adventum,
566 909 738 938 conscendit.
762 908 864 938 Verum
889 917 952 938 cum

166 960 214 981 eos
229 954 330 982 multos
343 954 465 989 quidem,
490 954 538 982 sed
555 954 728 982 diversorum
746 955 870 982 colorum
893 961 954 982 esse

167 999 364 1033 conspexisset,
386 999 464 1027 laetus
480 999 654 1035 gestiensque
671 999 704 1026 ad
724 1007 789 1027 suos
815 1006 953 1033 reversus,

170 1055 179 1070 ι
195 1045 282 1078 Bono,
301 1055 311 1071 ι
332 1046 431 1080 inquit,
448 1055 461 1079 ι,
480 1050 538 1074 este
554 1046 656 1073 animo.
673 1047 759 1074 Tanta
776 1046 850 1073 enim
866 1052 908 1074 est
925 1047 953 1074 in

167 1091 292 1120 hostibus
316 1093 420 1121 nostris
441 1092 578 1125 colorum,
605 1101 712 1121 morum
743 1093 954 1128 studiorumque

168 1137 324 1170 diversitas,
340 1143 370 1166 ut
383 1138 538 1166 consentire
557 1146 610 1166 una
627 1146 660 1167 ac
679 1139 840 1174 conspirare
855 1139 883 1166 in
903 1138 954 1166 ali-

168 1183 241 1217 quod
270 1184 351 1212 simul
367 1192 463 1212 omnes
481 1192 534 1212 non
547 1185 672 1220 possint:
695 1185 819 1220 singulos
838 1192 916 1218 vero,
931 1185 954 1213 si

167 1231 306 1265 venerint,
330 1231 478 1260 absorbere
501 1232 560 1260 sine
583 1231 742 1260 didicultate
763 1232 925 1267 poterimus.
943 1242 952 1259 ι

169 1276 232 1304 llaec
252 1282 294 1305 est
319 1278 426 1313 tyranni
445 1285 517 1312 spes,
544 1278 602 1305 haec
625 1278 765 1313 cogitatio,
789 1279 842 1306 hoc
867 1279 957 1307 consi-

168 1323 247 1356 lium,
259 1314 312 1350 iiisi
330 1331 377 1358 spe
396 1331 445 1351 sua
463 1323 625 1351 frustretur.
652 1323 841 1352 Frustrabitur
865 1329 955 1352 autem

157 1368 191 1395 ἐἰ
208 1369 362 1397 volueritis.
378 1369 525 1406 Nunquam
542 1370 660 1397 ferocem
675 1369 751 1398 illum
767 1371 890 1399 animum
906 1371 958 1399 mi—

170 1415 268 1442 tiorem
281 1415 396 1443 reddere
410 1415 547 1451 poteritis.
560 1415 648 1444 liabet
662 1417 734 1444 enim
747 1416 774 1444 in
784 1417 869 1444 armis
883 1417 956 1445 mili-

170 1466 225 1488 tem
249 1461 368 1489 decretis
387 1462 582 1498 perpetuisque
608 1462 755 1497 stipendiis
779 1463 956 1500 conductum,

168 1507 228 1554 qui,
245 1506 386 1554 sivedomi
401 1508 534 1554 quiescat,
549 1507 606 1536 sive
619 1507 684 1536 foris
694 1508 764 1554 bella
777 1514 863 1545 gerat,
878 1509 950 1539 idem
972 1525 993 1554 ο

168 1553 268 1587 accipit
283 1553 317 1580 ab
336 1552 433 1581 aerario
456 1553 575 1580 militare
593 1553 771 1587 stipendium,
789 1554 862 1582 nullo
879 1557 956 1590 priu-

170 1597 238 1633 cipis
249 1598 290 1625 sui
310 1603 433 1634 sumptu.
448 1603 530 1633 atque
546 1606 579 1626 eo
603 1599 714 1626 nomine
737 1600 853 1634 singulis
876 1601 956 1628 anuis

170 1645 204 1672 ad
228 1645 421 1679 imperatorem
436 1652 516 1672 suum
536 1644 667 1672 accedere
688 1645 866 1680 jurejurando
890 1647 957 1673 ada-

171 1695 242 1722 ctus,
262 1694 290 1716 ct
315 1690 340 1717 ei
369 1697 480 1726 operam
510 1696 538 1718 et
565 1690 686 1718 laborem
707 1691 841 1725 polliceri.
872 1691 958 1720 Habet

171 1741 302 1771 prmterea
320 1736 400 1771 longo
424 1743 517 1763 rerum
549 1744 598 1763 usu
622 1737 702 1771 plane
727 1742 900 1772 perspectum
929 1744 958 1766 et

172 1783 343 1818 exploratum
361 1790 416 1811 non
433 1783 485 1810 alia
501 1783 536 1810 de
551 1790 633 1811 causa
652 1788 752 1811 tantam
781 1784 884 1820 gloriae,
904 1786 959 1812 for-

158 1830 312 1861 'tuuarum,
341 1829 449 1864 imperii
474 1829 660 1857 accessionem
684 1829 735 1857 sibi
768 1829 866 1857 factam
884 1838 956 1862 esse.

171 1884 254 1912 quam
288 1876 360 1913 quod
386 1876 525 1911 perpetuis
554 1875 688 1903 bellorum
724 1875 865 1904 laboribus
894 1884 959 1904 suos

172 1923 305 1955 exercuit,
321 1923 415 1950 hostes
434 1921 603 1957 proﬂigavit:
628 1929 642 1948 a
668 1929 724 1957 quo
747 1922 873 1950 instituto
893 1930 958 1949 nus-

172 1978 253 2005 quam
281 1969 414 2004 disccdet,
441 1968 493 1995 nisi
511 1968 583 2003 quod
600 1968 676 2001 utile,
696 1968 769 2004 quod
796 1968 957 2004 gloriosum,

171 2015 244 2050 quod
258 2007 442 2041 necessarium
460 2013 511 2040 sibi
522 2021 581 2051 esse
594 2013 731 2049 intelligit,
743 2014 825 2041 stulte
835 2014 957 2041 omittat.

156 2058 159 2059 ⁷
173 2061 232 2095 Quo
252 2065 341 2095 pacto,
357 2060 428 2086 bone
442 2058 505 2086 Jesu
519 2059 525 2085 l
547 2066 657 2093 sperare
674 2067 818 2094 possumus
838 2065 886 2087 aut
914 2067 958 2087 su-

174 2107 272 2142 spicari
288 2105 364 2132 illum
390 2112 445 2132 non
466 2105 624 2132 moliturum
651 2104 830 2136 servitutem,
846 2105 958 2137 caedem,

175 2152 238 2179 ﬁdei
255 2157 355 2179 nostra:
371 2150 534 2178 interitum?
546 2150 641 2178 Nonne
657 2151 693 2178 ita
707 2156 804 2179 natura
818 2159 959 2187 compara-

174 2205 232 2226 tum
249 2205 310 2226 esse
325 2196 463 2231 intelligit,
478 2201 508 2224 ut
525 2196 593 2224 nihil
607 2197 703 2224 eodem
720 2198 773 2225 situ
791 2204 960 2232 permaneat,

175 2245 221 2272 sed
239 2248 337 2271 cuncta
353 2242 422 2278 jugi,
436 2241 529 2275 vario,
545 2250 616 2270 novo
634 2247 709 2270 motu
736 2244 872 2278 agantur?
884 2243 962 2277 Quod

175 2291 197 2317 si
217 2289 338 2324 amplum
355 2288 437 2316 habet
452 2288 608 2323 imperium,
630 2289 712 2324 idque
729 2296 819 2316 rerum
839 2291 962 2316 omnium

177 2337 234 2369 lege
253 2335 356 2362 moveri
372 2338 492 2369 oportet,
510 2341 602 2362 nonne
627 2334 817 2367 imminuetur,
838 2335 891 2362 nisi
917 2343 965 2362 au-

176 2381 289 2418 geatur?
305 2381 344 2408 Ne
364 2381 501 2416 putaveris
513 2380 632 2408 Turcum
645 2381 760 2416 augendi
781 2381 888 2417 imperii
907 2386 965 2408 stu-

177 2429 284 2456 tiiuSliln
312 2432 341 2455 et
371 2427 521 2462 cupidum;
549 2431 577 2454 at
604 2431 679 2455 certe
705 2432 749 2455 est
773 2427 965 2455 conservandi.

177 2475 347 2501 Cunservare
369 2480 435 2500 vero
453 2480 507 2499 non
522 2471 636 2508 poterit,
654 2472 707 2499 nisi
734 2477 852 2506 augeat:
879 2472 966 2507 siqui-

177 2520 238 2546 dem
267 2525 456 2553 regressurum
484 2522 525 2545 est
561 2517 634 2552 quod
663 2525 715 2544 non
753 2517 964 2552 progrediatur,

178 2566 317 2600 lnpsurum
343 2564 415 2599 quod
432 2571 487 2590 non
516 2568 619 2598 surgat,
646 2563 784 2590 ruiturum
809 2563 881 2598 quod
911 2571 965 2590 non

179 2612 264 2647 majus
279 2611 425 2638 eiiiciatur.
448 2610 505 2643 Qua
526 2610 702 2637 continuatus
722 2609 851 2644 opinione
865 2609 968 2637 exerci-

180 2663 236 2684 tum
255 2665 335 2684 suum
350 2661 432 2692 auget
444 2657 470 2683 in
480 2655 551 2686 dies,
563 2663 644 2690 quem
662 2655 742 2682 habet
755 2654 965 2690 amplissimum.

179 2703 273 2730 Aliena
292 2702 404 2735 invadit,
424 2709 458 2729 nc
481 2709 530 2730 sua
549 2701 733 2729 amittatnAn
753 2708 819 2728 vero
841 2705 968 2735 sumptus

180 2749 315 2782 ingentes,
334 2752 373 2775 tot
396 2747 512 2775 militum
530 2747 652 2782 perieula
673 2753 701 2774 et
716 2746 827 2773 vulnera
841 2767 848 2778 ,
867 2751 907 2773 tot
919 2754 967 2773 ex-

183 2793 335 2825 peditiones
351 2793 524 2828 gravissimas
544 2797 627 2828 atque
654 2791 820 2820 alienissimo
847 2797 968 2827 tempore

184 2847 231 2878 pro
258 2838 403 2877 Mysiot’um
430 2840 527 2874 exiguo
555 2839 680 2877 imperio,
707 2846 756 2875 pro
784 2837 967 2867 Triballorum

1001 222 1156 257 suscepisse
1177 223 1303 257 putatis?
1320 230 1370 258 pro
1392 222 1476 251 italiae
1497 227 1588 250 autem
1610 221 1720 257 opibus,
1735 228 1790 254 pro

1002 274 1130 303 agrorum
1146 267 1298 299 feracitate.
1315 274 1364 303 pro
1378 268 1512 297 suavitate
1527 268 1646 303 frugum,
1663 274 1713 303 pro
1734 266 1791 294 hac

1002 312 1061 347 ipsa
1086 312 1149 340 luce
1166 313 1193 339 in
1212 320 1267 347 qua
1288 313 1393 340 versari
1409 313 1494 348 cupit,
1508 320 1564 340 non
1583 313 1684 348 majora
1699 312 1793 339 factu-

1001 358 1084 385 rum?
1099 358 1148 386 ilic
1164 365 1256 386 arcem
1272 366 1385 393 ponere,
1401 358 1448 385 hic
1464 357 1589 393 prasidia
1604 357 1739 386 collocare
1755 357 1792 384 ad

1002 404 1138 439 reliquum
1167 404 1260 432 orbem
1282 404 1481 440 subjugandum
1506 403 1624 440 cogitat;
1649 408 1732 438 atque
1751 403 1791 431 ita

1003 450 1113 485 cogitat,
1134 455 1165 478 ut
1175 457 1225 485 per
1241 450 1361 478 hostium
1377 457 1489 477 suorum
1500 450 1700 478 dissensionem
1718 449 1746 477 id
1759 456 1791 477 se

1002 495 1081 524 facile
1093 501 1306 524 consecuturum
1322 501 1424 532 speret.
1438 495 1540 524 Eadem
1555 496 1647 524 animo
1654 495 1791 530 concipit,

1002 550 1063 578 qua:
1077 542 1198 578 Pyrrhus
1214 542 1410 570 meditabatur.
1425 542 1474 570 ille
1492 542 1580 574 enim,
1606 541 1667 569 fuso
1686 541 1792 569 Roma-

1003 596 1101 616 norum
1116 588 1250 620 exercitu,
1265 586 1353 616 totum
1378 589 1430 616 sibi
1457 592 1591 616 terrarum
1609 587 1684 615 orbis
1699 589 1792 623 impe-

1003 635 1075 663 rium
1096 635 1176 670 plane
1192 635 1382 670 pollicebatur,
1394 642 1476 670 quem
1487 642 1550 663 eum
1561 633 1660 662 Cineas
1672 634 1794 662 Thessa-

1003 682 1057 714 lus,
1089 687 1182 710 orator
1206 688 1341 714 summus,
1367 683 1464 713 virque
1494 680 1725 716 sapientissimus,
1754 679 1793 707 ab

1004 729 1088 756 italiae
1118 727 1281 755 invadenda:
1307 726 1424 754 consilio
1461 725 1601 753 abducere
1629 729 1790 758 conaretur,

1004 773 1124 809 Egregii,
1148 772 1248 808 inquit,
1264 772 1337 800 bello
1361 771 1477 799 Romani
1497 778 1559 799 esse
1573 770 1716 802 dicuntur,
1734 777 1796 796 ma-

1006 827 1116 855 guoque
1133 820 1257 846 virorum
1273 818 1386 846 fortium
1399 823 1427 846 et
1442 817 1558 844 militum
1577 823 1692 844 numero
1706 815 1796 850 impe-

1007 873 1080 892 rare.
1109 864 1188 898 Quod
1210 865 1231 892 si
1255 871 1303 892 eos
1327 870 1459 898 superare
1482 862 1563 890 nobis
1586 861 1625 889 dii
1652 861 1794 894 dederint,

1008 910 1141 946 quidnam
1159 918 1281 946 agemus,
1296 909 1400 946 Pyrrhe
1413 909 1424 936 2
1437 908 1507 943 Quid
1522 908 1585 942 erit,
1600 908 1723 943 inquam,
1742 914 1796 935 no-

1008 958 1051 986 bis
1063 958 1075 985 ?
1087 957 1167 986 Nulla
1181 960 1314 992 praeterea
1337 955 1448 988 moenia,
1470 962 1560 990 neque
1585 954 1691 986 (ἕτερα,
1703 960 1797 988 neque

1008 1002 1116 1035 Latina,
1148 1001 1280 1029 Romanis
1300 1001 1446 1036 superatis,
1474 1004 1632 1028 nostrorum
1661 999 1796 1034 impetum

1009 1049 1146 1076 suStinere
1160 1047 1298 1075 valebunt.
1315 1047 1411 1074 Totam
1436 1054 1451 1074 e
1467 1046 1581 1082 vestigio
1595 1045 1700 1074 italiam
1711 1052 1798 1073 occu-

1009 1093 1156 1128 pabimus:
1179 1092 1258 1127 cujus
1275 1099 1337 1120 cum
1353 1091 1578 1127 amplitudinem.
1594 1095 1650 1118 tum
1664 1091 1795 1117 virtutem

1010 1140 1124 1167 minime
1148 1139 1268 1174 ignoras.
1285 1137 1424 1173 Occupata
1445 1144 1511 1165 vero
1527 1136 1615 1169 Italia,
1632 1135 1696 1171 quid
1724 1139 1795 1168 tum,

1011 1186 1111 1221 inquit,
1138 1193 1199 1217 rex,
1226 1184 1378 1212 faciemus?
1403 1183 1540 1216 Proxima,
1562 1182 1662 1217 inquit,
1686 1180 1796 1213 Sicilia,

1011 1232 1099 1261 insula
1125 1231 1189 1259 felix
1213 1235 1241 1258 et
1261 1230 1403 1258 hominum
1431 1228 1606 1256 multitudine
1632 1226 1798 1262 frequentis-

1011 1279 1091 1311 sima,
1108 1286 1168 1306 sese
1179 1277 1258 1305 nobis
1271 1276 1410 1305 dedet.Ea
1421 1281 1512 1303 autem
1528 1275 1606 1303 facile
1621 1275 1680 1309 capi
1694 1278 1796 1309 potest,

1011 1332 1074 1352 nam
1095 1323 1295 1355 seditionibus,
1312 1322 1390 1350 bellis
1418 1321 1563 1354 civilibus,
1586 1326 1684 1355 magno
1703 1327 1798 1346 rerum

1012 1370 1131 1398 tumultu
1148 1369 1270 1397 ﬂuctuat.
1288 1368 1359 1396 Tum
1377 1367 1495 1395 Cineas:
1513 1367 1555 1393 An
1573 1366 1623 1394 tibi
1646 1365 1710 1397 erit,
1734 1372 1798 1396 rex,

1013 1415 1147 1443 bellorum
1165 1415 1226 1442 finis
1239 1413 1352 1442 Sicilia?
1374 1413 1427 1445 Dii,
1442 1413 1541 1448 inquit,
1564 1409 1682 1442 faveam.
1698 1411 1797 1438 Cinea.

1012 1461 1081 1490 Nam
1106 1461 1218 1497 Libyam
1249 1460 1441 1496 proximasque
1462 1458 1616 1494 provincias
1640 1457 1752 1490 adoriri,
1769 1461 1798 1484 et

1012 1508 1204 1543 Carthaginem
1226 1513 1357 1542 superare
1371 1505 1529 1533 facillimum
1543 1505 1605 1537 erit,
1623 1511 1705 1539 quam
1726 1503 1797 1538 Aga-

1011 1553 1125 1587 thocles,
1142 1553 1240 1588 exigua
1254 1554 1340 1580 classe
1353 1551 1503 1587 profectus,
1522 1557 1618 1586 parum
1630 1549 1715 1577 abfuit
1727 1549 1794 1584 quin

1010 1605 1131 1634 caperet.
1148 1599 1255 1631 Quibus
1269 1598 1367 1630 victis,
1387 1597 1479 1624 nullus
1502 1603 1553 1624 nos
1581 1595 1698 1630 amplius
1722 1594 1796 1622 bello

1011 1645 1099 1672 hostis
1123 1644 1260 1672 lacessere
1282 1643 1410 1676 audebit;
1432 1642 1480 1670 sed
1501 1641 1591 1669 cuncti
1607 1641 1635 1668 in
1662 1640 1795 1668 ditionem

1011 1689 1132 1717 venient.
1159 1689 1197 1716 ita
1214 1693 1265 1721 est,
1287 1688 1375 1723 inquit
1395 1687 1505 1715 Cineas.
1531 1686 1645 1714 Constat
1668 1685 1742 1712 enim
1769 1688 1797 1711 te

1013 1734 1199 1762 Macedoniam
1215 1738 1355 1768 totamque
1368 1733 1500 1761 Grazciam
1527 1731 1554 1759 in
1573 1733 1704 1766 potestate
1719 1728 1797 1756 habi-

1013 1785 1123 1813 turum;
1143 1780 1202 1813 sed,
1221 1780 1305 1815 partis
1319 1777 1533 1813 ontnibus,quid
1546 1776 1653 1804 tandem
1667 1773 1799 1810 agemus?

1012 1828 1046 1855 At
1072 1828 1117 1855 ille
1138 1828 1230 1854 ridens
1244 1849 1252 1861 ,
1273 1827 1342 1855 Otioe
1359 1830 1485 1858 utemur,
1514 1823 1613 1858 inquit,
1638 1820 1774 1849 conviviis
1788 1841 1796 1853 ,

1012 1873 1212 1908 voluptatibus,
1229 1873 1373 1900 litterariis
1387 1868 1664 1900 confabulationibus.
1681 1867 1715 1894 At
1731 1866 1798 1901 quid

1013 1921 1153 1955 prohibet,
1168 1920 1266 1954 inquit,
1277 1925 1350 1946 nunc
1359 1924 1467 1953 quoque
1478 1913 1738 1951 voluptatibus,otio
1746 1912 1800 1940 isto

1015 1966 1053 1992 uti
1070 1971 1098 1993 et
1113 1964 1365 2000 disputationibus?
1384 1963 1453 1997 Quid
1470 1963 1553 1990 tantis
1567 1960 1719 1992 laboribus,
1738 1966 1800 1986 mo-

1014 2011 1109 2045 lestiis,
1135 2011 1264 2046 periculis
1287 2010 1445 2043 quaerimus,
1468 2016 1546 2043 quae,
1567 2015 1630 2036 cum
1653 2006 1797 2038 volumus,

1014 2058 1121 2086 rilieere
1137 2057 1298 2093 possumus?
1313 2057 1360 2084 His
1376 2056 1466 2083 verbis
1479 2055 1580 2082 Cineas
1597 2060 1687 2089 regem
1703 2051 1798 2087 potius

1014 2103 1140 2134 offendit.
1156 2110 1237 2138 quam
1255 2110 1270 2130 a
1286 2109 1333 2136 spe
1347 2105 1376 2128 et
1389 2100 1503 2128 consilio
1515 2098 1641 2126 instituto
1653 2096 1798 2125 deterruit.

1014 2147 1077 2175 Haec
1095 2147 1174 2174 vobis
1204 2146 1342 2179 recensui,
1356 2149 1386 2172 ut
1411 2152 1465 2172 non
1488 2143 1608 2171 defuisse
1630 2141 1800 2177 cognoscatis

978 2203 1000 2231 ι)
1015 2195 1061 2228 qui
1086 2193 1181 2221 eadem
1204 2192 1355 2228 cupiditate
1379 2191 1595 2219 incenderentur
1616 2196 1669 2223 qua
1693 2187 1801 2215 Turcus

1015 2241 1200 2268 inflammatus
1210 2244 1261 2267 est.
1276 2239 1310 2266 At
1326 2238 1447 2274 Pyrrhus
1462 2245 1516 2264 non
1530 2236 1621 2264 Cinea:
1635 2234 1800 2262 auctoritate

1017 2291 1046 2313 et
1071 2285 1174 2317 verbis,
1197 2292 1251 2319 quo
1265 2283 1418 2311 cbariorem
1435 2282 1553 2310 habebat
1577 2281 1724 2311 neminem,
1746 2285 1800 2305 non

1016 2331 1152 2366 paucitate
1169 2330 1295 2364 militum,
1306 2337 1360 2357 non
1373 2328 1486 2356 Romani
1495 2327 1615 2355 nominis
1623 2326 1693 2352 fama
1701 2323 1801 2351 eximia

1016 2378 1049 2405 ab
1066 2377 1141 2405 italia
1156 2376 1291 2404 deterreri
1308 2375 1417 2411 potuit;
1435 2379 1463 2402 et
1478 2374 1586 2401 Turcus
1602 2380 1655 2400 non
1671 2370 1800 2402 audebit,

1016 2425 1063 2459 qui
1090 2423 1195 2459 Pyrrho
1210 2423 1328 2450 militum
1357 2422 1468 2453 robore,
1492 2419 1586 2446 ﬁnium
1612 2417 1803 2452 magnitudine

1016 2471 1096 2506 longe
1108 2470 1270 2504 locupletior
1284 2473 1345 2501 est;
1361 2468 1407 2503 qui
1424 2463 1529 2494 Italiam
1541 2465 1648 2492 viribus
1658 2469 1687 2491 et
1701 2463 1804 2491 studiis

1016 2517 1176 2552 dissipatam
1195 2524 1248 2543 non
1270 2515 1394 2550 ignorat;
1412 2514 1457 2548 qui
1476 2512 1572 2548 Pyrrhi
1590 2514 1665 2546 gesta
1686 2509 1804 2537 irridere

1017 2563 1097 2594 solet,
1127 2561 1280 2590 Alexandro
1309 2568 1386 2587 suam
1413 2566 1522 2594 aequare
1555 2555 1707 2584 virtutem?
1735 2555 1803 2582 Nam

1017 2607 1201 2636 Alexandrum
1225 2607 1400 2634 Macedonum
1418 2612 1507 2639 regem
1533 2603 1565 2630 ad
1590 2610 1633 2630 res
1659 2601 1804 2639 gerendas,

1020 2657 1052 2682 ad
1068 2653 1270 2681 aemulationem
1286 2651 1378 2686 gloria:
1404 2638 1458 2678 sibi
1470 2649 1632 2677 imitandum
1649 2638 1804 2682 pFoposuit,

1019 2699 1095 2726 illum
1121 2699 1209 2733 ipsum
1241 2696 1426 2724 Alexandrum
1450 2695 1508 2730 qui,
1525 2701 1587 2721 eum
1616 2693 1807 2726 Anaxagoram

1019 2746 1112 2781 plures
1138 2743 1256 2771 mundos
1269 2750 1331 2770 esse
1347 2741 1533 2777 disputantem
1561 2739 1703 2770 audiisset,
1732 2737 1807 2772 inge-

1020 2791 1122 2819 muisse
1136 2790 1248 2822 dicitur,
1270 2794 1298 2816 et
1316 2789 1450 2823 lacrymas
1474 2787 1609 2817 emisisse,
1624 2786 1696 2820 quod
1719 2792 1806 2811 unum

1021 2837 1116 2867 saltem
1133 2844 1166 2864 ex
1184 2836 1216 2864 iis
1233 2840 1318 2866 totum
1348 2835 1374 2864 iu
1399 2835 1531 2862 ditionem
1558 2832 1679 2868 redigere
1707 2830 1806 2866 nequi-
