1916 3066
77 157 131 188 6.37

595 159 815 191 ORATIONES
834 161 985 194 CONTRA
1009 164 1168 196 TL‘BCAS.

1647 165 1702 198 658

76 216 172 243 visaet.
196 215 271 243 Illius
297 222 372 251 gesta
402 217 485 251 legit;
510 216 537 244 iu
561 217 607 244 illo
634 221 705 244 totus
725 223 865 251 versatur;
883 221 904 249 Δ
920 224 949 247 ut
981 221 1090 249 Asianis
1119 222 1245 249 hostibus
1277 222 1481 250 formidolosum
1509 222 1616 253 elliciat,
1647 223 1702 256 quo

76 267 169 295 neque
187 268 253 288 sane
267 269 296 289 se
312 262 471 290 inferiorem
496 266 583 297 putat,
603 270 666 290 cum
686 263 791 297 jactare
807 264 865 298 ple-

78 313 198 340 rumque
233 307 322 335 soleat
348 312 376 334 ct
416 314 513 335 vocem
548 307 619 334 illam
645 307 866 342 frequentissime

78 359 226 385 usurpare,
244 360 273 379 se
288 353 394 380 decima
410 353 530 387 amplius
550 357 628 388 parte
652 352 806 380 Alexandro
820 361 867 380 sn-

80 396 217 430 periorem
230 404 291 424 esse
305 405 312 424 :
329 397 405 424 illum
419 398 493 424 enim
519 405 582 425 cum
598 397 707 432 triginta
726 398 866 425 hominum

80 441 203 470 millibus
217 442 351 469 duntaxat
366 447 394 469 et
412 443 584 477 septuaginta
601 443 711 470 talentis
728 451 802 471 arma
819 452 869 478 per

81 493 220 516 terrarum
251 490 348 517 orbem
374 489 594 523 circumtulisse;
623 497 652 517 se
678 497 744 517 vero
763 493 868 524 quanto

81 533 260 567 paratiorem,
280 534 418 567 ditiorem,
440 534 522 562 rebus
540 534 668 562 omnibus
690 535 868 562 abundantio-

83 579 161 605 reml
191 578 286 607 Solent
315 580 356 607 ha
379 580 572 615 cogitationes,
601 581 660 608 haec
687 580 869 608 aemulationis

83 625 184 657 studia,
197 626 286 654 solent
300 626 460 661 plerumque
479 634 525 654 res
539 634 649 661 magnas
662 634 768 661 parere,
786 631 814 654 et
835 634 870 654 eo

84 671 228 705 pervenire
254 679 310 706 quo
338 671 498 705 intendunt,
524 672 677 707 praesertim
704 672 726 699 si
753 671 869 699 facultas

84 716 166 743 adsit.
185 717 220 744 At
237 724 270 744 ea
290 716 412 751 profecto
427 716 519 744 Turco
535 725 590 744 non
616 717 703 750 deest,
724 717 771 751 qui
793 725 822 744 se
837 725 870 744 eo

85 770 165 798 quem
189 762 311 789 imitatur
326 763 532 798 locupletiorem
554 756 703 790 existimat.
728 763 774 791 Sic
799 763 869 791 The-

85 817 150 836 seus
166 808 299 842 Herculis,
324 809 365 837 sic
380 809 578 837 Themistocles
603 809 731 836 Miltiadis
746 809 872 844 exemplo

86 854 173 887 ducti,
190 855 308 882 maxima
324 855 446 883 facinora
469 855 627 882 ediderunt.
645 854 733 882 Habet
751 854 872 889 profecto

86 901 179 928 nescio
188 902 251 936 quid
264 900 343 928 fatale
355 900 504 929 Alexandri
523 900 650 933 imitatio,
662 908 724 928 cum
738 908 770 928 ea
784 899 873 928 Julius

86 947 176 974 Ctesar
189 948 328 979 incensus,
345 951 406 982 post
429 954 474 974 res
494 947 704 982 praclarissime
720 952 822 982 gestas,
844 946 871 973 in

88 994 202 1027 patriam
219 993 301 1021 etiam
317 993 426 1021 civilem
443 993 616 1029 sanguinem.
633 1001 708 1020 arma
728 997 872 1020 converte-

89 1040 132 1066 rit.
148 1038 224 1072 Quod
236 1039 258 1067 si
276 1039 349 1066 illius
361 1039 487 1073 exemplo
499 1039 555 1074 agit
567 1039 613 1073 qui
626 1039 751 1074 Libyam,
768 1039 873 1071 Asiam,

90 1090 174 1112 totum
191 1084 277 1112 ferme
295 1084 390 1112 orbem
408 1084 581 1120 subiugavit;
601 1084 624 1112 si
641 1083 714 1111 illius
731 1084 874 1119 persequi-

89 1135 134 1158 tur
144 1131 274 1166 vestigia;
290 1131 313 1159 si
327 1130 509 1166 propagandis
524 1131 633 1166 imperii
650 1130 751 1159 finibus
765 1131 873 1158 laudem

89 1185 145 1205 non
159 1178 241 1205 modo
256 1182 429 1212 aequaturum
440 1197 448 1210 ,
466 1177 514 1205 sed
532 1181 609 1205 tanto
626 1177 712 1212 magis
729 1181 875 1212 superatu-

91 1232 150 1252 rum
166 1224 290 1256 conﬁdit,
306 1228 409 1259 quanto
431 1224 549 1258 majores
571 1224 665 1259 copias
691 1224 800 1259 triginta
825 1224 876 1251 bo-

89 1271 196 1297 minum
211 1270 345 1302 millibus,
356 1268 531 1304 grandiorem
545 1270 690 1304 pecuniam
701 1268 875 1304 septuaginta

89 1317 202 1345 talentis
218 1317 312 1348 habet,
326 1325 381 1351 quo
400 1317 507 1344 tandem
521 1324 584 1344 eum
602 1321 726 1358 spectare
739 1320 767 1343 et
781 1315 875 1343 conari

89 1364 299 1392 existimamus?
312 1364 381 1398 Quid
399 1364 450 1392 sibi
465 1363 583 1399 postulat
599 1363 734 1397 cupiditas
745 1362 789 1389 illa
801 1361 878 1396 pacis

89 1419 152 1439 cum
178 1410 364 1437 illustrissiin
381 1409 558 1444 piissimoque
575 1407 675 1435 Siciliae
687 1413 750 1441 rege
763 1413 877 1440 compo-

90 1455 207 1483 nendae?
220 1455 291 1488 Quid
313 1454 389 1481 missi
413 1453 518 1488 legati?
530 1453 597 1480 Nam
612 1453 659 1485 qui
685 1459 784 1479 nomen
798 1451 878 1478 Chri-

90 1502 211 1529 stianum
232 1500 297 1528 odio
322 1499 415 1530 habet,
441 1498 572 1533 omnique
593 1497 766 1525 crudelitatis
778 1503 877 1532 genere

91 1548 245 1576 insectatur
260 1550 288 1574 et
298 1545 425 1581 despicit,
441 1545 517 1573 nullo
531 1544 642 1579 quidem
657 1542 876 1571 Christianorum

92 1599 179 1624 metu.
196 1593 269 1620 nulla
293 1593 380 1628 gratia
395 1591 545 1620 Christiani
574 1591 645 1625 regis
667 1590 757 1618 fmdus
771 1588 880 1617 deside-

93 1646 146 1672 rat.
161 1639 209 1667 sed
228 1644 277 1671 ut,
293 1639 435 1674 oppressis
457 1646 528 1673 quos
545 1637 691 1665 universos
706 1636 805 1664 eodem
829 1636 880 1663 im-

92 1692 157 1722 p-ttu
168 1693 222 1713 non
238 1685 325 1713 everti
341 1691 423 1719 posse
441 1684 582 1718 intelligit,
597 1683 708 1710 tandem
723 1682 796 1718 quod
804 1682 881 1716 cupit

94 1736 266 1767 assequatur.
279 1732 314 1759 At
329 1738 394 1759 vero
406 1731 543 1758 infelicem
565 1730 641 1757 illum
662 1736 710 1756 sua
732 1729 802 1756 fallit
817 1736 880 1763 spes

95 1783 123 1807 et
132 1779 237 1813 opinio,
248 1785 311 1805 cum
326 1776 515 1812 superioribus
529 1767 626 1804 di'ebus
642 1775 785 1810 magnifice
807 1781 883 1809 rege-

95 1833 149 1860 que
168 1825 326 1852 Christiano
350 1825 432 1859 digne
457 1823 575 1860 inclytus
591 1830 637 1851 cex
660 1822 778 1858 legatum
802 1821 882 1850 (Limi-

96 1871 162 1899 seril
179 1879 213 1899 eo
228 1878 372 1905 responso,
388 1875 417 1898 ut
432 1878 486 1898 non
503 1869 591 1898 solum
608 1869 790 1904 perniciosam
802 1868 883 1896 bonis

97 1918 227 1945 omnibus
239 1917 399 1945 societatem
415 1921 576 1951 aspernatus
591 1923 662 1948 esse,
679 1916 726 1942 sed
740 1920 768 1943 et
779 1909 881 1942 bellum

97 1964 169 1991 hoSIi
190 1963 320 1990 indixisse
334 1971 382 1998 pro
393 1962 497 1991 Christi
509 1962 639 1996 religione
654 1961 734 1988 facile
745 1961 881 1988 videatur.

98 2011 132 2038 Et
144 2017 179 2037 ne
197 2009 250 2036 ulla
267 2009 381 2036 omnino
397 2016 429 2036 ex
447 2013 523 2043 parte
546 2007 611 2043 quid
627 2006 775 2034 meditetur
785 2006 884 2033 obscu-

98 2064 160 2082 rum
182 2055 229 2087 sit,
250 2055 367 2089 cogitate
383 2061 530 2088 parumper
555 2051 622 2087 quid
653 2051 697 2078 illa
721 2050 883 2077 humanitas

97 2101 149 2129 sibi
171 2101 238 2132 vult,
256 2108 317 2135 quae
342 2099 470 2127 immanis
493 2099 644 2130 barbarus.
660 2100 688 2124 et
698 2095 732 2122 ad
752 2094 883 2122 srevitiam

98 2152 193 2180 natus,
208 2155 271 2181 erga
289 2146 409 2174 nominis
424 2145 510 2172 nostri
524 2145 711 2180 negotiatores
727 2141 800 2168 intra
818 2149 884 2170 suos

100 2195 169 2221 lines
185 2192 290 2220 'utitur.
313 2191 457 2219 Portendit
473 2191 596 2226 profecto
611 2189 684 2217 aliud
698 2211 705 2223 ,
721 2194 746 2217 et
772 2190 885 2216 omnino

917 267 1024 294 tandem
1040 268 1227 296 transmittere
1239 270 1361 304 cogitat?
1375 267 1425 296 Ubi
1440 269 1481 297 sui
1495 269 1600 296 consilii
1613 267 1701 295 alendi

915 314 1034 343 segetem
1056 310 1210 339 uberiorem
1238 313 1336 340 videt?
1363 313 1409 340 ubi
1439 313 1523 348 magis
1544 311 1703 339 admiranda

917 355 1013 382 conari
1038 357 1146 390 potest?
1175 358 1235 385 Non
1261 359 1389 386 excident
1408 358 1510 393 gladii;
1538 366 1591 384 non
1618 357 1704 384 Πιιυηι

918 407 993 427 arma
1010 401 1044 428 de
1069 403 1209 430 manibus.
1231 404 1298 431 Nam
1322 405 1411 431 socios
1439 404 1466 430 in
1494 403 1582 430 officio
1600 411 1631 430 ac
1651 403 1704 429 (ide

919 446 1060 474 continere
1092 448 1195 480 studet,
1222 455 1250 476 et
1265 457 1313 477 eos
1338 450 1411 484 ipsos
1439 450 1548 484 quicum
1582 440 1705 483 quotidie

918 493 996 521 vivit.
1013 494 1128 522 Maxime
1143 499 1185 522 est
1209 495 1266 523 suis
1289 496 1417 522 omnibus
1442 495 1562 525 invisus:
1587 494 1705 521 oderunt

918 540 1007 572 socii;
1026 549 1080 568 non
1103 547 1194 578 amant
1216 541 1382 574 familiares;
1410 549 1494 576 parvo
1516 546 1654 568 niomcnlo
1670 539 1703 566 ad

920 587 1006 621 ipsius
1020 587 1156 614 excidium
1170 596 1202 615 ac
1220 595 1314 614 necem
1327 596 1423 615 omnes
1438 587 1656 622 impellerentur.
1677 586 1705 613 Id

920 633 1047 667 quoniam
1069 634 1240 667 evploratum
1267 633 1350 661 habet
1376 638 1403 660 et
1425 638 1595 668 compertum
1610 652 1617 664 ,
1633 632 1705 658 bella

922 679 1063 714 peregrina
1088 679 1238 714 suscipere.
1264 687 1371 714 gerere,
1389 679 1524 706 coniicere
1548 678 1653 710 statuit,
1672 686 1706 704 ne

921 723 1098 751 domesticam
1125 724 1288 760 civilemque
1308 724 1507 752 dissensionem
1537 725 1705 758 experiatur.

923 769 1049 804 Ususque
1077 769 1213 804 Scipionis
1228 770 1343 797 consilio
1367 769 1433 796 foris
1459 776 1582 804 pugnare
1612 767 1707 794 utilius

922 817 1083 848 arbitratur,
1100 824 1182 852 quam
1203 817 1284 844 domo
1298 816 1382 843 vinci.
1407 816 1446 843 An
1473 820 1547 843 extra
1568 815 1636 842 lines
1658 814 1708 842 du-

924 867 1019 889 cturus
1039 862 1074 890 sit
1096 861 1245 890 exercitum
1265 862 1355 889 adhuc
1377 861 1506 889 dubitas?
1529 860 1585 887 Non
1610 860 1707 891 sentis,

925 916 978 935 non
993 907 1071 943 plane
1089 908 1244 942 perspicis?
1270 907 1368 936 Nonne
1383 907 1450 935 satis
1473 907 1600 934 novimus
1616 906 1708 940 impu-

925 954 1058 982 rissimam
1079 953 1152 982 illius
1175 958 1312 986 naturam,
1331 954 1515 989 turpissimam
1535 954 1630 985 vitam,
1649 960 1710 980 sce-

922 1003 1036 1029 leratam
1051 1001 1276 1029 consuetudinem
1291 1000 1401 1033 ?Qnam
1417 1000 1517 1032 facem,
1536 999 1606 1026 bone
1620 998 1708 1025 Densl

923 1045 997 1080 quod
1021 1045 1138 1076 facinus,
1159 1052 1239 1080 quam
1261 1044 1442 1079 superbiam?
1473 1043 1545 1071 Nihil
1574 1048 1614 1070 cst
1638 1043 1711 1078 quod

924 1090 1016 1117 animo
1031 1097 1084 1118 non
1103 1090 1224 1123 sorbent,
1246 1090 1313 1117 nihil
1329 1090 1402 1125 quod
1419 1098 1472 1116 non
1488 1089 1596 1116 hauriat
1610 1089 1712 1124 cogita-

925 1135 1009 1164 tione.
1027 1135 1059 1163 Et
1071 1143 1124 1164 non
1141 1142 1269 1171 putamus
1287 1137 1362 1164 illum
1391 1135 1417 1163 in
1436 1141 1556 1163 nostram
1572 1135 1712 1162 calamita-

924 1186 979 1210 tem
1004 1181 1174 1214 incumbere,
1199 1182 1225 1209 in
1245 1190 1362 1217 quorum
1378 1181 1505 1208 fortunas
1534 1180 1711 1208 ﬁdelissimos

926 1227 1026 1260 socios,
1041 1228 1262 1262 antiquissimam
1283 1227 1460 1261 religionem,
1479 1226 1546 1257 vim,
1565 1230 1711 1258 tormenta,

925 1281 1032 1305 cruces,
1062 1281 1120 1307 spe,
1149 1278 1271 1307 sumptu,
1299 1273 1392 1300 labore
1423 1272 1528 1300 defixit.
1558 1272 1597 1300 Ne
1632 1271 1711 1302 illud,

926 1326 1029 1353 quzeso,
1056 1317 1122 1345 mihi
1139 1319 1261 1352 obiicias.
1277 1317 1349 1352 quod
1374 1319 1495 1345 nonnulli
1526 1318 1601 1345 nullo
1621 1325 1712 1345 rerum

928 1371 979 1391 usu
991 1363 1109 1398 pnediti,
1118 1363 1193 1391 nulla
1203 1363 1350 1391 vetustatis
1361 1372 1491 1391 memoria
1501 1364 1600 1391 eruditi
1609 1364 1714 1399 jactare

927 1410 1026 1441 solent,
1041 1411 1198 1444 peregrinas
1216 1410 1341 1437 nationes
1372 1418 1511 1443 nunquam
1540 1410 1645 1437 Italiam
1675 1416 1715 1436 tc-

928 1455 1032 1488 uuisse,
1056 1462 1116 1482 eam
1143 1463 1332 1491 saepenumero
1349 1461 1468 1484 tentasse
1489 1456 1643 1483 infeliciter.
1670 1456 1715 1484 Et-

929 1501 1003 1529 enim
1033 1501 1097 1529 dum
1114 1501 1224 1537 antiqua
1258 1503 1390 1530 memoria
1415 1508 1524 1537 reputo,
1545 1502 1609 1529 dum
1624 1510 1715 1529 rerum

893 1564 914 1594 ο
930 1550 1068 1581 gestarmn
1080 1547 1179 1574 seriem
1198 1547 1231 1574 ad
1246 1552 1336 1574 ucstra
1352 1555 1437 1582 usque
1458 1552 1578 1581 tempora
1599 1547 1714 1578 deduco,

931 1597 1041 1620 exteras
1066 1597 1163 1627 gentes
1187 1593 1215 1620 in
1240 1592 1345 1620 Italiam
1372 1593 1449 1628 prius
1475 1601 1550 1620 arma
1579 1593 1716 1625 intulisse,

932 1638 1111 1673 ingentesque
1129 1638 1266 1665 invexisse
1293 1638 1462 1666 calamitates
1489 1645 1569 1673 quam
1584 1637 1617 1664 ab
1643 1637 1717 1664 [talia

933 1684 1082 1718 accepisse,
1096 1683 1175 1719 plane
1186 1685 1335 1719 comperio.
1345 1683 1423 1715 Nam.
1435 1689 1465 1711 ut
1477 1683 1568 1711 Gallos
1582 1683 1717 1714 omittam,

933 1731 979 1765 qui
994 1731 1035 1758 vel
1048 1738 1082 1758 eo
1096 1734 1229 1766 tempore,
1245 1739 1300 1766 quo
1312 1731 1345 1758 ad
1362 1731 1485 1758 Clusium
1502 1735 1650 1766 pugnatum
1663 1735 1717 1762 est,

935 1781 966 1804 ut
999 1776 1161 1805 Plutarchus
1187 1781 1281 1804 noster
1312 1777 1406 1809 tradit.
1438 1777 1481 1804 vel
1500 1777 1625 1804 ducentis
1656 1782 1720 1803 ante

935 1823 1085 1856 annisrut.
1099 1823 1179 1852 Livio
1198 1823 1321 1850 Romano
1337 1823 1438 1858 placet,
1457 1823 1483 1850 in
1506 1824 1608 1851 Italiam
1635 1823 1720 1850 duxe-

935 1875 1000 1898 runt
1010 1870 1173 1902 exercitum,
1184 1878 1264 1904 parva
1274 1864 1548 1901 madﬁTidthorum,
1557 1879 1590 1898 ex
1603 1870 1720 1897 Thracia

936 1916 1131 1951 Pannoniaque
1158 1924 1306 1951 erumpens
1341 1918 1465 1944 exercitu
1500 1916 1659 1948 collectitio,
1692 1916 1719 1943 in

937 1962 1039 1989 italiam
1062 1962 1147 1994 venit,
1174 1963 1343 1998 vastatisque
1371 1963 1455 1990 Italiae
1487 1964 1570 1997 agris,
1601 1962 1721 1989 incensis

936 2007 1063 2038 urbibus,
1094 2008 1151 2034 haec
1183 2007 1242 2042 ipsa
1271 2007 1372 2035 mtenia
1399 2013 1553 2042 ceperunt,
1581 2007 1721 2039 incendio,

936 2051 1020 2085 ferro,
1046 2052 1120 2080 crede
1144 2053 1235 2080 omnia
1255 2053 1433 2087 complentes.
1460 2053 1499 2080 Illi
1529 2061 1612 2088 parva
1638 2061 1721 2080 manu

938 2100 1081 2133 instructi,
1110 2099 1257 2127 stoliditate
1288 2100 1404 2135 quadam
1432 2099 1722 2134 gesticttlcs,assequi

937 2150 1085 2181 potuerunt
1098 2145 1171 2181 quod
1187 2145 1292 2173 Turcus
1311 2146 1437 2172 maximis
1452 2146 1548 2180 copiis,
1570 2149 1646 2173 certo
1661 2154 1724 2180 per-

938 2191 1076 2227 tinacique
1099 2191 1223 2224 consilio,
1250 2191 1389 2225 suscipere
1412 2198 1444 2218 ac
1464 2195 1569 2218 tentare
1595 2199 1649 2218 non
1675 2198 1725 2218 au-

99 2239 253 2274 prodigium
273 2243 316 2266 est
329 2237 443 2265 efferum
467 2241 620 2264 monstrum
640 2237 666 2263 in
683 2240 792 2263 nostros
805 2257 813 2268 ,
836 2243 885 2271 po~
903 2242 925 2269 1)
939 2238 1025 2266 deat?
1049 2238 1088 2265 Illi
1114 2246 1164 2273 per
1191 2239 1288 2266 itinera
1315 2238 1436 2266 omnium
1464 2238 1619 2266 dillicillima
1639 2244 1726 2267 trans-

100 2287 236 2314 tissimum
264 2289 437 2312 mansuetum
465 2284 522 2311 illic
551 2283 631 2316 fieri,
661 2291 675 2309 a
696 2283 887 2310 crudelissimo

98 2333 178 2360 hoste
193 2331 351 2363 amicitiam,
373 2337 388 2357 a
405 2329 642 2356 truculentissime
657 2329 786 2364 pietatem
803 2329 888 2356 simu-

96 2377 159 2404 lari.
175 2376 234 2404 Non
246 2376 291 2402 diu
309 2379 485 2410 perseverat,
501 2374 574 2409 quod
593 2375 628 2401 ab
653 2373 740 2401 invito
754 2372 888 2408 exprimi-

98 2430 152 2451 tur.
177 2422 270 2450 Servit
294 2422 474 2457 temporibus,
495 2422 560 2448 dum
589 2420 622 2447 ad
653 2426 777 2456 optatum
806 2419 887 2448 finem

97 2468 251 2505 perveniat.
275 2468 309 2495 Et
335 2468 401 2502 quid
425 2471 486 2501 agat
505 2466 595 2493 adhuc
623 2466 801 2500 ignoramus?
825 2473 888 2492 cum

100 2514 255 2554 praesertim
272 2514 310 2541 ita
331 2518 402 2549 agat,
427 2518 456 2540 ut
481 2521 532 2540 nos
556 2513 697 2547 ambigere
724 2512 803 2539 nolit.
828 2512 889 2540 Non

101 2561 256 2591 continebit
269 2561 341 2588 domi
366 2566 470 2588 tantum
492 2562 665 2594 exercitum;
692 2567 747 2587 non
770 2560 889 2595 patietur

99 2616 214 2636 suorum
230 2608 346 2634 militum
363 2607 470 2634 animos
486 2606 651 2638 ell‘eminari,
666 2613 736 2641 quos
763 2606 789 2632 in
806 2605 890 2633 armis

100 2655 205 2682 habere
223 2653 273 2688 ipsi
294 2661 408 2680 necesse
425 2657 478 2680 est.
504 2653 592 2680 liabet
614 2655 687 2680 enim
715 2660 769 2679 non
789 2660 890 2687 paucos

101 2700 217 2727 Asianos
247 2699 362 2733 populos
392 2699 561 2726 infensos’et
586 2699 613 2725 in
633 2707 710 2726 suam
740 2699 889 2734 perniciem

102 2745 298 2777 imminentes;
314 2752 385 2779 quos
404 2744 430 2771 in
447 2752 476 2771 se
495 2744 625 2779 impetum
653 2744 772 2772 facturos
797 2750 890 2779 aperte

102 2791 244 2825 intelligit,
272 2790 293 2817 si
323 2794 370 2817 aut
394 2798 469 2818 arma
495 2791 663 2824 deposuerit,
680 2796 728 2818 aut
753 2791 891 2818 exercitus

103 2840 204 2865 famam
221 2837 248 2864 in
271 2842 457 2871 contemptum
477 2837 681 2871 ludibrium-tuo
706 2837 804 2864 adduci
832 2846 891 2873 pcr-

104 2883 213 2912 tniserit
229 2892 235 2910 :
252 2891 333 2919 quem
356 2888 384 2911 ut
408 2883 535 2912 laudibus
551 2883 755 2911 ornatissimum
784 2884 891 2917 rcdlat,

938 2284 1023 2319 gressi
1041 2287 1106 2311 sunt
1121 2292 1128 2311 :
1143 2288 1171 2311 at
1185 2283 1291 2311 Turcus
1305 2284 1444 2311 maritimo
1460 2289 1487 2311 et
1500 2284 1627 2318 expedito
1642 2292 1725 2312 cursu

937 2328 1059 2363 legiones
1087 2335 1151 2355 suas
1169 2328 1292 2363 trajicere
1317 2329 1472 2356 dubitabit?
1497 2328 1535 2356 Illi
1559 2331 1585 2356 in
1611 2329 1726 2361 Italiam,

938 2382 999 2409 quae
1020 2374 1091 2402 alter
1114 2374 1192 2402 orbis
1219 2375 1331 2407 dicitur,
1359 2375 1539 2410 irruperunt:
1564 2375 1672 2404 Turcus
1691 2376 1727 2403 ita

935 2421 1023 2449 Italiae
1038 2422 1110 2448 vires
1127 2420 1251 2453 tentmit,
1265 2426 1295 2448 ut
1306 2425 1471 2453 contemnat,
1483 2426 1509 2448 et
1524 2428 1576 2448 non
1597 2421 1729 2449 audebit?

938 2466 1019 2500 Quid,
1035 2466 1058 2494 si
1074 2466 1186 2501 antiqua
1201 2467 1353 2494 consectari
1368 2467 1445 2500 libet,
1460 2467 1554 2502 Pyrrhi
1571 2468 1726 2495 luctuosum

939 2513 1086 2540 adventum
1100 2513 1333 2541 commemorem?
1350 2513 1419 2546 Quid
1436 2513 1580 2541 Alexandri
1598 2513 1729 2541 Molossi?

941 2559 1005 2596 quid
1019 2559 1181 2587 Archidami
1199 2559 1315 2594 Agesilai
1330 2559 1468 2594 ﬁliiiquid
1485 2559 1626 2587 Annibalis
1635 2559 1730 2586 busta?

939 2606 1026 2634 Nimis
1039 2613 1145 2640 magna,
1161 2605 1243 2632 nimis
1252 2611 1343 2633 vetera
1360 2606 1470 2633 nomina
1488 2611 1592 2640 repeto.
1607 2605 1676 2638 Quid
1696 2606 1731 2632 ab

940 2652 1034 2683 Attila,
1062 2651 1160 2684 Totila,
1187 2651 1329 2678 Saracenis
1361 2651 1450 2678 illatas
1484 2651 1575 2679 clades
1608 2652 1731 2679 oratione

941 2705 1002 2725 mea
1032 2697 1231 2724 rcfricem?At
1257 2697 1390 2733 Pyrrhus,
1420 2697 1513 2730 credo,
1542 2700 1630 2732 potuit
1658 2698 1731 2732 quod

942 2743 1050 2770 Turcus
1062 2747 1189 2777 nequeat.
1208 2742 1266 2775 Ille,
1287 2743 1368 2770 salvis
1384 2747 1423 2770 tot
1448 2743 1576 2777 ducibus,
1596 2748 1635 2771 tot
1651 2753 1730 2772 excr-

943 2789 1054 2820 citibus,
1086 2796 1155 2823 quos
1184 2789 1336 2817 secundutn
1353 2794 1446 2824 postea
1465 2789 1598 2817 Punicum
1630 2791 1733 2818 bellum

943 2835 1106 2870 absumpsit,
1122 2835 1154 2862 ad
1185 2835 1268 2863 Urbis
1284 2843 1367 2870 prope
1383 2836 1483 2863 manlia
1496 2837 1598 2864 victore
1612 2838 1733 2864 exercitu

944 2881 1085 2910 contendit
1103 2889 1110 2915 ί
1128 2881 1250 2915 Τυιςυε,
1265 2883 1311 2917 qui
1340 2883 1462 2916 Epirum.
1481 2882 1663 2912 Macedoniam
1696 2890 1740 2912 ιι)⁴⁴
