1916 3066
197 130 250 162 65.)
320 130 323 133 ’
658 131 916 164 BESSARIONIS
938 131 972 163 S.

1050 133 1086 165 Ε.
1108 132 1348 164 CARDINALIS
1781 134 1840 166 660

198 192 309 221 tamque
332 185 476 218 Graeciam,
499 190 539 213 tot
564 186 677 220 imperia
698 187 819 222 subegit,
839 187 944 214 italiam
962 187 990 214 in
1004 188 1029 218 Α
1042 187 1136 221 video,
1153 193 1184 216 ut
1200 188 1277 217 omni
1289 194 1390 217 conatu
1406 190 1602 226 contmunique
1611 190 1729 219 consilio
1741 196 1771 218 et
1783 198 1839 226 ope

198 236 239 261 tot
253 232 422 267 principatus
438 236 465 259 et
480 231 570 259 studia
586 232 745 268 dissipatam
770 240 802 260 ac
821 233 988 260 dissentien—
1039 241 1072 261 ea
1090 234 1300 269 propulsemus,
1314 238 1398 268 atque
1415 235 1443 262 in
1461 235 1582 264 hostium
1612 240 1775 264 nostrorum
1790 243 1838 265 ωδ

200 282 253 305 tem
269 277 393 304 timebit?
405 286 459 305 non
475 278 637 305 adorietur‘l
650 285 704 306 non
713 279 759 306 ?...
772 278 830 306 lien
849 287 893 307 me
909 279 990 306 mise-

199 331 260 350 rum
273 322 279 349 ἰ
296 322 395 350 Nescio
406 330 461 357 quo
478 323 610 351 Orationis
624 332 706 352 cursu
717 331 751 352 eo
764 324 898 355 deducor,
916 323 990 359 quod

199 369 278 395 dolor
292 369 447 401 exprimere
463 377 517 396 non
536 369 613 396 sinit.
630 370 665 396 At
679 377 713 396 ne
737 369 764 396 in
776 370 916 397 veteribus
932 374 990 397 tan-

200 418 257 440 tum
286 414 388 441 versari
416 414 520 445 videar,
543 415 570 442 in
591 416 692 450 quibus
715 415 849 450 quadrata
870 416 990 451 agmina,

197 459 282 493 jnrati
313 460 425 491 milites,
451 465 526 488 tanta
556 461 754 496 imperatorum
784 463 884 496 virtus,
917 466 991 490 tanta

200 505 338 539 legionum
361 505 492 540 patientia
512 513 543 533 ac
562 506 705 541 disciplina
729 506 881 538 constabat,
900 512 930 534 ut
955 507 990 535 ad

202 550 355 577 recentiora
383 556 475 578 nostra
498 555 653 578 revertatur
669 552 768 584 oratio,
793 553 858 587 quid
878 553 992 580 Hunno-

202 603 263 621 rum
276 603 307 622 ac
322 595 504 622 Vandalorum
522 604 617 623 manus
629 597 766 625 incondita
781 598 793 624 ‘i
811 598 901 626 inusta
916 603 990 632 sunt,

203 641 292 668 inusta
311 646 373 668 sunt
391 642 458 676 ipsis
479 642 616 670 mmuihns
639 645 803 678 sempiterna
825 645 935 672 illorum
948 646 991 672 in-

200 685 279 720 jurim
293 691 479 713 monium-uta.
496 688 531 714 At
545 688 567 714 si
591 693 653 722 post
665 689 760 715 urbem
772 689 930 718 Christiano
945 700 993 719 no-

203 732 276 759 mine
286 732 422 759 t'Olltlllnn‘l
438 735 562 769 evctr-pla
573 740 597 761 te
607 741 727 768 movent,
741 736 840 765 Leonis
853 737 994 767 Pontiﬁcis

202 777 310 805 Maximi
338 780 519 813 temporibus,
545 781 654 815 Attilas,
681 782 714 810 de
742 791 797 817 quo
823 785 905 819 paulo
929 789 994 813 ante

203 824 284 852 verba
301 823 363 857 feci,
380 825 491 853 subacta
505 831 559 854 tota
575 827 660 855 Gallia
676 828 825 863 Cisalpina,
840 830 873 857 ad
890 830 991 858 Urbem

1039 279 1108 314 pita,
1126 279 1191 306 dum
1209 280 1286 312 licet,
1299 280 1366 308 dum
1383 281 1522 317 integrum
1539 287 1592 315 est,
1608 287 1838 317 retorquearnus.

1042 326 1111 353 Cum
1145 333 1213 354 vero
1228 326 1255 354 id
1277 331 1352 354 recte
1369 327 1429 355 fieri
1448 335 1503 354 non
1519 328 1617 363 possit,
1632 329 1685 356 nisi
1700 329 1837 357 omnibus

1040 371 1144 399 sedatis
1168 371 1334 406 discordiis,
1365 373 1568 404 simultatibus,
1593 374 1684 406 odiis.
1711 374 1838 409 denique

1041 419 1149 447 cunctis
1161 419 1364 454 suspicionibus
1376 419 1411 447 de
1425 419 1518 447 medio
1531 420 1659 452 sublatis,
1672 420 1759 448 libero
1767 428 1839 449 ron-

1042 471 1125 491 sensu
1142 465 1252 493 hostem
1277 465 1449 498 adoriamur,
1465 466 1555 493 danda
1587 466 1614 493 in
1635 466 1731 501 primis
1750 470 1838 501 opera

1043 515 1097 543 est.
1115 515 1145 539 ut
1156 511 1240 539 italize
1251 513 1392 539 communi
1408 519 1541 546 percusso
1552 512 1668 544 foedere,
1685 512 1757 540 idem
1773 518 1838 539 sen-

1044 558 1146 586 tiamus
1157 565 1264 590 omnes,
1278 558 1351 586 idem
1367 559 1485 586 velimus
1501 563 1585 594 atque
1599 564 1738 594 optemus.
1754 557 1837 592 Quod

1044 604 1066 632 si
1083 605 1110 631 in
1125 611 1163 632 eo
1181 605 1345 640 exponendo
1366 605 1472 632 versari
1493 605 1618 636 voluem,
1633 605 1706 640 quod
1724 605 1758 632 ad
1775 610 1835 632 rem

1043 655 1166 678 nostram
1183 650 1301 678 maxime
1323 650 1445 678 attinere
1459 651 1577 683 videtur,
1591 655 1659 685 quot
1675 650 1835 683 commoda,

1046 704 1127 731 quam
1140 696 1300 729 utilitatem,
1313 704 1394 730 quam
1409 696 1531 731 denique
1545 696 1705 724 felicitatem
1719 703 1839 723 concor—

1047 742 1092 770 dia
1106 747 1135 770 ct
1153 742 1309 770 animorum
1326 742 1352 769 in
1372 742 1445 770 idem
1461 742 1633 777 conspiratio
1649 749 1711 769 cum
1737 741 1838 769 civita-

1046 789 1131 821 tibus,
1157 794 1214 816 tum
1235 788 1387 824 provinciis
1404 788 1511 821 uﬂ‘crat,
1536 788 1594 816 scio
1622 788 1772 816 nonnullos
1798 787 1838 814 ita

1046 843 1090 863 me
1110 835 1265 866 audituros,
1282 839 1313 862 ut
1330 835 1399 862 nihil
1426 835 1538 869 quidem
1571 834 1647 868 novi,
1671 834 1720 863 sed
1753 834 1838 870 plane

203 870 379 897 evertendam
394 872 543 898 exercitum
558 872 690 900 admovit.
700 873 784 909 Cujus
795 875 915 902 furorcm
928 875 993 903 bar—
1011 867 1031 895 Β
1046 881 1154 917 cognita
1167 886 1197 909 ει
1208 881 1368 917 pervulgata
1383 867 1477 909 omnia
1495 887 1539 908 me
1555 887 1670 909 narrare
1687 867 1830 909 πιαίνει.-

204 915 300 942 barum
317 920 345 942 et
362 921 494 950 agrestem
511 916 651 945 Pontiﬁcis
666 918 821 953 eloquentia
834 921 992 949 retardavit.

203 961 281 994 Quod
298 961 319 987 si
341 966 401 995 post
415 960 577 989 Annibalem
604 968 632 990 et
648 970 754 992 veteres
767 965 827 993 illas
853 967 993 999 victorias.

206 1006 228 1032 si
248 1011 309 1040 pnsl.
325 1013 423 1033 nomen
441 1006 543 1034 Christi
559 1010 760 1044 pervulgatum,
772 1016 928 1039 exterarum
946 1013 993 1040 bo-

206 1052 309 1078 minum
338 1052 443 1079 sentina
472 1052 507 1080 ad
535 1053 618 1082 Italiae
643 1055 826 1090 gubernacula
852 1057 993 1090 confluxit,

205 1098 271 1132 quid
292 1102 401 1126 tandem
427 1105 528 1128 tantam
554 1102 606 1130 hoc
631 1107 754 1139 tempore
768 1106 915 1139 procellam
941 1114 994 1133 non

206 1143 425 1179 timemus?quae
443 1146 565 1181 profecto
583 1153 673 1176 tantos
688 1150 873 1178 calamitatum
892 1150 993 1179 fluctus

205 1189 319 1217 allatura
333 1195 383 1223 est,
409 1191 431 1218 si
447 1192 570 1227 eruperit
581 1213 587 1222 ,
604 1197 634 1220 ut
650 1194 682 1221 ad
701 1195 805 1222 nullum
820 1196 856 1223 ita
873 1196 909 1224 sit
931 1205 996 1232 per-

205 1240 331 1269 ventura,
348 1237 413 1272 quin
433 1238 460 1265 iu
476 1244 637 1267 caaterorum
653 1240 742 1275 capita
766 1242 910 1270 redundet.
926 1243 994 1270 Nam

206 1286 233 1308 ut
252 1281 279 1308 in
299 1287 460 1318 tempestate
478 1285 617 1313 cernimus
641 1287 787 1322 procellas,
811 1295 874 1315 cum
891 1288 917 1316 iu
935 1297 994 1317 sco.

207 1328 300 1363 pulum
315 1329 342 1356 in
358 1337 439 1364 quem
455 1330 614 1360 ferebantur
629 1333 760 1361 sazvitiam
771 1334 908 1367 illiserint,
921 1339 996 1363 tanto

207 1378 282 1400 motu
299 1374 407 1405 referri,
426 1380 455 1402 ut
475 1383 557 1410 quam
585 1379 791 1413 occupaverint,
814 1387 922 1413 navem,
940 1389 994 1408 non

205 1419 286 1446 aliter
301 1419 428 1453 obruant,
446 1429 529 1457 quam
545 1430 607 1450 cum
630 1424 742 1459 integra:
755 1431 849 1459 erant;
865 1428 902 1453 ita
916 1427 996 1456 nobis

206 1467 335 1495 omnibus
347 1468 530 1496 Barbarorum
546 1471 753 1500 inundationem
766 1472 914 1500 timendam
930 1481 995 1501 cen-

206 1521 264 1540 seo.
276 1513 334 1541 Non
347 1515 420 1542 enim
432 1515 519 1543 hostis
533 1516 566 1544 de
579 1525 631 1544 una
645 1522 693 1546 aut
704 1519 789 1546 altera
804 1519 872 1547 urbe
888 1524 995 1549 certare

205 1561 283 1592 vult;
303 1560 336 1588 de
355 1569 444 1589 rerum
457 1569 577 1590 vsumma
596 1563 648 1591 sibi
666 1565 868 1593 decernendum
886 1567 993 1596 statuit.

206 1606 257 1639 Qui
267 1606 400 1635 dominari
414 1608 501 1643 cupit,
513 1616 602 1643 neque
617 1611 788 1645 superiorem
803 1611 875 1640 ferre
892 1617 993 1648 potest,

207 1662 297 1689 neque
313 1663 406 1690 parem
422 1656 535 1691 patitur,
553 1665 641 1692 neque
654 1658 787 1692 principis
800 1666 900 1686 nomen
911 1664 994 1687 amat.

208 1701 297 1735 Atque
318 1706 348 1729 nt
369 1702 435 1729 illud
461 1703 596 1737 omittam,
610 1712 692 1739 grave
706 1712 767 1732 esse
781 1705 816 1732 ab
831 1705 924 1740 aliquo
946 1706 997 1734 ali-

209 1747 274 1781 quid
293 1755 416 1782 spcrare,
433 1748 564 1776 miserum
587 1758 620 1777 ex
635 1750 723 1778 aliena
747 1751 863 1781 libidine
879 1751 995 1780 salutem

210 1801 370 1829 suspensam
389 1794 490 1823 habere
503 1815 511 1828 ,
529 1796 718 1830 turpissitnum
746 1802 776 1825 et
803 1797 956 1825 luctuosum
981 1806 998 1825 a

210 1840 348 1867 communi
365 1841 486 1869 omnium
510 1841 588 1870 hoste
612 1844 743 1878 privatam
765 1850 924 1879 exspectare
952 1852 998 1872 ve-

210 1886 294 1919 niam,
324 1894 385 1921 qua:
412 1895 464 1922 pax
489 1888 537 1916 tibi
566 1896 629 1916 cum
650 1897 684 1917 eo
708 1897 768 1918 esse
794 1895 883 1925 potest
919 1891 998 1927 cujus

209 1933 346 1960 acerbitas
370 1934 397 1962 in
421 1939 530 1963 nostros
554 1935 681 1964 homines
701 1936 773 1964 ultra
799 1941 915 1965 mortem
933 1945 998 1972 pro-

209 1979 349 2013 greditur;
367 1980 413 2015 qui
431 1980 507 2008 nullo
521 1982 657 2016 supplicio
672 1983 767 2010 satiari
783 1988 893 2018 potest;
913 1992 928 2010 a
943 1988 998 2018 quo

209 2025 232 2053 si
244 2030 378 2054 tormenta
394 2032 420 2053 et
435 2027 575 2055 cruciatus
585 2028 676 2056 absint
689 2028 716 2056 in
729 2033 887 2056 nostrorum
895 2034 997 2062 morte,

209 2077 325 2099 mortem
348 2073 374 2099 in
391 2072 516 2101 beneficii
545 2078 648 2109 partem
665 2075 803 2109 accipias?
816 2074 838 2103 Ο
851 2075 998 2103 crudelita-

210 2124 264 2152 tem
296 2119 468 2151 inusitatam,
504 2120 676 2153 inauditam,
704 2120 801 2154 feram,
835 2120 995 2149 barbaram!

209 2164 278 2191 Cum
303 2172 335 2191 eo
357 2172 407 2199 pax
424 2173 485 2192 esse
515 2166 624 2199 potest?
651 2166 720 2194 Pace
740 2166 763 2193 si
787 2166 839 2193 frui
859 2167 997 2201 voluntas,

1046 932 1101 960 tur,
1116 934 1179 954 cum
1198 934 1279 954 nemo
1297 926 1363 954 illud
1379 927 1496 961 ignoret,
1512 930 1642 960 quantum
1659 926 1713 953 vim
1732 927 1760 954 in
1789 933 1836 953 re-

1045 973 1098 1000 bus
1131 973 1174 1000 vel
1193 973 1322 1007 parandis
1352 972 1395 1000 vel
1416 972 1527 999 tuemlis
1545 972 1693 1000 concordia
1721 972 1835 1000 habeat.

1045 1019 1081 1046 lis
1094 1025 1146 1053 ego
1160 1026 1215 1045 non
1248 1018 1388 1046 immerito
1415 1018 1628 1053 responderim:
1656 1017 1712 1046 Cur
1743 1024 1836 1046 meum

1045 1065 1128 1099 igitur
1141 1064 1306 1100 exspectatis
1337 1064 1512 1092 orationem?
1540 1063 1612 1097 Quin
1645 1068 1745 1099 sponte
1772 1069 1835 1091 eam

1045 1109 1262 1145 amplectimini?
1276 1117 1357 1144 quam
1377 1109 1447 1137 adeo
1465 1110 1562 1137 utilem
1589 1117 1652 1137 esse
1677 1114 1762 1144 atque
1788 1116 1839 1137 ne-

1045 1156 1193 1183 cessariam
1209 1155 1375 1190 intelligitis,
1392 1160 1434 1186 ut,
1450 1155 1504 1182 nisi
1526 1155 1609 1187 adsit,
1625 1155 1695 1182 nihil
1712 1161 1836 1189 equum,

1046 1202 1115 1229 nihil
1132 1202 1290 1233 honestum,
1306 1201 1377 1228 nihil
1391 1206 1521 1229 sanctum
1542 1201 1601 1228 ﬂeri
1631 1201 1729 1236 possit.
1760 1201 1838 1228 Con-

1046 1249 1139 1276 cordia
1154 1255 1245 1284 parva
1261 1255 1305 1275 res
1316 1251 1455 1278 crescunt,
1472 1247 1610 1275 discordia
1623 1247 1750 1275 maximat
1764 1246 1838 1274 dila-

1046 1296 1161 1323 buntur.
1176 1294 1315 1330 Quidquid
1330 1296 1357 1322 in
1375 1294 1446 1322 coelo
1459 1298 1543 1328 atque
1556 1294 1629 1321 inter
1642 1293 1776 1320 mortales
1787 1299 1837 1328 op-

1046 1342 1142 1369 timum
1154 1346 1207 1371 est,
1223 1341 1252 1368 id
1272 1348 1355 1368 omne
1368 1349 1384 1368 a
1409 1340 1558 1368 concordia
1590 1339 1779 1375 proficiscitur
1807 1345 1837 1368 et

1046 1386 1157 1422 pendet.
1172 1386 1233 1414 Non
1250 1386 1400 1421 provinciis
1413 1386 1556 1416 duntaxat.
1572 1385 1698 1417 urbibus,
1713 1392 1838 1413 converr-

1046 1433 1149 1465 tlculls,
1164 1432 1270 1464 domui,
1286 1431 1333 1459 sed
1350 1431 1456 1467 privato
1470 1431 1577 1458 homini
1605 1431 1723 1458 maxime
1738 1438 1838 1463 neces-

1046 1478 1117 1506 saria
1133 1482 1187 1506 est.
1204 1477 1273 1510 Quid
1291 1477 1366 1504 enim
1383 1476 1496 1504 homine
1514 1476 1634 1511 turpius,
1650 1476 1699 1510 qui
1712 1476 1766 1504 sibi
1778 1476 1836 1510 ipse

1008 1535 1031 1567 ο
1047 1532 1101 1552 non
1119 1528 1240 1557 constet,
1255 1527 1285 1551 et
1300 1523 1386 1551 variis
1407 1522 1682 1558 repugnantibusqne
1709 1521 1837 1549 consiliis

1046 1575 1076 1597 et
1091 1569 1242 1597 contrariis
1257 1569 1415 1597 actionibus
1431 1568 1570 1603 agitetur?
1585 1567 1652 1600 Quis
1669 1575 1724 1595 non
1743 1567 1837 1602 despi-

1045 1615 1102 1643 cit?
1114 1615 1177 1650 quis
1190 1622 1245 1642 non
1260 1614 1388 1642 deridet?
1399 1614 1510 1645 Levem,
1533 1614 1749 1646 inconstantem,
1774 1612 1836 1640 uui-

1045 1660 1100 1688 lius
1111 1660 1220 1687 ordinis
1234 1659 1373 1688 hominem
1388 1666 1544 1687 censemus.
1559 1658 1699 1694 Quidquid
1716 1663 1835 1686 conatur

1046 1710 1076 1733 et
1083 1705 1247 1740 assequitur,
1254 1704 1421 1737 calamitate,
1434 1704 1595 1740 ignominia,
1609 1703 1733 1739 pernicie
1747 1704 1836 1731 refcr-

1048 1754 1106 1778 tum
1121 1756 1173 1779 est.
1187 1749 1255 1778 Nam
1276 1751 1341 1778 dum
1359 1751 1412 1778 sibi
1439 1751 1497 1786 ipse
1511 1750 1640 1781 dissidet,
1671 1749 1741 1777 nihil
1771 1757 1836 1777 cura

1047 1797 1107 1825 suis
1127 1796 1280 1825 commodis
1296 1801 1345 1824 aut
1362 1796 1532 1824 ornamentis
1550 1799 1768 1823 consentaneum
1785 1794 1836 1823 ba-

1048 1843 1105 1871 bet.
1117 1843 1148 1871 in
1160 1851 1190 1871 re
1200 1848 1288 1871 autem
1302 1843 1444 1875 familiari,
1453 1842 1528 1878 quod
1535 1842 1654 1870 cilicium
1662 1849 1725 1870 esse
1734 1846 1836 1877 potest,

1048 1889 1072 1916 si
1092 1897 1173 1920 uxor,
1187 1889 1279 1922 liberi,
1297 1889 1382 1921 servi,
1410 1888 1515 1916 mutuis
1529 1888 1603 1916 odiis
1617 1886 1835 1916 conﬂictantur?

1049 1934 1249 1963 Paterfamilias
1263 1955 1271 1968 ,
1297 1934 1458 1962 domesticis
1493 1933 1714 1961 dissensionibus
1732 1933 1838 1960 labefa-

1050 1985 1153 2010 ctatus.
1168 1980 1271 2008 nullam
1285 1979 1362 2015 ponit
1376 1980 1402 2007 in
1422 1987 1450 2008 re
1466 1979 1594 2007 familiari
1621 1978 1746 2014 augenda
1770 1985 1836 2014 0pc-

1049 2034 1118 2054 ram.
1133 2026 1274 2062 Lacrymia
1292 2025 1449 2059 coniicitur,
1462 2026 1527 2053 dum
1543 2032 1593 2060 per
1603 2024 1770 2052 discordiam
1797 2028 1836 2051 to-

1049 2077 1104 2100 tam
1118 2073 1231 2100 domum
1248 2072 1471 2100 ruituramfacilo
1484 2071 1638 2107 prospicit;
1652 2071 1736 2098 miser
1747 2070 1835 2102 domi,

1047 2117 1117 2145 foris
1133 2117 1278 2145 ridiculus.
1294 2116 1362 2144 inde
1376 2116 1509 2143 nimirum
1527 2116 1593 2144 illud
1609 2120 1663 2148 est,
1675 2115 1749 2151 quod
1764 2114 1835 2150 apud

1049 2168 1158 2198 poetam
1169 2162 1409 2197 sapientissimum
1419 2162 1554 2198 Ulyssesa
1568 2162 1715 2194 Nausicaa,
1729 2161 1837 2190 Alcinoi

210 2210 311 2242 bellum
335 2210 484 2245 gerendum
505 2216 568 2239 est:
583 2211 606 2239 si
631 2211 730 2239 bellum
756 2212 918 2245 omittimus,
932 2221 994 2248 pace

1052 2210 1125 2245 regis
1140 2209 1206 2241 illia,
1221 2209 1347 2236 maximis
1359 2209 1476 2236 affectus
1491 2209 1646 2241 beneflciis,
1668 2208 1706 2236 nil
1740 2207 1838 2236 habuit

209 2262 350 2288 nunquam
369 2256 499 2283 fruemur.
520 2257 610 2289 Quare
622 2265 683 2284 cum
704 2265 718 2283 a
740 2261 794 2284 tam
819 2265 902 2292 parvo
918 2258 997 2286 initio

210 2301 238 2328 in
257 2306 360 2328 tantum
375 2302 492 2329 creverit
507 2302 607 2337 fastigii
625 2303 713 2330 hostis
726 2308 831 2335 uoster,
841 2311 903 2331 cum
917 2304 1015 2337 sciat,‘

210 2348 313 2375 volitet
332 2348 418 2382 possit
434 2349 534 2376 adoriri
552 2349 669 2381 Italiam,
690 2357 751 2376 cum
766 2350 793 2377 id
808 2358 997 2385 saepenumero

210 2395 311 2423 fartum
329 2394 413 2423 fuisse
427 2395 582 2429 audieritis,
605 2396 643 2423 ita
669 2399 698 2422 ut
717 2396 751 2422 ad
768 2403 864 2424 omnes
889 2395 998 2431 pericu-

210 2439 265 2473 lum
284 2441 407 2471 attineat,
423 2441 578 2474 propulsate
605 2449 637 2468 ac
653 2442 795 2476 propellite
812 2442 897 2469 hostis
909 2442 998 2476 impeo

210 2491 278 2518 tum,
307 2491 336 2513 nt
362 2487 575 2513 incolumitatem
601 2488 692 2520 nobis,
717 2488 872 2515 libertatem
900 2487 994 2520 italiae,

210 2532 326 2565 salutem
344 2532 473 2560 omnibus
487 2533 669 2561 conservatis.

590 2610 624 2638 IV

209 2670 337 2704 Ejusdem
353 2669 389 2696 ad
400 2670 503 2696 eordem
534 2671 567 2696 de
591 2670 728 2697 discordiis
746 2670 879 2699 sedandis.
897 2675 920 2697 et
932 2670 998 2698 bello

424 2706 451 2731 in
476 2704 589 2732 Turcum
609 2706 781 2732 decernendo.

247 2761 329 2794 Satis,
348 2768 378 2788 ut
391 2763 525 2795 arbitror,
542 2762 575 2790 de
592 2763 723 2797 periculis
740 2763 789 2790 toti
803 2762 888 2790 italim
907 2762 997 2789 immi-

215 2807 345 2837 pcniibus
370 2808 498 2835 hesterna
529 2809 654 2835 oratione
685 2809 700 2834 ll
714 2813 852 2842 spulalurn
869 2813 920 2841 est,
937 2816 996 2843 qum

217 2859 278 2882 tum
298 2857 322 2879 ct
339 2858 431 2887 aperta
450 2853 505 2885 sint
519 2858 546 2882 et
573 2854 747 2889 gravissima,
779 2854 914 2890 reliquum
935 2861 997 2884 esse

1049 2256 1122 2291 quod
1139 2255 1246 2283 felicius
1264 2254 1357 2290 optari
1374 2262 1455 2290 posse
1471 2255 1666 2287 arbitraretur,
1685 2262 1767 2290 quam
1795 2255 1837 2282 vi-

1049 2310 1110 2330 rum
1125 2302 1283 2336 liberosque
1307 2302 1472 2335 concordes,
1490 2309 1546 2336 quo
1560 2301 1629 2328 nihil
1657 2301 1769 2328 suavius
1786 2300 1835 2332 ait,

1048 2347 1119 2374 nihil
1135 2351 1183 2374 aut
1198 2346 1319 2374 inimicis
1341 2346 1495 2379 molestius,
1513 2351 1561 2374 aut
1576 2346 1672 2374 amicis
1686 2345 1837 2381 jucundius

1049 2393 1177 2420 accidere
1190 2400 1281 2427 posse.
1296 2393 1332 2419 At
1345 2392 1413 2427 quid
1431 2391 1571 2424 miserius,
1584 2391 1648 2426 quid
1664 2391 1784 2418 humana
1796 2391 1837 2418 iu-

1048 2437 1158 2473 dlgnius
1175 2437 1319 2469 societate,
1334 2445 1415 2472 quam
1431 2445 1495 2464 cum
1518 2437 1644 2465 civitates
1659 2440 1707 2464 aut
1722 2436 1836 2471 provin-

1049 2487 1100 2512 rize
1113 2484 1273 2512 domesticis
1284 2483 1470 2512 seditionibus
1482 2484 1617 2519 bellisque
1631 2483 1761 2511 civilibus
1771 2491 1837 2511 con-

1048 2531 1198 2559 ficiuntur?
1213 2530 1279 2557 Nam
1296 2537 1366 2564 quos
1382 2529 1565 2563 necessarios,
1584 2529 1693 2561 fratres,
1707 2534 1836 2563 parentes

1048 2583 1145 2605 natura
1160 2576 1265 2611 genuit,
1280 2576 1373 2603 hostes
1385 2581 1414 2602 et
1442 2576 1547 2602 alienos
1581 2575 1719 2602 discordia
1736 2574 1834 2608 cilicii,

1049 2624 1096 2651 ubi
1110 2628 1138 2651 ct
1153 2624 1260 2650 vincere
1275 2622 1432 2649 luctuosum
1441 2625 1495 2651 est.
1509 2626 1537 2648 et
1551 2621 1651 2648 cadere
1665 2620 1833 2648 sceleratum

1048 2678 1131 2706 atque
1151 2669 1296 2697 nefarium.
1314 2668 1420 2695 Bellum
1446 2667 1631 2695 domesticum
1659 2674 1692 2694 eo
1722 2667 1834 2701 gravius

1048 2719 1161 2741 cxtcruo
1176 2717 1229 2743 est,
1245 2711 1319 2746 quod
1340 2716 1486 2738 externum
1503 2711 1664 2738 nonnullam
1685 2711 1835 2745 aliquando

1049 2759 1128 2786 atl‘ert
1142 2757 1299 2789 utilitatem,
1317 2763 1444 2791 saepeque
1461 2757 1497 2783 ita
1509 2756 1668 2791 suscipitur,
1680 2761 1711 2783 ut
1726 2755 1752 2788 in
1769 2763 1835 2791 pace

1049 2804 1173 2831 vivamus
1189 2811 1195 2828 :
1216 2801 1297 2829 civile
1313 2808 1377 2828 vero
1386 2801 1490 2836 profuit
1507 2808 1648 2836 nunquam
1664 2801 1780 2828 nemini.
1798 2801 1834 2828 Dc

1050 2850 1122 2878 bello
1141 2853 1256 2877 externo
1273 2855 1344 2884 schc
1359 2847 1549 2875 consultamus
1564 2856 1597 2876 an
1616 2847 1766 2884 gerendum
1780 2848 1832 2881 sit;
