1916 3066
20 151 70 185 σαι

549 152 769 184 OBATIONES
789 150 940 183 CONTRA
961 149 1120 182 TURCAS.

1603 147 1659 179 662

22 212 108 239 civile
131 215 230 240 autem
254 217 395 246 nunquam
422 210 452 241 in
476 210 707 239 deliberationem
738 209 823 237 cadit.
839 211 861 240 Α
875 212 903 235 et
920 207 1078 243 perspicere
1094 205 1222 240 petestis.
1241 208 1334 232 tamen
1353 211 1450 232 sensus
1463 203 1588 231 dolorem
1599 204 1659 240 pitt-

19 258 89 285 Nam
103 257 339 292 quemadmodum
356 264 412 285 non
428 255 462 283 de
478 257 563 284 rebus
580 255 755 288 necessariis,
768 254 817 283 sed

20 303 54 331 de
67 303 166 330 dubiis
179 302 325 332 consilium
354 302 452 333 initur.
469 302 506 329 ita
524 310 616 337 neque
631 302 665 329 de
682 302 728 334 iis,
757 308 818 336 qua:

22 346 54 377 ad
70 349 211 376 utramvis
230 353 335 383 partem
351 348 501 383 exploratas
517 353 590 375 sunt.
610 347 674 381 Quo
687 348 714 374 in
731 354 819 382 gene-

23 402 53 422 re
68 393 173 422 seditio
190 398 244 426 est,
261 401 342 428 quam
352 393 404 428 qui
419 398 503 425 amat.
518 401 571 421 nec
585 392 707 428 privatos
730 392 818 424 focos,

24 447 75 467 nec
90 439 205 474 publica
221 439 357 467 libertatis
372 439 435 474 jura
451 439 534 466 chara
562 438 666 466 habere
696 437 817 466 videtur.

2 507 6 510 .
24 485 216 522 Tyrannidem
245 485 362 513 invisam
378 485 459 514 bonis
473 484 614 518 omnibus,
638 483 817 519 maximeque

24 531 215 566 perniciosam
234 531 393 559 civitatibus
409 538 481 564 esse,
497 531 577 565 plane
592 525 689 557 oinncs
702 537 819 564 persua-

26 585 87 604 sum
104 577 306 605 ltabemus.'At
322 577 429 612 tyranni
448 577 530 603 urbes
546 583 743 610 nonnunquam
760 575 820 611 opi-

26 623 78 650 bus
90 623 276 658 potentiaque
290 622 504 657 amplificarunt,
521 625 548 648 et
565 622 592 648 in
616 629 745 657 magnum
773 629 821 648 au-

26 676 93 696 κει-ε
112 668 275 703 imperium.
291 667 370 702 Quod
384 668 426 695 vel
438 669 464 695 in
482 668 559 695 hoste
573 673 666 695 nostro
682 667 760 695 facile
772 674 819 694 co-

26 715 133 748 puitutn
156 715 392 749 perspicuumque
410 719 464 747 est,
485 714 543 749 qui,
559 722 622 742 cttm
639 718 819 750 tyrannorum

26 760 153 786 omnium
178 760 388 787 crudelissimus
411 760 461 792 sit,
480 765 569 787 tamen
585 767 763 794 quascunque
777 756 819 786 vel

28 806 112 833 urbes
129 806 173 833 vel
194 806 351 840 previncias
366 814 417 834 suo
434 806 535 840 adjecit
563 805 692 840 imperio,
723 809 821 841 poten-

29 851 112 879 tiores
127 852 233 880 eﬂ'ecit.
256 852 308 879 Pt-r
327 852 493 879 seditionem
522 859 587 878 vero
604 851 727 884 civilem,
757 850 821 885 quis

30 897 98 924 tnilti
132 905 258 932 unquam
289 897 536 930 demonstraverit,
568 905 693 931 quaenam
718 897 821 924 mcenia

31 942 153 969 firmiora
167 942 235 975 siut,
249 942 291 969 vel
307 950 367 977 quae
385 943 477 977 potius
492 950 547 970 non
566 942 692 969 funditus
701 941 822 969 eversa?

29 987 123 1021 Itaque
137 986 160 1014 si
175 987 298 1022 tyrannis
314 987 417 1014 homini
434 987 521 1015 libero
542 986 654 1021 civique
670 985 821 1013 fortissimo

31 1033 158 1067 fugienda
175 1038 270 1066 est,an
279 1031 312 1060 de
323 1032 461 1061 discordia
472 1038 514 1059 est
525 1031 720 1067 cogitandum?
735 1036 763 1058 et
773 1029 821 1066 qui

32 1078 206 1113 tyrannidem
223 1078 266 1106 vel
281 1077 381 1114 capitis
396 1078 521 1114 periculo
539 1077 752 1113 propulsandam
773 1085 823 1111 pu-

32 1124 109 1154 tabit.
119 1125 202 1152 civile
213 1124 326 1154 bellum.
335 1125 409 1159 quod
421 1123 548 1151 acerbius
555 1129 598 1152 est
612 1128 639 1151 et
657 1122 820 1154 luctuosius,

36 1174 134 1204 sponte
156 1169 391 1198 consectabitur?
408 1170 535 1198 Solemus
550 1177 612 1197 cum
630 1169 744 1204 privatis
759 1175 822 1203 pre-

34 1215 122 1248 cibus,
138 1219 197 1243 tum
218 1216 337 1251 publicis
350 1215 599 1250 supplicationibus
611 1222 625 1242 a
647 1215 703 1241 Deo
715 1213 820 1249 Optimo

34 1262 152 1290 maximo
175 1270 273 1298 pacem
297 1262 531 1297 concordiamque
553 1265 658 1297 petere,
682 1264 721 1293 et,
747 1258 821 1295 quod

36 1308 137 1336 scimus
154 1308 238 1337 nobis
249 1309 437 1343 pertticiosum
455 1308 526 1342 fore,
538 1307 612 1344 quod
629 1306 820 1342 deprecamur,

36 1355 106 1389 quod
122 1354 170 1382 Dei
194 1355 285 1383 nostri
307 1362 359 1390 ope
376 1354 515 1382 declinare
541 1354 667 1386 nitimur,
685 1353 712 1380 id
728 1351 822 1379 dedita

37 1407 118 1434 opera
132 1399 310 1434 libenterque
325 1399 543 1435 persequemur?
557 1398 627 1432 Quid
647 1397 756 1425 tandem
770 1397 823 1424 hoc

37 1442 109 1470 aliud
131 1447 184 1475 est,
204 1443 257 1471 nisi
276 1444 396 1471 hostium
416 1447 576 1470 nostrorum
602 1451 661 1471 rem
685 1451 778 1478 agere,
795 1447 823 1470 et

38 1491 109 1526 quod
135 1491 174 1519 illi
204 1492 263 1519 suis
279 1491 402 1526 profanis
427 1490 557 1526 precibus
572 1489 743 1518 contendunt
762 1498 823 1517 ma-

37 1539 108 1567 xime
127 1539 262 1567 edicere?
287 1539 343 1568 illis
363 1540 436 1567 enim
460 1539 555 1575 prima:
573 1540 696 1566 omnium
725 1545 820 1573 preces
836 1553 859 1583 ο

39 1591 102 1613 sunt
119 1586 216 1614 multis
230 1585 342 1621 quidem
363 1591 446 1619 noue,
464 1584 545 1612 nobis
561 1584 679 1612 fortasse
698 1584 821 1617 tuinime,

42 1636 71 1658 ut
95 1632 165 1661 inter
192 1639 260 1659 suos
285 1640 348 1667 pax,
375 1632 528 1659 animorum
544 1638 706 1663 consensus.
732 1630 822 1665 quies.

42 1675 111 1704 lntcr
126 1677 300 1706 Christianos
312 1678 404 1705 odium
426 1678 529 1713 vigeat,
548 1677 659 1710 seditio,
671 1677 742 1704 bella
757 1676 825 1704 civi-

43 1722 87 1750 lia.
104 1723 272 1752 Volumusne
281 1724 390 1765 illorum
403 1724 513 1752 libidini
525 1724 704 1752 satisfacere?
714 1723 748 1751 At
773 1723 824 1750 hoc

43 1775 82 1797 est
96 1771 184 1798 hostis
204 1770 318 1799 utilitati
340 1771 496 1802 consulere,
513 1776 541 1798 et
559 1771 633 1798 illius
648 1769 823 1798 commodum

46 1822 136 1844 nostro
151 1817 330 1845 incommodo
346 1825 456 1852 parare.
473 1817 611 1852 Praecepta
627 1817 664 1851 (ni
676 1816 780 1851 fallor),
794 1821 824 1843 ut

45 1869 113 1896 sa-pe
130 1863 185 1889 vidi
201 1867 230 1890 et
252 1861 317 1897 legi,
335 1870 396 1897 quae
414 1863 441 1889 in
454 1862 571 1889 urbibus
588 1861 716 1897 regendis
731 1861 825 1889 bellis-

45 1916 96 1942 que
124 1910 242 1937 feliciter
265 1909 445 1937 conﬁcieudis
463 1908 543 1936 nobis
567 1909 724 1943 prtescrip'a
750 1911 824 1938 sunt.

44 1955 121 1982 aliter
132 1961 266 1989 statuunt,
279 1961 307 1984 et
322 1956 430 1989 doct-nt,
442 1960 472 1982 ut
485 1955 591 1982 scilicet
603 1955 752 1989 exploratis
774 1954 826 1982 ho-

48 2002 129 2028 stium
145 2003 282 2034 consiliis,
302 2002 438 2029 contraria
452 2001 586 2034 ciliciatis,
602 2001 625 2028 si
642 2000 669 2027 in
683 2000 825 2035 republica

44 2051 141 2075 statum
157 2049 290 2081 retinere,
306 2048 328 2075 si
344 2048 372 2075 itt
388 2047 460 2075 bello
473 2047 617 2074 victoriam
632 2047 766 2081 consequi
779 2053 827 2074 ve-

45 2094 109 2122 litis.
123 2096 161 2123 An
172 2104 238 2123 vero
263 2095 491 2123 committendum
505 2099 557 2128 est,
574 2100 603 2121 ut
617 2094 663 2129 qui
678 2094 758 2121 nobis
783 2094 826 2122 lu-

46 2145 130 2172 ctum,
150 2146 297 2174 terrorem,
312 2145 460 2172 tormenta,
482 2139 582 2167 caedem
604 2139 758 2171 denuntiat.
778 2147 824 2166 tto-

47 2192 101 2213 stra
119 2187 226 2216 ltetctur
239 2187 332 2222 culpa,
346 2192 373 2214 et
389 2187 529 2214 exsultet?
546 2186 712 2214 Excitandus
721 2190 763 2213 est
776 2185 828 2213 hoc

870 252 908 280 ris
933 252 1009 283 facit,
1029 251 1076 286 qui
1100 258 1144 284 ea,
1173 257 1236 285 qua:
1250 249 1342 278 caueri
1366 249 1491 281 audiunt,
1511 257 1660 285 perpessus

868 302 921 326 est.
936 297 998 324 Non
1013 297 1048 323 ita
1063 295 1156 323 animo
1173 295 1326 329 iuhzerent,
1338 303 1400 330 qua:
1413 299 1461 322 aut
1469 295 1584 323 auribus
1594 303 1659 330 per-

869 342 1000 377 cipimus,
1018 345 1065 367 aut
1078 340 1221 368 cernimus
1235 340 1335 373 oculis,
1358 344 1389 367 ut
1401 347 1432 367 ea
1450 339 1659 374 imprimuntur,

869 397 929 424 qua:
944 387 987 414 vel
1002 394 1062 419 sua,
1078 386 1120 413 vel
1136 393 1250 413 suorum
1265 386 1391 419 vulnera.
1408 393 1502 417 neces.
1517 390 1656 413 tormenta

869 441 918 468 per
942 439 1078 460 summam
1110 431 1232 459 hostiutu
1262 431 1454 459 crudelitatem
1490 431 1657 458 intulerunt.

868 478 979 506 Credite
991 481 1114 512 experto.
1128 477 1234 506 credite
1246 484 1338 511 passo.
1352 477 1425 504 Nihil
1438 477 1513 504 aliud
1526 477 1655 504 miseram

870 521 1002 552 exstinxit
1016 523 1163 553 Graeciam,
1180 522 1234 551 nisi
1249 522 1389 550 discordia
1405 531 1413 549 :
1429 522 1498 550 nihil
1511 522 1585 550 aliud
1596 529 1658 550 eam

870 569 945 596 orbis
961 573 1068 604 partem
1084 568 1198 600 delevit,
1223 568 1277 596 nisi
1294 568 1365 595 bella
1383 568 1486 601 civilia,
1508 569 1598 603 neque
1612 575 1660 595 so-

871 615 927 642 lum
952 619 1048 642 nostra
1071 614 1215 645 memoria.
1239 613 1288 641 sed
1304 619 1330 640 et
1354 613 1455 648 priscis
1475 604 1658 648 temporibus.

869 661 937 688 Nam
954 660 1106 697 Philippus,
1136 661 1261 693 Amyntae
1281 659 1365 692 (ilius,
1396 659 1547 687 Alexandri
1570 659 1659 693 Magni

871 709 960 739 pater,
980 713 1030 740 per
1050 704 1271 736 Atheniensium.
1287 704 1569 736 Lacedaemoniorum.
1587 704 1660 732 Tlte-

872 751 1007 778 banorum
1021 749 1194 783 aliorumque
1209 754 1305 775 mutua
1320 747 1533 781 odia,Grteciam
1546 747 1657 775 evertit.

876 795 1002 829 Quandiu
1019 795 1159 822 communi
1183 803 1233 830 ope
1249 799 1277 822 et
1286 794 1402 822 consilio
1431 793 1501 821 bella
1513 793 1657 828 gerebant,

873 842 1003 877 fugabant
1025 842 1142 875 hostem,
1165 841 1304 869 exuebant
1331 840 1440 873 castris,
1472 839 1657 874 superabant!

837 881 857 908 Β
871 887 938 916 Cum
954 895 1020 914 vero
1035 886 1079 914 alii
1095 887 1155 914 aliis
1169 895 1221 914 non
1236 886 1332 916 fidere.
1357 886 1561 920 tinitimumque
1580 885 1659 912 iuva-

873 934 938 962 dere
954 932 1143 966 instituerunt,
1158 932 1245 959 hostis
1258 931 1291 958 ad
1307 932 1408 958 alteras
1426 936 1518 966 partes
1537 930 1661 958 accersi-

873 983 928 1012 tus,
940 987 994 1007 nott
1011 979 1102 1006 minus
1113 987 1127 1005 a
1137 978 1238 1013 quibus
1253 978 1418 1010 vocabatur,
1434 985 1515 1012 quant
1529 977 1662 1004 adversus

871 1033 941 1061 quos
958 1030 1123 1060 provocatus
1141 1029 1201 1052 erat
1222 1025 1407 1058 perniciosus,
1431 1024 1504 1050 bello
1527 1023 1662 1057 Pelopon-

872 1071 994 1104 nesiaco,
1016 1078 1079 1098 ettm
1102 1070 1197 1097 eadem
1219 1069 1374 1097 animorum
1388 1068 1595 1103 conspiratione
1610 1066 1659 1095 de-

871 1117 954 1144 vincti
971 1121 1073 1148 essent,
1093 1124 1183 1151 neqtte
1204 1120 1288 1146 terra.
1318 1115 1363 1142 ubi
1387 1108 1659 1142 Lacedaemoniorum

871 1163 944 1190 vires
963 1161 1139 1197 amplissima:
1155 1166 1247 1194 erant,
1262 1168 1352 1195 neque
1371 1161 1440 1187 mari
1460 1160 1610 1194 quicquam
1625 1158 1661 1186 ab

872 1208 952 1235 hoste
968 1207 1135 1235 incommodi
1154 1211 1341 1241 acceperunt;
1371 1212 1425 1232 uno
1446 1212 1513 1232 vero
1528 1204 1661 1231 maximas

872 1259 976 1290 strages
987 1253 1058 1281 h05ti
1077 1253 1242 1284 intulerunt,
1267 1257 1349 1286 atque
1371 1251 1407 1278 ita
1433 1250 1597 1282 intulerunt,
1618 1254 1660 1281 ut.

872 1300 945 1335 qttod
964 1308 1102 1335 nunquam
1119 1299 1201 1326 fando
1217 1298 1340 1325 auditum
1367 1303 1450 1329 esset,
1463 1295 1661 1331 quadringenti

874 1346 993 1381 amplius
1016 1344 1289 1373 Lacedaemoniorum
1308 1343 1423 1376 milites,
1437 1343 1541 1378 quibus
1555 1342 1662 1377 patrius

873 1401 932 1421 mos
951 1397 979 1420 et
992 1396 1161 1428 praeceptum
1183 1396 1252 1423 erat,
1274 1395 1321 1418 aut
1336 1391 1447 1417 vincere
1464 1389 1492 1416 in
1508 1389 1590 1421 bello,
1613 1392 1663 1415 aut

875 1438 1097 1466 morte'hostittm
1109 1437 1238 1465 manibus
1249 1444 1310 1464 sese
1323 1437 1442 1471 eripere,
1464 1435 1564 1470 captivi
1578 1435 1663 1463 Athe-

873 1493 923 1514 nas
945 1485 973 1512 in
999 1484 1169 1520 triumphum
1189 1483 1265 1512 ducti
1282 1483 1349 1510 sint.
1376 1482 1444 1510 Cum
1473 1490 1539 1509 vero
1553 1483 1661 1508 hostem

875 1531 950 1559 domi
976 1531 1111 1564 invenire,
1134 1529 1270 1565 bellisque
1285 1528 1415 1556 civilibus
1431 1535 1491 1555 sese
1514 1532 1662 1554 conterere

874 1582 1027 1614 crrperuttt,
1045 1584 1140 1605 eorum
1162 1575 1256 1603 classis
1278 1574 1433 1602 firmissima
1449 1578 1530 1608 atque
1545 1571 1661 1607 amplis-

874 1625 943 1652 situa
971 1623 999 1651 in
1013 1621 1285 1650 Lacedaemoniorum
1310 1619 1446 1647 ditiottcm
1475 1617 1585 1645 redacta
1607 1621 1659 1649 est,

874 1675 969 1706 portus
986 1676 1082 1696 eorum
1105 1667 1229 1696 custodia
1245 1665 1356 1700 amissa,
1378 1664 1455 1692 urbis
1478 1664 1578 1691 muenia
1602 1662 1662 1690 solo

873 1721 991 1750 aequata.
1006 1714 1076 1748 Quid
1094 1721 1170 1746 vero,
1188 1719 1250 1740 cum
1262 1710 1378 1743 Xerxes,
1395 1710 1540 1737 Persarum
1556 1715 1601 1735 rex
1614 1715 1663 1742 po-

875 1761 1056 1792 tentissimus,
1075 1759 1260 1795 quinquagies
1272 1757 1399 1785 centenis
1418 1755 1561 1783 hominum
1577 1753 1663 1781 milli-

875 1808 936 1841 btts,
949 1807 1036 1834 classe
1062 1806 1136 1833 tuille
1162 1804 1345 1839 ducentisque
1377 1802 1493 1830 navibus
1516 1800 1661 1832 instructa,

875 1853 1007 1881 Graeciam
1031 1851 1183 1884 invaderet,
1206 1858 1255 1878 eos
1279 1849 1410 1882 servavit,
1429 1848 1550 1875 victores
1567 1845 1662 1873 reddi-

876 1901 925 1932 dit,
943 1898 1109 1933 sempiterna
1126 1897 1196 1924 fama
1211 1901 1238 1924 et
1248 1895 1330 1923 laude
1345 1895 1464 1927 ornavit,
1478 1893 1531 1920 ttisi
1550 1899 1664 1920 concor-

875 1947 930 1979 dia,
953 1953 1014 1980 pax,
1043 1945 1113 1971 idem
1127 1944 1153 1970 in
1170 1943 1276 1970 hostem
1306 1940 1436 1968 animus?
1449 1939 1527 1973 Quod
1549 1938 1572 1966 si
1588 1944 1662 1965 com-

877 1989 952 2016 muni
967 1989 1065 2015 robore
1082 1992 1162 2022 atque
1171 1986 1293 2014 exercitu
1311 1985 1418 2012 hostem
1432 1993 1486 2011 n0ll
1507 1983 1665 2020 propulsas-

876 2040 947 2067 seut,
965 2033 1029 2069 quid
1044 2033 1154 2061 tandem
1169 2031 1357 2066 prohibuisset
1367 2031 1516 2064 quominus
1530 2029 1563 2056 ad
1578 2035 1663 2055 unum

877 2087 973 2108 omnes
988 2078 1059 2109 bello
1076 2078 1213 2112 absumpti
1229 2076 1365 2105 fuissent?
1382 2075 1456 2108 idem
1474 2075 1555 2102 nobis
1570 2073 1664 2101 immi-

877 2132 944 2154 nere
955 2124 1068 2152 cernitis
1079 2123 1241 2159 pcriculum,
1254 2122 1325 2150 idem
1338 2121 1462 2154 exitium,
1474 2120 1570 2148 eodem
1581 2118 1665 2154 modo

878 2179 971 2199 arcere
987 2171 1074 2198 hostis
1088 2170 1219 2204 impetum
1239 2167 1356 2200 debetis,
1371 2173 1433 2194 cum
1453 2166 1528 2194 nullo
1539 2165 1593 2193 alio
1603 2173 1666 2201 pos:

48 2232 105 2259 loco
131 2234 230 2262 Nestor
256 2211 300 2260 ille
321 2233 493 2263 Homericus.
515 2233 561 2267 qui
588 2233 824 2267 Agamemnonem
842 2232 863 2258 υ
879 2219 948 2247 είίίε·
965 2217 1060 2267 Eidem
1087 2215 1276 2267 Torl’f’ide‘f‘_
1290 2214 1524 2267 ηἶεαίξξξηεηιυηξ
1542 2211 1670 2267 θεροείῑεξ

50 2280 145 2307 Achilli
159 2281 309 2308 conciliare
323 2280 447 2315 cupiens,
458 2278 501 2307 his
511 2279 604 2306 verbis
616 2277 830 2317 sapientissimis

49 2332 114 2352 usus
127 2331 168 2354 est
184 2336 192 2355 :

84 2394 153 2423 Proh
168 2396 283 2430 Superi!
295 2395 442 2423 [terrendus
458 2394 554 2422 Graias
570 2394 676 2427 festinat
690 2394 717 2420 in
735 2393 812 2419 urbe:
826 2400 827 2403 ‘

86 2429 187 2467 (jactus,
201 2429 276 2467 quem
289 2439 383 2465 magno
396 2430 426 2457 l’t
435 2431 530 2463 fumus,
544 2430 695 2464 Priamique
709 2434 812 2463 nepeta

88 2465 320 2500 Mrrrenfur,cum
334 2474 378 2492 vos
392 2470 467 2492 tanto
482 2472 637 2492 concurrere
654 2468 725 2500 "tam

86 2500 190 2528 Irarum
208 2498 350 2532 audierint,
369 2501 429 2531 duo,
448 2501 492 2534 qui
505 2508 552 2535 per
563 2505 651 2526 castra
668 2498 808 2533 Pelasgum

85 2535 198 2563 (cnsilio
212 2542 290 2571 atque
304 2537 385 2563 armis
398 2535 484 2566 claros
497 2535 630 2570 superatis
641 2534 761 2561 Achivos.

86 2573 118 2597 At
132 2573 205 2600 nobis
223 2576 314 2607 parete
332 2571 419 2601 amba.

85 2636 144 2665 Non
160 2639 259 2671 dicant,
283 2643 310 2665 ut
327 2637 382 2669 ille,
406 2637 536 2672 quoniam
564 2637 656 2664 senior
670 2636 749 2664 vobis
769 2643 830 2663 sum

52 2687 77 2709 et
90 2684 165 2718 plura
181 2686 245 2716 vidi,
263 2684 310 2712 sed
323 2683 394 2719 quod
409 2684 485 2718 plura
496 2690 554 2710 sum
566 2690 674 2717 passus,
693 2682 785 2717 plures
797 2682 831 2708 ab

54 2726 129 2755 hoste
144 2730 314 2757 calamitates
325 2729 430 2764 accepi,
443 2728 489 2762 qui
506 2730 620 2759 amicos,
635 2732 772 2762 parentes.
785 2735 833 2762 pa-

54 2774 143 2805 triam.
157 2784 217 2810 qua:
230 2777 334 2803 homini
354 2776 381 2802 in
397 2775 453 2802 vita
471 2773 670 2810 jucundissima
687 2777 762 2804 sunt,
783 2781 832 2808 per

55 2820 184 2849 maximos
203 2823 310 2849 dolores
329 2826 357 2849 ct
377 2821 516 2849 cruciatus
540 2820 604 2847 mihi
631 2820 744 2854 eripuit.
767 2819 833 2851 Qum

57 2866 104 2894 etsi
121 2869 262 2907 prudentia
277 2872 367 2896 vestra
383 2876 414 2895 ac
433 2867 569 2901 sapientia
584 2867 675 2894 animo
686 2862 830 2900 cetnpla't‘ti

881 2265 1019 2297 convenit,
1034 2262 1106 2298 quod
1123 2261 1189 2289 satis
1211 2261 1323 2295 quidem
1338 2260 1458 2287 validum
1484 2263 1535 2289 est.
1556 2258 1624 2286 Nam
1642 2257 1670 2293 si

880 2310 978 2343 Graeci,
998 2309 1124 2344 quamvis
1139 2307 1238 2334 Xerxis
1250 2307 1354 2334 viribus
1371 2307 1450 2341 longe
1464 2305 1610 2334 inferiores
1623 2311 1669 2332 cs-.

881 2361 952 2389 seut,
968 2361 1069 2389 tamen,
1088 2354 1235 2382 concordia
1253 2353 1335 2386 duce,
1351 2352 1459 2379 hostem
1478 2355 1665 2387 superarunt;

881 2401 947 2437 quid
968 2399 1076 2427 tandcttt
1093 2406 1140 2426 vos
1153 2406 1244 2434 agcre,
1262 2397 1353 2424 divina
1369 2396 1478 2423 favente
1499 2395 1597 2430 gratia,
1616 2402 1667 2430 po—

882 2447 972 2475 teritis
986 2445 1148 2477 concordes,
1169 2449 1196 2471 et
1211 2443 1405 2471 communibus
1421 2442 1536 2473 riribus,
1554 2441 1600 2476 qui
1617 2441 1668 2468 he-

882 2494 986 2521 minum
1001 2499 1117 2519 numero
1138 2498 1193 2517 non
1214 2490 1367 2525 pauciores,
1387 2488 1489 2515 virtute
1506 2488 1586 2521 longe
1601 2489 1670 2517 estis

882 2539 1084 2575 praestantiores
1100 2536 1242 2564 hostibus?
1256 2536 1278 2563 0
1298 2536 1319 2564 si
1333 2536 1392 2562 dies
1409 2534 1454 2562 ille
1471 2534 1539 2561 mihi
1571 2534 1668 2561 illucce

882 2589 950 2618 seat,
966 2591 1032 2619 quo,
1047 2583 1163 2611 abolctis
1179 2583 1351 2617 sepultisque
1367 2582 1438 2609 odiis
1453 2581 1591 2612 menibus.
1605 2579 1666 2616 pari

882 2637 1017 2658 consensu
1033 2630 1140 2657 hostem
1153 2629 1365 2664 aggrediaminil
1386 2627 1464 2654 Nulla
1475 2628 1541 2654 mihi
1555 2632 1667 2661 pra-ter:

882 2686 914 2706 ea
935 2676 1070 2703 dubitatio
1087 2675 1181 2702 relicta
1206 2676 1296 2702 estde
1317 2674 1433 2716 victotja
1446 2683 1453 2700 :
1465 2674 1520 2708 jam
1538 2674 1668 2707 vicimus,

883 2724 963 2756 Illud,
987 2729 1092 2756 quazso,
1117 2721 1218 2748 animis
1236 2720 1336 2747 vestris
1355 2727 1503 2754 parumper
1520 2721 1669 2756 concipitc,

883 2769 1024 2806 principes
1050 2766 1146 2801 optimi
1165 2774 1171 2791 :
1191 2766 1422 2800 quemadmodum
1442 2767 1467 2792 in
1486 2767 1547 2793 navi
1570 2766 1672 2796 seditiot

883 2822 954 2849 crta,
975 2813 1209 2850 perniciosissima
1227 2817 1279 2843 est,
1298 2809 1342 2839 ita
1355 2819 1416 2839 esse
1437 2812 1463 2838 in
1482 2813 1610 2845 civitate;
1627 2818 1666 2844 ct,

885 2869 914 2892 ut
929 2863 956 2889 in
969 2862 1004 2890 cit
1014 2863 1078 2888 itatc
1095 2859 1186 2896 gravis
1200 2865 1253 2892 est,
1267 2858 1303 2885 ita
1317 2858 1343 2884 in
1353 2857 1493 2893 provincia
1520 2859 1608 2891 multo
1622 2866 1655 2897 pe
