1916 3066
214 127 269 159 ὒω

685 125 933 156 BESSABIONIS
954 126 985 156 s.
1003 126 1039 157 It.
1060 127 1094 158 E.
1115 121 1350 158 CARDINALIS

1804 123 1870 155 664

214 181 406 210 stilentiorem.
423 180 490 207 Nam
502 188 558 215 quo
566 180 660 214 plures
675 185 750 212 sunt,
765 188 798 208 co
815 180 897 208 latius
913 180 1000 208 morbi
1017 182 1026 211 ,1

1088 185 1205 212 rentur?
1226 185 1336 212 Minime
1353 193 1361 212 :
1377 183 1514 218 siquidem
1542 182 1586 209 his
1604 180 1685 210 etiam
1717 180 1871 210 remediis

215 227 342 262 contagio
361 227 460 261 serpit,
473 234 506 253 eo
518 225 654 254 dilheillor
670 231 711 254 est
723 227 840 254 curatio.
855 227 893 254 Ac
904 235 1002 262 quem-

215 271 365 298 admodum
393 271 532 298 exercitus
555 270 652 298 ordine
669 271 840 305 militumque
870 271 1001 298 obedien-

217 317 253 344 tia
271 315 439 348 continetur,
468 323 528 350 quae
547 315 599 342 nisi
616 315 718 349 adsint,
733 315 767 343 ad
785 316 1003 343 internecionem

216 363 307 389 omnia
322 365 455 396 pereunt;
473 362 510 389 ita
524 361 550 388 itt
560 362 701 397 previncia
716 367 828 389 mtttuus
852 370 1005 390 consensus

218 411 247 434 et
257 406 450 434 benevolentia
467 405 621 434 necessaria
646 410 688 434 est
704 406 776 434 inter
792 415 839 434 eos
853 408 1005 442 pra'sertim

218 452 265 486 qui
290 452 460 486 potentiores
473 456 537 478 sunt
554 461 561 478 :
579 459 631 486 qua
656 459 685 479 re
706 453 824 485 sublata,
846 453 924 487 prius
950 452 1008 480 suis

219 498 326 526 viribus
341 498 538 529 conﬁciuntur.
553 506 634 533 qttam
650 499 783 526 externis.
797 498 1008 526 lnsidiaturdit-

220 543 325 576 cordia,
349 543 422 571 vires
439 549 580 576 extenuat,
593 549 621 572 et
637 544 744 572 occulta
768 544 886 579 qttadam
899 544 1009 579 aegritu-

221 591 286 618 dine
305 591 418 625 intperia
438 591 578 623 absumit;
592 595 676 625 atque
694 589 730 617 ob
743 597 804 617 eam
819 597 929 617 causam
953 590 1011 617 dis-

223 636 345 663 cordiam
360 637 451 670 inquit
471 636 517 663 ille
534 643 672 663 venenum
689 642 750 662 esse
764 635 858 662 datum
875 635 1010 669 imperiis,

222 689 258 709 ne
283 681 447 708 immortalia
473 681 572 709 forent.
589 681 696 708 Etenim
711 681 824 716 perinde
844 688 876 708 ac
890 680 1014 716 phthisis

224 726 327 753 sensim
340 726 463 758 coniicit,
479 734 569 761 neque
583 725 662 761 prius
687 726 797 753 desistit
814 733 896 761 quam
921 724 1014 760 prolli-

225 777 316 808 gatum
333 779 435 808 corpus
456 773 597 801 everterit.
614 773 674 800 Non
693 777 736 800 est
748 772 971 800 contendendum
986 776 1016 798 ut

226 820 398 847 necessarios
411 824 439 846 et
451 820 546 847 eodetn
558 820 630 847 emlo
641 819 772 846 educatos
783 818 908 846 homines
919 826 1016 853 perpe-

1053 229 1195 263 adhibitis,
1214 230 1283 257 elliei
1311 238 1366 257 non
1382 233 1473 264 potest
1486 228 1552 263 quin
1567 227 1709 254 solvantur
1722 231 1753 253 et
1766 226 1872 253 inter-

1053 279 1128 302 eant.
1158 274 1396 308 Quemadmodum
1422 273 1563 309 graviores
1585 272 1672 299 morbi
1706 276 1776 298 sunt
1797 277 1872 305 qua

1056 319 1214 347 interiorem
1242 321 1364 355 corporis
1386 325 1492 354 partetn
1513 322 1675 353 grassantur
1692 321 1720 344 et
1741 320 1870 346 vexant.

1057 364 1093 392 ita
1110 365 1210 393 seditio
1227 372 1323 401 aperto
1333 366 1405 393 bello
1423 365 1550 393 acerbior
1570 368 1622 396 est.
1633 363 1700 390 Nam
1719 362 1748 389 in
1768 362 1873 389 altero

1057 411 1150 437 hostes
1176 411 1256 439 nobis
1285 411 1336 446 ipsi
1360 419 1474 442 sumus;
1509 411 1536 438 in
1559 410 1646 437 altero
1662 417 1712 436 nos
1732 415 1870 436 tuetttur.

1058 456 1132 483 Nulli
1155 465 1274 491 unquam
1300 464 1414 484 suorum
1439 456 1526 484 etedes
1539 455 1657 491 profuit,
1678 454 1787 489 quibus
1811 462 1870 487 pe-

1066 503 1221 536 reuntibus,
1237 503 1262 530 ei
1280 503 1391 537 gravius
1407 507 1586 537 comparatur
1609 500 1776 536 periculum.
1791 499 1868 526 Nam

1060 547 1141 575 simul
1163 555 1195 574 ac
1213 547 1321 574 illorutn
1334 548 1478 582 negligunt
1492 547 1620 583 salutem.
1637 553 1714 573 suam
1728 545 1871 572 hostibus

1064 593 1200 627 produnt;
1225 593 1354 628 idemque
1377 594 1411 620 iis
1431 593 1542 624 accidit,
1568 591 1640 627 quod
1661 591 1769 618 homini
1799 598 1871 617 eve-

1063 638 1122 665 nire
1139 638 1217 670 solet,
1236 638 1316 672 cujus
1346 638 1502 666 membrum
1526 638 1590 665 dum
1611 637 1743 671 pbagatna
1773 635 1871 663 cottli~

1064 682 1113 710 cit.
1133 681 1160 709 id
1178 682 1305 717 ncgligit.
1318 687 1468 717 speratque
1491 683 1629 717 reliquum
1647 689 1749 717 corpus
1769 687 1870 707 ttttunt

1065 726 1124 753 fore
1141 730 1223 761 atque
1238 727 1393 760 incolume;
1411 726 1576 762 laudentque
1593 726 1694 753 sensim
1714 731 1793 753 totus
1811 726 1870 752 :th-

1066 772 1184 799 sumitur
1200 781 1208 800 :
1225 776 1281 799 tum
1296 772 1406 800 deutum
1425 774 1505 809 plane
1532 773 1661 807 intelligit
1672 773 1698 800 id
1711 780 1767 799 non
1787 772 1870 799 l'uttt-

1069 826 1130 845 rtttn
1149 819 1246 851 fuisse,
1274 820 1295 847 si
1321 820 1402 847 initio
1425 821 1552 848 morbum
1577 825 1711 847 curasset.
1732 819 1824 852 Quid,
1843 824 1869 846 le

226 870 274 892 tuo
290 865 361 892 bello
376 865 554 893 insectentur.
571 865 638 892 Nam
654 864 700 899 qui
714 864 856 899 sapienter
874 871 930 891 suae
941 863 1024 891 saluti
1041 865 1061 892 Β
1076 864 1209 896 obsecro,
1238 873 1335 894 manus
1357 866 1482 900 geminas
1512 871 1608 893 natura
1636 865 1716 892 nobis
1739 864 1870 892 tribuit?

228 911 386 943 consulunt,
398 910 492 938 hostes
507 910 617 945 quidem
634 917 743 944 semper
755 910 865 937 vincere
880 909 1017 943 nituntur,

230 957 289 983 suis
305 964 369 983 vero
389 963 587 991 nonnunquam
604 960 731 990 parcunt,
748 956 908 990 maluntque
935 956 1019 983 inter-

229 1002 294 1029 dum
307 1003 430 1038 superari
442 1011 523 1038 quam
534 1010 674 1038 superare.
686 1003 779 1038 Neque
790 1002 862 1030 enim
878 1003 968 1030 omnis
981 1003 1020 1030 vi-

230 1050 315 1077 ctoria
334 1049 407 1076 utilis
422 1054 474 1084 est,
499 1055 545 1077 aut
560 1057 575 1077 a
591 1050 649 1077 Deo
673 1050 805 1083 profecta.
826 1048 963 1083 Fugiettda
979 1053 1021 1076 est

230 1095 350 1123 Cadmea
366 1096 491 1128 victoria,
508 1100 547 1128 et,
564 1101 593 1123 ut
612 1096 733 1131 tragicus
748 1095 794 1122 ille
807 1093 907 1130 inquit,
918 1094 1023 1121 Anticis

232 1142 422 1176 dominabere,
435 1142 458 1170 si
473 1146 579 1169 tantum
594 1149 649 1170 non
669 1142 768 1169 viceris
782 1145 915 1176 quantum
927 1140 1022 1168 volue-

232 1187 288 1220 ris;
312 1188 417 1220 amicis,
440 1187 563 1223 ittquam,
586 1187 752 1222 imperabis,
768 1194 849 1222 quam
874 1186 908 1213 ab
929 1185 1024 1212 amicis

231 1234 360 1261 vinceris.
386 1235 425 1262 Ac
443 1233 651 1266 Demosthenes,
666 1233 753 1265 Tunc,
781 1233 880 1269 inquit,
892 1233 1023 1268 prteclara

233 1280 361 1313 victoria,
382 1287 444 1308 cum
465 1285 512 1307 aut
532 1279 581 1307 lilii
607 1279 782 1315 parentibus,
805 1284 852 1306 aut
868 1279 943 1306 cives
956 1278 1024 1306 civi-

235 1328 287 1353 bus
299 1327 417 1355 libenter
431 1326 544 1354 cedunt.
560 1327 599 1353 Att
615 1333 680 1353 vero
696 1326 724 1352 itt
739 1325 849 1352 urbium
870 1324 1025 1352 obsidioni-

235 1373 287 1400 bus
301 1373 484 1408 perniciosum
496 1372 637 1408 judicatis,
657 1372 679 1399 si
701 1371 829 1400 custodes
845 1372 916 1399 ittter
930 1379 959 1399 se
970 1371 1027 1399 dis-

235 1420 345 1448 sideant
357 1420 370 1446 ἲ
387 1419 459 1447 inter
476 1420 551 1447 cives
566 1423 670 1451 autem,
687 1419 730 1446 vel
745 1419 773 1446 in
789 1418 937 1452 pr0vinciis
954 1418 1027 1446 sedi-

237 1467 339 1494 tionem
359 1466 453 1493 utilem
469 1465 527 1493 l'ot'e
545 1466 666 1500 putatis?
683 1473 745 1492 cum
759 1465 784 1492 in
799 1465 923 1492 diversas
935 1470 1028 1500 partes

237 1513 305 1545 itur,
328 1521 391 1540 cum
416 1513 575 1548 opinionum
599 1512 732 1539 varietate
748 1512 936 1544 contenditur,
964 1519 1026 1538 eum

239 1558 430 1594 unusquisque
456 1566 532 1586 suam
563 1557 729 1585 sententiam
753 1557 841 1592 pluris
860 1556 924 1584 facit
945 1563 1027 1591 quam

238 1606 367 1633 salutem.
386 1604 578 1632 Contentionis
589 1604 645 1632 duo
657 1611 757 1639 genera
779 1603 863 1630 tradit
881 1601 1026 1635 Hesiodus,

239 1654 356 1681 alterum
373 1652 508 1687 optimunt
520 1659 583 1678 eum
598 1650 736 1686 quispiam
752 1649 864 1676 alterius
876 1647 1029 1676 imitatione

241 1698 378 1726 adductus
391 1701 465 1725 recte
478 1696 545 1732 agit;
560 1695 677 1722 alterum
688 1694 909 1725 inimicitiarum,
926 1692 1029 1720 discor-

243 1745 305 1778 diat,
332 1743 467 1771 bellorum
496 1741 687 1771 seminarium.
704 1747 785 1775 quam
802 1746 913 1774 pravam
941 1738 1030 1766 infeli-

244 1797 360 1825 cemque
373 1788 504 1824 appellat,
518 1788 554 1815 de
567 1794 622 1822 qua
638 1786 775 1814 Homerus
793 1793 802 1812 :

280 1843 418 1876 Principio
432 1849 514 1876 parva
527 1844 584 1871 est;
602 1844 701 1876 terram
716 1838 761 1866 sed
773 1839 891 1876 protinus
908 1838 967 1876 inti:

281 1874 444 1913 Contingens
457 1876 575 1912 pedibus,
593 1879 670 1909 caput
684 1875 753 1901 inter
766 1874 855 1901 nubila
868 1874 966 1901 condit.

244 1932 325 1961 Prior
349 1930 489 1967 sequenda
519 1933 580 1962 est,
595 1929 682 1957 altera
701 1927 809 1963 penitus
822 1926 950 1962 fugienda
965 1935 972 1954 :
989 1926 1035 1955 illa

247 1980 365 2008 maxime
380 1977 467 2009 utilis,
484 1976 543 2003 hare
554 1973 701 2002 adtttodum
714 1973 945 2009 perniciosa.Nou
957 1972 1036 2000 decet

247 2034 297 2054 nos
309 2025 432 2061 profecto
445 2030 495 2058 pro
506 2021 627 2057 ingenio,
640 2019 808 2051 eruditione,
825 2018 970 2054 sapientia,
982 2026 1035 2053 qua

249 2082 301 2101 nos
330 2073 403 2099 Deus
416 2071 535 2102 ornavit,
554 2068 655 2096 omissa
671 2067 795 2099 meliore,
816 2065 892 2101 sequi
902 2066 1035 2101 peiorem.

249 2118 411 2154 Abiicieuda
427 2122 481 2149 est,
496 2114 616 2143 tollenda
629 2113 662 2141 de
682 2112 772 2140 medio
786 2121 793 2145 ;
812 2119 864 2147 pax
881 2115 909 2139 et
919 2119 1038 2139 concor-

249 2167 295 2194 dia
312 2164 421 2200 publice
436 2161 566 2190 ineunda.
580 2159 659 2194 Quod
675 2159 698 2187 si
712 2164 753 2186 est
768 2157 1036 2190 contendendum,in

1069 912 1135 947 quid
1153 912 1277 947 geminos
1295 912 1412 940 oeulos?
1427 913 1493 945 quid
1518 912 1588 940 duos
1609 911 1869 947 pedes?Nintirntn

1071 964 1100 987 ut
1122 964 1217 987 mutuo
1241 962 1370 986 constent
1392 959 1503 986 auxilio.
1516 959 1612 986 Manus
1639 966 1752 985 manum
1771 957 1868 989 lavat;

1072 1014 1122 1041 pes
1141 1005 1239 1040 pedem
1256 1008 1411 1036 sustentat;
1430 1004 1541 1031 sinistra
1556 1003 1660 1031 dextris
1672 1003 1818 1034 levantur,
1840 1007 1870 1029 et

1072 1052 1167 1079 dextra
1182 1051 1307 1078 levatttur
1324 1049 1460 1082 sinistris:
1480 1049 1554 1076 illinc
1575 1054 1666 1076 motus
1678 1048 1864 1083 principium,

1074 1098 1139 1125 hinc
1159 1104 1244 1124 onera
1260 1096 1438 1131 suscipimus.
1456 1095 1521 1122 Plus
1539 1094 1647 1130 gemina
1662 1094 1720 1120 haec
1739 1093 1869 1120 meutbra

1073 1144 1213 1176 cilicium;
1231 1151 1292 1170 nam
1304 1142 1390 1170 altero
1407 1145 1553 1177 occupato,
1569 1141 1602 1168 ab
1615 1140 1701 1168 altero
1718 1147 1870 1167 commune

1075 1194 1223 1224 prastatur
1247 1187 1379 1215 olliciutn.
1405 1186 1461 1214 Cur
1482 1195 1536 1214 non
1555 1186 1698 1221 sequimur
1724 1190 1868 1217 naturam,

1075 1235 1173 1262 ducent
1193 1233 1324 1269 optimam
1341 1237 1368 1260 et
1381 1232 1562 1268 magistram?
1577 1237 1606 1259 ut
1617 1231 1664 1259 ille
1683 1231 1785 1266 inquit.
1799 1231 1869 1259 Nam

1077 1280 1149 1315 qttod
1167 1280 1235 1307 alter
1251 1279 1407 1315 perspicere
1420 1287 1474 1306 non
1492 1282 1593 1314 potest,
1611 1278 1688 1305 alteri
1704 1278 1731 1304 itt
1745 1283 1867 1305 mentcnt

1076 1326 1180 1357 veniet,
1199 1333 1231 1352 ac
1256 1331 1352 1352 mutuo
1369 1324 1471 1352 auxilio
1488 1323 1660 1359 propositutn
1684 1322 1766 1350 littem
1782 1323 1869 1350 attin-

1078 1377 1151 1407 gent.
1172 1382 1181 1398 ε
1197 1372 1283 1406 Quam
1300 1372 1403 1399 bonum
1417 1376 1444 1399 et
1462 1379 1543 1406 quam
1559 1370 1713 1406 jucundum
1725 1375 1769 1398 est
1788 1370 1869 1397 babi-

1078 1424 1136 1446 tare
1160 1418 1259 1445 fratres
1285 1418 1313 1445 in
1343 1425 1444 1451 unum;
1462 1426 1471 1442 ι
1496 1422 1526 1444 ut
1539 1416 1677 1452 Propheta
1700 1415 1803 1451 inquit,
1821 1415 1868 1451 qui

1079 1466 1227 1493 multarum
1259 1472 1353 1493 rerum
1381 1465 1506 1500 variique
1538 1469 1653 1492 eventus
1682 1464 1869 1499 peritissimus

1041 1531 1063 1561 ϐ
1081 1514 1143 1544 fuit.
1157 1514 1204 1548 qui
1215 1513 1307 1541 furore
1317 1513 1412 1540 divino
1423 1512 1561 1545 concitus,
1574 1512 1699 1539 homines
1710 1511 1742 1538 ad
1756 1518 1869 1538 concor-

1082 1560 1156 1587 diam
1173 1565 1315 1594 provocat.
1331 1558 1409 1593 Quod
1425 1567 1459 1586 ne
1477 1564 1582 1586 temere
1601 1563 1770 1594 pra‘ceptum
1792 1557 1870 1585 vide—

1080 1611 1167 1638 retur,
1187 1605 1243 1633 illic
1252 1606 1307 1633 ait:
1322 1615 1330 1632 ε
1344 1605 1490 1633 Mandavit
1506 1605 1638 1633 Dominus
1649 1604 1869 1633 benedictionem

1080 1654 1107 1677 et
1123 1650 1204 1677 vitam
1219 1658 1306 1685 usque
1316 1649 1343 1678 in
1362 1651 1505 1678 saeculum.
1523 1659 1532 1676 ι
1548 1649 1635 1677 Porro
1647 1650 1707 1685 ejus
1723 1648 1797 1676 lilius
1805 1657 1871 1681 pru-

1081 1696 1173 1724 dentia
1188 1696 1328 1731 praeditus,
1341 1702 1370 1724 ttt
1382 1704 1432 1724 nos
1449 1704 1464 1724 a
1482 1695 1620 1724 discordia
1643 1695 1868 1727 deterreat,Cunt

1082 1750 1165 1775 unus,
1178 1743 1279 1777 inquit,
1304 1743 1432 1776 azdilleat,
1462 1747 1490 1770 et
1521 1742 1591 1770 alter
1615 1741 1774 1769 demolitur.
1805 1741 1868 1776 quid

1082 1788 1156 1816 aliud
1167 1793 1260 1824 agunt,
1275 1789 1327 1817 nisi
1341 1789 1442 1817 l'rustra
1454 1787 1710 1823 laborenHCyrus,
1727 1788 1868 1815 Persarum

1084 1843 1131 1862 rex
1161 1836 1379 1870 potentissimus,
1392 1843 1454 1863 cum
1470 1843 1485 1863 e
1500 1835 1556 1862 vita
1575 1834 1732 1867 excederet,
1747 1833 1809 1860 liliis
1827 1841 1870 1860 ac-

1084 1881 1202 1910 cersitis.
1217 1886 1245 1909 et
1267 1882 1383 1916 imperio
1410 1881 1452 1909 eis
1474 1881 1573 1911 diviso,
1591 1880 1715 1914 longiore
1743 1879 1865 1907 oratione

1088 1926 1159 1960 apud
1172 1926 1398 1962 Xenophontem,
1412 1930 1527 1954 cttnetos
1541 1925 1574 1952 ad
1591 1925 1672 1952 tidem
1689 1931 1821 1958 mutuam,
1837 1924 1868 1952 ad

1087 1971 1261 2004 charitatem,
1273 1971 1305 1999 ad
1322 1971 1497 1999 concordiam
1516 1970 1643 1998 hortatus
1666 1975 1717 2003 est,
1742 1969 1870 2005 planeque

1088 2017 1288 2045 demonstravit
1302 2025 1350 2045 eos
1374 2017 1515 2052 dispersos
1547 2024 1579 2044 ac
1598 2017 1768 2044 dissidentes
1787 2023 1870 2049 neque

1089 2063 1254 2098 reipublicze
1280 2063 1453 2098 profuturos.
1478 2070 1568 2098 neque
1593 2062 1645 2089 sibi
1668 2061 1795 2096 prmsidio
1814 2069 1870 2088 esse

1091 2117 1183 2145 posse.
1200 2109 1227 2137 Id
1253 2115 1344 2136 autem
1366 2117 1454 2144 usque
1470 2108 1540 2136 adeo
1556 2116 1652 2135 verum
1668 2107 1798 2142 facileque
1812 2115 1870 2142 per-

1092 2161 1218 2192 spectum
1246 2156 1434 2184 arbitrabatur
1450 2156 1493 2183 vir
1507 2156 1588 2190 longo
1609 2162 1700 2182 rerum
1717 2161 1776 2185 ttsu,
1792 2154 1871 2180 maxi-

250 2222 284 2241 eo
305 2212 384 2240 vobis
402 2211 512 2238 demum
548 2212 689 2236 certamen
707 2205 925 2241 pulcherrimum
945 2209 971 2231 ct
987 2204 1042 2239 glo-
1056 2205 1082 2235 D
1099 2206 1150 2233 mis
1166 2203 1310 2240 periculis,
1326 2203 1430 2238 ingenti
1456 2203 1574 2230 fortunat
1589 2201 1721 2228 varietate
1737 2201 1872 2235 sapientis-

251 2262 355 2288 riosum
373 2256 542 2293 propositum
557 2258 610 2286 est,
621 2253 685 2288 quis
701 2258 823 2279 vestrum
836 2250 941 2286 pritnus
958 2257 987 2277 se
998 2250 1038 2284 ip-

251 2315 312 2335 sum
328 2306 437 2336 vincat;
451 2303 513 2339 quis
529 2302 635 2335 primus
650 2299 684 2327 ad
694 2297 868 2326 concordiam
885 2295 1038 2331 perveniat;

251 2356 315 2391 quis
327 2354 405 2389 plura
421 2355 449 2379 et
463 2349 550 2385 magis
561 2346 669 2382 egregia
682 2344 805 2372 facinora
822 2343 850 2370 in
866 2348 1040 2370 communem

254 2387 373 2431 salutem
392 2397 528 2426 conferat.
547 2394 608 2422 Haec
624 2397 667 2420 est
683 2391 763 2426 plena
780 2389 872 2418 laudis
889 2387 1039 2419 contentio;

255 2450 314 2477 lttee
329 2456 345 2475 a
363 2447 417 2474 Deo
431 2442 592 2472 homittibus
608 2440 683 2467 data.
696 2437 767 2471 Quid
783 2440 836 2470 est,
853 2435 926 2471 quod
942 2437 1042 2463 cuncta

255 2492 417 2523 cont-ineat?
435 2488 596 2518 Harmonia.
608 2485 679 2519 Quid
693 2488 747 2516 est,
761 2482 836 2518 quod
852 2485 952 2509 cuncta
964 2487 1044 2507 exor-

256 2541 324 2570 net?
339 2538 528 2568 Coneinnitas.
541 2534 645 2562 Caelum
663 2532 717 2559 hoe
732 2529 920 2565 quodcunque
950 2526 1044 2554 cerni-

258 2594 330 2618 mus,
347 2584 461 2619 sphaera:
471 2580 621 2609 stellatum,
635 2578 723 2612 spatia
736 2575 869 2606 siderum,
882 2580 975 2601 rerum
987 2579 1046 2599 om-

260 2633 335 2660 nium
351 2631 485 2658 elementa
502 2632 531 2654 et
547 2625 637 2658 initia,
654 2624 731 2651 nulla
747 2621 800 2649 alia
816 2628 845 2648 re
860 2619 913 2647 nisi
930 2626 1047 2647 concor-

260 2680 305 2706 dia
324 2680 462 2706 constant.
475 2673 533 2702 Nisi
550 2668 836 2705 divittaeprovidentiae
850 2668 927 2702 leges
941 2674 972 2693 ea
986 2669 1047 2693 lue-

260 2731 370 2757 rentur,
394 2731 450 2751 non
470 2720 668 2751 consisterent,
697 2717 745 2745 sed
768 2715 1002 2743 labefactarentur
1017 2719 1048 2741 ac

262 2775 386 2798 ruerent.
402 2770 458 2797 Res
470 2776 535 2796 vero
548 2767 695 2795 humanas,
715 2770 776 2798 quae
790 2761 869 2789 ﬂuxa:
885 2760 1050 2794 caducmque

265 2822 340 2849 sunt,
349 2821 379 2844 et
394 2824 467 2843 tttotu
479 2820 612 2850 perpetuo
623 2813 860 2846 circumaguntur,
869 2812 949 2843 putas
958 2806 1049 2833 coha—

267 2870 329 2891 rere
346 2869 436 2897 posse,
454 2862 506 2891 nisi
524 2866 661 2893 mensura,
685 2855 820 2893 pondere,
835 2852 985 2882 concordia
1006 2859 1051 2880 re-

1092 2252 1189 2284 sintns,
1220 2255 1250 2278 ttt
1266 2251 1420 2278 rationibus
1447 2248 1632 2285 apertissimis
1654 2255 1709 2275 non
1724 2252 1869 2281 contentus,

1091 2297 1179 2324 oculis
1217 2297 1299 2324 etiam
1342 2297 1468 2331 exemplo
1501 2296 1620 2331 quodam
1656 2296 1789 2330 subjicere
1818 2299 1871 2321 ten-

1093 2343 1207 2371 taverit.
1235 2342 1328 2377 Itaque
1346 2343 1496 2378 virgarum,
1528 2347 1558 2370 ut
1588 2342 1689 2375 lerunt,
1713 2339 1870 2374 manipulum

1092 2390 1185 2419 aﬂ’erri
1213 2389 1306 2426 jussit,
1324 2397 1356 2417 ac
1377 2389 1493 2424 singulis
1520 2389 1665 2423 imperavit
1690 2392 1720 2414 nt
1742 2393 1799 2413 eum
1823 2391 1871 2412 uno

1094 2439 1198 2474 impetu
1230 2437 1445 2472 confringerent,
1480 2435 1503 2463 si
1525 2440 1646 2470 possent.
1667 2434 1695 2462 ld
1726 2440 1783 2461 cum
1808 2439 1871 2467 prte-

1094 2489 1168 2513 stare
1195 2485 1301 2512 valeret
1336 2489 1430 2514 nemo,
1450 2485 1508 2508 tttm
1543 2481 1666 2516 singulas
1713 2479 1872 2514 perfringen-

1094 2530 1145 2558 das
1158 2529 1252 2562 dedit;
1269 2535 1339 2563 quas
1367 2533 1430 2554 cum
1454 2525 1554 2560 singuli
1576 2525 1653 2552 nullo
1665 2524 1757 2552 labore
1768 2523 1873 2550 contice-

1096 2584 1169 2604 ren:
1198 2577 1238 2602 An
1275 2581 1340 2600 vero
1369 2571 1492 2605 cernitis,
1525 2570 1623 2606 inquit,
1654 2569 1725 2597 ident
1751 2568 1776 2596 in
1802 2567 1870 2595 vobis

1097 2621 1232 2652 futurum,
1262 2623 1290 2646 ut
1317 2623 1411 2646 mutua
1434 2624 1499 2652 pace
1531 2616 1675 2644 devinctos
1700 2614 1786 2642 nullus
1796 2621 1871 2648 expu-

1098 2674 1181 2701 gnare
1197 2665 1296 2698 valeat,
1312 2664 1383 2692 odiis
1411 2671 1476 2691 vero
1495 2663 1634 2698 sejunctas
1658 2668 1783 2697 superare
1798 2659 1872 2696 possit

1099 2713 1146 2747 qtti
1170 2711 1256 2738 velit?
1277 2710 1367 2742 Quare
1391 2709 1438 2745 qui
1454 2716 1504 2736 vos
1522 2707 1556 2736 ad
1582 2707 1765 2740 concordiam,
1787 2703 1870 2741 optimi

1100 2757 1184 2785 Italiae
1197 2756 1346 2792 principes,
1365 2755 1503 2787 hortatur,
1514 2761 1562 2781 vos
1579 2753 1613 2781 ad
1631 2757 1750 2780 vestram
1762 2753 1871 2779 hortatur

1103 2804 1230 2836 salutem,
1242 2802 1274 2829 ad
1286 2801 1410 2837 gloriam,
1427 2801 1461 2828 ad
1476 2800 1630 2834 triumphos
1639 2798 1672 2827 de
1690 2798 1765 2826 host:
1788 2805 1870 2832 repor-

1105 2849 1210 2878 tandas.
1223 2845 1288 2875 Nam
1304 2846 1370 2883 quid
1385 2849 1473 2875 vestra
1493 2844 1613 2881 exposcit
1627 2843 1752 2872 utilitas?
1772 2842 1872 2872 Concut-
