1916 3066
45 128 105 159 (μδ

580 129 793 160 ΟΒΛΤΙΟΝΕΞ
811 129 960 159 CONTRA
981 128 1139 159 TURCAS.
1167 108 1174 113 ί

1634 129 1687 156 (νὺξ)

45 186 139 213 (liam.
159 185 231 220 Quid
247 191 337 214 vestra
352 187 412 214 laus
427 195 458 215 ac
474 187 593 222 dignitas
615 187 753 220 postulat?
774 187 847 214 Con-
862 192 885 218 Α
901 192 1019 222 pugnata
1049 187 1112 219 fide,
1135 186 1213 213 cassis
1242 185 1409 213 Christianis
1436 183 1606 216 hominibus,
1638 183 1686 210 Dei

44 231 189 259 cardiam.
199 233 381 260 Concordiam
394 234 476 268 igitur
485 240 514 261 et
527 241 619 268 pacem
633 233 847 267 amplectimini,

46 279 201 314 suscipite,
221 279 314 313 colite,
334 285 363 306 ut
382 288 429 314 per
441 288 500 307 eam
519 285 616 307 mutuo
638 287 776 307 consensu
793 281 848 306 for-

48 326 155 358 tiores,
173 326 301 361 belloque
323 327 349 353 in
375 327 482 354 hostem
508 330 669 361 comparato
692 326 849 353 cervicibus

47 371 159 398 nostris
183 371 374 398 imminentem
409 372 541 406 impetum
571 371 776 406 propulsemus,
799 370 849 396 ho-

48 421 127 443 stem
152 417 325 443 teterrimum
350 423 507 445 nostrorum
522 417 654 452 sanguine
675 420 847 443 cruentatum

47 462 236 492 ulciscantur,
257 463 341 490 Italia:
363 463 565 498 ampliﬁcemus
586 463 762 497 dignitatem.
788 462 847 489 lloc

47 510 128 534 (*Ilim
143 508 216 535 bello
234 509 338 536 nulluut
359 517 480 545 unquam
497 509 611 544 iustius.
627 513 674 535 aut
692 508 780 542 magis
798 515 847 534 ne-

47 556 177 583 ccSSario
193 560 303 589 gestum
324 559 378 587 est,
391 559 440 582 aut
454 554 607 581 faciliorem
623 550 862 589 apertioremque'

47 601 176 628 ostendit
190 601 344 628 victoriam.
369 600 438 628 Νμιιι
454 600 519 634 quid
535 599 653 634 aequius,
667 598 770 634 quidve
786 605 845 624 lua-

47 647 95 682 gis
113 648 204 682 pium,
217 655 299 682 quam
319 652 474 674 nostrorum
486 646 645 681 sanguinem
662 652 712 680 per
725 643 847 672 infinitas

48 693 193 728 lacrymas
207 698 234 720 et
245 697 381 719 tormenta
392 693 508 719 cll‘usum
522 690 638 718 ulcisci?
655 690 724 723 Quid
737 689 847 717 nefandi

50 741 184 767 homines
202 741 228 766 in
250 746 350 766 nomen
367 743 495 765 nostrum
517 738 755 773 praztermiserunt
769 736 846 771 igno-

51 785 162 818 miniae,
181 785 301 820 injurize,
317 785 469 815 cruciatus,
482 783 580 811 necis?
596 783 711 818 Templa
727 783 847 810 sanctis-

50 831 125 859 sima
144 839 193 865 per
207 838 341 858 summam
354 830 525 865 impietatem
541 830 700 863 polluerunt
714 838 721 856 :
736 833 846 856 sancto.

899 233 985 261 nostri
999 233 1143 268 majestate
1155 232 1268 265 violata,
1286 240 1340 260 non
1355 232 1508 259 delebimus
1519 230 1531 257 τ
1541 238 1595 258 non
1616 238 1689 257 cmu-

898 279 1057 314 parabimus
1077 279 1203 306 bellum?
1219 287 1272 305 non
1286 285 1429 305 sumemus
1444 277 1477 305 de
1495 279 1572 304 hoste
1585 276 1690 311 supplic

898 325 994 353 cium?
1009 324 1156 360 Nunquam
1175 325 1311 359 profecto,
1325 330 1371 352 aut
1385 324 1502 358 publicae
1514 331 1629 350 sum-um
1649 323 1690 348 in-

896 372 988 405 juria‘,
1014 377 1059 398 aut
1086 372 1200 406 privatm
1224 371 1321 399 salutis
1346 373 1416 397 ratio
1433 371 1536 404 majore
1559 369 1690 404 aequitate

897 417 984 445 suasit
997 425 1073 445 arma
1092 418 1117 444 in
1133 418 1240 444 hostem
1259 419 1405 444 movenda.

933 463 1006 491 Satis
1029 465 1084 492 dixi
1100 465 1134 491 de
1148 472 1248 500 genere
1272 464 1335 492 belli
1355 464 1550 499 quamjnstum
1566 463 1602 489 sit
1620 471 1626 489 :
1642 462 1686 489 di-

896 517 956 538 cam
984 511 1077 538 statim
1104 519 1185 546 quam
1213 511 1249 538 sit
1279 510 1477 538 necessarium.
1502 509 1596 543 Neque
1612 508 1686 535 enim

898 556 942 583 ille
974 556 1088 584 liberam
1118 557 1218 589 quietis
1250 556 1384 583 rationem
1418 554 1567 589 r‘elinrptet,
1592 554 1689 589 ingens

898 606 973 628 terra
990 603 1114 636 marique
1132 603 1234 629 bellum
1256 602 1378 630 molitus.
1402 600 1468 628 Nam
1487 600 1509 627 si
1526 600 1551 627 id
1571 599 1689 634 permit-

898 653 986 681 teret,
1003 656 1083 675 nemo
1103 656 1168 676 sane
1183 653 1255 676 eSset
1276 649 1322 683 qni
1339 649 1441 676 bellum
1458 647 1516 683 paci
1537 652 1690 681 antepone-

898 701 952 721 ret.
984 693 1037 721 Sed
1069 702 1111 728 eoi
1123 695 1164 721 ias
1194 695 1335 726 instruxit,
1361 693 1483 729 legiones
1516 692 1688 719 firmissimas

898 740 980 768 habet
996 741 1021 767 in
1035 741 1126 776 capita
1139 746 1231 768 nostra
1250 745 1435 776 comparatas,
1462 739 1582 771 lacessit,
1599 743 1686 773 urget.

897 787 932 814 ad
946 793 1086 815 certamen
1102 792 1245 823 provocat.
1275 789 1329 815 Aut
1348 787 1447 814 bellant
1462 785 1613 820 gerendum
1631 789 1686 815 est.

897 839 945 861 aut
958 834 1137 862 acerbissima
1162 834 1281 861 servitus
1302 832 1456 860 subeunda.
1475 831 1584 859 Nullum
1617 830 1688 857 deli-

52 884 136 909 rum,
169 877 257 904 beata:
283 876 412 918 Virginis,
443 876 529 911 ipsius
558 877 644 904 nostri
667 875 715 904 Dei
743 880 848 903 statuas
864 877 885 905 B
900 879 1035 907 berationi
1056 879 1146 907 locum
1172 879 1307 914 reliquit:
1330 886 1383 906 una
1418 878 1496 905 nobis
1512 879 1686 906 tortnnarum

51 928 232 957 Contempla,
250 923 319 955 risu,
334 923 410 949 omni
424 923 654 950 contumeliarum
673 929 774 956 genere
785 929 846 956 per—

52 970 146 997 secuti
156 974 230 997 sunt.
241 969 310 1003 Quid
320 977 410 997 sacras
420 969 540 1004 virgines
549 969 665 996 violatas
675 975 825 996 memorem
836 967 847 993 2

52 1021 205 1050 parentum
229 1016 373 1050 complexu
389 1020 502 1050 ereptos
522 1015 696 1049 impuberes?
713 1014 787 1042 omni
800 1014 848 1042 de-

53 1061 160 1088 decore
173 1060 303 1088 ftedatum
316 1060 507 1088 Christianum
522 1061 644 1089 nomen?
659 1061 722 1088 llaec
733 1069 769 1088 ne
787 1068 848 1095 per-

53 1114 170 1141 sequar,
198 1111 226 1133 et
249 1106 288 1134 rei
312 1106 502 1142 magnitudine
535 1112 562 1134 et
583 1106 678 1133 dolore
699 1106 846 1141 impedior.

54 1151 125 1186 Quis
141 1152 215 1179 enim
245 1153 287 1178 vel
308 1152 428 1180 dicendo
453 1152 588 1188 consequi
607 1156 711 1187 posset,
729 1151 773 1179 vel
787 1152 848 1179 sine

57 1199 156 1226 multis
172 1199 304 1234 lacrymis
327 1198 424 1226 audire
445 1199 596 1226 Christiani
619 1198 738 1226 nominis
757 1198 848 1226 socios

55 1244 245 1277 fidelissimos,
273 1252 407 1279 equorqu
425 1244 534 1283 ungulis
550 1245 681 1277 obtritos,
699 1245 736 1271 ita
763 1245 848 1278 impe-

58 1297 141 1318 rante
163 1290 241 1317 hoste
257 1291 473 1318 sceleratissimo
489 1296 573 1327 atque
590 1291 775 1325 inspiciente;
798 1297 848 1317 ex-

57 1344 86 1364 cc
94 1338 190 1368 riatos,
212 1337 334 1364 sublatos
351 1338 377 1364 iu
391 1344 513 1370 crucem,
537 1343 566 1365 ut
584 1342 701 1365 mortem
720 1336 846 1373 beneﬁcii

57 1384 121 1411 loco
155 1383 330 1418 acceperint?
351 1383 446 1411 Edidit
462 1383 529 1411 olim
559 1383 730 1411 saevissimus
742 1382 849 1410 'furcus

59 1430 155 1458 Omnia
170 1430 343 1457 crudelitatis
357 1430 483 1464 exetupla
498 1429 525 1456 in
539 1429 715 1464 Byzantinos.
728 1436 847 1464 quorum

60 1475 195 1503 memoria
220 1480 249 1502 ut
278 1474 467 1506 refricaretur.
492 1474 581 1509 qualis
602 1482 690 1509 nuper
712 1474 850 1501 titialcidis

58 1522 191 1551 Euboicae
203 1522 338 1549 tumultus
350 1521 412 1555 fuit,
429 1521 631 1554 cum,eli‘ractis
649 1521 777 1556 portisae
788 1527 848 1546 mu-

61 1569 112 1599 ris,
135 1572 336 1595 tormentorum
360 1567 464 1601 impetu
494 1566 621 1600 deiectis,
639 1573 704 1593 arce
731 1566 755 1591 vi
768 1569 846 1599 capta

60 1618 232 1642 armatorum
250 1620 345 1644 cursu,
360 1614 434 1639 ferro
452 1611 614 1647 ﬂauunaquc
629 1611 721 1638 omnia
732 1612 848 1638 miscue-

61 1664 146 1691 runt;
177 1658 250 1684 unde
274 1658 392 1691 gemitus
417 1657 454 1684 illi
481 1657 514 1684 ad
540 1662 648 1685 nostras
667 1665 752 1692 prope
767 1664 848 1683 aures

61 1711 228 1738 pervenere.
252 1702 373 1730 Cunctos
402 1703 531 1730 militaris
555 1703 643 1730 :etalis
669 1702 848 1730 acerbissime

61 1751 192 1777 trucidat.
213 1749 375 1777 Nostrorum
402 1748 545 1781 cadavera,
564 1756 626 1776 cum
643 1749 742 1776 muenia
761 1756 848 1783 oppu-

61 1802 215 1830 gnarentur
233 1798 271 1830 (at
287 1803 340 1822 non
360 1795 470 1828 dicam;
490 1794 655 1822 incredibile
681 1795 755 1822 enim
783 1799 846 1827 est;

61 1841 116 1867 imo
126 1848 193 1868 vero
206 1840 306 1871 dicam,
320 1841 449 1875 quoniam
463 1840 501 1866 ita
513 1847 542 1867 se
555 1839 658 1874 habet);
673 1843 845 1872 nostrorum,

64 1886 190 1922 inquam,
208 1886 342 1913 cadavera
355 1885 383 1913 in
396 1893 459 1913 vasa
476 1885 602 1921 imposita
618 1884 754 1911 machinis
770 1884 849 1911 belli:

61 1934 102 1960 cis
118 1933 190 1960 intra
212 1932 308 1960 urbem
333 1932 466 1959 adversus
487 1936 597 1959 nostros
613 1930 847 1957 inunittebautur.

61 1978 82 2005 Ο
98 1979 291 2006 crudelitatem
306 1982 369 2005 ante
388 1978 463 2005 hunc
476 1977 548 2004 diem
577 1968 743 2007 inauditam.
759 1983 774 2002 ο
786 1983 848 2010 per-

61 2024 148 2051 ditam
165 2025 312 2057 feritatem,
323 2032 339 2051 o
354 2023 617 2052 truculentissimum
627 2023 740 2050 saevitiae
749 2022 846 2057 genus!

61 2071 133 2104 Quid
155 2076 210 2097 tam
226 2078 370 2098 commune
382 2070 452 2096 vivis
460 2077 541 2104 quam
561 2069 697 2104 spiritus?
714 2069 749 2096 At
760 2068 847 2096 nostri

63 2117 166 2152 captivi
181 2117 217 2144 ita
232 2117 339 2151 vivunt,
358 2121 388 2144 ut
403 2117 507 2144 ducere
521 2116 640 2144 animam
657 2116 690 2143 de
706 2115 777 2143 ccelo
792 2123 847 2142 non

63 2168 178 2197 queant.
195 2163 265 2196 Quid
282 2169 337 2190 tant
359 2170 506 2190 commune
521 2162 638 2189 mortuis
651 2170 733 2197 quam
752 2162 847 2189 terra?

64 2209 98 2235 At
110 2209 200 2236 nostri
219 2209 256 2236 ita
273 2209 441 2241 moriuntur.
458 2213 487 2235 ut
501 2216 597 2236 eorum
613 2216 675 2236 ossa
695 2215 744 2244 per
757 2216 847 2235 aerem

65 2261 242 2292 spargantur.
270 2256 339 2289 Quid
365 2261 420 2283 tam
449 2263 596 2283 commune
616 2255 744 2283 cadaveri
769 2263 850 2290 quain

65 2302 167 2336 quies?
188 2302 221 2329 At
242 2308 401 2330 nostrorum
419 2309 535 2336 corpora
549 2301 585 2329 ita
598 2302 748 2336 iactantur.
770 2306 799 2328 ut
817 2309 850 2328 ne

65 2351 220 2378 exanimata
249 2352 358 2385 quidem
391 2350 596 2385 conquiescant.
620 2350 748 2381 Romani,
778 2349 851 2385 quod

67 2403 162 2423 eorum
179 2397 263 2432 legati
282 2397 365 2432 paulo
381 2397 511 2424 acerbius
525 2396 655 2431 appellati
674 2401 778 2428 essent,
796 2396 850 2424 Co-

68 2441 202 2474 rinthum,
233 2442 327 2469 urbem
353 2441 578 2477 pulcherrimam,
600 2445 772 2468 everterunt.
798 2441 852 2468 Nos

68 2493 143 2519 vero,
164 2487 248 2515 sociis
261 2487 451 2515 crudelissime
464 2487 582 2520 necatis,
591 2491 750 2522 contempta
761 2492 790 2514 et
804 2487 853 2513 de-

68 2539 171 2561 vastata
201 2535 311 2569 regione
339 2538 446 2566 nostra,
471 2533 544 2560 unda
564 2541 670 2560 morum
709 2538 846 2568 rectaque

68 2577 131 2605 vitae
153 2579 318 2607 documenta
333 2586 348 2606 a
365 2584 418 2605 tam
435 2579 549 2606 remotis
567 2578 727 2605 nationibus
751 2583 851 2612 petun-

70 2628 125 2657 tur,
143 2633 197 2653 non
217 2625 422 2652 excitabimur?
437 2624 540 2652 Fabius
556 2624 699 2656 Maximus,
717 2628 748 2651 ut
764 2625 852 2659 capti-

70 2678 118 2698 vos
131 2673 392 2707 rediu.eret,agrum
407 2670 542 2703 vendidit,
552 2676 581 2698 et
598 2678 649 2698 nos
661 2675 701 2698 tot
713 2671 851 2698 sociorum

54 2751 56 2755 ι
70 2724 183 2753 corpora
199 2719 354 2746 desiderata
371 2717 560 2753 negligemus?
576 2717 762 2749 Theodosius,
779 2718 851 2751 quod

71 2763 340 2796 Thessalonicenses,
357 2765 422 2791 novi
437 2763 576 2798 vectigalis
590 2763 625 2790 itu
632 2763 768 2797 positione
781 2763 854 2790 indi-

72 2812 156 2844 gnati,
173 2812 302 2840 Placidia:
315 2816 421 2839 statuas
440 2818 489 2844 per
510 2809 605 2837 urbem
622 2811 780 2842 traxissent,
798 2810 852 2838 fre-

72 2862 200 2890 quentem
212 2859 240 2887 iu
256 2859 364 2885 theatro
384 2856 514 2891 populum
531 2855 596 2883 cedi
613 2855 706 2890 jussit.
722 2855 788 2888 Nos,
802 2864 849 2892 op-

899 926 1051 959 salutisque
1080 932 1142 960 spes
1174 925 1313 960 proposita
1330 929 1386 957 est,
1402 929 1431 951 ut
1449 924 1554 951 viribus
1571 923 1684 954 nostris,

899 971 954 999 Deo
966 971 1028 1006 Opt.
1049 970 1118 998 Max.
1132 971 1256 1006 iuvante,
1274 971 1429 998 libertatem
1444 976 1564 998 nostram
1592 977 1686 997 serve-

899 1025 977 1046 mus:
998 1025 1048 1053 pro
1064 1025 1117 1052 qua
1137 1017 1210 1045 bono
1225 1018 1283 1045 viro
1309 1023 1339 1045 et
1357 1017 1409 1044 civi
1428 1025 1481 1044 non
1501 1017 1592 1044 minus
1608 1016 1686 1042 labo-

899 1063 1015 1090 randum
1029 1068 1081 1097 est,
1095 1071 1177 1099 quam
1199 1071 1247 1098 pro
1262 1071 1404 1091 servorum
1423 1064 1517 1098 reique
1529 1063 1687 1090 domestica;

900 1109 1090 1137 incolumitate
1108 1110 1233 1137 tutanda.
1254 1109 1288 1138 At
1312 1117 1392 1137 nemo
1407 1114 1448 1137 est
1461 1109 1521 1144 qui.
1547 1109 1587 1136 vel
1606 1116 1688 1136 servo

898 1157 1037 1188 lacessito,
1067 1157 1108 1184 vel
1125 1157 1257 1192 .espilato
1287 1164 1380 1192 grege,
1401 1164 1455 1183 non
1470 1156 1590 1190 graviter
1605 1156 1686 1186 ferat,

898 1210 982 1230 armis
999 1202 1033 1229 ad
1047 1203 1175 1238 iniuriam
1192 1202 1375 1229 ulciscendam
1391 1209 1444 1228 non
1460 1201 1618 1232 contendat,
1632 1209 1687 1229 non

900 1254 1005 1284 repetat
1030 1257 1089 1276 sua.
1115 1249 1148 1276 Et
1179 1249 1337 1283 coniugum,
1356 1248 1518 1280 liberorum,
1534 1249 1629 1281 patria:
1645 1254 1688 1274 ra-

901 1296 1002 1323 tionem
1020 1295 1123 1323 nullam
1138 1295 1288 1322 duci-mus?
1304 1294 1374 1327 Quid
1405 1295 1529 1322 inermes
1545 1299 1688 1328 exspecta-

900 1349 962 1369 mus
977 1341 1128 1368 Turcorum
1153 1340 1291 1368 furorem?
1320 1341 1401 1368 Arma
1423 1340 1507 1367 armis
1523 1341 1687 1375 propulsan-

901 1393 956 1417 tur.
981 1388 1085 1415 Bellum
1110 1387 1260 1422 gerendum
1284 1392 1346 1420 est,
1375 1387 1446 1414 utin
1469 1395 1535 1421 pace
1551 1387 1686 1414 vivamus.

900 1434 929 1462 Si
955 1434 1056 1461 bellum
1082 1433 1256 1466 omittimus,
1287 1440 1381 1467 pacem
1412 1433 1544 1460 habemus
1573 1433 1685 1461 trullam.

900 1479 977 1513 Quod
1005 1480 1029 1506 si
1060 1479 1178 1509 Tuicus.
1205 1478 1285 1506 nobis
1314 1479 1532 1513 quiescentibus,
1562 1481 1688 1508 maximis

901 1526 1000 1559 opibus
1027 1529 1126 1551 auctus
1151 1529 1212 1555 est:
1245 1525 1268 1552 si
1292 1525 1452 1558 languentes
1467 1525 1523 1552 otio
1542 1525 1569 1551 iu
1586 1527 1689 1561 gravis-

902 1571 970 1598 sima
986 1571 1084 1598 damna
1104 1571 1221 1606 prolapsi
1235 1579 1341 1603 sumus,
1373 1572 1436 1606 quis
1451 1572 1560 1598 tandem
1575 1579 1687 1606 sperare

903 1618 1015 1645 audebit
1030 1626 1080 1646 nos
1100 1618 1127 1645 in
1148 1619 1205 1645 otio
1235 1623 1263 1645 et
1296 1617 1393 1645 umbra
1422 1626 1479 1645 rem
1497 1618 1615 1645 feliciter
1643 1627 1688 1653 ge-

902 1666 1016 1693 sturos?
1045 1665 1270 1699 Rcsipiscendum
1302 1670 1353 1696 est,
1378 1670 1404 1692 ct
1427 1673 1489 1692 cum
1516 1672 1550 1693 eo
1565 1671 1644 1700 pacto
1660 1667 1687 1692 in

905 1714 980 1738 tanta
1010 1709 1134 1745 pericula
1166 1710 1363 1741 deciderimus,
1377 1710 1523 1737 contrario
1540 1711 1639 1738 itinere
1653 1712 1688 1738 ad

902 1756 1020 1783 salutem
1048 1761 1076 1784 et
1104 1756 1283 1783 securitatem
1309 1755 1495 1784 redeundum.
1528 1756 1687 1786 Omitteuda

902 1803 1033 1838 sognities
1048 1812 1055 1830 :
1073 1803 1174 1830 bellum
1200 1802 1419 1837 suscipiendum.
1449 1803 1530 1835 Nam,
1546 1808 1575 1830 ut
1591 1804 1690 1832 beatus

903 1848 1006 1875 Paulus
1031 1848 1131 1882 inquit.
1151 1857 1160 1873 ι
1179 1848 1237 1875 Νοη
1265 1853 1416 1876 coronatur
1430 1849 1483 1876 nisi
1500 1850 1546 1884 qui
1567 1850 1688 1885 legitime

903 1892 1059 1926 certaverit,
1067 1904 1076 1919 ι
1087 1894 1288 1924 ctAristotelrs.
1303 1903 1312 1920 ι
1327 1894 1385 1922 Non
1397 1900 1565 1922 coronantur
1575 1896 1621 1930 qui
1632 1905 1690 1931 spe-

903 1944 991 1969 ctant.
1002 1938 1050 1966 sed
1062 1939 1108 1973 qui
1125 1939 1154 1966 in
1171 1943 1310 1966 certamen
1323 1939 1503 1970 descendunt,
1513 1939 1530 1966 ii
1543 1942 1615 1967 enim
1630 1941 1690 1968 lau-

902 1985 936 2012 de
948 1984 1051 2018 aliquid
1061 1984 1173 2018 dignum
1184 1984 1319 2012 efficiunt.
1339 1994 1348 2010 ι
1364 1984 1444 2012 Salus
1452 1986 1524 2012 domi
1542 1986 1621 2013 nobis
1634 1995 1688 2015 non

901 2030 1084 2064 exspectanda
1101 2034 1153 2063 est,
1167 2030 1214 2058 sed
1229 2030 1255 2057 in
1268 2031 1326 2058 sole
1337 2035 1366 2058 et
1380 2032 1493 2065 pulvere
1505 2031 1688 2061 defendenda.

902 2075 990 2103 Nemo
1013 2080 1056 2103 est
1083 2081 1207 2103 vestrum
1237 2076 1296 2111 qui,
1325 2084 1388 2103 cum
1406 2084 1420 2103 a
1439 2081 1537 2104 natura
1554 2079 1687 2106 tributum

903 2121 1003 2149 habeat
1035 2126 1066 2149 ut
1091 2129 1132 2154 sc,
1149 2129 1251 2157 corpus
1267 2122 1407 2157 vitataque
1424 2127 1535 2151 tueatur
1550 2145 1557 2157 ,
1576 2130 1689 2157 praesto-

903 2168 953 2195 lari
969 2169 1036 2195 velit
1047 2175 1078 2195 ea
1105 2176 1165 2202 quze
1193 2169 1318 2196 nocitura
1347 2170 1413 2197 sint.
1430 2169 1521 2198 llostis
1535 2172 1686 2199 exercitum

868 2223 888 2250 υ
902 2213 986 2241 habet
1000 2213 1120 2240 libertati
1141 2219 1243 2242 nostra!
1267 2215 1467 2243 imminentem.
1491 2216 1537 2244 Vis
1554 2217 1686 2252 impetum

903 2257 1019 2285 arcere?
1034 2257 1109 2285 Bello
1127 2258 1152 2284 id
1170 2259 1280 2293 assequi
1301 2259 1414 2293 poteris.
1445 2265 1475 2288 ut
1491 2262 1545 2288 vim
1564 2263 1585 2289 ri
1602 2264 1688 2297 repri-

903 2311 1020 2330 mamus.
1049 2303 1117 2330 Nam
1136 2308 1165 2330 ut
1195 2304 1346 2332 concedam
1376 2305 1499 2334 incertos
1524 2308 1616 2334 exitus
1628 2316 1689 2335 esso

903 2351 978 2383 belli,
998 2351 1168 2385 Martemque
1195 2359 1382 2383 cunununem.
1413 2358 1502 2380 tamen
1532 2362 1582 2388 pro
1610 2354 1690 2381 Iilwr<

904 2401 970 2429 tate,
985 2405 1034 2431 pro
1049 2397 1111 2424 vita;
1126 2397 1249 2431 periculo
1276 2398 1474 2426 decertandum
1487 2404 1549 2433 est;
1569 2408 1616 2434 pro
1634 2401 1689 2427 Deo

902 2444 963 2479 ipso
979 2443 1166 2478 pugnandum,
1185 2451 1234 2478 pro
1250 2445 1329 2478 cujus
1349 2445 1531 2479 amplitudine
1547 2446 1653 2472 retineu
1665 2447 1689 2472 ta

903 2490 1018 2522 vadere,
1035 2489 1062 2516 in
1083 2497 1170 2516 aevum
1199 2491 1399 2524 setiipiternum
1423 2490 1561 2525 vitamque
1578 2491 1692 2518 immor-

903 2536 984 2563 talem
1002 2535 1119 2570 migrare
1132 2540 1184 2563 est.
1204 2536 1263 2563 Non
1285 2537 1359 2563 enim
1387 2537 1487 2571 spiritu
1502 2537 1556 2563 vita
1571 2542 1657 2564 const.
1670 2542 1689 2570 ι,

902 2581 950 2608 sed
968 2581 1078 2615 pietate,
1092 2589 1153 2616 qum
1172 2582 1278 2616 patria),
1305 2583 1486 2617 templorum,
1500 2588 1589 2610 status
1601 2583 1689 2610 divini

903 2628 1114 2654 conservatione
1145 2627 1270 2657 inuinte
1292 2628 1464 2654 continetur.
1488 2628 1558 2660 Quid
1574 2636 1651 2659 vero,
1665 2629 1690 2656 si

902 2673 1071 2708 exploratam
1088 2673 1209 2700 victoriae
1232 2674 1365 2700 rationem
1379 2673 1600 2701 habemus?.lam
1615 2675 1690 2701 enim

905 2723 1017 2752 tempus
1031 2723 1059 2746 et
1071 2726 1154 2746 aures
1176 2724 1275 2746 vestrae
1296 2719 1438 2754 postulant
1461 2723 1491 2746 ut
1507 2719 1543 2747 de
1560 2719 1690 2748 facultate

902 2764 1015 2798 gerendi
1043 2763 1118 2797 belli,
1149 2765 1184 2791 de
1199 2765 1371 2799 amplissimo
1387 2765 1528 2799 triumpho
1546 2767 1593 2801 qui
1607 2767 1689 2793 uoltis

903 2810 1061 2844 propositus
1076 2816 1129 2842 est,
1147 2810 1252 2844 aliquid
1279 2811 1414 2839 dicamus.
1429 2811 1489 2844 Quo
1501 2813 1528 2839 in
1545 2813 1606 2839 loco
1619 2814 1688 2841 illud

903 2856 982 2891 plane
1016 2855 1148 2891 proﬁteor
1177 2864 1221 2884 mc
1253 2857 1286 2886 dc
1300 2857 1419 2886 hostium
1437 2857 1525 2892 copiis
1539 2863 1566 2885 cl
1584 2859 1688 2888 \iribus
