1916 3066
259 127 312 159 667

685 154 697 166 ,
725 125 981 156 DESSAlilONlS
1002 127 1032 156 S.
1056 125 1092 156 Ii.
1118 125 1150 155 E.
1174 124 1411 155 CAliDiNALlS

1853 123 1906 155 ('63

257 185 328 213 nihil
343 183 470 212 oratione
495 191 555 211 mea
571 183 773 216 detracturum,
789 185 835 212 sed
849 184 940 211 omnia
958 190 1043 218 expo-
1059 182 1085 214 Α
1102 182 1229 210 celeriter
1254 182 1375 218 fugiunt.
1404 183 1424 211 C
1435 188 1499 210 sstra
1513 182 1613 210 castris
1628 182 1756 210 conferre
1776 189 1837 208 non
1853 191 1906 208 ηιμ

256 231 374 258 siturum
403 238 499 265 magna
527 239 590 258 cum
624 231 687 258 lide.
717 231 811 265 Atque
828 231 890 258 inde
906 230 1046 257 exordiar.

256 277 402 305 Exercitus
431 277 476 304 ille
503 276 632 308 hostilis,
661 277 707 304 illa
741 277 883 305 hominum
901 275 1048 303 multitudo

255 322 376 354 inﬁnita,
398 330 454 349 non
469 323 538 350 tanti
553 322 662 350 roboris
687 327 730 350 est
745 323 841 358 quanti
858 322 899 349 vel
920 321 1046 349 nonnulli

256 371 366 403 putant,
381 368 422 396 vel
443 375 457 395 a
476 369 556 396 nobis
566 368 694 403 superari
722 368 854 396 facillime
879 375 935 395 non
949 367 1048 402 possit.

257 413 353 449 Magna
380 415 441 449 ejus
470 421 534 449 pars
566 414 652 442 milite
685 414 866 442 tumultuario
895 418 1004 441 constat
1021 418 1050 441 et

257 460 338 488 turba
376 460 536 488 collectitia.
574 461 654 488 Nulla
689 460 872 496 iurisiurandi
912 460 1047 495 religione

257 506 348 534 adacti
376 511 452 538 sunt,
480 506 557 534 nulla
584 506 715 534 mercede
730 505 876 533 conducti.
893 505 1049 533 Levissilua

257 558 385 586 corpora,
411 551 516 579 laboris
548 550 791 586 impatientissima
814 560 820 577 :
837 550 977 585 prmdam.
994 557 1049 577 non

257 598 409 625 exercitum
430 601 595 632 sequuntur.
609 605 663 631 qua
694 597 716 624 si
742 596 826 631 paulo
838 596 942 624 diutius
954 604 1052 624 carue-

257 643 325 675 rint,
351 643 464 671 domum
489 643 665 671 velocissime
699 642 827 670 redeunt.
855 642 962 670 Nullam
984 650 1052 678 pra:-

257 694 332 717 stant
356 689 385 716 in
418 688 493 716 bello
508 696 633 724 operam,
647 689 753 716 nullum
770 692 882 716 servant
897 688 1024 716 ordinem
1041 696 1048 715 :

257 734 393 766 latrones,
419 733 524 766 sicarii,
546 734 673 762 militaris
703 734 856 769 disciplinae
883 735 995 769 penitus
1006 741 1053 761 ex-

257 784 361 814 pertes,
375 784 402 807 et
417 780 464 814 qui
481 780 590 807 facilius
607 780 680 807 vinci
698 781 816 815 possint,
834 788 918 815 quam
937 781 1051 809 vincere

258 825 358 853 sciant.
376 825 445 853 illud
475 833 541 853 sane
563 832 678 860 prorsus
692 832 883 861 comparatum
904 826 1049 859 habemus,

257 871 432 906 septuaginta
461 871 597 899 duntaxat
622 879 686 899 esse
711 872 854 899 hominum
880 873 977 904 millia,
1005 873 1054 908 qui

258 917 396 952 stipendia
411 923 444 944 ex
460 917 572 952 publico
587 918 686 944 aerario
702 917 876 946 faciant.Sed
891 918 989 946 audite
997 925 1053 951 me,

258 970 364 998 quasso,
388 970 537 998 parumper
551 971 630 998 aequo
651 963 754 991 animo.
776 964 816 991 Ex
832 972 864 992 eo
880 965 1054 1000 septuaginta

259 1009 376 1036 millium
393 1009 535 1036 hominum
551 1016 677 1041 numero,
703 1014 803 1045 praeter
829 1011 987 1046 quindecim
1014 1012 1054 1038 vi-

258 1052 364 1088 gintive
395 1053 492 1086 millia,
517 1054 552 1081 ad
580 1062 732 1087 summum,
749 1056 798 1090 qui
815 1055 994 1091 imperatoris
1011 1059 1053 1086 sui

258 1099 332 1127 latus
359 1100 567 1131 custodientes,
597 1101 790 1136 quotidianam
818 1104 974 1131 mercedem
1006 1111 1054 1132 ca-

257 1147 356 1181 piunt,
385 1146 487 1182 reliqui
524 1155 622 1175 omnes
667 1149 807 1176 sociorum
843 1150 1052 1184 provincialium

257 1192 373 1220 tributis
399 1192 427 1220 iu
460 1193 534 1221 bello
554 1198 764 1227 sustentantur;
786 1203 848 1230 quae
863 1203 929 1223 sane
947 1196 1053 1224 tributa

257 1238 327 1265 adeo
350 1239 452 1273 exigua
481 1244 557 1271 sunt,
587 1240 656 1268 adeo
683 1241 896 1275 suppeditantur
920 1243 1050 1276 tenuiter,

258 1288 289 1311 ut
318 1287 376 1311 toto
405 1291 479 1311 anno
512 1285 557 1311 vix
587 1291 709 1320 quatuor
735 1287 879 1314 mensibus
894 1289 1050 1317 mercedem

259 1330 408 1365 accipiant.
440 1331 481 1358 Ex
510 1338 540 1359 re
566 1332 669 1359 factum
686 1333 787 1361 videtis
800 1339 831 1361 ut
847 1334 948 1362 nnilam
965 1343 1052 1371 expe-

257 1375 390 1404 ditionem
399 1377 596 1411 quadrimestri
610 1379 813 1408 diuturniorem
832 1383 979 1414 sustineat,
995 1383 1045 1410 sed

257 1429 306 1448 eos
322 1429 419 1449 omnes
432 1423 565 1454 dimittat,
583 1425 714 1459 quoniam
731 1427 881 1460 provinciae
901 1429 1048 1462 pecuniam

256 1467 375 1500 amplius
401 1475 457 1495 non
488 1469 709 1498 subministrant.
736 1471 795 1504 Qua
821 1480 914 1500 rerum
931 1476 1045 1508 penuria

1099 228 1187 258 dent:
1218 233 1256 261 et,
1285 234 1317 256 ut
1331 229 1396 257 illud
1412 235 1546 263 repetam,
1563 229 1677 256 victoria
1693 233 1738 256 est
1762 229 1793 255 in
1810 228 1905 255 maui-

1101 274 1163 306 bus,
1177 274 1260 302 modo
1278 274 1379 302 velitis.
1399 275 1479 302 Nulla
1492 274 1567 302 enim
1583 274 1648 301 belli
1662 273 1779 310 gerendi
1807 273 1901 301 facul-

1100 324 1142 347 tas
1172 319 1252 347 vobis
1278 320 1365 349 deest.
1380 321 1465 349 Adest
1480 321 1678 356 imperatorum
1695 320 1800 353 virtus,
1824 320 1904 347 mili-

1101 370 1158 393 tum
1190 374 1321 394 uumerus
1345 371 1373 393 et
1399 367 1534 401 potentia.
1562 366 1633 394 Sunt
1653 366 1778 401 pecuniae
1803 366 1906 398 vobis,

1101 417 1177 445 sunt,
1203 412 1286 440 italiae
1305 413 1454 448 principes,
1488 421 1557 448 quas
1574 421 1629 442 non
1652 413 1745 440 minus
1755 413 1815 440 hoc
1828 417 1906 440 tem-

1101 466 1168 495 pore
1196 459 1224 486 in
1256 459 1396 494 publicum
1420 460 1547 488 conferre
1559 460 1677 491 debetis,
1694 467 1779 494 quam
1800 459 1904 494 priva-

1102 509 1157 532 tam
1177 504 1295 540 quisque
1321 505 1449 536 salutem.
1466 505 1550 538 leges,
1580 505 1695 540 patriam
1709 505 1827 533 charam
1852 505 1904 531 ba-

1101 550 1159 578 bet.
1187 551 1273 578 Debet
1302 551 1502 586 unusquisque,
1535 551 1659 587 diligenti
1673 558 1765 578 rerum
1781 558 1903 578 suarum

1101 597 1209 624 ratione
1234 597 1338 630 habita,
1370 601 1476 625 tantum
1502 605 1617 632 erogare
1645 603 1781 631 quantum
1794 602 1902 632 potest.

1102 640 1193 669 Audio
1216 641 1382 677 Byzantinos
1410 650 1426 669 a
1454 643 1595 670 nonnullis
1622 642 1759 673 accusari,
1775 644 1853 676 quod
1873 642 1902 668 in

1102 688 1190 715 salute
1217 688 1356 716 communi
1380 689 1493 723 privatas
1521 688 1647 725 pecunia:
1667 692 1831 724 parcentes.
1847 695 1902 714 sua

1102 733 1196 760 omnia
1208 733 1280 760 hosti
1292 733 1478 768 prodiderunt
1493 744 1500 762 :
1518 734 1547 762 in
1573 742 1629 769 quo
1643 733 1770 769 profecto
1788 731 1902 767 gravis-

1103 779 1172 806 sima
1186 778 1265 813 culpa
1279 779 1354 815 digni
1365 784 1440 812 sunt,
1459 779 1615 814 meritoque
1636 777 1899 814 reprehenduntur.

1103 822 1133 850 ld
1160 831 1194 850 ne
1217 824 1269 859 ipsi
1293 832 1404 860 quoque
1420 825 1638 858 committamus,
1658 823 1818 852 cavendum
1836 827 1899 854 est;

1106 877 1144 896 ne
1169 870 1246 904 quod
1278 870 1305 897 in
1326 871 1387 899 aliis
1401 876 1482 906 turpe
1498 871 1652 906 iuutileque
1665 871 1749 898 fuisse
1764 869 1902 905 cognovi-

1105 922 1168 942 mus
1199 920 1227 943 et
1257 916 1402 950 sentimus,
1435 917 1688 953 imprudentissime
1731 922 1898 950 sequantur.

1104 960 1269 997 Comparate
1286 971 1302 990 ι
1318 964 1396 991 nobis
1410 963 1545 997 exercitu,
1563 963 1629 998 quid
1643 968 1695 998 est,
1713 962 1788 998 quod
1805 962 1899 989 victo-

1105 1005 1174 1035 riam
1189 1009 1307 1044 laetaque
1322 1011 1414 1037 omnia
1432 1018 1487 1037 non
1502 1009 1652 1045 portendat
1667 1017 1697 1037 ac
1707 1009 1871 1045 polliceatm
1886 1008 1898 1034 ?

1104 1053 1201 1081 Aderit
1226 1055 1299 1083 Deus
1325 1055 1390 1090 Opt.
1422 1056 1567 1089 Maximus,
1597 1064 1648 1092 pro
1671 1056 1752 1092 cujus
1778 1056 1896 1090 pietate,

1104 1100 1201 1135 gloria,
1222 1101 1274 1129 ﬁde
1287 1102 1479 1137 ampliﬁcanda
1496 1103 1678 1140 pugnauimus
1689 1123 1696 1136 ,
1712 1102 1792 1138 cujus
1820 1101 1894 1137 inju-

1104 1147 1161 1174 rias
1187 1147 1365 1177 ulciscentur.
1396 1149 1484 1178 iratus
1513 1150 1584 1178 hosti
1597 1154 1650 1184 est,
1666 1149 1749 1178 nobis
1764 1157 1896 1185 prosper,

1104 1193 1152 1228 qui
1170 1197 1293 1222 nostram
1309 1194 1400 1222 hacin
1414 1203 1445 1222 re
1463 1203 1574 1230 operam
1604 1201 1632 1224 et
1645 1196 1767 1223 laborem
1779 1203 1835 1222 non
1850 1201 1898 1222 so-

1102 1240 1160 1268 lum
1185 1240 1296 1276 accipit,
1325 1242 1373 1270 sed
1394 1243 1490 1278 exigit,
1507 1244 1555 1272 sed
1568 1244 1681 1279 repetit,
1699 1244 1747 1272 sed
1766 1243 1894 1271 debitum

1108 1285 1162 1314 sibi
1180 1287 1258 1314 reddi
1273 1287 1362 1324 jubet.
1388 1298 1398 1315 ι
1420 1289 1459 1317 Ne
1485 1290 1592 1323 timeas,
1618 1290 1718 1325 inquit,
1731 1297 1746 1317 a
1762 1289 1831 1317 facie
1848 1297 1895 1316 eo-

1102 1339 1174 1367 rum,
1190 1334 1253 1368 quia
1267 1342 1318 1369 ego
1335 1339 1426 1363 tecum
1451 1342 1512 1364 sum
1525 1341 1556 1364 ut
1574 1344 1669 1364 eruam
1684 1341 1721 1364 te.
1736 1336 1776 1364 Ne
1794 1336 1893 1364 timeas

1101 1384 1116 1404 ιι
1132 1376 1202 1406 facie
1213 1385 1309 1406 eorum
1324 1388 1332 1410 :
1355 1388 1407 1407 nec
1433 1382 1506 1408 enim
1525 1386 1550 1409 te
1564 1381 1661 1409 faciant
1677 1382 1773 1409 timere
1783 1382 1890 1409 vultum

1100 1429 1208 1452 eorum.
1224 1424 1369 1453 Bellabunt
1383 1426 1521 1454 adversus
1535 1432 1570 1459 te,
1587 1431 1678 1455 etnon
1691 1428 1890 1463 prtevalcbunt,

1100 1470 1164 1504 quia
1192 1477 1244 1506 ego
1267 1475 1357 1498 tecum
1388 1479 1460 1507 sum,
1490 1473 1528 1501 ait
1556 1473 1698 1507 Dominus,
1724 1479 1755 1501 ut
1773 1474 1887 1502 liberem

256 1517 367 1540 coactos
398 1513 523 1549 Byzantii
555 1521 628 1550 saepe
647 1515 778 1550 vidimus,
794 1525 858 1545 eum
874 1518 1046 1548 dimitteren-
1059 1527 1082 1556 ο
1100 1519 1137 1542 ιθ·
1152 1525 1162 1542 ³
1185 1515 1218 1543 Et
1248 1517 1282 1543 ad
1308 1516 1413 1545 δοειιθε
1432 1527 1442 1544 ί
1462 1518 1533 1546 Ecce
1563 1527 1614 1554 980
1640 1519 1702 1547 dedi
1729 1520 1756 1547 ίη
1791 1527 1888 1547 "lamis

255 1562 319 1589 tur,
349 1563 377 1586 et
412 1566 510 1594 equos,
539 1563 567 1587 et
583 1567 669 1592 arma,
683 1564 712 1588 et
725 1566 816 1589 vestes
829 1563 996 1595 vendidisse.
1015 1569 1046 1592 ut

254 1604 367 1631 domum
393 1605 539 1639 pervenire
567 1611 689 1640 possent.
723 1607 781 1635 Hoc
815 1609 901 1636 robur
934 1610 1044 1639 hostiiis

253 1650 405 1682 exercitus,
430 1651 489 1678 haec
521 1652 690 1687 magnitudo,
706 1653 752 1681 hic
770 1654 911 1683 mirandus
924 1656 970 1684 ille
997 1665 1045 1692 pe-

254 1697 360 1725 ditatus
371 1702 398 1724 et
414 1698 564 1732 equitatus.
580 1698 658 1732 Quod
674 1699 696 1726 si
712 1699 1043 1736 Ch'ristianusexereitus,

255 1742 329 1769 illius
357 1743 426 1770 ﬁnes
459 1744 627 1778 populando,
652 1750 716 1772 eum
738 1750 796 1774 toto
808 1754 880 1775 anno
895 1750 1044 1784 exercitum

254 1788 282 1815 in
308 1788 397 1816 armis.
409 1789 517 1817 habere
540 1791 681 1825 coegerit,
709 1797 757 1818 aut
785 1801 800 1820 a
821 1794 879 1821 suis
895 1795 1045 1822 destitutus

252 1841 317 1861 cum
344 1834 444 1868 exigua
469 1842 552 1862 manu
582 1836 615 1863 ad
644 1843 762 1871 pugnam
796 1838 975 1873 impellet-tr,
996 1840 1044 1867 ubi

253 1880 387 1908 facillime
415 1882 542 1915 superari
577 1887 685 1916 queatp
698 1887 746 1910 aut
772 1884 904 1921 illisipsis
919 1887 1045 1920 pecuniis

253 1935 315 1963 qua
341 1927 370 1954 in
395 1928 457 1963 ejus
488 1928 627 1962 privatum
646 1929 774 1957 aerarium
792 1932 984 1965 conferuntur,
1006 1939 1045 1960 to-

256 1979 314 2001 tum
342 1974 495 2002 exercitum
526 1975 583 2002 alat
611 1983 725 2004 necesse
750 1977 913 2012 erit:quod
932 1980 1041 2014 quidem

253 2025 385 2055 praestate
404 2021 456 2048 diu
469 2029 523 2048 non
538 2022 649 2056 poterit.
678 2022 772 2058 Neque
796 2024 881 2056 enim,
897 2031 928 2052 ut
940 2030 1045 2055 temere

257 2065 381 2093 nonnulli
395 2066 512 2100 jac-tant.
532 2066 664 2094 immensa
692 2073 735 2095 est
756 2068 795 2096 illi
810 2071 937 2103 pecunia.
953 2070 1045 2106 Siqui-

252 2111 315 2139 dem
348 2120 382 2139 ex
413 2112 447 2140 iis
471 2113 518 2147 qui
535 2113 561 2140 in
578 2113 651 2140 iliius
664 2114 780 2149 negotiis
798 2116 925 2149 gerendis
940 2119 1040 2147 versati

252 2162 328 2190 sunt,
356 2158 437 2192 plene
468 2158 609 2193 cognitum
639 2164 681 2186 est
699 2168 754 2187 nou
770 2162 890 2195 amplius
901 2171 982 2197 quam
1000 2165 1040 2192 vi-

1099 1566 1159 1589 tuas
1181 1561 1302 1595 Iericho,
1326 1568 1354 1592 et
1378 1572 1470 1600 regem
1496 1566 1566 1601 ejus,
1581 1574 1732 1602 omnesque
1748 1566 1834 1594 fortes
1851 1567 1889 1594 \i-

1096 1615 1153 1636 ros.
1175 1619 1239 1636 r—c
1261 1610 1289 1637 Si
1318 1611 1390 1638 Deus
1407 1619 1457 1647 pro
1474 1614 1564 1647 nobis,
1580 1617 1609 1640 ut
1625 1614 1714 1649 inquit
1730 1615 1887 1649 Apostolus,

1096 1654 1157 1688 quis
1169 1660 1264 1682 contra
1277 1656 1346 1684 nos?
1358 1667 1366 1683 ι
1385 1657 1444 1692 Ipse
1456 1658 1554 1686 eiliciet
1571 1663 1599 1686 ut
1615 1667 1686 1687 unus
1705 1666 1885 1696 persequatur

1097 1701 1182 1733 milia,
1196 1707 1223 1728 et
1240 1702 1295 1729 duo
1315 1702 1535 1739 fugare'possiut
1559 1705 1655 1733 decem
1672 1706 1769 1734 millia.
1787 1707 1821 1734 At
1834 1716 1882 1734 nos

1096 1746 1177 1782 longe
1191 1749 1407 1776 numerosiorem
1436 1752 1588 1779 exercitum
1610 1752 1637 1779 in
1665 1753 1767 1780 bellum
1783 1754 1883 1782 ducere

1096 1799 1253 1828 possumus,
1265 1803 1346 1829 quam
1364 1795 1450 1824 hostis
1465 1797 1576 1824 habeat.
1595 1797 1676 1831 Quid,
1693 1799 1716 1826 si
1730 1799 1775 1827 ille
1790 1800 1883 1835 plures

1096 1841 1177 1867 etiam
1191 1840 1316 1868 homines
1342 1841 1461 1869 habeat?
1474 1850 1508 1870 an
1534 1844 1656 1871 victoria:
1670 1852 1768 1872 cursus
1794 1853 1881 1874 retar-

1096 1886 1227 1913 dabitur‘.’
1241 1887 1319 1921 quasi
1336 1895 1402 1914 vero
1412 1895 1468 1915 non
1496 1889 1618 1924 plerique
1635 1891 1774 1919 exercitus
1791 1893 1882 1920 multi-

1096 1932 1191 1959 tudine
1225 1931 1336 1965 inﬁniti,
1360 1941 1442 1967 parva
1469 1934 1617 1961 admodum
1646 1943 1727 1962 manu
1756 1945 1880 1972 stt-penu-

1095 1985 1172 2005 mero
1188 1977 1239 2005 fusi
1257 1977 1397 2013 fugatique
1409 1979 1512 2007 fuerint
1536 1985 1565 2008 et
1581 1980 1676 2008 deleti.
1690 1981 1790 2010 Xerxis
1803 1991 1879 2011 exer-

1094 2024 1176 2054 eitus,
1204 2024 1346 2052 Mardonio
1363 2025 1444 2057 duce,
1469 2027 1535 2053 'cum
1553 2031 1595 2053 ter
1610 2031 1720 2054 centum
1738 2028 1876 2057 hominum

1095 2069 1216 2097 millibus
1230 2069 1264 2097 ab
1287 2071 1427 2106 octoginta
1443 2071 1601 2099 Gra2eorum
1618 2072 1739 2101 millibus
1756 2074 1877 2110 direptus

1093 2123 1125 2143 ac
1140 2117 1291 2144 trucidatus
1305 2122 1358 2144 est.
1383 2117 1506 2145 Ducenta
1537 2119 1711 2147 Cimbrorum
1725 2121 1808 2149 millia
1822 2123 1873 2150 Mn-

1095 2163 1152 2190 rius
1176 2163 1277 2190 delevit
1301 2165 1439 2198 octoginta
1457 2165 1579 2192 miliibus
1606 2166 1758 2195 hominum.
1773 2168 1875 2196 Rursus

253 2203 344 2230 cesics
370 2207 485 2230 centena
510 2210 660 2230 aureorum
684 2204 768 2231 millia
798 2213 832 2232 ex
858 2196 932 2234 omni
949 2208 1040 2236 reddi-
1057 2196 1153 2237 l)cum
1183 2209 1280 2237 Catulo
1308 2215 1418 2237 contum
1443 2215 1601 2246 e’tquatuor
1616 2212 1699 2239 millia
1716 2215 1833 2242 necavit.
1848 2215 1873 2242 lu

254 2252 331 2275 tuum
358 2255 465 2275 summa
489 2249 525 2275 ad
548 2257 611 2276 eum
640 2249 742 2277 deferri
762 2259 769 2277 :
790 2251 864 2279 unde
897 2257 926 2280 et
943 2254 1039 2290 viginti

254 2293 299 2321 illa
320 2294 404 2321 millia
430 2294 552 2329 peditatu
578 2295 731 2323 liberaliter
744 2302 893 2330 sustentat,
911 2307 959 2334 pro
975 2308 1039 2328 cor-

254 2340 329 2375 poris
351 2339 394 2367 sui
414 2340 549 2371 custodia.
568 2347 595 2368 ct
620 2342 777 2374 sumptibus
799 2343 970 2377 domesticis,
993 2347 1040 2382 qui

254 2385 365 2413 maximi
397 2391 472 2417 sunt,
501 2386 645 2414 satisfecit.
662 2386 689 2414 Si
711 2388 776 2422 quid
793 2394 925 2423 praeterea
942 2399 1040 2426 supcr-

254 2437 307 2464 est,
344 2432 373 2459 id-
393 2439 475 2459 omne
502 2432 536 2459 ad
559 2439 645 2466 arma,
660 2433 811 2468 machinas,
831 2439 967 2465 tormenta
984 2439 1042 2466 bel-

219 2494 224 2511 κ
253 2478 306 2505 lica
334 2479 450 2512 penitus.
476 2478 623 2509 convertit.
653 2484 682 2506 ιη
710 2487 799 2515 neque
826 2482 965 2511 conflandi
981 2485 1039 2512 the-

258 2524 345 2556 sauri,
367 2531 457 2558 neque
483 2524 654 2552 conducendi
679 2526 774 2554 militis
792 2528 817 2555 ei
837 2527 953 2557 facultas
971 2538 1039 2564 prte-

254 2570 362 2598 heator.
393 2570 470 2603 Quod
488 2577 579 2598 autem
603 2576 659 2599 tam
675 2572 835 2602 effeminata
850 2575 1038 2609 multitudine,

253 2620 310 2643 tam
337 2615 443 2651 exiguis
468 2616 583 2650 viribus,
617 2622 658 2645 tot
691 2618 806 2652 imperia
834 2620 1038 2656 subjugaverit,

253 2670 307 2689 non
334 2662 490 2689 mirandum
518 2664 605 2698 magis
625 2672 707 2699 quam
726 2664 878 2693 dolendum
897 2672 952 2695 est.
971 2668 1038 2696 Nul-

252 2708 310 2735 lum
338 2709 413 2735 enim
436 2708 533 2736 halnsit
560 2710 668 2738 hostem
691 2719 698 2738 :
721 2711 802 2739 facile
826 2713 973 2741 admodum
987 2714 1039 2743 fuit

252 2755 364 2781 vincere
388 2762 446 2781 non
470 2756 638 2784 resistentes.
670 2756 735 2784 Date
751 2757 859 2792 signum
874 2758 942 2786 belli
959 2769 966 2786 :
982 2761 1036 2795 jam

254 2798 332 2826 facile
360 2801 533 2834 perspicictis
561 2809 656 2829 eorum
675 2803 822 2837 ignaviam.
851 2805 885 2832 Ut
899 2806 972 2832 enim
990 2815 1036 2834 cc-

255 2843 351 2871 deutes
370 2845 547 2876 vehementer
572 2846 765 2882 insequuntur,
795 2849 831 2876 ita
859 2851 1036 2883 insequentes

1092 2255 1231 2284 Thessalia
1248 2256 1391 2290 Pompeius
1408 2263 1469 2283 cum
1486 2258 1666 2292 quadraginta
1691 2259 1814 2287 millibus
1829 2270 1872 2295 pe-

1091 2303 1192 2335 ditum,
1216 2302 1340 2338 equitant
1370 2304 1523 2339 scxag'nta,
1555 2312 1617 2331 cum
1644 2306 1727 2333 totius
1755 2307 1873 2336 Orientis

1091 2348 1211 2379 auxiliis,
1243 2355 1305 2375 cum
1331 2350 1404 2375 omni
1424 2349 1579 2382 nobilitate,
1602 2358 1617 2378 a
1641 2350 1749 2379 Caesare
1765 2353 1871 2388 fugatus

1090 2399 1142 2424 est,
1155 2398 1182 2420 et
1195 2399 1295 2420 exutus
1311 2394 1418 2425 castris,
1437 2393 1483 2429 qui
1511 2394 1622 2430 triginta
1644 2396 1764 2430 peditum
1782 2399 1872 2431 millia,

1091 2438 1167 2467 mille
1188 2438 1295 2472 equites
1329 2438 1459 2467 habebat.
1490 2438 1566 2472 Quid
1593 2440 1717 2470 inﬁnitas
1749 2442 1872 2479 Tigranis

1090 2484 1185 2518 copias
1209 2490 1420 2512 commemorem
1451 2493 1466 2512 a
1493 2484 1619 2520 Lucullo,
1642 2495 1726 2522 parvo
1741 2491 1870 2524 exercitu.

1091 2530 1258 2565 superatas?r
1280 2529 1341 2557 [hec
1372 2530 1455 2558 nimis
1481 2537 1584 2565 Vetera,
1603 2538 1631 2560 et
1644 2533 1742 2562 fabulo
1759 2535 1870 2565 fortasse

1092 2583 1174 2610 quam
1195 2575 1319 2604 historiae
1348 2578 1477 2612 propiora
1507 2578 1648 2607 videntur.
1679 2579 1764 2613 Quid‘
1780 2585 1869 2610 nostra

1093 2621 1246 2649 memoria?
1261 2622 1357 2650 Nonne
1386 2622 1483 2650 hostes
1509 2624 1595 2651 nostri
1610 2632 1758 2659 paucorum
1772 2626 1868 2656 virtute

1091 2668 1191 2703 sta-pius
1214 2668 1290 2701 victi,
1319 2669 1416 2702 fugati,
1441 2670 1505 2696 caesi
1534 2669 1781 2699 fuerunt?0mitto
1794 2673 1826 2700 de
1838 2673 1868 2700 iis

1090 2713 1233 2741 victoriam
1261 2715 1396 2750 insignem
1424 2714 1572 2750 Laodislai,
1598 2716 1745 2746 Pannonia:
1780 2720 1866 2756 regis,

1090 2761 1149 2795 qui.
1163 2766 1193 2788 ut
1206 2760 1271 2788 olim
1298 2768 1313 2787 a
1333 2761 1414 2788 nobis
1432 2761 1536 2789 dictum
1563 2767 1615 2795 est,
1629 2771 1691 2791 cum
1707 2767 1866 2799 quatuordc-

1089 2806 1142 2832 cim
1168 2805 1309 2832 hominum
1345 2807 1465 2834 millibus
1494 2808 1551 2843 (qui
1575 2810 1649 2836 enim
1671 2811 1733 2845 plus
1751 2812 1866 2842 tradunt.

1089 2852 1226 2881 decem-et
1241 2857 1303 2880 octo
1321 2853 1406 2880 millia
1426 2861 1482 2882 non
1499 2855 1648 2885 excedunt)
1665 2862 1762 2888 aperto
1778 2857 1863 2886 Marte.
