1916 3066
72 141 132 174 669

601 145 823 176 ORATIONES
843 145 995 176 CONTRA
1018 146 1179 178 TURCAS.

1658 151 1712 184 670

71 201 150 234 )usta
177 199 236 226 acie
264 199 350 234 signis
378 201 488 229 collatis
516 209 579 230 cum
608 203 687 230 hoste
716 202 868 234 dimicavit,
885 209 907 236 Α
923 203 1043 237 aliquem
1060 198 1093 230 εἰ
1123 203 1274 235 veteribus,
1293 209 1321 232 et
1339 205 1475 240 sapientia
1491 206 1713 242 ornatissimum,

73 245 234 272 exercitum
266 245 436 280 proﬂigavit,
468 255 499 275 ac
533 248 613 283 longe
642 249 753 282 lateque
787 248 868 278 fudit,

74 291 247 325 imperatore
275 291 440 319 vulnerato:
459 301 491 320 ac
519 294 570 320 nisi
599 294 744 321 victoriato
762 294 871 321 avidius

75 342 244 371 persecutus
271 341 357 368 esset.
392 339 529 373 mortiqtte
559 347 619 367 sese
632 340 789 375 obiecisset,
808 348 870 374 pros

74 384 152 411 footo
160 383 335 411 Christianus
347 385 423 412 orbis
440 386 580 419 Europam
596 394 706 414 omnem
723 387 868 415 retineret.

75 431 143 457 Hac
169 430 278 457 omitto.
308 430 347 457 Ad
365 432 519 459 recentiora
535 438 628 460 nostra
640 433 753 460 festinat
767 433 870 461 oratio.

74 475 149 508 Quid
170 475 258 502 dicant
271 475 306 502 de
326 476 427 511 insigni
460 477 601 513 triumpho
613 478 688 506 illius
703 479 871 506 ChriStiana:

75 521 268 548 multitudinis
290 529 362 556 quae,
391 523 466 550 nullo
491 523 573 557 duce,
598 525 690 551 crucis
714 530 820 552 tantum
834 525 871 551 si-

75 574 135 601 gno
150 571 264 597 armata.
277 567 429 594 Tureorum
450 570 602 596 exercituut
617 578 726 597 onmem
744 571 871 597 munitis-

74 611 150 638 simo
172 611 337 639 Antderalba
366 612 468 646 oppido
502 613 637 648 potitum,
669 614 739 641 intra
770 613 871 641 muenia

74 657 177 684 stricto
195 664 261 684 ense
291 657 505 691 discurrentem,
538 667 635 692 magna
665 659 740 687 cazde
766 659 869 687 rictum

75 702 173 737 eiecit,
187 702 248 737 ipso
262 703 315 730 isto
332 703 499 737 imperatore
519 704 640 739 graviter
663 705 819 737 vulnerato,
840 713 871 732 ac

77 749 286 784 impedimentis
304 751 434 778 omnibus
451 751 478 778 in
510 756 677 786 potestatem
694 752 831 779 redactis?
843 753 870 780 id

75 799 172 821 cutem
197 802 232 821 ne
259 795 346 822 semel
369 795 502 822 accidisse
529 795 758 827 videretur,cum
772 797 872 830 impius

76 840 284 875 sceleratusqu
311 840 401 868 hostis
428 841 597 868 Pannoniam
623 849 733 869 omnem
755 841 829 868 iiifcr
840 849 872 868 ο‹

77 892 138 911 rem
167 889 342 919 occupasset,
370 886 520 921 oiuniaque
539 886 624 913 armis
638 887 815 921 complesset,
830 893 866 919 et,
887 879 909 907 Β

78 930 219 965 przesidtis
234 931 362 966 inclytus,
380 932 505 966 regiiquc
530 933 613 959 animi
627 937 654 960 et
666 933 783 965 excelsi,
799 933 869 960 Pan-

78 973 171 1003 nonita
199 976 352 1010 superioris
382 984 440 1009 rex,
466 985 549 1011 parva
562 978 709 1005 admodum
722 985 804 1004 manu
818 986 867 1005 ex-

80 1026 203 1057 pugnato
217 1021 321 1049 Javicia
340 1023 443 1058 oppido
456 1028 484 1050 ct
505 1028 603 1051 natura
618 1029 644 1051 et
659 1029 718 1052 arte
736 1024 868 1051 munitis-

80 1068 163 1101 simo,
179 1069 312 1096 maximas
329 1068 486 1096 Turcorutu
500 1070 596 1105 copias
614 1070 695 1102 fudit,
707 1075 868 1105 partemque

79 1114 232 1149 provincia:
242 1121 294 1142 suo
308 1114 409 1150 adjecit
428 1115 558 1150 imperio.

114 1160 183 1188 Cum
202 1169 257 1195 quo
272 1160 351 1188 hoste
369 1162 450 1188 nobis
466 1170 511 1190 res
524 1162 571 1195 sit,
590 1162 673 1191 facile
687 1164 797 1197 videtis,
815 1165 869 1193 ltu-

78 1206 124 1234 lia
141 1206 290 1242 principes.
310 1207 379 1234 Cum
397 1207 472 1241 quo?
494 1209 614 1243 inquies.
634 1210 685 1241 Qui
714 1211 869 1238 multitudi-

79 1261 144 1281 nem
156 1253 323 1280 inconditam
341 1253 425 1281 habet
441 1259 524 1289 atque
542 1255 695 1288 imbellem,
713 1257 761 1291 qui
780 1258 869 1284 homi-

79 1307 146 1327 num
163 1308 278 1326 numero
296 1307 346 1326 nos
361 1300 473 1334 quidem
489 1307 543 1328 non
566 1306 689 1336 superat,
705 1303 806 1330 virtute
822 1310 869 1330 ve-

79 1354 112 1374 ro
124 1347 259 1378 vincitur;
281 1347 315 1373 de
331 1354 387 1381 quo
406 1348 482 1381 parvi
498 1353 655 1375 nostrorum
666 1349 804 1376 exercitus
819 1357 869 1376 sar-

79 1397 231 1426 pcutttuet‘u
249 1393 467 1426 triumpharunt.
486 1392 518 1420 Id
532 1398 623 1420 autem
641 1394 753 1420 minime
765 1395 868 1422 mirati-

79 1437 146 1464 dutl
162 1441 216 1464 est.
239 1437 330 1473 Longe
354 1438 429 1465 enim
457 1439 559 1466 fortius
575 1444 603 1466 et
626 1440 799 1467 constantius
815 1448 866 1474 pu-

82 1488 179 1518 gnant,
197 1484 244 1518 qui
260 1491 308 1519 pro
324 1489 411 1512 morte
424 1486 613 1520 servitutequc
624 1487 808 1521 propulsanda
825 1487 866 1514 di-

81 1531 196 1563 micant,
213 1539 295 1566 quam
325 1532 372 1566 qui
404 1527 528 1567 praetlam'
553 1534 696 1568 spoliaque
714 1538 865 1562 sectantur.

80 1576 149 1604 Nam
167 1577 205 1604 illi
227 1585 321 1612 parum
337 1578 477 1615 antistant,
497 1580 518 1606 si
535 1579 649 1606 victoria
675 1587 727 1606 non
758 1580 868 1614 potiun-

83 1628 147 1650 tur:
166 1624 209 1650 his
228 1632 292 1651 vero
306 1630 402 1652 cuncta
427 1630 555 1660 peteunt,
571 1626 595 1652 si
612 1626 725 1661 segnius
743 1634 798 1653 rent
820 1635 866 1660 3e-

82 1675 152 1697 rattt.
171 1679 181 1696 ι
195 1670 330 1705 Pugttcnt,
345 1671 433 1706 inquit
444 1672 678 1704 Lacedaemonius,
689 1673 867 1704 utmorituri,

80 1721 108 1744 et
127 1724 180 1744 non
196 1717 359 1744 morientur.
391 1726 401 1744 ι
421 1718 516 1753 Itaque
535 1726 598 1746 cum
618 1720 687 1746 adeo
716 1720 868 1747 necessaria

81 1763 162 1791 nobis
177 1763 327 1790 cottmrdia
344 1765 390 1797 sit,
408 1765 630 1799 prrstuntissimi
643 1765 794 1800 principes,
807 1774 868 1793 cum

80 1809 160 1841 alias,
180 1814 236 1836 tum
259 1810 312 1837 hoc
331 1816 455 1845 tempore
473 1811 500 1837 in
519 1812 627 1845 primis.
644 1816 671 1838 et
687 1811 720 1838 ad
750 1813 870 1845 privatas

81 1856 204 1883 fortunas
220 1857 356 1889 t'ttantlas,
376 1862 402 1884 et
414 1857 448 1884 ad
473 1864 649 1884 communem
665 1857 867 1884 defendendam

80 1904 208 1936 salutem,
224 1905 398 1931 concordiam
412 1903 611 1938 amplectamur
629 1903 704 1929 oumi
732 1903 826 1929 studio
841 1907 869 1930 ct

81 1957 227 1977 consensu.
247 1949 351 1976 Bt'llIlltt
365 1949 562 1984 justissituunt,
576 1949 692 1976 maxime
707 1949 868 1984 gloriosum,

80 2000 162 2030 atque
182 1995 248 2021 utile
265 1994 298 2021 uti
320 1995 395 2029 pacis
418 1999 580 2020 ornamenta
611 1995 769 2025 retinenda,
789 1998 817 2021 et
835 1993 868 2020 ad

81 2042 129 2070 Dei
146 2040 211 2076 Opt.
232 2040 300 2069 Max.
328 2040 445 2076 injurias
467 2040 650 2073 ulciscendas,
682 2041 869 2075 pietatemque

81 2087 319 2123 propugnantium,
353 2087 549 2121 suscipiamus.
578 2087 715 2114 Ornemus
758 2086 869 2114 Italiam

79 2135 195 2160 vit-toria
213 2133 382 2168 amplissima
394 2138 421 2160 et
435 2133 557 2160 hostium
572 2132 679 2168 spoliis,
693 2140 754 2168 qua:
769 2133 795 2159 in
810 2140 869 2159 ma-

79 2181 163 2208 nibus
175 2185 253 2212 sunt,
275 2184 304 2206 ut
318 2187 367 2207 nos
382 2183 532 2214 nostraque
557 2179 650 2206 omnia
671 2184 747 2206 metu
760 2179 788 2206 in
804 2186 867 2214 perv

79 2232 193 2264 petitum
211 2234 244 2254 ac
269 2226 393 2261 periculo
409 2226 567 2254 liberemus.

470 2305 503 2334 V.

81 2365 210 2400 Ejusdem
224 2363 259 2392 ad
269 2364 373 2392 eosdem
389 2364 526 2399 persuasio
536 2371 568 2391 ex
582 2365 745 2392 auctoritate
771 2365 869 2393 Dento-

417 2401 529 2427 ahenis.

115 2457 179 2486 Hinc
194 2463 211 2484 a
223 2455 301 2483 nobis
314 2463 362 2491 pro
381 2456 522 2484 communi
540 2456 666 2484 omnium
679 2457 767 2486 salute
776 2457 871 2494 dispu-

83 2507 148 2536 tata,
168 2504 273 2529 utinam
289 2509 323 2529 eo
337 2501 430 2529 studio
446 2509 461 2529 a
481 2502 560 2529 vobis
587 2503 785 2537 suscipiantur,
807 2504 870 2531 illu-

82 2549 210 2579 strissimi
228 2548 310 2576 Italia
327 2549 480 2584 principes,
503 2556 559 2584 quo
575 2556 590 2576 a
608 2549 686 2576 nobis
703 2549 776 2576 dicta
794 2554 867 2584 sunt,

83 2600 110 2623 et
125 2595 276 2622 inhaereant
292 2594 391 2621 animis
406 2594 513 2628 vestris,
528 2599 611 2630 atque
628 2595 825 2630 persuadeant,
840 2599 870 2623 ut

84 2641 164 2669 nullis
179 2640 298 2676 amplius
313 2640 556 2668 adhortationibus
584 2641 726 2676 nullisque
754 2641 869 2668 rationi-

84 2687 134 2716 bus
148 2695 219 2722 opus
234 2687 280 2720 sit,
293 2689 340 2714 sed
359 2694 387 2714 rc
406 2686 464 2721 ipsa
479 2690 508 2713 et
529 2693 613 2720 opera
627 2686 661 2714 ad
678 2687 869 2715 defensionem

85 2739 206 2762 nostram
221 2739 249 2762 et
273 2733 396 2761 hostium
434 2732 669 2768 propulsationem
697 2733 867 2761 excitemini.

85 2780 160 2814 Quod
181 2788 255 2808 nunc
269 2780 376 2807 facilius
392 2780 448 2807 ticri
465 2786 545 2814 posse
560 2779 689 2814 cogitavi,
706 2780 728 2806 si
745 2779 871 2807 consiliis

87 2828 149 2855 meis
169 2827 241 2854 vires
271 2826 379 2860 aliquas
396 2825 568 2856 adhiberent,
584 2829 612 2852 et
626 2826 792 2852 auctoritate
820 2826 870 2852 ali-

62 2897 67 2902 .
86 2875 160 2910 cujus
176 2873 228 2900 vlri
243 2871 403 2901 excellentis
420 2878 451 2900 ea
469 2871 550 2905 plane
564 2871 771 2905 conﬁrmarem,
786 2877 869 2908 atque

921 254 949 276 et
963 249 1161 284 amplissimum
1174 251 1379 278 auctoritalein
1395 253 1516 283 medium
1533 253 1712 286 adducerem,

921 294 968 329 qui
989 294 1068 329 pls-ne
1094 299 1240 322 testaretur
1256 303 1317 324 sese
1332 297 1397 324 olim
1413 298 1440 325 itt
1454 298 1498 325 tali
1522 306 1605 326 causa
1624 301 1713 334 qualis

921 347 1016 368 nostra
1042 346 1095 373 est,
1113 342 1210 369 eadem
1241 351 1303 370 cum
1331 345 1460 377 sensisse,
1490 349 1546 372 tum
1573 347 1713 374 monuisse

921 394 987 414 suos
999 387 1083 420 cives,
1102 395 1163 422 quae
1176 395 1190 415 ιι
1212 389 1303 419 nobis.
1322 394 1349 416 et
1367 390 1438 425 apud
1454 391 1614 419 Pontificem
1628 393 1714 420 Maxi—

922 441 996 460 mum
1015 433 1041 460 itt
1062 438 1159 461 senatu
1188 443 1380 468 szepenumero
1409 437 1548 472 disputata
1578 444 1652 471 sunt,
1684 443 1712 466 et

923 487 997 507 nunc
1014 479 1116 507 litteris
1147 481 1286 508 mandata.
1317 482 1399 510 Venit
1430 487 1521 510 autem
1542 484 1570 510 in
1589 489 1710 511 mentem

924 526 1149 560 Demosthenem,
1175 527 1373 562 philosophum
1393 528 1666 561 excellentissimum,
1683 535 1712 557 et

923 577 1060 599 oratori-tn
1076 572 1146 600 adeo
1159 574 1234 600 omni
1251 573 1333 601 laude
1352 575 1523 602 cumulatum
1545 583 1593 610 per
1607 581 1647 603 tot
1663 584 1713 603 sze-
1747 604 1753 611 _

922 619 994 650 cuia,
1015 622 1043 645 ιιι
1063 626 1142 652 quem
1171 627 1234 646 cum
1260 627 1294 646 co
1318 620 1443 647 conferas
1458 622 1596 649 exstiterit
1619 631 1711 655 ttemo,

924 663 951 691 in
981 665 1076 691 eadem
1104 664 1235 692 incidisse
1257 671 1393 700 tempora,
1420 668 1544 694 eamdem
1570 676 1712 702 perorasse

923 718 1044 741 causam.
1064 710 1182 745 denique
1205 711 1271 738 nihil
1289 711 1430 743 habuisse,
1450 713 1524 752 quod
1542 713 1581 740 rei
1611 719 1712 742 nostra:

923 764 977 783 non
995 757 1151 790 cottvcniat,
1172 763 1273 792 praeter
1290 759 1401 787 nomina
1418 757 1560 788 honiinutn
1582 761 1624 788 sui
1641 767 1712 788 tetu-

923 804 1011 837 poris.
1031 803 1125 838 Itaque
1142 812 1205 831 cuttt
1224 804 1307 840 hujus
1335 810 1362 832 et
1381 807 1572 833 auctoritatem
1601 807 1712 842 gravio-

923 856 993 881 rem,
1009 854 1038 876 ct
1052 851 1206 877 orationem
1222 851 1308 886 magis
1325 852 1476 886 appositam
1493 853 1525 879 ad
1543 852 1713 888 persuade".

924 894 990 921 dum
1007 895 1195 922 existimarem
1213 903 1294 930 quant
1328 897 1412 923 verba
1436 905 1507 928 mea,
1523 899 1653 926 constitui
1683 904 1712 926 ut

924 940 982 974 ipse
996 941 1069 967 dicat
1080 942 1258 969 sententiam.
1275 941 1411 978 Olynthus
1427 943 1550 971 'lltracize
1566 945 1631 971 urbs
1645 953 1712 979 opn-

923 985 1073 1013 lcutissima
1092 991 1162 1014 erat.
1176 987 1330 1022 Philippus,
1347 988 1495 1015 Alexandri
1513 988 1602 1024 Magni
1620 989 1710 1017 Mace-

923 1031 1026 1058 donum
1047 1032 1120 1067 regis
1135 1037 1225 1067 pater,
1254 1041 1316 1061 cum
1336 1034 1362 1061 in
1388 1034 1519 1062 Graeciam
1552 1036 1711 1063 universam

923 1077 1056 1112 impetum
1073 1077 1162 1106 facere
1177 1078 1356 1111 decrevisset,
1376 1081 1474 1108 statuit
1504 1080 1538 1108 ad
1571 1089 1631 1109 eatn
1653 1090 1711 1109 rem

922 1124 1040 1151 attinere
1061 1129 1090 1151 ut
1105 1124 1253 1160 Olynthum
1269 1126 1359 1160 primo
1371 1126 1399 1152 in
1415 1125 1548 1155 ditionem
1565 1127 1711 1162 redigeret.

923 1169 1012 1197 Movet
1029 1178 1103 1197 artua
1119 1170 1145 1196 itt
1160 1177 1240 1203 eam;
1271 1171 1458 1206 depopulatur
1472 1180 1578 1207 agrum.
1589 1172 1711 1208 Olynthii

923 1213 1027 1248 legatos
1047 1215 1160 1241 mittunt
1176 1221 1257 1249 opem
1284 1215 1464 1250 imploratum
1484 1216 1518 1243 ab
1533 1217 1712 1246 Atheniensi-

923 1260 986 1287 bus.
1004 1260 1204 1288 Demosthenes
1231 1261 1328 1289 suadet
1359 1262 1552 1296 opitulandum
1577 1271 1648 1296 esse,
1676 1272 1711 1292 ne

922 1306 1077 1342 Philippus,
1092 1308 1124 1334 att
1139 1306 1270 1334 Graeciam
1285 1308 1472 1343 occupandam
1496 1311 1580 1338 animi
1609 1310 1710 1338 inﬁniti

922 1357 950 1380 et
964 1353 1044 1386 vasti,
1057 1352 1176 1388 Olyntho
1202 1359 1293 1387 capta,
1323 1354 1504 1383 Athenienses
1530 1363 1562 1383 ac
1579 1357 1710 1391 teliquattt

922 1399 1053 1427 Graeciam
1070 1399 1217 1435 opprimat.
1230 1399 1268 1426 Ita
1280 1400 1354 1426 enim
1370 1405 1434 1427 tunc
1444 1400 1555 1429 Graecia:
1567 1402 1711 1437 Philippus

924 1446 1096 1477 imminebat,
1116 1451 1146 1472 ut
1162 1453 1234 1473 nunc
1244 1445 1351 1474 Turcus
1368 1447 1461 1474 Italiae.
1472 1447 1612 1476 Sustineat
1628 1449 1711 1484 igitur

923 1492 1064 1527 Philippus
1082 1492 1161 1519 Turei
1181 1500 1336 1527 personant,
1348 1493 1407 1520 itali
1425 1493 1644 1526 Atheniensium,
1660 1503 1711 1523 ttos

924 1538 1123 1566 Deumstltcuis.
1134 1539 1193 1566 Jant
1211 1538 1289 1566 facile
1302 1539 1438 1575 intelliges
1457 1544 1540 1567 totam
1555 1542 1708 1570 oratiottcttt

921 1593 1010 1613 causa:
1028 1590 1127 1612 llOSlrtli
1144 1586 1304 1612 convenire.

921 1662 1102 1690 Damnst/teni:
1118 1663 1204 1689 oratio
1223 1671 1270 1697 pro
1287 1663 1397 1697 ferenda
1411 1672 1458 1698 ope
1471 1663 1602 1699 Olynthiis
1615 1665 1711 1692 adt-er-

1049 1706 1092 1725 sua
1109 1698 1273 1734 Philippum,
1289 1707 1376 1734 regem
1397 1698 1586 1727 Macedonum.

956 1765 1060 1793 Grandi
1073 1767 1192 1800 pecunite
1208 1775 1252 1794 uos
1280 1767 1396 1801 profecto
1424 1768 1621 1802 antepasituros
1637 1768 1711 1795 arbi-

922 1815 986 1843 tror,
1001 1812 1184 1844 Athenienses,
1207 1813 1230 1839 si
1253 1813 1363 1848 planum
1383 1813 1443 1846 ﬁat,
1464 1815 1591 1846 quidnam
1616 1815 1713 1848 rripn-

921 1857 994 1884 blicw
1008 1858 1073 1884 utile
1095 1858 1214 1892 futurum
1231 1860 1284 1890 s't;
1300 1867 1352 1893 qua
1367 1859 1399 1884 de
1416 1867 1441 1884 re
1458 1867 1526 1885 nunc
1545 1869 1559 1886 α
1578 1861 1646 1886 vobis
1663 1863 1710 1886 de-

921 1903 1060 1929 liberatur.
1076 1904 1152 1935 Quod
1169 1912 1226 1930 cntn
1243 1905 1280 1931 ita
1298 1913 1325 1931 se
1341 1905 1448 1937 habeat,
1467 1911 1582 1932 vestrum
1602 1911 1638 1932 est
1665 1914 1707 1932 eos

921 1954 1019 1975 attenta
1034 1949 1128 1976 audire
1143 1950 1219 1981 vello,
1237 1950 1282 1984 qui
1300 1951 1464 1977 sententiam
1480 1951 1566 1978 dicere
1578 1955 1710 1981 statuunt.

920 1994 978 2021 Non
998 1994 1082 2021 solum
1097 1996 1165 2021 enim
1177 1996 1199 2022 si
1213 1997 1271 2030 quis
1287 1995 1350 2022 utile
1368 1996 1471 2030 aliquid
1482 1998 1657 2031 excogitatum
1684 1999 1710 2024 in

921 2039 1035 2066 nti-dium
1053 2038 1184 2070 attulerit,
1203 2039 1239 2072 id,
1261 2048 1320 2067 cum
1337 2041 1483 2071 audieritis.
1500 2043 1652 2075 accipietis;
1669 2050 1712 2069 ve-

921 2093 980 2112 rum
1005 2086 1083 2112 etiam
1101 2085 1169 2120 quod
1189 2091 1276 2112 vestra
1296 2085 1403 2120 fortuna
1434 2088 1553 2112 occidere
1578 2088 1710 2119 existima,

920 2130 1005 2158 multa
1031 2136 1179 2165 op,ortuna
1198 2131 1333 2158 nonnulli:
1347 2139 1383 2158 ea:
1408 2137 1525 2167 tempore
1542 2133 1568 2159 in
1597 2138 1710 2160 mentem

921 2177 1024 2204 veru‘mt
1044 2177 1166 2209 (licenda,
1185 2181 1212 2203 ut
1229 2184 1260 2204 es;
1285 2178 1406 2205 omnibus
1433 2179 1504 2213 optio
1535 2179 1608 2206 uoltis
1635 2179 1713 2205 detur

885 2240 908 2268 υ
922 2221 1035 2257 eligendi
1046 2222 1116 2257 quod
1130 2222 1200 2249 vobis
1214 2223 1248 2249 sit
1264 2224 1326 2250 usui
1342 2223 1470 2258 futurum.
1484 2223 1629 2251 'Ent'mt'ero
1642 2232 1712 2260 pnt-

920 2276 980 2295 scns
995 2269 1120 2308 temporis
1136 2270 1247 2302 occasio,
1260 2277 1320 2296 uoce
1339 2272 1530 2305 propemodum
1545 2272 1650 2305 emissa,
1667 2279 1710 2298 rc-

921 2315 968 2341 bus
987 2314 1041 2342 illis
1055 2315 1242 2350 opitulandum
1257 2324 1313 2343 esse
1338 2317 1434 2352 inquit,
1446 2318 1469 2345 si
1485 2319 1590 2353 quidem
1617 2327 1710 2346 eorum

919 2361 994 2388 salut
1009 2362 1081 2389 nobis
1095 2370 1167 2389 cura!
1177 2368 1225 2389 est.
1242 2362 1295 2390 Nos
1306 2371 1380 2396 vero,
1397 2365 1482 2391 nescio
1504 2373 1555 2399 quo
1572 2370 1659 2400 pacto,
1675 2366 1711 2392 ad

921 2409 976 2434 Itwc
997 2408 1117 2435 vit/emitr
1137 2409 1234 2444 affecti.
1250 2408 1314 2441 Qua:
1329 2415 1419 2437 autem
1430 2418 1476 2445 ego
1493 2411 1596 2446 agenda
1609 2419 1711 2444 cettseo,

920 2453 975 2479 lucc
989 2455 1051 2479 sunt
1064 2460 1074 2480 :
1085 2452 1187 2480 auxilia
1213 2454 1303 2480 statim
1322 2454 1486 2482 decernendo
1509 2463 1540 2482 ac
1555 2455 1710 2482 instruenda

921 2505 1001 2533 quam
1019 2497 1163 2531 celerrime,
1177 2502 1206 2526 ut
1221 2499 1281 2526 hinc
1301 2507 1375 2534 opem
1388 2499 1493 2534 feratis,
1508 2508 1540 2526 ne
1553 2500 1623 2527 idem
1639 2501 1710 2535 quod

921 2545 985 2572 olim
1000 2546 1161 2581 patiamini;
1174 2546 1275 2581 legatos
1292 2546 1444 2577 mittendas,
1460 2546 1506 2581 qui
1533 2548 1588 2573 ntro
1616 2555 1713 2574 renun-

921 2591 998 2621 tient.
1014 2596 1038 2618 et
1053 2591 1128 2618 rebus
1142 2592 1263 2627 gerendis
1275 2592 1412 2619 intersint.
1426 2591 1530 2619 Etenim
1543 2592 1611 2619 illud
1625 2593 1715 2620 πιαίξὲ⁴

921 2645 962 2664 me
979 2637 1122 2664 verendum
1140 2641 1178 2664 est
1203 2646 1244 2668 ne,
1263 2646 1322 2664 cum
1353 2637 1491 2673 Philippus
1519 2639 1594 2673 vafer
1621 2643 1647 2666 et
1675 2639 1712 2667 ad

922 2684 1027 2719 negotio
1047 2683 1167 2711 obeunda
1179 2684 1293 2711 callidus
1310 2684 1357 2716 sit,
1374 2685 1452 2712 modo
1472 2685 1585 2712 cedendo
1597 2693 1656 2712 cum
1670 2688 1712 2713 res

922 2730 1076 2766 postulabit,
1097 2730 1174 2757 modo
1206 2730 1410 2757 intermittenda
1442 2731 1558 2766 (dignus
1576 2739 1641 2758 sano
1657 2732 1713 2765 fido

921 2777 1015 2804 merito
1041 2777 1202 2812 haberetur),
1223 2777 1300 2804 modo
1317 2786 1361 2804 vos
1379 2782 1545 2813 vestramque
1563 2779 1713 2805 absentiam

922 2824 1065 2851 calumniis
1077 2824 1243 2855 insectando,
1263 2824 1366 2859 aliquid
1380 2824 1412 2850 ds
1427 2832 1531 2851 summa
1549 2833 1640 2851 rerum
1654 2833 1715 2859 μεθ’-

922 2875 1008 2898 uertat
1024 2874 1102 2906 atque
1118 2869 1261 2898 ronccllut.
1277 2871 1358 2906 Atqui
1375 2871 1481 2906 quodin
1500 2871 1577 2899 rebus
1594 2871 1714 2906 Philippi
