1916 3066
216 118 267 150 671

681 115 940 146 BESSARIONIS
961 117 990 148 S.
1013 117 1047 146 ll.
1076 116 1107 146 Ε.
1130 115 1366 146 CARDINALIS

1798 115 1856 146 6'72

210 177 391 213 permunitum
408 177 523 206 videtur.
539 178 582 203 vis:
598 178 626 202 ut
642 175 792 210 oppugnari
805 175 901 209 possit,
932 174 1002 201 idem
1018 178 1038 206 Α
1055 175 1090 201 ris
1104 174 1193 209 :quod
1209 178 1298 200 autem
1326 178 1350 200 et
1361 173 1526 208 jampridem
1544 174 1571 200 id
1596 181 1642 201 nos
1662 173 1735 208 passi
1763 174 1853 208 [ueri-

209 229 234 251 et
253 224 323 251 vobis
344 223 559 258 percommodum
582 227 630 249 est.
649 221 719 248 Nunt
747 221 817 256 quod
839 220 885 248 ille
911 229 1000 247 rerum

210 270 337 301 omnium.
362 269 436 296 nulla
454 274 572 303 excepta,
588 267 659 295 solus
675 268 797 294 dominus
818 267 865 299 sit,
880 267 1000 302 impera-

211 320 263 346 tor.
279 321 404 351 quiestor,
420 315 516 350 ubique
530 314 585 341 suis
602 314 684 348 copiis
701 314 801 348 praesit,
822 313 858 340 ad
884 320 924 340 res
943 312 995 348 qui-

210 363 269 389 dem
283 361 391 388 bellicas
406 366 511 388 malure
524 360 714 392 conﬁciendas,
732 364 757 386 et
772 360 862 387 ontnia
881 359 910 387 in
935 365 1002 387 tem-

209 416 273 442 pore
289 408 403 444 gerenda
419 407 494 443 longe
508 407 629 441 superior
642 410 691 434 est.
711 406 751 432 Ad
766 406 930 434 conditiones
941 414 1001 433 vero

210 461 271 480 cum
289 453 422 489 Olynthiis
437 453 576 485 ineundas,
593 452 636 479 cui
646 452 683 478 rei
698 451 809 485 miriﬁce
818 453 915 483 studet,
926 452 1003 488 longe

210 499 289 526 aliter
303 507 329 526 se
347 499 434 526 habet.
452 498 540 533 Neque
569 499 638 525 enim
654 496 788 532 Olynthiis
803 497 941 525 obscurum
964 502 1002 525 est

210 553 267 572 sese
281 545 328 572 hoc
343 550 458 581 tempore
475 553 527 571 non
558 544 590 571 de
613 544 699 579 gloria
716 548 762 570 aut
780 545 839 578 agri
855 547 931 579 parte
946 552 1004 570 cer—

212 594 281 622 tare,
298 590 344 617 sed
359 598 406 625 pro
428 589 541 619 excidio.
558 597 606 623 pro
624 590 751 616 servitute
776 597 793 616 a
810 590 905 624 prurire
920 590 1004 616 cervi-

211 635 283 662 cibus
301 634 479 670 depellenda;
496 641 577 668 neque
592 634 717 668 ignorant
737 634 800 668 quid
814 634 842 660 in
869 642 912 660 eos
943 636 1004 660 Am-

212 680 355 716 phipolitas
378 681 472 716 egerit,
487 680 531 714 qui
545 680 569 705 ei
592 680 708 714 patriam
735 679 922 714 prodiderunt,
940 679 1004 714 quid

212 727 239 753 in
255 725 396 760 Pydnteos,
413 725 458 760 qui
472 733 531 751 cum
550 729 623 751 terra
652 728 814 759 receperunt.
836 724 948 752 Demutn
966 732 1005 761 tg-

212 770 351 798 rannidem
366 778 421 796 rem
436 769 546 803 inﬁdam
559 774 582 795 et
593 773 742 804 suspectam
757 768 845 795 liberis
855 769 1004 795 civitatibus

213 824 267 844 esse
284 817 421 849 existimo;
441 815 588 851 prtesertim
600 815 623 841 si
649 822 726 850 agros
740 814 865 848 ﬁnitimos
879 815 1004 842 habetmt.

1054 228 1123 252 mus,
1137 225 1161 246 et
1178 228 1262 255 nuper
1276 220 1391 246 societas
1406 220 1478 246 nobis
1494 220 1637 251 exstiterit,
1653 227 1711 254 quae
1725 222 1850 254 superio-

1051 274 1082 292 ra
1094 267 1185 294 omnia
1203 267 1332 294 resarcire
1345 266 1445 298 valeat,
1461 267 1538 293 modo
1548 275 1579 293 ea
1595 267 1634 294 uti
1646 267 1770 300 velimus,
1786 268 1854 293 ὀρο-

1051 320 1110 339 rum
1131 312 1323 339 immortalium
1339 312 1524 339 benevolentia:
1540 321 1603 347 erga
1630 321 1677 340 nos
1707 318 1852 347 acceptum

1052 358 1218 394 referendum
1235 358 1314 393 plane
1327 359 1522 394 aﬂirmaverim.
1551 358 1647 386 Verum
1676 360 1724 386 hoc
1742 360 1856 395 perinde

1052 412 1108 432 esse
1121 404 1252 437 arbitror,
1270 409 1350 440 atque
1372 405 1400 431 in
1424 406 1596 439 pecuniarum
1614 406 1776 440 possessione
1788 414 1856 433 son-

1053 450 1154 486 tingere
1160 450 1239 478 solet.
1249 450 1279 478 Si
1289 451 1360 478 enim
1376 459 1547 486 quoscunque
1558 452 1617 486 quis
1626 453 1795 488 acquisierit,
1805 461 1854 479 eas

1053 500 1141 524 servat
1155 496 1310 529 incolumes,
1326 497 1445 532 ingentes
1457 498 1537 524 habet
1561 497 1680 532 fortuna'
1690 500 1804 534 gratias.
1818 491 1852 526 fu

1053 543 1130 570 rebus
1139 543 1220 570 idem.
1234 542 1286 575 Qui
1296 545 1433 572 occasione
1443 551 1493 570 non
1508 549 1576 570 recte
1590 545 1630 571 usi
1641 550 1716 576 sunt,
1731 553 1763 572 ne
1777 553 1853 572 com-

1053 589 1125 615 modi
1136 588 1252 623 quidem,
1266 588 1288 614 si
1301 588 1363 622 quid
1375 588 1487 616 deorum
1499 589 1623 624 bene/icio
1632 595 1695 617 sunt
1704 592 1851 622 consecuti,

1055 634 1244 660 recordamur.
1257 632 1300 659 Ea:
1309 633 1403 660 ultimo
1414 634 1483 660 cnint
1504 642 1591 661 rerum
1605 639 1697 661 eventu
1710 640 1773 661 ante
1788 641 1851 662 acta

1057 679 1148 706 omnia
1160 679 1314 714 plerumque
1322 680 1450 714 pensitari
1463 679 1558 706 solent.
1569 679 1742 712 Quamobrem
1752 682 1780 708 in
1789 681 1853 708 reli-

1055 726 1112 760 quis
1129 724 1205 752 valde
1219 725 1430 760 prospiciendum
1447 729 1495 758 est,
1508 731 1536 752 ut
1554 734 1645 753 eorum
1665 728 1852 754 emendatione

1054 772 1221 805 superiorum
1230 772 1360 806 fastorum
1373 771 1458 798 labem
1472 772 1620 800 deleamus.
1635 774 1752 800 Alsihos
1767 774 1852 801 etiam

1057 818 1175 844 homines
1202 818 1411 852 perdiderimus,
1445 819 1624 849 Atheuienses,
1653 823 1677 846 et
1705 819 1852 855 Olynthum

212 863 306 898 Itaque
321 867 345 889 et
366 864 420 889 hazc
438 870 489 888 non
504 862 668 897 ignorantes,
685 866 710 888 et
726 866 821 888 cuncta
844 861 899 887 alia
914 862 998 888 cousi-
1018 866 1038 894 Β
1051 869 1179 896 pronerea
1205 863 1344 899 Philippus
1379 865 1542 898 occupaverit
1556 884 1563 896 ,
1589 865 1746 892 demonstret
1787 867 1853 893 mihi

212 909 347 941 derantes,
364 908 506 943 diligenter
530 908 589 934 dico
609 915 656 934 nos
670 912 790 943 oportere
807 908 915 934 incitari
927 908 1002 939 velle,

212 953 331 989 belloque
351 953 478 988 gerendo,
499 954 523 980 si
548 961 675 988 unquam,
697 962 766 980 nunc
794 959 862 980 certe
890 955 1005 980 maxime

213 1000 372 1032 incumbere,
401 1001 525 1034 pecunias
538 999 610 1026 haud
638 1000 752 1034 segniter
775 999 943 1034 conferendo,
959 1007 1006 1034 per

213 1050 314 1072 nosmet
327 1046 458 1078 exeundo,
471 1045 536 1073 nihil
545 1054 655 1081 prorsus
664 1045 819 1072 omittendo.
832 1045 923 1080 Neque
936 1046 1006 1073 enins

212 1095 260 1117 aut
277 1092 359 1122 ratio,
375 1096 422 1118 aut
450 1091 584 1118 excusatio
606 1090 662 1117 ulla
680 1090 747 1116 vobis
766 1090 880 1125 amplius
910 1089 1002 1117 relicta

211 1143 262 1169 est,
281 1138 344 1171 quin
376 1145 434 1172 qua:
456 1137 565 1172 agenda
576 1142 637 1164 sunt
669 1137 814 1171 peragntis.
845 1136 915 1163 Nam
936 1138 1005 1171 quod

212 1182 299 1209 cuncti
330 1182 483 1216 fremebatis
517 1182 650 1218 quondam
689 1181 875 1217 Olynthiorum
903 1183 1005 1210 animos

213 1226 336 1262 Philippo
350 1228 456 1262 infestos
470 1227 614 1254 reddendos
632 1235 696 1260 esse,
713 1227 783 1255 ultro
802 1229 897 1260 euenit,
915 1232 941 1255 et
954 1236 1005 1256 sua

211 1281 239 1300 se
255 1277 347 1308 sponte
364 1273 479 1306 obtulit;
492 1279 571 1309 atque
590 1274 617 1300 id
633 1282 662 1300 eo
679 1274 793 1300 ntasime
805 1274 881 1300 ntodo
895 1283 946 1309 quo
963 1283 1005 1301 ro-

213 1318 251 1345 bis
275 1319 405 1345 conducit.
425 1319 453 1346 Si
483 1320 564 1351 enim,
602 1319 671 1345 vobis
698 1319 886 1351 suadentibus,
908 1319 1004 1346 bellant

211 1367 396 1399 suscepissent,
413 1366 475 1400 fidei
489 1374 554 1392 sane
569 1366 656 1392 dubia'
669 1366 782 1392 habendi
795 1371 880 1392 essent
892 1368 967 1396 socii.
980 1372 1004 1393 et

211 1410 247 1437 ad
268 1412 375 1446 aliquod
392 1420 473 1447 usque
492 1417 603 1447 tempus,
620 1420 672 1438 non
691 1420 805 1447 semper,
821 1412 846 1438 id
860 1412 1006 1439 decrevisse

212 1458 326 1492 fortasse
340 1457 501 1484 viderentur.
521 1457 588 1484 Cum
611 1465 672 1484 vero
687 1455 796 1491 injuriis
817 1457 849 1484 ab
863 1457 909 1484 illo
923 1457 1006 1485 laces-

213 1505 268 1535 siti,
285 1504 343 1530 odio
355 1505 485 1531 hominem
500 1507 706 1538 persequantur,
720 1507 873 1530 constantes
894 1511 937 1530 eos
950 1504 1003 1530 ini-

213 1551 329 1577 snicitias
353 1556 471 1586 gesturos
492 1558 551 1576 cum
575 1554 683 1585 propter
698 1554 807 1582 metum,
825 1555 880 1576 tum
895 1554 1003 1585 propter

211 1597 322 1632 olfensas
340 1596 559 1623 vcrisintillimunt
589 1600 637 1622 est.
667 1594 729 1622 Non
747 1600 783 1622 est
806 1596 889 1630 igitur
913 1595 1003 1622 oblata

211 1646 313 1672 occasio
327 1643 566 1678 pnetermittenda.
591 1643 778 1675 Athenienses,
797 1650 879 1677 neque
891 1642 1001 1677 patien-

211 1692 275 1717 dum
288 1689 358 1724 quod
368 1689 501 1724 superiori
518 1693 638 1723 tempore
651 1695 830 1723 strpenumero
843 1688 913 1722 passi
928 1688 1000 1714 estis.

211 1736 281 1763 Nam
297 1737 320 1762 si
331 1744 389 1762 cum
415 1734 479 1762 olins
495 1734 571 1761 rebus
592 1734 714 1762 Euboicis
748 1733 875 1760 onztliati
906 1735 1003 1761 rcvcrsi

211 1790 312 1815 sumus,
332 1787 358 1808 ct
375 1783 410 1808 ad
427 1782 482 1808 huc
496 1782 554 1816 ipsa
577 1780 701 1808 subsellia
722 1781 821 1807 Hieran:
843 1785 868 1808 et
901 1780 1004 1807 Strato-

212 1828 464 1864 rlesdutphipolita:
492 1828 618 1859 aderant,
643 1827 782 1853 hortantes
810 1831 837 1852 nt
867 1827 1001 1853 maritimo

212 1882 345 1911 apparatu
359 1875 482 1911 profecti,
500 1875 590 1902 urbem
608 1883 686 1901 suant
714 1874 903 1908 acciperemus,
933 1874 1002 1900 idem

212 1932 260 1958 pro
278 1924 349 1949 nobis
364 1923 428 1957 ipsis
439 1921 554 1948 studium
567 1921 787 1955 pra'stitisscmus.
801 1920 870 1954 quod
885 1927 932 1954 pro
949 1919 1004 1946 Eu-

212 1971 345 1997 bwcorum
369 1969 465 2001 salute,
498 1972 522 1995 et
540 1971 601 1994 tunc
627 1968 755 1995 nimirum
783 1966 947 2003 Amphipolis
975 1968 1002 1994 in

211 2017 335 2042 cntionem
366 2021 484 2042 nostram
499 2015 622 2045 venisset,
639 2018 664 2040 et
685 2021 754 2040 nunc
787 2013 907 2040 molestia
930 2013 1003 2040 omni

211 2061 349 2092 caret-etis,
368 2068 426 2095 quin
441 2059 503 2086 inde
527 2064 668 2087 consecuta
683 2063 731 2085 est.
759 2057 858 2085 Rursus
890 2059 913 2085 si
942 2067 1002 2085 cum

212 2106 346 2141 Pydnam,
377 2105 539 2138 Met/tonent,
561 2103 720 2136 Potidarant,
742 2102 872 2139 Pagasas,
889 2105 1002 2139 reliqua,

211 2160 243 2178 ne
258 2153 285 2178 in
299 2152 409 2187 singulis
425 2152 525 2178 diutius
541 2151 677 2183 immorer,
692 2149 804 2177 obsideri
821 2150 980 2186 alferebatur
991 2169 999 2182 ,

210 2199 292 2226 alicui
314 2206 345 2225 ea:
371 2198 403 2225 iis
416 2199 478 2230 cito,
493 2202 528 2230 et,
546 2202 573 2224 ut
600 2205 640 2224 res
657 2196 820 2232 postulabat.
835 2204 911 2231 opem
932 2196 1002 2231 ferre

210 2246 327 2280 aggressi
341 2252 455 2272 essemus
470 2263 478 2275 ,
492 2243 613 2278 faciliore
629 2244 746 2279 profecto
766 2242 890 2278 Philippo
909 2248 934 2270 et
952 2243 1001 2270 hu-

212 2291 316 2318 miliore
331 2296 478 2318 uterentur.
493 2292 524 2317 At
538 2298 610 2322 vero,
641 2292 704 2316 dum
733 2293 873 2324 prwsentes
906 2297 996 2316 rerum

212 2336 364 2362 occasiones
381 2335 529 2370 abjicimus,
538 2334 600 2361 dum
610 2335 702 2367 futura
714 2341 838 2369 prospere
848 2341 897 2360 sua
908 2343 930 2365 s,
941 2338 1001 2366 ante

212 2389 338 2410 eventura
354 2387 489 2417 putamus,
502 2382 624 2408 auximus
636 2380 788 2415 Philippum
801 2389 846 2407 nos
860 2381 910 2415 ipsi
923 2380 1002 2406 Athe-

215 2430 328 2462 nienses,
347 2434 503 2464 tantumque
518 2428 605 2463 ipsum
618 2428 790 2458 reddidimus,
813 2431 928 2461 quantus
953 2434 1001 2452 un-

213 2484 296 2511 quam
316 2483 362 2502 rea:
386 2475 559 2503 Macedonum
587 2473 686 2501 esstitit
714 2481 801 2500 nemo.
819 2473 895 2500 A'unc
911 2477 1001 2499 autem

210 2529 266 2549 sese
282 2521 385 2548 exhibet
410 2520 526 2548 occasio.
542 2517 699 2551 Qua-nant?
726 2519 838 2552 inquies.
869 2518 889 2544 Α
924 2518 1000 2544 rebus

211 2567 372 2603 Olynthiacis
386 2575 436 2592 sua
456 2571 550 2600 sponte
564 2569 657 2592 vestrae
674 2564 786 2596 civitati,
807 2571 866 2598 qua:
880 2563 956 2590 nulla
972 2564 1000 2590 in

211 2622 240 2642 re
252 2614 346 2648 primis
377 2612 430 2639 illis
448 2612 558 2646 interior
573 2615 622 2638 est.
656 2611 796 2645 Equidem,
823 2611 845 2638 si
872 2611 930 2645 quis
947 2619 999 2641 res,

211 2669 269 2698 quis
293 2660 365 2687 nobis
385 2659 510 2686 dit-initus
525 2659 594 2684 ίιυιω
620 2663 691 2690 sunt;
717 2659 844 2692 aequitate
868 2657 998 2689 adhibita,

210 2712 357 2742 supputare
376 2705 498 2737 voluerit,
518 2713 671 2740 quanquam
702 2704 831 2740 pleraque
857 2713 908 2731 non
932 2705 999 2732 satis

211 2753 345 2781 commode
371 2753 495 2779 accidisse
527 2752 659 2783 videntur,
685 2756 772 2777 tamen
805 2759 863 2777 eum
889 2759 999 2785 magnas

210 2800 262 2827 diis
273 2800 373 2834 gratius
401 2799 494 2826 nterito
507 2799 657 2825 habiturum
685 2801 815 2825 existimo.
837 2799 912 2831 Quod
930 2800 998 2825 enim

213 2846 295 2872 multa
308 2845 388 2879 bello,
399 2846 463 2879 jure
483 2847 582 2880 optimo
605 2846 713 2874 Διδὶέιιιιι
741 2853 838 2873 nostra:
864 2846 998 2881 asttipse—

1054 913 1197 946 quispiam,
1227 913 1289 947 quid
1310 913 1343 940 sit
1362 913 1478 946 amplius
1500 913 1688 947 impedimento
1714 914 1850 949 futurum.

1056 958 1196 993 quominus
1214 967 1268 992 quo
1285 958 1366 986 libido
1385 959 1468 986 animi
1486 958 1590 992 tulerit,
1607 959 1759 987 contendat.
1774 960 1853 987 Anne

1055 1008 1172 1031 vestrum
1183 1003 1278 1039 aliquis
1296 1004 1495 1037 animadvertit,
1515 1010 1540 1032 et
1560 1006 1691 1032 rationem
1703 1006 1782 1038 videt,
1796 1014 1851 1040 qua

1055 1049 1198 1084 Philippus
1213 1058 1270 1077 cum
1286 1051 1363 1078 initio
1383 1051 1505 1084 pertenui
1514 1051 1543 1078 in
1557 1055 1629 1078 statu
1641 1071 1649 1083 ,
1673 1056 1781 1086 repente
1795 1061 1853 1079 ma-

1055 1104 1121 1130 gnus
1145 1097 1248 1123 evasit?
1264 1097 1441 1131 Amphipolim
1457 1098 1543 1131 primo
1570 1098 1648 1132 cepit.
1665 1096 1764 1125 deinde
1778 1098 1851 1134 Pyd-

1056 1149 1130 1172 nam,
1146 1142 1242 1169 iterum
1256 1142 1413 1175 Polidwam,
1440 1151 1547 1170 rursum
1567 1143 1725 1174 Methonem.
1738 1145 1848 1171 domum

1054 1186 1082 1213 in
1109 1186 1271 1215 Thessaliam
1290 1188 1408 1220 invasit;
1438 1189 1559 1224 deinceps
1583 1188 1702 1222 Pharas,
1717 1189 1848 1225 Pagasan,

1055 1234 1232 1269 Magnesiam.
1249 1233 1358 1262 Cunctis
1372 1243 1450 1266 vero,
1480 1241 1508 1262 ut
1525 1235 1610 1268 libuit,
1630 1237 1780 1264 constitutis
1793 1257 1803 1270 ,
1822 1238 1847 1264 in

1057 1279 1198 1308 Thraciam
1213 1288 1241 1307 se
1265 1281 1388 1309 contulit.
1409 1281 1462 1313 Ibi,
1479 1281 1542 1309 aliis
1557 1282 1646 1317 ejectis
1658 1282 1771 1317 regibus,
1788 1283 1849 1310 aliis

1056 1325 1194 1356 restitutis,
1223 1327 1335 1355 adversa
1358 1327 1510 1355 valetudine
1530 1327 1673 1355 laboravit.
1698 1328 1757 1361 Qua
1785 1338 1846 1355 eum

1055 1373 1194 1406 paululum
1212 1373 1312 1401 levatus
1328 1378 1405 1405 esset,
1424 1382 1476 1401 non
1489 1375 1516 1401 in
1534 1376 1669 1409 segnitiem
1691 1383 1749 1402 sese
1772 1376 1847 1403 dedi-

1054 1419 1104 1451 dit,
1116 1420 1161 1446 sed
1175 1419 1312 1455 Olynthios
1330 1421 1421 1447 statim
1439 1421 1548 1448 adortus
1557 1425 1606 1449 est.
1627 1421 1686 1448 Non
1702 1422 1760 1448 dico
1777 1430 1848 1449 nunc

1055 1467 1087 1493 de
1113 1465 1184 1492 illius
1206 1466 1414 1501 expeditionibus
1433 1467 1558 1494 adversm
1570 1466 1689 1502 Illyrios,
1718 1467 1845 1500 Pa'onos,

1015 1534 1038 1565 Ο
1057 1513 1200 1548 Argmbatn
1215 1533 1222 1543 .
1248 1517 1272 1539 et
1299 1513 1326 1540 in
1342 1521 1528 1549 quamcunque
1545 1514 1657 1542 volueris
1671 1516 1845 1550 provinciam.

1056 1561 1100 1588 At.
1118 1559 1251 1593 quispiam
1266 1558 1376 1594 inquiet,
1400 1559 1463 1594 quid
1478 1560 1551 1587 nobis
1559 1561 1615 1587 ista
1633 1563 1848 1589 commemoras?

1057 1604 1089 1631 Et
1105 1609 1129 1631 et
1141 1607 1317 1640 cognoscatis,
1340 1605 1521 1638 Athenienses,
1549 1612 1676 1640 quantum
1693 1608 1844 1635 detrimenti

1055 1650 1148 1684 aﬂ'erut
1162 1659 1216 1677 rem
1236 1659 1339 1686 semper
1359 1651 1479 1686 aliquam
1496 1652 1651 1687 singulatim
1672 1653 1761 1680 sinere
1777 1662 1846 1688 prte-

1055 1697 1160 1723 teilabi.
1175 1697 1208 1723 Et
1227 1698 1305 1731 p'aue
1317 1698 1461 1725 advertatis
1479 1697 1594 1733 l’hil’ppi
1609 1699 1635 1725 in
1650 1699 1726 1726 rebus
1735 1701 1845 1734 agendis

1053 1742 1168 1769 studium
1196 1744 1371 1775 acerrimum,
1391 1748 1416 1770 et
1429 1752 1520 1771 curam
1544 1744 1682 1771 assiduam
1705 1753 1765 1772 cum
1790 1754 1843 1781 qua

1054 1789 1154 1823 pariter
1173 1788 1254 1815 vitam
1267 1789 1350 1822 ducit,
1373 1789 1403 1816 ob
1423 1798 1502 1824 quam
1520 1790 1595 1817 rebus
1617 1799 1633 1816 a
1650 1798 1677 1817 se
1695 1791 1776 1825 gestis
1792 1793 1843 1818 sui.

1054 1833 1124 1860 nime
1147 1839 1283 1861 contentus
1297 1854 1303 1866 ,
1322 1835 1443 1870 deinceps
1470 1835 1529 1868 ﬁeri
1556 1844 1607 1862 non
1630 1837 1736 1871 poterit,
1760 1842 1790 1863 ut
1815 1839 1841 1865 in

1051 1881 1138 1914 quiete
1155 1886 1319 1915 permaneat.
1335 1881 1410 1914 Quod
1423 1883 1446 1908 si
1460 1881 1505 1908 ille
1525 1883 1612 1917 majus
1625 1882 1727 1917 aliquid
1739 1891 1844 1917 semper

1054 1928 1213 1955 moliendum
1225 1928 1375 1959 decreverit,
1387 1936 1428 1955 vos
1444 1932 1535 1955 contra
1553 1927 1656 1954 nullam
1670 1936 1726 1955 rem
1738 1928 1843 1962 fortiter

1053 1973 1199 2000 obeundum
1209 1974 1403 2008 jndicaveritis,
1421 1982 1498 2007 quem
1513 1974 1619 2001 tandem
1634 1982 1723 2000 rerum
1744 1975 1842 2002 esitato

1051 2028 1161 2055 sperare
1172 2020 1293 2048 debemus
1304 2020 1317 2047 2
1334 2020 1404 2048 Proh
1428 2019 1512 2047 Deum
1531 2019 1610 2054 ftdcm
1625 2021 1635 2047 .’
1655 2021 1713 2055 quis
1725 2027 1842 2049 vestrum

1053 2067 1121 2093 adeo
1136 2066 1206 2093 tardi
1222 2066 1321 2100 ingenii
1343 2070 1380 2093 est
1397 2072 1420 2092 et
1438 2065 1593 2098 inconsulti,
1609 2066 1664 2101 qui,
1679 2066 1703 2093 si
1722 2066 1844 2101 neglexe-

1054 2113 1147 2144 rimus,
1163 2112 1260 2139 bellum
1279 2112 1330 2138 huc
1347 2119 1499 2139 conversum
1525 2112 1559 2138 iri
1578 2112 1702 2138 nesciat?
1722 2112 1799 2144 Quod
1821 2115 1843 2139 si

1053 2158 1176 2189 evenerit,
1194 2158 1312 2192 equidem
1327 2159 1490 2185 vehementer
1507 2157 1586 2184 timeo
1603 2165 1647 2188 ne,
1675 2157 1756 2184 veluti
1770 2158 1844 2192 fene-

1019 2211 1040 2238 ι)
1055 2203 1118 2233 rati,
1132 2202 1176 2236 qui
1193 2201 1272 2236 facile
1292 2210 1323 2228 ea:
1335 2203 1438 2236 magnis
1456 2202 1590 2237 [erroribus
1603 2202 1673 2229 brevi
1686 2208 1805 2238 tempore
1816 2204 1842 2230 in

1055 2256 1144 2274 rerum
1158 2248 1235 2282 copia
1247 2248 1355 2278 versati,
1368 2252 1503 2281 pouremo
1526 2248 1594 2274 bona
1609 2250 1699 2276 omnia
1724 2249 1843 2284 funditus

1053 2295 1219 2326 amiserunt;
1237 2294 1274 2320 ita
1292 2303 1338 2321 nos
1362 2295 1473 2330 ignavia:
1488 2294 1586 2327 dediti,
1609 2299 1634 2322 et
1656 2295 1692 2322 ad
1709 2295 1843 2322 libidinem

1051 2345 1147 2367 cuneta
1157 2345 1327 2374 .Iiuterentes,
1342 2341 1447 2367 tandem
1463 2340 1503 2366 vel
1515 2341 1595 2367 inviti
1610 2340 1693 2368 multa
1712 2345 1737 2368 et
1747 2342 1842 2375 gravia

1051 2386 1137 2413 subire
1151 2395 1288 2421 cogamur,
1305 2392 1329 2413 et
1341 2386 1372 2413 de
1390 2387 1432 2417 iis,
1455 2394 1512 2421 qua:
1530 2391 1620 2413 nostro
1638 2386 1664 2412 in
1683 2394 1749 2420 agro
1766 2392 1840 2418 sunt,

1052 2432 1208 2466 periclitari.
1228 2433 1308 2467 Atqui
1332 2433 1531 2467 reprehendere.
1550 2432 1650 2466 inquies
1677 2431 1802 2466 fortasse,
1818 2439 1841 2459 et

1052 2478 1140 2513 facile.
1155 2482 1178 2504 et
1192 2477 1306 2513 cujusvis
1329 2481 1377 2508 est,
1394 2478 1440 2504 sed
1459 2478 1491 2504 de
1508 2478 1632 2512 prwsenti
1648 2478 1754 2511 negotio
1767 2478 1842 2512 quid-

1052 2533 1114 2552 nam
1134 2525 1264 2560 agendum
1286 2525 1322 2551 sit
1341 2525 1460 2556 edocere,
1476 2524 1622 2551 senatoris.
1640 2523 1696 2558 ligo
1711 2531 1782 2556 vero,
1794 2524 1842 2550 etsi

1051 2574 1210 2604 compertum
1219 2569 1298 2596 habeo
1312 2577 1366 2601 v1.8,
1383 2576 1440 2595 cum
1455 2574 1550 2603 prwter
1560 2569 1720 2596 SCitlt’ILidm
1733 2574 1757 2596 et
1770 2577 1842 2604 spent

1052 2615 1154 2650 aliquid
1175 2615 1300 2646 everterit,
1330 2622 1381 2641 non
1399 2614 1462 2640 mali
1485 2615 1647 2646 auctoribus,
1671 2614 1718 2641 sed
1746 2615 1778 2641 iis
1798 2615 1843 2650 qui

1050 2673 1096 2691 sen
1109 2664 1208 2690 entiam
1231 2664 1324 2689 ultimo
1338 2662 1394 2689 loco
1413 2662 1549 2693 dixerint,
1570 2663 1650 2689 irasci
1674 2662 1771 2695 solere,
1790 2671 1842 2689 non

1052 2715 1141 2736 tamen
1169 2714 1275 2743 propter
1301 2711 1412 2744 privata:
1436 2709 1589 2735 seruritatis
1620 2709 1751 2735 rationem
1778 2709 1844 2735 mihi

1050 2753 1155 2781 silentio
1178 2753 1360 2787 pi'trtereunda
1385 2753 1511 2782 arbitror,
1525 2761 1584 2787 qutr
1604 2753 1673 2779 vobis
1700 2754 1843 2787 profutura

1051 2800 1183 2826 existimo.
1205 2799 1267 2825 Dico
1292 2799 1373 2833 igitur
1399 2807 1442 2825 vos
1466 2799 1591 2833 bifariam
1611 2800 1686 2825 rebus
1714 2801 1844 2834 opi-ulari

1052 2851 1181 2880 oportere,
1197 2846 1297 2880 partim
1324 2845 1419 2880 oppida
1437 2853 1584 2880 agrumque
1601 2845 1649 2881 01g
1671 2846 1785 2872 tltioruns
1800 2851 1843 2873 lu~
