1916 3066
62 172 120 202 6‘)

589 171 806 202 ORATlONlZS
827 170 977 200 CONTRA
1001 169 1159 200 TUllCAS.

1643 168 1696 199 (374

63 229 160 259 tundo,
173 228 274 254 emissis
292 226 420 254 militibus
435 227 479 262 qui
491 226 516 253 id
532 232 667 262 praestent,
683 228 782 262 partim
794 227 859 261 fines
875 230 897 257 Α
914 233 978 252 sane
989 226 1096 252 minimc
1111 225 1263 252 mirandan
1280 224 1398 252 ridetur:
1413 232 1475 251 nam
1496 223 1606 258 feliciter
1620 231 1698 259 agerc

31 276 34 279 '
64 272 185 307 Philippi
198 280 255 298 cum
273 273 394 298 terrestri
409 272 603 302 exercitu.tunt
621 272 706 299 classe
721 273 857 299 maritima

64 318 265 344 incursionibus
289 316 486 352 depopulanda.
505 316 577 344 Nam
599 319 622 344 si
638 317 750 344 alterum
769 322 859 344 utrum

65 363 249 398 neglexeritis,
264 371 354 389 vereor
371 371 402 389 ne
417 367 470 390 tota
501 363 631 398 expeditio
650 363 749 398 frustra
779 368 860 390 teme-

65 417 151 444 reqns
166 418 182 436 (ι
198 410 269 436 nobis
283 413 402 444 suscepta
416 410 459 435 sit.
473 408 532 435 Sive
546 409 615 435 enim
630 409 752 436 rosillius
767 418 860 443 agmm

67 456 188 482 rastetis.
204 455 282 488 idque
298 456 397 481 interea
411 457 540 481 sustineat
554 475 560 486 ,
577 460 601 481 et
615 455 756 490 Olynthum
772 456 794 482 vi
814 464 860 482 cu-

67 500 138 536 piat,
160 501 244 527 victor
270 501 296 526 in
322 501 439 535 patrium
466 509 602 531 reversus,
639 501 717 534 facile
748 501 861 535 injurias

68 547 213 573 ulciscetur
227 554 235 573 :
250 547 303 573 sive
314 547 429 573 subsidia
444 546 577 574 duntaxat
604 547 717 580 Olyntho
736 547 860 578 mittatis,

67 592 117 620 ille
129 593 196 627 ﬁnes
207 601 267 619 suos
284 593 399 628 perinde
421 601 511 619 carere
528 593 739 620 aninmdvcrlens
752 614 758 626 ,
775 594 862 620 acrius

70 647 129 666 rem
158 639 270 674 urgebit,
298 639 473 674 temporisque
491 638 668 665 diuturnitate
693 640 807 666 obsessos
836 640 862 666 in

71 685 348 720 potestutemrediget.
367 684 460 720 Itaque
475 689 499 711 ct
517 684 595 718 firma
609 689 632 711 et
648 685 775 719 bipartito
788 686 864 712 auxi-

72 732 111 758 lia
126 731 254 758 mittenda
265 735 336 758 sunt.
356 731 418 758 Ha'c
434 731 461 758 in
479 739 527 766 ope
549 731 657 766 ferenda
671 731 731 765 ﬁeri
746 735 864 765 oportere

71 782 174 804 statuo.

110 823 149 850 De
169 822 296 858 facultate
319 831 380 850 vero
403 823 519 857 pecunia
538 823 698 850 invenienda:
716 827 776 849 sunt
792 822 865 849 nobis

73 871 192 905 pecunia:
210 869 350 901 militares,
365 875 426 896 sitat
440 870 513 896 nobis
537 870 666 904 ρίου-πίω,
684 869 863 900 Atheuienses,

73 921 98 943 et
116 917 221 950 quidem
237 920 284 947 tot,
309 921 373 950 quot
395 915 549 943 mortalium
570 916 678 941 nemini.
702 914 751 941 Fas
774 918 863 941 autem

73 969 131 992 vos,
147 966 175 988 ut
192 961 264 992 libet,
289 961 437 993 accipiatis.
459 960 512 986 Eas
529 965 598 986 certe
621 960 644 986 si
662 959 786 985 militibus
807 958 865 984 red-

74 1007 152 1037 detis,
166 1005 248 1032 nulla
260 1005 330 1032 vobis
342 1006 434 1032 desunt
449 1009 598 1039 prteterea:
617 1005 659 1031 sin
677 1004 773 1035 minus,
793 1011 865 1039 prat-

75 1057 148 1079 terea
175 1052 287 1084 desunt;
302 1052 354 1078 imo
375 1059 436 1078 vero
462 1059 550 1078 omnes
570 1051 674 1086 penitus
701 1050 865 1077 invenienda:

75 1103 149 1125 sunt.
175 1098 256 1131 Quid,
287 1098 401 1132 inquies,
428 1097 543 1132 refersne
565 1102 592 1123 tu
616 1096 651 1124 ad
677 1101 797 1123 senatum
822 1104 866 1122 eas

77 1145 203 1175 pecunias
219 1144 346 1171 militares
363 1152 417 1170 esse
431 1143 542 1170 debere?
554 1143 670 1174 Minime,
694 1143 842 1169 mehercule
856 1142 866 1168 !

80 1189 138 1225 Ego
156 1197 217 1217 vero
233 1189 327 1216 milites
340 1189 508 1216 instruant/os
520 1196 575 1215 esse
587 1196 689 1219 censeo.
702 1192 726 1214 et
742 1187 867 1222 pecunias

79 1244 140 1271 qua
158 1237 192 1263 iis
217 1235 449 1263 subministrandw
474 1239 546 1267 sunt,
573 1235 700 1261 militares
723 1241 795 1265 esse;
813 1241 869 1260 mu-

81 1288 209 1318 tulmque
222 1289 275 1309 esse
286 1286 406 1315 oportere
415 1285 542 1316 prestare
558 1288 675 1314 cperant,
692 1285 717 1306 et
733 1280 870 1314 pecuniam

83 1330 211 1363 accipere.
230 1328 277 1355 Vos
286 1332 386 1359 autem,
399 1329 484 1354 nescio
497 1335 547 1362 quo
565 1331 652 1361 pacto,
668 1334 712 1353 eas
728 1333 775 1360 per
789 1326 869 1352 otium

84 1375 119 1401 ad
150 1374 204 1401 dies
220 1374 297 1408 festos
313 1373 442 1408 accipitis.
463 1372 552 1404 Quare
568 1372 640 1398 video
655 1371 786 1406 reliquum
815 1378 871 1397 esse

85 1419 114 1447 u't
132 1420 219 1446 cuncti
236 1419 358 1454 pecunias
375 1419 403 1446 in
425 1418 557 1453 publicum
572 1417 727 1451 conferatis,
738 1417 762 1444 si
781 1415 871 1443 multis

87 1473 152 1500 opus
167 1471 216 1498 est,
239 1465 346 1499 multas,
359 1466 401 1493 sin
417 1465 519 1500 paucis,
538 1472 648 1498 paucas.
664 1463 806 1490 Enimvero
829 1471 873 1499 pe-

87 1514 170 1539 cuniis
189 1521 254 1547 opus
273 1516 335 1539 est:
358 1519 440 1546 opus,
460 1511 580 1546 inquam,
602 1516 639 1537 est
668 1510 793 1544 pecuniis,
817 1510 874 1537 sine

88 1559 181 1594 quibus
201 1546 266 1586 nihil
277 1564 454 1593 opportunum
475 1546 538 1592 e/fic'i
552 1560 646 1590 potest.
661 1556 872 1584 Conmemorant

90 1606 136 1633 alii
153 1607 233 1633 etiam
254 1605 321 1632 alias
339 1605 526 1639 comparanda:
543 1603 661 1638 pecuniae
680 1603 820 1634 rationes;
843 1610 875 1628 eo:

90 1653 183 1688 quibus
208 1660 265 1679 eam
291 1652 392 1687 diligite
421 1659 501 1686 quam
526 1651 595 1678 vobis
609 1650 753 1677 conducere
779 1651 875 1677 existi-

91 1700 175 1730 metis.
190 1703 270 1733 atque
283 1699 346 1726 dum
369 1698 535 1725 commodum
549 1702 588 1724 est
609 1705 664 1724 rem
690 1697 874 1732 aggredimini,

92 1746 144 1772 Sed
162 1750 201 1772 est
217 1753 319 1780 wquum
333 1744 500 1771 considerare
512 1744 666 1778 rationeque
680 1742 813 1778 colligere,
826 1751 876 1776 quo

91 1794 117 1819 in
133 1797 205 1820 statu
220 1800 260 1818 res
278 1791 391 1826 Philippi
407 1791 576 1826 hoctempore
589 1794 735 1817 versentur.
752 1789 820 1816 Nam
834 1797 878 1816 ne-

76 1837 78 1840 ’
91 1847 139 1874 quc
154 1844 182 1865 ut
200 1837 238 1865 vel
253 1838 383 1870 videntur,
402 1836 442 1864 uel
455 1837 587 1872 quispiam
603 1836 757 1870 testimaret,
774 1835 819 1870 qui
833 1843 877 1862 eos

92 1893 186 1919 parum
212 1883 349 1918 diligenter
372 1884 536 1918 inspexisset,
560 1882 626 1909 satis
640 1881 706 1908 belle
727 1890 754 1908 se
771 1881 878 1913 habent,

94 1937 177 1963 neque
197 1937 226 1956 eo
242 1933 317 1964 pacto
329 1937 380 1964 quo
398 1937 424 1955 se
438 1928 563 1955 haberent
589 1927 613 1954 si
637 1927 735 1962 optimo
756 1927 785 1953 in
806 1931 879 1954 statu

93 1980 185 2003 essent.
207 1975 349 2008 Nunquam
367 1983 433 2002 sane
454 1983 530 2001 arma
545 1975 664 2001 movisset
681 1973 829 2008 Philippus,
856 1973 880 2000 si

95 2031 203 2049 manum
218 2022 267 2048 sibi
284 2021 470 2048 conserendam
483 2024 614 2054 putasset.
628 2019 681 2047 Sed
695 2024 722 2046 ut
741 2019 827 2053 initio,
842 2020 880 2046 ita

58 2086 63 2090 -
95 2069 219 2101 deinceps
236 2067 312 2101 facile
333 2075 433 2098 omnes,
455 2074 642 2102 prosperasque
663 2074 751 2092 rerum
775 2071 881 2092 eventus

95 2116 219 2150 speravit.
247 2115 280 2140 At
300 2122 330 2140 ea
350 2114 471 2149 deceptus
497 2118 534 2140 est
563 2114 695 2148 opinione.
723 2112 799 2145 Quod
824 2121 883 2138 cum

97 2167 192 2196 prn'ter
205 2160 423 2193 exspectationem
435 2160 549 2194 priurum
563 2159 700 2192 acciderit,
715 2159 789 2185 valde
798 2159 883 2191 ipsum

98 2206 246 2242 perturbat.
264 2215 315 2233 non
338 2205 544 2241 mediocremque
559 2206 618 2239 eius
641 2206 729 2232 animo
756 2204 885 2232 sollicitu-

910 275 1006 306 pra‘ter
1017 271 1148 301 meritum,
1162 270 1311 297 insaniendi
1327 277 1435 297 causam
1449 269 1611 297 dementibus
1627 278 1698 304 pra:-

909 317 960 343 bet.
978 316 1154 348 Quamobrem
1180 320 1272 351 partas
1288 324 1349 351 opes
1369 316 1448 348 tueri,
1471 324 1549 350 quam
1565 316 1639 343 initio
1654 324 1699 342 eas

909 369 1027 395 qua'rere
1042 360 1196 395 plerumque
1207 361 1338 395 difficilius
1345 361 1496 394 judicatur.
1509 360 1604 388 Vestrae
1619 360 1700 396 igitur

911 411 999 440 partes
1015 413 1085 438 sunt,
1107 406 1276 433 Athenienses
1287 427 1294 437 ,
1314 407 1361 433 has
1381 410 1529 439 temporum
1544 406 1617 433 illius
1634 406 1701 441 diffi-

910 451 1031 483 cultates,
1046 456 1159 478 vestram
1178 452 1272 478 ducere
1285 454 1445 478 occasionem
1459 473 1465 483 ,
1482 452 1624 487 statimque
1645 460 1700 478 rem

911 499 1052 532 suscipere,
1067 505 1091 524 et
1112 498 1212 533 legatos
1231 498 1357 524 titillando
1379 507 1431 532 quo
1453 499 1574 525 mittendi
1587 504 1658 529 sunt,
1677 503 1702 524 et

912 546 938 572 in
957 545 1080 572 militiam
1101 547 1230 576 exeando,
1249 551 1272 571 et
1284 544 1352 571 alios
1365 553 1453 571 omnes
1464 545 1604 572 hortando.
1620 544 1703 574 Illud.

913 600 1011 626 qua-so,
1038 591 1134 618 animis
1159 591 1251 618 vestris
1279 599 1425 625 parumper
1439 591 1574 624 concipite.
1594 590 1623 618 Si
1641 590 1705 618 Phi-

914 638 1003 672 lippus
1019 638 1100 664 talem
1115 637 1239 664 udversus
1262 645 1308 663 nos
1324 637 1484 663 occasionem
1503 637 1628 671 arripiat,
1640 637 1706 672 jus.-

915 689 994 719 taque
1009 683 1073 717 ﬁnes
1089 688 1185 710 vestros
1202 683 1298 709 bellum
1324 689 1443 718 geratur,
1459 692 1509 717 qua
1525 684 1632 710 tandem
1645 692 1705 710 cuin

916 729 1057 756 alacritate
1072 737 1132 755 eum
1154 729 1204 755 huc
1229 728 1354 764 impetum
1368 729 1620 764 facturum-putatis
1635 730 1647 756 ἰ)
1670 732 1703 755 At

916 782 962 800 nos
977 782 1028 800 non
1041 773 1119 809 pudet
1131 782 1142 806 ;
1156 778 1180 800 et
1193 781 1252 808 qua!
1265 774 1422 806 pateremini
1443 774 1465 799 si
1487 773 1530 800 ille
1545 778 1630 807 posset
1658 782 1705 800 ea—

915 819 984 851 dem,
1002 827 1060 845 rum
1083 818 1198 853 facultas
1213 819 1257 850 sit,
1270 818 1366 853 inferre
1381 827 1433 844 non
1451 818 1580 845 audebitis
1593 819 1602 845 .’
1615 818 1704 850 Neque

917 873 960 891 ros
974 865 1066 896 lateat,
1084 864 1266 897 Athenienses,
1284 864 1354 891 vobis
1370 863 1446 890 hodie
1458 864 1626 890 statuendum
1641 873 1707 896 esse,

918 918 1005 938 utrum
1031 911 1086 938 illic
1109 919 1164 943 vos,
1181 920 1215 937 au
1233 910 1277 937 ille
1298 911 1337 936 hic
1353 910 1449 936 bellum
1465 915 1587 945 gesturus
1612 911 1655 937 sit.
1675 910 1706 937 Si

919 959 988 985 enim
1009 966 1048 984 res
1062 957 1249 991 Olynthiorum
1270 959 1389 984 resistent
1402 977 1409 988 ,
1429 965 1472 983 vos
1489 957 1545 983 illic
1565 957 1708 991 belligera-

919 1005 987 1037 bitis,
1015 1009 1038 1031 et
1056 1004 1127 1030 illius
1154 1011 1247 1039 agrum
1270 1005 1365 1030 damno
1382 1003 1516 1037 alﬁcietis,
1543 1004 1625 1030 simul
1640 1004 1708 1039 ‘agri

919 1051 998 1077 vestri
1024 1051 1124 1085 fructus
1152 1058 1242 1077 secure
1269 1050 1427 1085 percipietis.
1455 1051 1488 1076 At
1519 1051 1542 1077 si
1570 1050 1710 1085 Philippus

921 1098 1051 1132 regionem
1068 1097 1142 1124 illaut
1159 1097 1337 1131 occupaverit,
1349 1097 1406 1131 quis
1427 1105 1487 1123 eunt
1509 1097 1626 1129 tandem,
1647 1106 1712 1132 qur—

922 1145 1006 1171 minus
1020 1145 1069 1170 huc
1083 1144 1225 1179 perveniat,
1241 1143 1360 1171 arcebit?
1372 1143 1511 1170 Thebani?
1527 1144 1561 1170 At
1573 1145 1643 1179 quod
1661 1152 1711 1170 no-

923 1191 967 1216 lim
984 1191 1060 1216 nimis
1075 1189 1165 1216 acerbe
1176 1190 1276 1216 dictant
1289 1189 1381 1222 videri,
1395 1197 1448 1215 una
1465 1189 1545 1216 etiam
1563 1190 1612 1224 ipsi
1627 1198 1711 1224 para-

923 1237 1020 1263 tissime
1038 1237 1192 1268 irrunpcnt.
1213 1235 1379 1264 Phocenses?
1402 1235 1500 1262 scilicet
1524 1235 1569 1270 qui
1594 1244 1622 1262 se
1642 1235 1714 1275 clomi

924 1283 990 1310 tueri
1005 1287 1145 1317 nequeunt,
1169 1282 1219 1309 nisi
1235 1290 1289 1314 vos,
1310 1281 1411 1308 aliusve
1429 1281 1583 1316 opituletur.
1609 1282 1653 1315 At,
1672 1283 1715 1309 in-

924 1330 1008 1364 quies.
1024 1329 1092 1356 nolet
1113 1329 1232 1358 fortasse.
1251 1328 1476 1356 Absurdissimum
1499 1335 1563 1355 sane
1580 1328 1676 1362 fuerit,
1691 1329 1716 1356 si

926 1383 994 1410 qtae,
1003 1375 1122 1410 quamvis
1142 1373 1265 1402 amentia:
1283 1378 1423 1410 arguatur,
1441 1379 1530 1401 tamen
1538 1374 1647 1409 jactare
1662 1382 1715 1401 non

926 1423 1038 1453 desistit,
1061 1430 1092 1449 ea
1114 1422 1172 1456 ipsa
1197 1429 1257 1448 cum
1274 1421 1378 1448 demum
1392 1421 1485 1454 possit,
1502 1420 1605 1455 efﬁcere
1634 1420 1714 1448 nolit.

928 1469 1011 1496 Porro
1025 1472 1154 1502 quantum
1174 1468 1276 1494 intersit
1292 1466 1423 1494 bellumne
1455 1467 1496 1494 hic
1510 1475 1545 1493 an
1564 1466 1619 1493 illic
1634 1475 1717 1502 gera-

928 1521 981 1546 tur,
1001 1515 1119 1548 equidem
1144 1522 1191 1540 nec
1215 1514 1298 1540 verbis
1321 1521 1385 1548 opus
1399 1521 1453 1540 esse
1469 1513 1595 1540 arbitror.
1613 1512 1684 1539 Nam
1694 1513 1717 1539 si

929 1563 1039 1597 triginta
1055 1562 1185 1588 duntaxat
1200 1560 1290 1587 diebus
1299 1568 1342 1587 vos
1359 1561 1489 1587 incastris
1501 1560 1601 1587 morari
1612 1567 1716 1586 necesse

929 1609 1020 1643 fuerit,
1033 1611 1058 1634 et
1076 1614 1238 1642 quotcunque
1260 1607 1294 1633 ad
1311 1614 1389 1632 usum
1412 1607 1542 1633 exercitus
1565 1607 1716 1633 necessaria

929 1661 991 1681 sunt
1006 1661 1037 1680 ex
1048 1661 1113 1688 agro
1126 1657 1211 1680 vestro
1226 1653 1370 1688 percipere,
1383 1652 1468 1685 nullo,
1481 1652 1600 1687 inquam,
1609 1659 1718 1686 prorsus

929 1704 1002 1727 hoste
1017 1700 1043 1726 in
1067 1708 1132 1735 agro
1148 1703 1269 1726 versante
1281 1720 1288 1731 ,
1309 1697 1369 1732 plus
1385 1706 1450 1725 sane
1471 1698 1622 1725 detrimenti
1641 1706 1720 1734 agro-

931 1755 990 1773 rum
1005 1747 1123 1773 dominos
1144 1745 1204 1772 inde
1220 1749 1346 1779 capturos
1372 1745 1504 1776 existimo,
1521 1753 1602 1780 quam
1630 1747 1721 1773 omnia

931 1793 980 1820 illa
1005 1797 1099 1825 essent,
1114 1800 1172 1828 qum
1194 1793 1221 1819 in
1239 1792 1382 1824 superioris
1398 1791 1459 1818 belli
1472 1796 1632 1826 apparatum
1656 1801 1722 1820 con.-

932 1843 1037 1874 sumpta
1065 1839 1184 1872 fuissent.
1216 1837 1291 1870 Quod
1312 1838 1335 1865 si
1349 1837 1447 1864 bellant
1463 1838 1573 1873 aliquod
1604 1839 1653 1864 huc
1679 1839 1723 1865 in-

933 1886 1044 1922 gruerit,
1076 1889 1189 1920 quanta,
1205 1893 1249 1912 vos
1280 1885 1398 1917 obsecro,
1423 1885 1534 1919 jactura
1556 1892 1595 1911 res
1621 1889 1723 1912 vestras

934 1933 1054 1968 affectum
1068 1932 1103 1958 iri
1115 1931 1214 1967 putatis
1226 1931 1238 1957 2
1249 1931 1356 1957 Accedet
1370 1931 1528 1958 contumelia
1544 1935 1569 1958 et
1583 1931 1620 1957 rei
1638 1932 1724 1966 turpi-

936 1979 1008 2009 tudo,
1025 1987 1104 2011 quam
1119 1986 1194 2004 nemo
1205 1978 1307 2010 sapiens
1324 1977 1379 2003 ullo
1397 1977 1493 2004 damno
1509 1977 1631 2004 leviorem
1643 1980 1725 2004 duxe-

938 2025 982 2050 rit.
997 2024 1100 2058 ltaque,
1113 2024 1150 2050 his
1166 2023 1285 2050 omnibus
1298 2023 1479 2056 consideratis,
1498 2024 1584 2049 cuncti
1597 2024 1725 2058 opitulari

939 2074 962 2096 et
977 2073 1059 2096 totam
1074 2068 1135 2097 belli
1151 2067 1245 2094 molem
1269 2069 1334 2095 illuc
1353 2073 1502 2096 convertere
1519 2069 1632 2096 debent:
1654 2069 1726 2096 locu-

937 2114 1058 2148 pletiores
1071 2119 1099 2140 ut
1117 2122 1165 2148 pro
1189 2112 1290 2146 multis,
1309 2122 1367 2148 qua:
1392 2119 1460 2141 recte
1474 2115 1617 2149 possident,
1634 2117 1725 2150 paucis

939 2161 1063 2196 erogatis,
1079 2160 1186 2195 reliquis
1203 2159 1283 2187 libere
1295 2165 1320 2186 et
1335 2161 1451 2187 securius
1465 2162 1609 2196 fruantur;
1617 2162 1726 2196 juvenes

939 2215 1009 2239 vero.
1025 2211 1054 2234 ut
1080 2207 1118 2233 rei
1148 2206 1271 2234 militaris
1287 2207 1442 2248 ‘disciplina
1470 2209 1497 2234 in
1527 2208 1641 2244 Philippi
1664 2218 1727 2244 agro

100 2255 184 2280 dinem
208 2252 294 2286 affert.
320 2252 452 2279 Accedunt
474 2259 515 2278 res
532 2251 732 2284 Thessalorum,
749 2259 806 2285 qua:
826 2259 884 2277 cum
903 2262 923 2290 ῃ
938 2254 1045 2286 eruditi,
1063 2253 1098 2280 ad
1123 2261 1177 2280 rem
1196 2261 1271 2280 suam
1290 2253 1451 2288 familiarem
1467 2254 1624 2281 incolumem
1637 2259 1728 2282 tutum

100 2306 198 2333 semper
212 2297 301 2331 inﬁda:
311 2297 430 2324 omnibus
443 2303 540 2324 natura
552 2297 660 2332 fuerint,
676 2298 791 2325 maxime
806 2297 885 2324 veluti

102 2349 186 2377 erant,
202 2352 270 2370 nunc
287 2349 367 2371 etiam
381 2344 424 2370 isti
434 2349 505 2370 sunt.
517 2343 588 2370 Nam
608 2343 728 2379 Pagasas
747 2345 779 2371 ab
794 2352 822 2370 eo
846 2352 888 2370 re-

103 2395 187 2425 petere
204 2390 348 2417 decrevisse
368 2390 502 2420 dicuntur,
528 2396 550 2416 et
571 2389 735 2424 Magnesiam
763 2392 888 2418 inmitibus

103 2436 170 2470 cingi
191 2435 393 2470 prohibuerunt.
415 2434 542 2469 Equidem
566 2443 598 2461 ex
615 2435 773 2470 quibusdam
801 2437 889 2463 audivi

105 2490 145 2509 eos
163 2489 215 2508 non
227 2480 342 2515 amplius
355 2480 528 2514 permissuros
549 2485 576 2506 ut
593 2479 631 2506 vel
654 2481 764 2514 portorii
779 2481 819 2507 vel
839 2481 890 2515 fori

106 2527 221 2554 redditus
234 2525 382 2561 percipiat;
408 2534 466 2552 cum
488 2526 587 2552 scilicet
603 2534 634 2552 ea;
651 2527 681 2552 iis
703 2527 890 2562 rempublicam

107 2572 289 2600 Thessalorum
309 2572 492 2598 administrari
517 2576 651 2606 oporteat,
685 2580 737 2598 non
767 2570 891 2607 Philippo

108 2619 207 2655 aliquid
227 2619 373 2654 provenire.
389 2618 486 2651 Quibus
503 2619 620 2652 pecuniis
630 2620 651 2645 si
663 2618 782 2653 privatus
799 2619 892 2653 fuerit,

109 2667 134 2694 in
159 2665 303 2693 maximam
324 2665 439 2700 profecto
456 2664 544 2690 alendi
566 2665 696 2691 exercitus
714 2664 893 2699 difficultatem

110 2713 263 2740 adducetur.
288 2711 406 2746 Denique
429 2711 540 2737 Pa'ones
564 2715 587 2738 et
617 2710 730 2746 Illyrici,
755 2719 786 2737 ac
807 2719 895 2738 omnes

110 2758 155 2786 alii
170 2757 349 2793 hujuscemodi
365 2757 482 2783 homines
496 2756 550 2783 suis
563 2756 660 2791 legibus
672 2756 722 2788 uti,
738 2756 765 2783 in
777 2756 896 2783 libertate

111 2807 193 2834 vivere
206 2805 326 2832 libentius
344 2812 425 2840 quam
439 2805 538 2831 servire
558 2803 624 2830 velle
640 2804 805 2831 edistimandi
825 2809 895 2838 sunt,

112 2853 205 2887 quippe
222 2851 265 2886 qui
277 2858 413 2885 utinquam
429 2849 508 2877 alteri
529 2857 623 2884 parere
643 2855 842 2876 consueverunt.
861 2849 897 2876 Ac

114 2899 155 2925 ille
169 2897 285 2933 quidem,
302 2901 330 2923 ut
342 2897 428 2926 aiunt,
443 2895 521 2922 valde
548 2895 750 2922 contumeliosus
764 2900 812 2928 est,
829 2897 897 2926 quod

247 2947 381 2977 l’nnuL.
403 2946 448 2975 Gn
495 2945 602 2975 CLXI.

939 2300 1001 2327 dam
1016 2297 1180 2339 formidolosi
1194 2299 1312 2325 custodes
1329 2299 1492 2333 efﬁciantur;
1513 2300 1624 2335 denique
1640 2306 1728 2327 orato-

939 2353 991 2378 res,
1008 2349 1036 2371 ut
1053 2353 1140 2371 rerum
1154 2353 1169 2371 a
1183 2353 1211 2372 se
1222 2349 1357 2380 gestarum
1374 2347 1492 2373 rationes
1503 2346 1609 2381 facilius
1621 2348 1729 2374 reddere

940 2393 1050 2428 possint.
1070 2391 1164 2424 Qualis
1181 2393 1276 2418 etenim
1305 2393 1384 2427 fuerit
1403 2401 1491 2420 rerum
1506 2399 1653 2420 vestrarum
1668 2402 1731 2420 con-

941 2439 1015 2471 ditio,
1031 2437 1098 2464 tales
1121 2438 1147 2465 in
1163 2446 1205 2465 eos
1215 2439 1318 2474 judices
1333 2439 1416 2473 futuri
1431 2440 1501 2466 estis.
1521 2439 1645 2466 Omnium
1669 2449 1730 2467 vero

940 2485 1056 2519 gratiam
1072 2484 1142 2511 vobis
1161 2488 1224 2511 bene
1235 2489 1258 2510 et
1271 2484 1381 2519 feliciter
1393 2486 1493 2512 evenire
1506 2491 1576 2520 opto.

979 2530 1034 2558 lloc
1050 2535 1102 2563 est,
1117 2530 1209 2565 inclyti
1229 2530 1311 2558 llaliic
1326 2531 1477 2566 principes,
1493 2536 1593 2561 summi
1617 2537 1731 2564 illiusac

944 2576 1140 2610 sapientissimi
1173 2575 1225 2602 viri
1255 2576 1450 2605 Demosthenis
1477 2580 1645 2612 consilium.
1674 2591 1730 2610 non

945 2622 1063 2648 alienum
1081 2631 1094 2647 tl
1115 2626 1230 2654 nostro;
1250 2622 1307 2649 hac
1333 2622 1408 2651 illius
1434 2627 1570 2653 sententia
1587 2635 1668 2661 quam
1691 2630 1731 2656 si-

946 2667 1058 2694 mil‘ima
1072 2673 1171 2694 nostra:
1183 2675 1189 2699 ;
1203 2667 1259 2694 haec
1273 2668 1492 2697 Allicniensibus
1502 2671 1589 2698 solum
1601 2674 1734 2702 adversus

947 2712 1102 2747 Philippum
1114 2711 1299 2744 Macedonem,
1310 2713 1356 2740 sed
1376 2715 1503 2742 omnibus
1515 2715 1598 2744 Italiae
1613 2719 1734 2752 populis,

946 2757 994 2784 sed
1017 2757 1155 2784 universis
1179 2757 1344 2785 Christianis
1370 2759 1501 2787 adversus
1516 2761 1735 2800 'l‘urcurum‘ty-

949 2810 1077 2834 rannum,
1107 2808 1208 2830 nostrae
1229 2804 1368 2839 religionis
1397 2807 1660 2837 truculemissimum
1684 2812 1735 2838 hu-

950 2857 1028 2882 stcm,
1046 2850 1194 2884 prxdiccrc
1216 2850 1274 2877 lucc
1295 2859 1504 2887 praponcrequc
1531 2854 1649 2883 videtur.
1665 2857 1737 2885 Con-

951 2896 1044 2924 tlitioni
1066 2896 1206 2930 pmsentis
1223 2898 1370 2931 temporis,
1389 2906 1449 2933 qua:
1469 2899 1590 2934 Ιοίιιιίιω-
1603 2923 1610 2935 ’
1629 2911 1738 2935 “cum-

1482 2946 1520 2977 9.2
