  <div class='ocr_page' id='page_1' title='image "/cluster/home/n/w/nwhite01/storage/ocr_20150623/161/njp.32101077773255/459.png"; bbox 0 0 1916 3066; ppageno 0'>
   <div class='ocr_carea' id='block_1_1' title="bbox 192 176 248 207">
    <p class='ocr_par' dir='ltr' id='par_1_1' title="bbox 192 176 248 207">
     <span class='ocr_line' id='line_1_1' title="bbox 192 176 248 207; baseline 0.018 -1"><span class='ocrx_word' id='word_1_1' title='bbox 192 176 248 207; x_wconf 77' lang='lat'><strong>675</strong></span> 
     </span>
    </p>
   </div>
   <div class='ocr_carea' id='block_1_2' title="bbox 652 173 1335 207">
    <p class='ocr_par' dir='ltr' id='par_1_2' title="bbox 652 173 1335 207">
     <span class='ocr_line' id='line_1_2' title="bbox 652 173 1335 207; baseline 0.004 -7"><span class='ocrx_word' id='word_1_2' title='bbox 652 173 915 204; x_wconf 60' lang='lat' dir='ltr'><strong>.BESSARlONIS</strong></span> <span class='ocrx_word' id='word_1_3' title='bbox 935 175 966 207; x_wconf 84' lang='lat' dir='ltr'><strong>S.</strong></span> <span class='ocrx_word' id='word_1_4' title='bbox 990 176 1023 206; x_wconf 76' lang='grc' dir='ltr'><strong>η.</strong></span> <span class='ocrx_word' id='word_1_5' title='bbox 1045 177 1075 207; x_wconf 84' lang='grc' dir='ltr'><strong>Ε.</strong></span> <span class='ocrx_word' id='word_1_6' title='bbox 1101 175 1335 206; x_wconf 77' lang='lat' dir='ltr'><strong>CARDINALIS</strong></span> 
     </span>
    </p>
   </div>
   <div class='ocr_carea' id='block_1_3' title="bbox 1768 171 1824 202">
    <p class='ocr_par' dir='ltr' id='par_1_3' title="bbox 1768 171 1824 202">
     <span class='ocr_line' id='line_1_3' title="bbox 1768 171 1824 202; baseline 0 0"><span class='ocrx_word' id='word_1_7' title='bbox 1768 171 1824 202; x_wconf 73' lang='lat'><strong>(376</strong></span> 
     </span>
    </p>
   </div>
   <div class='ocr_carea' id='block_1_4' title="bbox 192 229 1824 272">
    <p class='ocr_par' dir='ltr' id='par_1_4' title="bbox 192 229 1824 272">
     <span class='ocr_line' id='line_1_4' title="bbox 192 229 1824 272; baseline -0.003 -9"><span class='ocrx_word' id='word_1_8' title='bbox 192 235 384 263; x_wconf 87' lang='lat' dir='ltr'><strong>modatasunt</strong></span> <span class='ocrx_word' id='word_1_9' title='bbox 398 232 489 260; x_wconf 81' lang='lat' dir='ltr'><strong>omnia</strong></span> <span class='ocrx_word' id='word_1_10' title='bbox 503 253 510 265; x_wconf 87' lang='lat'><strong>,</strong></span> <span class='ocrx_word' id='word_1_11' title='bbox 535 237 563 260; x_wconf 87' lang='lat' dir='ltr'><strong>et</strong></span> <span class='ocrx_word' id='word_1_12' title='bbox 592 232 624 260; x_wconf 90' lang='lat' dir='ltr'><strong>ad</strong></span> <span class='ocrx_word' id='word_1_13' title='bbox 650 233 725 260; x_wconf 88' lang='lat' dir='ltr'><strong>hunc</strong></span> <span class='ocrx_word' id='word_1_14' title='bbox 748 241 828 268; x_wconf 86' lang='lat' dir='ltr'><strong>quem</strong></span> <span class='ocrx_word' id='word_1_15' title='bbox 844 233 983 261; x_wconf 84' lang='lat' dir='ltr'><strong>cernimus</strong></span> <span class='ocrx_word' id='word_1_16' title='bbox 996 241 1021 272; x_wconf 69' lang='grc' dir='ltr'><strong>Α</strong></span> <span class='ocrx_word' id='word_1_17' title='bbox 1035 242 1114 270; x_wconf 84' lang='lat' dir='ltr'><strong>opem</strong></span> <span class='ocrx_word' id='word_1_18' title='bbox 1130 242 1207 262; x_wconf 83' lang='lat' dir='ltr'><strong>suam</strong></span> <span class='ocrx_word' id='word_1_19' title='bbox 1225 234 1371 268; x_wconf 80' lang='lat' dir='ltr'><strong>implorare</strong></span> <span class='ocrx_word' id='word_1_20' title='bbox 1399 231 1477 264; x_wconf 86' lang='lat' dir='ltr'><strong>Nam,</strong></span> <span class='ocrx_word' id='word_1_21' title='bbox 1500 235 1530 258; x_wconf 92' lang='lat' dir='ltr'><strong>ut</strong></span> <span class='ocrx_word' id='word_1_22' title='bbox 1546 229 1673 264; x_wconf 70' lang='lat' dir='ltr'><strong>praeclare</strong></span> <span class='ocrx_word' id='word_1_23' title='bbox 1690 230 1753 258; x_wconf 81' lang='lat' dir='ltr'><strong>alibi</strong></span> <span class='ocrx_word' id='word_1_24' title='bbox 1773 230 1824 258; x_wconf 90' lang='lat' dir='ltr'><strong>De-</strong></span> 
     </span>
    </p>
   </div>
   <div class='ocr_carea' id='block_1_5' title="bbox 190 278 981 314">
    <p class='ocr_par' dir='ltr' id='par_1_5' title="bbox 190 278 981 314">
     <span class='ocr_line' id='line_1_5' title="bbox 190 278 981 314; baseline -0.003 -6"><span class='ocrx_word' id='word_1_25' title='bbox 190 288 286 308; x_wconf 79' lang='lat' dir='ltr'><strong>rerum</strong></span> <span class='ocrx_word' id='word_1_26' title='bbox 306 284 407 307; x_wconf 88' lang='lat' dir='ltr'><strong>statum</strong></span> <span class='ocrx_word' id='word_1_27' title='bbox 421 278 536 306; x_wconf 86' lang='lat' dir='ltr'><strong>miritlce</strong></span> <span class='ocrx_word' id='word_1_28' title='bbox 555 278 702 313; x_wconf 86' lang='lat' dir='ltr'><strong>quadraut.</strong></span> <span class='ocrx_word' id='word_1_29' title='bbox 723 278 878 314; x_wconf 89' lang='lat' dir='ltr'><strong>Sequamur</strong></span> <span class='ocrx_word' id='word_1_30' title='bbox 898 279 981 314; x_wconf 77' lang='lat' dir='ltr'><strong>igitur</strong></span> 
     </span>
    </p>
   </div>
   <div class='ocr_carea' id='block_1_6' title="bbox 194 323 982 363">
    <p class='ocr_par' dir='ltr' id='par_1_6' title="bbox 194 323 982 363">
     <span class='ocr_line' id='line_1_6' title="bbox 194 323 982 363; baseline -0.003 -10"><span class='ocrx_word' id='word_1_31' title='bbox 194 325 261 353; x_wconf 82' lang='lat' dir='ltr'><strong>tanti</strong></span> <span class='ocrx_word' id='word_1_32' title='bbox 287 325 338 352; x_wconf 86' lang='lat' dir='ltr'><strong>viri</strong></span> <span class='ocrx_word' id='word_1_33' title='bbox 363 324 521 356; x_wconf 82' lang='lat' dir='ltr'><strong>consilium,</strong></span> <span class='ocrx_word' id='word_1_34' title='bbox 551 323 598 358; x_wconf 91' lang='lat' dir='ltr'><strong>qui</strong></span> <span class='ocrx_word' id='word_1_35' title='bbox 624 332 686 363; x_wconf 79' lang='lat' dir='ltr'><strong>eum</strong></span> <span class='ocrx_word' id='word_1_36' title='bbox 703 323 730 351; x_wconf 93' lang='lat' dir='ltr'><strong>iu</strong></span> <span class='ocrx_word' id='word_1_37' title='bbox 747 324 821 351; x_wconf 88' lang='lat' dir='ltr'><strong>omni</strong></span> <span class='ocrx_word' id='word_1_38' title='bbox 849 324 982 351; x_wconf 78' lang='lat' dir='ltr'><strong>doctriute</strong></span> 
     </span>
    </p>
   </div>
   <div class='ocr_carea' id='block_1_7' title="bbox 194 369 981 407">
    <p class='ocr_par' dir='ltr' id='par_1_7' title="bbox 194 369 981 407">
     <span class='ocr_line' id='line_1_7' title="bbox 194 369 981 407; baseline -0.003 -8"><span class='ocrx_word' id='word_1_39' title='bbox 194 379 302 407; x_wconf 75' lang='lat' dir='ltr'><strong>genere,</strong></span> <span class='ocrx_word' id='word_1_40' title='bbox 312 375 369 398; x_wconf 91' lang='lat' dir='ltr'><strong>tum</strong></span> <span class='ocrx_word' id='word_1_41' title='bbox 379 371 419 398; x_wconf 95' lang='lat' dir='ltr'><strong>vel</strong></span> <span class='ocrx_word' id='word_1_42' title='bbox 432 370 550 397; x_wconf 80' lang='lat' dir='ltr'><strong>maxime</strong></span> <span class='ocrx_word' id='word_1_43' title='bbox 566 370 594 397; x_wconf 93' lang='lat' dir='ltr'><strong>in</strong></span> <span class='ocrx_word' id='word_1_44' title='bbox 607 369 696 397; x_wconf 86' lang='lat' dir='ltr'><strong>civilis</strong></span> <span class='ocrx_word' id='word_1_45' title='bbox 705 369 855 404; x_wconf 73' lang='lat' dir='ltr'><strong>disciplina:</strong></span> <span class='ocrx_word' id='word_1_46' title='bbox 866 370 981 397; x_wconf 86' lang='lat' dir='ltr'><strong>scientia</strong></span> 
     </span>
    </p>
   </div>
   <div class='ocr_carea' id='block_1_8' title="bbox 188 415 980 448">
    <p class='ocr_par' dir='ltr' id='par_1_8' title="bbox 188 415 980 448">
     <span class='ocr_line' id='line_1_8' title="bbox 188 415 980 448; baseline -0.004 -2"><span class='ocrx_word' id='word_1_47' title='bbox 188 418 439 448; x_wconf 70' lang='lat' dir='ltr'><strong>fuitexercitatus,</strong></span> <span class='ocrx_word' id='word_1_48' title='bbox 468 421 495 444; x_wconf 88' lang='lat' dir='ltr'><strong>et</strong></span> <span class='ocrx_word' id='word_1_49' title='bbox 520 417 547 444; x_wconf 92' lang='lat' dir='ltr'><strong>in</strong></span> <span class='ocrx_word' id='word_1_50' title='bbox 569 416 723 444; x_wconf 86' lang='lat' dir='ltr'><strong>communis</strong></span> <span class='ocrx_word' id='word_1_51' title='bbox 740 415 828 443; x_wconf 86' lang='lat' dir='ltr'><strong>hostis</strong></span> <span class='ocrx_word' id='word_1_52' title='bbox 842 416 980 444; x_wconf 81' lang='lat' dir='ltr'><strong>excidium</strong></span> 
     </span>
    </p>
   </div>
   <div class='ocr_carea' id='block_1_9' title="bbox 192 462 982 499">
    <p class='ocr_par' dir='ltr' id='par_1_9' title="bbox 192 462 982 499">
     <span class='ocr_line' id='line_1_9' title="bbox 192 462 982 499; baseline -0.001 -8"><span class='ocrx_word' id='word_1_53' title='bbox 192 464 379 499; x_wconf 76' lang='lat' dir='ltr'><strong>insurgamus.</strong></span> <span class='ocrx_word' id='word_1_54' title='bbox 393 463 546 491; x_wconf 85' lang='lat' dir='ltr'><strong>Commune</strong></span> <span class='ocrx_word' id='word_1_55' title='bbox 563 462 755 490; x_wconf 68' lang='lat' dir='ltr'><strong>existimemus</strong></span> <span class='ocrx_word' id='word_1_56' title='bbox 774 462 919 490; x_wconf 86' lang='lat' dir='ltr'><strong>imminere</strong></span> <span class='ocrx_word' id='word_1_57' title='bbox 935 471 982 498; x_wconf 90' lang='lat' dir='ltr'><strong>pe-</strong></span> 
     </span>
    </p>
   </div>
   <div class='ocr_carea' id='block_1_10' title="bbox 194 508 982 544">
    <p class='ocr_par' dir='ltr' id='par_1_10' title="bbox 194 508 982 544">
     <span class='ocr_line' id='line_1_10' title="bbox 194 508 982 544; baseline -0.003 -6"><span class='ocrx_word' id='word_1_58' title='bbox 194 510 311 538; x_wconf 87' lang='lat' dir='ltr'><strong>riculum</strong></span> <span class='ocrx_word' id='word_1_59' title='bbox 323 517 330 542; x_wconf 90' lang='lat'><strong>;</strong></span> <span class='ocrx_word' id='word_1_60' title='bbox 342 516 487 537; x_wconf 89' lang='lat' dir='ltr'><strong>commune</strong></span> <span class='ocrx_word' id='word_1_61' title='bbox 500 509 601 536; x_wconf 90' lang='lat' dir='ltr'><strong>bellum</strong></span> <span class='ocrx_word' id='word_1_62' title='bbox 610 508 802 544; x_wconf 70' lang='lat' dir='ltr'><strong>aggrediamur</strong></span> <span class='ocrx_word' id='word_1_63' title='bbox 811 517 864 536; x_wconf 93' lang='lat' dir='ltr'><strong>non</strong></span> <span class='ocrx_word' id='word_1_64' title='bbox 874 509 982 543; x_wconf 73' lang='lat' dir='ltr'><strong>ignave,</strong></span> 
     </span>
    </p>
   </div>
   <div class='ocr_carea' id='block_1_11' title="bbox 182 554 981 590">
    <p class='ocr_par' dir='ltr' id='par_1_11' title="bbox 182 554 981 590">
     <span class='ocr_line' id='line_1_11' title="bbox 182 554 981 590; baseline -0.003 -6"><span class='ocrx_word' id='word_1_65' title='bbox 182 564 247 584; x_wconf 29' lang='lat' dir='ltr'><strong>-rnon</strong></span> <span class='ocrx_word' id='word_1_66' title='bbox 262 557 346 587; x_wconf 89' lang='lat' dir='ltr'><strong>lente,</strong></span> <span class='ocrx_word' id='word_1_67' title='bbox 360 562 414 582; x_wconf 90' lang='lat' dir='ltr'><strong>non</strong></span> <span class='ocrx_word' id='word_1_68' title='bbox 424 562 514 590; x_wconf 84' lang='lat' dir='ltr'><strong>parce,</strong></span> <span class='ocrx_word' id='word_1_69' title='bbox 529 563 583 582; x_wconf 85' lang='lat' dir='ltr'><strong>non</strong></span> <span class='ocrx_word' id='word_1_70' title='bbox 597 559 627 582; x_wconf 91' lang='lat' dir='ltr'><strong>ut</strong></span> <span class='ocrx_word' id='word_1_71' title='bbox 638 554 707 586; x_wconf 81' lang='lat' dir='ltr'><strong>ﬁeri,</strong></span> <span class='ocrx_word' id='word_1_72' title='bbox 722 562 785 581; x_wconf 91' lang='lat' dir='ltr'><strong>cum</strong></span> <span class='ocrx_word' id='word_1_73' title='bbox 801 554 835 582; x_wconf 87' lang='lat' dir='ltr'><strong>de</strong></span> <span class='ocrx_word' id='word_1_74' title='bbox 854 563 882 582; x_wconf 85' lang='lat' dir='ltr'><strong>re</strong></span> <span class='ocrx_word' id='word_1_75' title='bbox 893 555 981 582; x_wconf 85' lang='lat' dir='ltr'><strong>aliena</strong></span> 
     </span>
    </p>
   </div>
   <div class='ocr_carea' id='block_1_12' title="bbox 193 600 982 636">
    <p class='ocr_par' dir='ltr' id='par_1_12' title="bbox 193 600 982 636">
     <span class='ocr_line' id='line_1_12' title="bbox 193 600 982 636; baseline -0.001 -7"><span class='ocrx_word' id='word_1_76' title='bbox 193 606 325 635; x_wconf 86' lang='lat' dir='ltr'><strong>certatur,</strong></span> <span class='ocrx_word' id='word_1_77' title='bbox 352 601 508 632; x_wconf 84' lang='lat' dir='ltr'><strong>consuevit,</strong></span> <span class='ocrx_word' id='word_1_78' title='bbox 528 600 761 636; x_wconf 83' lang='lat' dir='ltr'><strong>quemadmodum</strong></span> <span class='ocrx_word' id='word_1_79' title='bbox 786 600 918 628; x_wconf 80' lang='lat' dir='ltr'><strong>hactenus</strong></span> <span class='ocrx_word' id='word_1_80' title='bbox 941 601 982 628; x_wconf 79' lang='lat' dir='ltr'><strong>fa-</strong></span> 
     </span>
    </p>
   </div>
   <div class='ocr_carea' id='block_1_13' title="bbox 193 646 982 679">
    <p class='ocr_par' dir='ltr' id='par_1_13' title="bbox 193 646 982 679">
     <span class='ocr_line' id='line_1_13' title="bbox 193 646 982 679; baseline -0.004 -4"><span class='ocrx_word' id='word_1_81' title='bbox 193 653 268 675; x_wconf 83' lang='lat' dir='ltr'><strong>ctum</strong></span> <span class='ocrx_word' id='word_1_82' title='bbox 283 647 396 679; x_wconf 60' lang='lat' dir='ltr'><strong>caused</strong></span> <span class='ocrx_word' id='word_1_83' title='bbox 414 646 590 679; x_wconf 82' lang='lat' dir='ltr'><strong>fortiter,sed</strong></span> <span class='ocrx_word' id='word_1_84' title='bbox 606 646 744 677; x_wconf 89' lang='lat' dir='ltr'><strong>celeriter,</strong></span> <span class='ocrx_word' id='word_1_85' title='bbox 755 646 802 674; x_wconf 92' lang='lat' dir='ltr'><strong>sed</strong></span> <span class='ocrx_word' id='word_1_86' title='bbox 820 646 982 679; x_wconf 79' lang='lat' dir='ltr'><strong>liberaliter,</strong></span> 
     </span>
    </p>
   </div>
   <div class='ocr_carea' id='block_1_14' title="bbox 193 692 982 728">
    <p class='ocr_par' dir='ltr' id='par_1_14' title="bbox 193 692 982 728">
     <span class='ocr_line' id='line_1_14' title="bbox 193 692 982 728; baseline -0.004 -6"><span class='ocrx_word' id='word_1_87' title='bbox 193 694 240 722; x_wconf 82' lang='lat' dir='ltr'><strong>sed</strong></span> <span class='ocrx_word' id='word_1_88' title='bbox 262 699 292 721; x_wconf 92' lang='lat' dir='ltr'><strong>ut</strong></span> <span class='ocrx_word' id='word_1_89' title='bbox 303 694 360 721; x_wconf 84' lang='lat' dir='ltr'><strong>ﬁeri</strong></span> <span class='ocrx_word' id='word_1_90' title='bbox 376 694 402 720; x_wconf 93' lang='lat' dir='ltr'><strong>in</strong></span> <span class='ocrx_word' id='word_1_91' title='bbox 419 693 530 728; x_wconf 84' lang='lat' dir='ltr'><strong>proprio</strong></span> <span class='ocrx_word' id='word_1_92' title='bbox 545 692 703 720; x_wconf 88' lang='lat' dir='ltr'><strong>discrimine</strong></span> <span class='ocrx_word' id='word_1_93' title='bbox 724 700 782 722; x_wconf 88' lang='lat' dir='ltr'><strong>mos</strong></span> <span class='ocrx_word' id='word_1_94' title='bbox 795 696 846 721; x_wconf 91' lang='lat' dir='ltr'><strong>est.</strong></span> <span class='ocrx_word' id='word_1_95' title='bbox 865 693 982 720; x_wconf 83' lang='lat' dir='ltr'><strong>Tantum</strong></span> 
     </span>
    </p>
   </div>
   <div class='ocr_carea' id='block_1_15' title="bbox 193 738 980 775">
    <p class='ocr_par' dir='ltr' id='par_1_15' title="bbox 193 738 980 775">
     <span class='ocr_line' id='line_1_15' title="bbox 193 738 980 775; baseline -0.004 -7"><span class='ocrx_word' id='word_1_96' title='bbox 193 741 310 775; x_wconf 86' lang='lat' dir='ltr'><strong>quisque</strong></span> <span class='ocrx_word' id='word_1_97' title='bbox 335 741 362 767; x_wconf 93' lang='lat' dir='ltr'><strong>in</strong></span> <span class='ocrx_word' id='word_1_98' title='bbox 391 739 442 766; x_wconf 91' lang='lat' dir='ltr'><strong>hac</strong></span> <span class='ocrx_word' id='word_1_99' title='bbox 466 746 496 766; x_wconf 90' lang='lat' dir='ltr'><strong>re</strong></span> <span class='ocrx_word' id='word_1_100' title='bbox 517 738 649 771; x_wconf 80' lang='lat' dir='ltr'><strong>conferat,</strong></span> <span class='ocrx_word' id='word_1_101' title='bbox 668 738 805 774; x_wconf 82' lang='lat' dir='ltr'><strong>principes</strong></span> <span class='ocrx_word' id='word_1_102' title='bbox 819 738 980 770; x_wconf 76' lang='lat' dir='ltr'><strong>Christiani,</strong></span> 
     </span>
    </p>
   </div>
   <div class='ocr_carea' id='block_1_16' title="bbox 194 785 983 822">
    <p class='ocr_par' dir='ltr' id='par_1_16' title="bbox 194 785 983 822">
     <span class='ocr_line' id='line_1_16' title="bbox 194 785 983 822; baseline -0.001 -8"><span class='ocrx_word' id='word_1_103' title='bbox 194 792 327 822; x_wconf 87' lang='lat' dir='ltr'><strong>quantum</strong></span> <span class='ocrx_word' id='word_1_104' title='bbox 362 793 410 821; x_wconf 89' lang='lat' dir='ltr'><strong>pro</strong></span> <span class='ocrx_word' id='word_1_105' title='bbox 438 785 527 813; x_wconf 90' lang='lat' dir='ltr'><strong>salute</strong></span> <span class='ocrx_word' id='word_1_106' title='bbox 558 785 664 820; x_wconf 85' lang='lat' dir='ltr'><strong>imperii</strong></span> <span class='ocrx_word' id='word_1_107' title='bbox 700 785 756 817; x_wconf 87' lang='lat' dir='ltr'><strong>sui,</strong></span> <span class='ocrx_word' id='word_1_108' title='bbox 785 787 911 820; x_wconf 88' lang='lat' dir='ltr'><strong>quotiens</strong></span> <span class='ocrx_word' id='word_1_109' title='bbox 939 793 983 813; x_wconf 81' lang='lat' dir='ltr'><strong>res</strong></span> 
     </span>
    </p>
   </div>
   <div class='ocr_carea' id='block_1_17' title="bbox 192 831 983 867">
    <p class='ocr_par' dir='ltr' id='par_1_17' title="bbox 192 831 983 867">
     <span class='ocr_line' id='line_1_17' title="bbox 192 831 983 867; baseline -0.001 -8"><span class='ocrx_word' id='word_1_110' title='bbox 192 832 294 867; x_wconf 76' lang='lat' dir='ltr'><strong>exegit,</strong></span> <span class='ocrx_word' id='word_1_111' title='bbox 315 840 370 860; x_wconf 91' lang='lat' dir='ltr'><strong>non</strong></span> <span class='ocrx_word' id='word_1_112' title='bbox 383 831 519 859; x_wconf 84' lang='lat' dir='ltr'><strong>dubitavit</strong></span> <span class='ocrx_word' id='word_1_113' title='bbox 538 831 691 863; x_wconf 80' lang='lat' dir='ltr'><strong>elfundere,</strong></span> <span class='ocrx_word' id='word_1_114' title='bbox 716 836 745 858; x_wconf 88' lang='lat' dir='ltr'><strong>et</strong></span> <span class='ocrx_word' id='word_1_115' title='bbox 771 835 903 866; x_wconf 86' lang='lat' dir='ltr'><strong>quantum</strong></span> <span class='ocrx_word' id='word_1_116' title='bbox 919 831 983 859; x_wconf 91' lang='lat' dir='ltr'><strong>dili-</strong></span> 
     </span>
    </p>
   </div>
   <div class='ocr_carea' id='block_1_18' title="bbox 192 878 983 913">
    <p class='ocr_par' dir='ltr' id='par_1_18' title="bbox 192 878 983 913">
     <span class='ocr_line' id='line_1_18' title="bbox 192 878 983 913; baseline -0.001 -7"><span class='ocrx_word' id='word_1_117' title='bbox 192 879 268 913; x_wconf 73' lang='lat' dir='ltr'><strong>genti</strong></span> <span class='ocrx_word' id='word_1_118' title='bbox 283 879 389 906; x_wconf 82' lang='lat' dir='ltr'><strong>ratione</strong></span> <span class='ocrx_word' id='word_1_119' title='bbox 408 878 512 911; x_wconf 86' lang='lat' dir='ltr'><strong>habita,</strong></span> <span class='ocrx_word' id='word_1_120' title='bbox 526 878 745 913; x_wconf 81' lang='lat' dir='ltr'><strong>uniuscujusque</strong></span> <span class='ocrx_word' id='word_1_121' title='bbox 761 878 834 906; x_wconf 84' lang='lat' dir='ltr'><strong>vires</strong></span> <span class='ocrx_word' id='word_1_122' title='bbox 853 883 882 906; x_wconf 90' lang='lat' dir='ltr'><strong>et</strong></span> <span class='ocrx_word' id='word_1_123' title='bbox 899 878 983 906; x_wconf 72' lang='lat' dir='ltr'><strong>facul~</strong></span> 
     </span>
    </p>
   </div>
   <div class='ocr_carea' id='block_1_19' title="bbox 195 917 1019 961">
    <p class='ocr_par' dir='ltr' id='par_1_19' title="bbox 195 917 1019 961">
     <span class='ocr_line' id='line_1_19' title="bbox 195 917 1019 961; baseline 0.001 -9"><span class='ocrx_word' id='word_1_124' title='bbox 195 930 265 952; x_wconf 83' lang='lat' dir='ltr'><strong>tates</strong></span> <span class='ocrx_word' id='word_1_125' title='bbox 278 925 430 959; x_wconf 89' lang='lat' dir='ltr'><strong>patiuntur.</strong></span> <span class='ocrx_word' id='word_1_126' title='bbox 446 923 506 951; x_wconf 89' lang='lat' dir='ltr'><strong>Non</strong></span> <span class='ocrx_word' id='word_1_127' title='bbox 522 924 604 951; x_wconf 88' lang='lat' dir='ltr'><strong>unius</strong></span> <span class='ocrx_word' id='word_1_128' title='bbox 618 923 768 952; x_wconf 88' lang='lat' dir='ltr'><strong>alteriusve</strong></span> <span class='ocrx_word' id='word_1_129' title='bbox 793 924 838 952; x_wconf 92' lang='lat' dir='ltr'><strong>hic</strong></span> <span class='ocrx_word' id='word_1_130' title='bbox 849 932 919 961; x_wconf 83' lang='lat' dir='ltr'><strong>opus</strong></span> <span class='ocrx_word' id='word_1_131' title='bbox 929 931 981 953; x_wconf 82' lang='lat' dir='ltr'><strong>est.</strong></span> <span class='ocrx_word' id='word_1_132' title='bbox 998 917 1019 945; x_wconf 75' lang='grc' dir='ltr'><strong><em>Β</em></strong></span> 
     </span>
    </p>
   </div>
   <div class='ocr_carea' id='block_1_20' title="bbox 196 969 983 1004">
    <p class='ocr_par' dir='ltr' id='par_1_20' title="bbox 196 969 983 1004">
     <span class='ocr_line' id='line_1_20' title="bbox 196 969 983 1004; baseline 0.001 -7"><span class='ocrx_word' id='word_1_133' title='bbox 196 971 306 998; x_wconf 81' lang='lat' dir='ltr'><strong>Hostem</strong></span> <span class='ocrx_word' id='word_1_134' title='bbox 316 970 450 997; x_wconf 83' lang='lat' dir='ltr'><strong>habemus</strong></span> <span class='ocrx_word' id='word_1_135' title='bbox 460 969 652 1002; x_wconf 83' lang='lat' dir='ltr'><strong>fortissimum,</strong></span> <span class='ocrx_word' id='word_1_136' title='bbox 661 970 893 1004; x_wconf 78' lang='lat' dir='ltr'><strong>potentissimum,</strong></span> <span class='ocrx_word' id='word_1_137' title='bbox 907 978 983 999; x_wconf 85' lang='lat' dir='ltr'><strong>accr-</strong></span> 
     </span>
    </p>
   </div>
   <div class='ocr_carea' id='block_1_21' title="bbox 194 1015 984 1049">
    <p class='ocr_par' dir='ltr' id='par_1_21' title="bbox 194 1015 984 1049">
     <span class='ocr_line' id='line_1_21' title="bbox 194 1015 984 1049; baseline 0 -5"><span class='ocrx_word' id='word_1_138' title='bbox 194 1018 309 1049; x_wconf 83' lang='lat' dir='ltr'><strong>rimum,</strong></span> <span class='ocrx_word' id='word_1_139' title='bbox 325 1016 481 1044; x_wconf 81' lang='lat' dir='ltr'><strong>cervicibus</strong></span> <span class='ocrx_word' id='word_1_140' title='bbox 503 1015 604 1043; x_wconf 87' lang='lat' dir='ltr'><strong>vestris</strong></span> <span class='ocrx_word' id='word_1_141' title='bbox 624 1016 824 1043; x_wconf 87' lang='lat' dir='ltr'><strong>imminentem.</strong></span> <span class='ocrx_word' id='word_1_142' title='bbox 843 1016 916 1044; x_wconf 86' lang='lat' dir='ltr'><strong>Satis</strong></span> <span class='ocrx_word' id='word_1_143' title='bbox 938 1025 984 1044; x_wconf 82' lang='lat' dir='ltr'><strong>su—</strong></span> 
     </span>
    </p>
   </div>
   <div class='ocr_carea' id='block_1_22' title="bbox 197 1061 985 1098">
    <p class='ocr_par' dir='ltr' id='par_1_22' title="bbox 197 1061 985 1098">
     <span class='ocr_line' id='line_1_22' title="bbox 197 1061 985 1098; baseline 0 -8"><span class='ocrx_word' id='word_1_144' title='bbox 197 1071 300 1098; x_wconf 87' lang='lat' dir='ltr'><strong>perque</strong></span> <span class='ocrx_word' id='word_1_145' title='bbox 312 1063 413 1098; x_wconf 79' lang='lat' dir='ltr'><strong>negotii</strong></span> <span class='ocrx_word' id='word_1_146' title='bbox 428 1061 557 1090; x_wconf 90' lang='lat' dir='ltr'><strong>omnibus</strong></span> <span class='ocrx_word' id='word_1_147' title='bbox 572 1061 654 1089; x_wconf 87' lang='lat' dir='ltr'><strong>simul</strong></span> <span class='ocrx_word' id='word_1_148' title='bbox 667 1062 729 1088; x_wconf 88' lang='lat' dir='ltr'><strong>erit.</strong></span> <span class='ocrx_word' id='word_1_149' title='bbox 745 1061 798 1090; x_wconf 91' lang='lat' dir='ltr'><strong>Sed</strong></span> <span class='ocrx_word' id='word_1_150' title='bbox 819 1069 869 1090; x_wconf 84' lang='lat' dir='ltr'><strong>nec</strong></span> <span class='ocrx_word' id='word_1_151' title='bbox 883 1066 985 1090; x_wconf 69' lang='lat' dir='ltr'><strong>extera:</strong></span> 
     </span>
    </p>
   </div>
   <div class='ocr_carea' id='block_1_23' title="bbox 188 1108 985 1144">
    <p class='ocr_par' dir='ltr' id='par_1_23' title="bbox 188 1108 985 1144">
     <span class='ocr_line' id='line_1_23' title="bbox 188 1108 985 1144; baseline -0.001 -7"><span class='ocrx_word' id='word_1_152' title='bbox 188 1109 415 1137; x_wconf 51' lang='lat' dir='ltr'><strong>dlliristianorum</strong></span> <span class='ocrx_word' id='word_1_153' title='bbox 430 1115 526 1144; x_wconf 75' lang='lat' dir='ltr'><strong>gentes</strong></span> <span class='ocrx_word' id='word_1_154' title='bbox 543 1108 620 1136; x_wconf 89' lang='lat' dir='ltr'><strong>nobis</strong></span> <span class='ocrx_word' id='word_1_155' title='bbox 637 1108 764 1142; x_wconf 86' lang='lat' dir='ltr'><strong>deerunt,</strong></span> <span class='ocrx_word' id='word_1_156' title='bbox 791 1109 856 1136; x_wconf 92' lang='lat' dir='ltr'><strong>dum</strong></span> <span class='ocrx_word' id='word_1_157' title='bbox 877 1117 928 1137; x_wconf 89' lang='lat' dir='ltr'><strong>nos</strong></span> <span class='ocrx_word' id='word_1_158' title='bbox 946 1110 985 1136; x_wconf 92' lang='lat' dir='ltr'><strong>vi-</strong></span> 
     </span>
    </p>
   </div>
   <div class='ocr_carea' id='block_1_24' title="bbox 196 1154 983 1190">
    <p class='ocr_par' dir='ltr' id='par_1_24' title="bbox 196 1154 983 1190">
     <span class='ocr_line' id='line_1_24' title="bbox 196 1154 983 1190; baseline 0 -8"><span class='ocrx_word' id='word_1_159' title='bbox 196 1156 288 1184; x_wconf 78' lang='lat' dir='ltr'><strong>derint</strong></span> <span class='ocrx_word' id='word_1_160' title='bbox 311 1155 393 1183; x_wconf 84' lang='lat' dir='ltr'><strong>nobis</strong></span> <span class='ocrx_word' id='word_1_161' title='bbox 411 1155 477 1190; x_wconf 89' lang='lat' dir='ltr'><strong>ipsis</strong></span> <span class='ocrx_word' id='word_1_162' title='bbox 494 1163 549 1183; x_wconf 94' lang='lat' dir='ltr'><strong>non</strong></span> <span class='ocrx_word' id='word_1_163' title='bbox 563 1155 670 1183; x_wconf 84' lang='lat' dir='ltr'><strong>deesse.</strong></span> <span class='ocrx_word' id='word_1_164' title='bbox 688 1154 822 1186; x_wconf 81' lang='lat' dir='ltr'><strong>Aderunt,</strong></span> <span class='ocrx_word' id='word_1_165' title='bbox 840 1155 983 1189; x_wconf 78' lang='lat' dir='ltr'><strong>favebunt,</strong></span> 
     </span>
    </p>
   </div>
   <div class='ocr_carea' id='block_1_25' title="bbox 196 1200 985 1237">
    <p class='ocr_par' dir='ltr' id='par_1_25' title="bbox 196 1200 985 1237">
     <span class='ocr_line' id='line_1_25' title="bbox 196 1200 985 1237; baseline -0.001 -8"><span class='ocrx_word' id='word_1_166' title='bbox 196 1202 337 1237; x_wconf 77' lang='lat' dir='ltr'><strong>suppetias</strong></span> <span class='ocrx_word' id='word_1_167' title='bbox 354 1201 452 1229; x_wconf 75' lang='lat' dir='ltr'><strong>ferent.</strong></span> <span class='ocrx_word' id='word_1_168' title='bbox 460 1201 556 1236; x_wconf 85' lang='lat' dir='ltr'><strong>Neque</strong></span> <span class='ocrx_word' id='word_1_169' title='bbox 569 1209 618 1229; x_wconf 88' lang='lat' dir='ltr'><strong>nos</strong></span> <span class='ocrx_word' id='word_1_170' title='bbox 634 1200 876 1229; x_wconf 86' lang='lat' dir='ltr'><strong>deseretSalrator</strong></span> <span class='ocrx_word' id='word_1_171' title='bbox 889 1207 985 1229; x_wconf 79' lang='lat' dir='ltr'><strong>noster</strong></span> 
     </span>
    </p>
   </div>
   <div class='ocr_carea' id='block_1_26' title="bbox 187 1247 984 1283">
    <p class='ocr_par' dir='ltr' id='par_1_26' title="bbox 187 1247 984 1283">
     <span class='ocr_line' id='line_1_26' title="bbox 187 1247 984 1283; baseline 0.001 -9"><span class='ocrx_word' id='word_1_172' title='bbox 187 1247 324 1275; x_wconf 69' lang='lat' dir='ltr'><strong>.Cliristus</strong></span> <span class='ocrx_word' id='word_1_173' title='bbox 347 1248 436 1280; x_wconf 72' lang='lat' dir='ltr'><strong>Iesus,</strong></span> <span class='ocrx_word' id='word_1_174' title='bbox 461 1248 510 1275; x_wconf 84' lang='lat' dir='ltr'><strong>sed</strong></span> <span class='ocrx_word' id='word_1_175' title='bbox 535 1247 630 1275; x_wconf 85' lang='lat' dir='ltr'><strong>audiet</strong></span> <span class='ocrx_word' id='word_1_176' title='bbox 656 1255 707 1276; x_wconf 87' lang='lat' dir='ltr'><strong>nos</strong></span> <span class='ocrx_word' id='word_1_177' title='bbox 729 1252 811 1283; x_wconf 86' lang='lat' dir='ltr'><strong>atque</strong></span> <span class='ocrx_word' id='word_1_178' title='bbox 835 1247 984 1282; x_wconf 84' lang='lat' dir='ltr'><strong>exaudiet,</strong></span> 
     </span>
    </p>
   </div>
   <div class='ocr_carea' id='block_1_27' title="bbox 190 1293 982 1329">
    <p class='ocr_par' dir='ltr' id='par_1_27' title="bbox 190 1293 982 1329">
     <span class='ocr_line' id='line_1_27' title="bbox 190 1293 982 1329; baseline 0.003 -10"><span class='ocrx_word' id='word_1_179' title='bbox 190 1294 281 1321; x_wconf 65' lang='lat' dir='ltr'><strong>,modo</strong></span> <span class='ocrx_word' id='word_1_180' title='bbox 297 1302 348 1322; x_wconf 85' lang='lat' dir='ltr'><strong>nos</strong></span> <span class='ocrx_word' id='word_1_181' title='bbox 365 1294 465 1322; x_wconf 84' lang='lat' dir='ltr'><strong>viderit</strong></span> <span class='ocrx_word' id='word_1_182' title='bbox 482 1294 563 1329; x_wconf 74' lang='lat' dir='ltr'><strong>digne</strong></span> <span class='ocrx_word' id='word_1_183' title='bbox 582 1301 625 1327; x_wconf 88' lang='lat' dir='ltr'><strong>ea,</strong></span> <span class='ocrx_word' id='word_1_184' title='bbox 641 1300 702 1329; x_wconf 62' lang='lat' dir='ltr'><strong>quas</strong></span> <span class='ocrx_word' id='word_1_185' title='bbox 719 1293 827 1328; x_wconf 88' lang='lat' dir='ltr'><strong>decent,</strong></span> <span class='ocrx_word' id='word_1_186' title='bbox 841 1293 982 1328; x_wconf 81' lang='lat' dir='ltr'><strong>facientes,</strong></span> 
     </span>
    </p>
   </div>
   <div class='ocr_carea' id='block_1_28' title="bbox 200 1361 361 1369">
    <p class='ocr_par' dir='ltr' id='par_1_28' title="bbox 200 1361 361 1369">
     <span class='ocr_line' id='line_1_28' title="bbox 200 1361 361 1369; baseline 0 0"><span class='ocrx_word' id='word_1_187' title='bbox 200 1361 361 1369; x_wconf 75' lang='lat'><strong>_-—__</strong></span> 
     </span>
    </p>
   </div>
   <div class='ocr_carea' id='block_1_29' title="bbox 1035 275 1825 314">
    <p class='ocr_par' dir='ltr' id='par_1_29' title="bbox 1035 275 1825 314">
     <span class='ocr_line' id='line_1_29' title="bbox 1035 275 1825 314; baseline -0.006 -7"><span class='ocrx_word' id='word_1_188' title='bbox 1035 280 1192 308; x_wconf 81' lang='lat' dir='ltr'><strong>mosthencs</strong></span> <span class='ocrx_word' id='word_1_189' title='bbox 1208 280 1307 314; x_wconf 87' lang='lat' dir='ltr'><strong>inquit,</strong></span> <span class='ocrx_word' id='word_1_190' title='bbox 1332 286 1386 306; x_wconf 92' lang='lat' dir='ltr'><strong>non</strong></span> <span class='ocrx_word' id='word_1_191' title='bbox 1408 275 1489 304; x_wconf 89' lang='lat' dir='ltr'><strong>modo</strong></span> <span class='ocrx_word' id='word_1_192' title='bbox 1502 275 1585 307; x_wconf 83' lang='lat' dir='ltr'><strong>Deus,</strong></span> <span class='ocrx_word' id='word_1_193' title='bbox 1603 275 1650 303; x_wconf 82' lang='lat' dir='ltr'><strong>sed</strong></span> <span class='ocrx_word' id='word_1_194' title='bbox 1672 283 1705 303; x_wconf 90' lang='lat' dir='ltr'><strong>ne</strong></span> <span class='ocrx_word' id='word_1_195' title='bbox 1718 276 1825 303; x_wconf 79' lang='lat' dir='ltr'><strong>anticus</strong></span> 
     </span>
    </p>
   </div>
   <div class='ocr_carea' id='block_1_30' title="bbox 1033 321 1826 362">
    <p class='ocr_par' dir='ltr' id='par_1_30' title="bbox 1033 321 1826 362">
     <span class='ocr_line' id='line_1_30' title="bbox 1033 321 1826 362; baseline -0.006 -9"><span class='ocrx_word' id='word_1_196' title='bbox 1033 326 1146 362; x_wconf 80' lang='lat' dir='ltr'><strong>quidem</strong></span> <span class='ocrx_word' id='word_1_197' title='bbox 1165 326 1303 360; x_wconf 63' lang='lat' dir='ltr'><strong>rogandus</strong></span> <span class='ocrx_word' id='word_1_198' title='bbox 1321 329 1373 357; x_wconf 87' lang='lat' dir='ltr'><strong>est,</strong></span> <span class='ocrx_word' id='word_1_199' title='bbox 1391 327 1418 350; x_wconf 87' lang='lat' dir='ltr'><strong>ut</strong></span> <span class='ocrx_word' id='word_1_200' title='bbox 1441 322 1601 350; x_wconf 87' lang='lat' dir='ltr'><strong>dormitanti</strong></span> <span class='ocrx_word' id='word_1_201' title='bbox 1621 321 1748 357; x_wconf 87' lang='lat' dir='ltr'><strong>cuiquam</strong></span> <span class='ocrx_word' id='word_1_202' title='bbox 1776 326 1826 349; x_wconf 87' lang='lat' dir='ltr'><strong>aut</strong></span> 
     </span>
    </p>
   </div>
   <div class='ocr_carea' id='block_1_31' title="bbox 1034 368 1826 408">
    <p class='ocr_par' dir='ltr' id='par_1_31' title="bbox 1034 368 1826 408">
     <span class='ocr_line' id='line_1_31' title="bbox 1034 368 1826 408; baseline -0.008 -7"><span class='ocrx_word' id='word_1_203' title='bbox 1034 373 1120 401; x_wconf 80' lang='lat' dir='ltr'><strong>desidi</strong></span> <span class='ocrx_word' id='word_1_204' title='bbox 1148 372 1276 408; x_wconf 80' lang='lat' dir='ltr'><strong>praesidio</strong></span> <span class='ocrx_word' id='word_1_205' title='bbox 1293 371 1339 399; x_wconf 87' lang='lat' dir='ltr'><strong>sit.</strong></span> <span class='ocrx_word' id='word_1_206' title='bbox 1363 371 1513 398; x_wconf 85' lang='lat' dir='ltr'><strong>Enimvero</strong></span> <span class='ocrx_word' id='word_1_207' title='bbox 1530 369 1553 397; x_wconf 93' lang='lat' dir='ltr'><strong>si</strong></span> <span class='ocrx_word' id='word_1_208' title='bbox 1572 368 1641 401; x_wconf 69' lang='lat' dir='ltr'><strong>hmc,</strong></span> <span class='ocrx_word' id='word_1_209' title='bbox 1664 377 1725 403; x_wconf 84' lang='lat' dir='ltr'><strong>quae</strong></span> <span class='ocrx_word' id='word_1_210' title='bbox 1751 368 1826 396; x_wconf 80' lang='lat' dir='ltr'><strong>dixi-</strong></span> 
     </span>
    </p>
   </div>
   <div class='ocr_carea' id='block_1_32' title="bbox 1034 416 1826 452">
    <p class='ocr_par' dir='ltr' id='par_1_32' title="bbox 1034 416 1826 452">
     <span class='ocr_line' id='line_1_32' title="bbox 1034 416 1826 452; baseline -0.006 -6"><span class='ocrx_word' id='word_1_211' title='bbox 1034 428 1104 452; x_wconf 85' lang='lat' dir='ltr'><strong>mus,</strong></span> <span class='ocrx_word' id='word_1_212' title='bbox 1124 419 1265 450; x_wconf 81' lang='lat' dir='ltr'><strong>faciemus,</strong></span> <span class='ocrx_word' id='word_1_213' title='bbox 1291 426 1346 445; x_wconf 91' lang='lat' dir='ltr'><strong>non</strong></span> <span class='ocrx_word' id='word_1_214' title='bbox 1370 416 1452 444; x_wconf 93' lang='lat' dir='ltr'><strong>modo</strong></span> <span class='ocrx_word' id='word_1_215' title='bbox 1477 416 1560 443; x_wconf 85' lang='lat' dir='ltr'><strong>tutari</strong></span> <span class='ocrx_word' id='word_1_216' title='bbox 1578 423 1638 450; x_wconf 68' lang='lat' dir='ltr'><strong>quas</strong></span> <span class='ocrx_word' id='word_1_217' title='bbox 1663 420 1826 450; x_wconf 78' lang='lat' dir='ltr'><strong>supersunt.</strong></span> 
     </span>
    </p>
   </div>
   <div class='ocr_carea' id='block_1_33' title="bbox 1035 461 1826 499">
    <p class='ocr_par' dir='ltr' id='par_1_33' title="bbox 1035 461 1826 499">
     <span class='ocr_line' id='line_1_33' title="bbox 1035 461 1826 499; baseline -0.005 -8"><span class='ocrx_word' id='word_1_218' title='bbox 1035 464 1082 492; x_wconf 76' lang='lat' dir='ltr'><strong>sed</strong></span> <span class='ocrx_word' id='word_1_219' title='bbox 1114 465 1195 491; x_wconf 75' lang='lat' dir='ltr'><strong>ctiam</strong></span> <span class='ocrx_word' id='word_1_220' title='bbox 1219 471 1280 499; x_wconf 80' lang='lat' dir='ltr'><strong>quae</strong></span> <span class='ocrx_word' id='word_1_221' title='bbox 1304 462 1410 498; x_wconf 85' lang='lat' dir='ltr'><strong>perdita</strong></span> <span class='ocrx_word' id='word_1_222' title='bbox 1437 467 1502 489; x_wconf 88' lang='lat' dir='ltr'><strong>sunt</strong></span> <span class='ocrx_word' id='word_1_223' title='bbox 1528 468 1694 496; x_wconf 85' lang='lat' dir='ltr'><strong>recuperare</strong></span> <span class='ocrx_word' id='word_1_224' title='bbox 1717 461 1826 488; x_wconf 60' lang='lat' dir='ltr'><strong>caelesti</strong></span> 
     </span>
    </p>
   </div>
   <div class='ocr_carea' id='block_1_34' title="bbox 1034 505 1828 545">
    <p class='ocr_par' dir='ltr' id='par_1_34' title="bbox 1034 505 1828 545">
     <span class='ocr_line' id='line_1_34' title="bbox 1034 505 1828 545; baseline -0.005 -9"><span class='ocrx_word' id='word_1_225' title='bbox 1034 509 1163 545; x_wconf 61' lang='lat' dir='ltr'><strong>prmsidio</strong></span> <span class='ocrx_word' id='word_1_226' title='bbox 1179 508 1340 544; x_wconf 84' lang='lat' dir='ltr'><strong>poterimus.</strong></span> <span class='ocrx_word' id='word_1_227' title='bbox 1355 506 1484 542; x_wconf 83' lang='lat' dir='ltr'><strong>Alioquin</strong></span> <span class='ocrx_word' id='word_1_228' title='bbox 1500 513 1598 542; x_wconf 74' lang='lat' dir='ltr'><strong>magno</strong></span> <span class='ocrx_word' id='word_1_229' title='bbox 1613 505 1766 533; x_wconf 87' lang='lat' dir='ltr'><strong>discrimini</strong></span> <span class='ocrx_word' id='word_1_230' title='bbox 1782 514 1828 533; x_wconf 69' lang='lat' dir='ltr'><strong>res</strong></span> 
     </span>
    </p>
   </div>
   <div class='ocr_carea' id='block_1_35' title="bbox 1035 550 1828 590">
    <p class='ocr_par' dir='ltr' id='par_1_35' title="bbox 1035 550 1828 590">
     <span class='ocr_line' id='line_1_35' title="bbox 1035 550 1828 590; baseline -0.006 -7"><span class='ocrx_word' id='word_1_231' title='bbox 1035 556 1142 584; x_wconf 82' lang='lat' dir='ltr'><strong>ltalicas</strong></span> <span class='ocrx_word' id='word_1_232' title='bbox 1161 562 1342 590; x_wconf 82' lang='lat' dir='ltr'><strong>exponemus.</strong></span> <span class='ocrx_word' id='word_1_233' title='bbox 1358 553 1391 580; x_wconf 87' lang='lat' dir='ltr'><strong>Et</strong></span> <span class='ocrx_word' id='word_1_234' title='bbox 1404 558 1433 580; x_wconf 92' lang='lat' dir='ltr'><strong>ut</strong></span> <span class='ocrx_word' id='word_1_235' title='bbox 1450 561 1513 580; x_wconf 87' lang='lat' dir='ltr'><strong>eum</strong></span> <span class='ocrx_word' id='word_1_236' title='bbox 1530 561 1562 579; x_wconf 92' lang='lat' dir='ltr'><strong>ea</strong></span> <span class='ocrx_word' id='word_1_237' title='bbox 1580 550 1746 588; x_wconf 88' lang='lat' dir='ltr'><strong>disjunctiva</strong></span> <span class='ocrx_word' id='word_1_238' title='bbox 1761 560 1828 579; x_wconf 83' lang='lat' dir='ltr'><strong>ora-</strong></span> 
     </span>
    </p>
   </div>
   <div class='ocr_carea' id='block_1_36' title="bbox 1035 598 1827 636">
    <p class='ocr_par' dir='ltr' id='par_1_36' title="bbox 1035 598 1827 636">
     <span class='ocr_line' id='line_1_36' title="bbox 1035 598 1827 636; baseline -0.005 -7"><span class='ocrx_word' id='word_1_239' title='bbox 1035 603 1136 630; x_wconf 86' lang='lat' dir='ltr'><strong>tionem</strong></span> <span class='ocrx_word' id='word_1_240' title='bbox 1152 602 1308 633; x_wconf 76' lang='lat' dir='ltr'><strong>terminem.</strong></span> <span class='ocrx_word' id='word_1_241' title='bbox 1324 608 1378 636; x_wconf 89' lang='lat' dir='ltr'><strong>qua</strong></span> <span class='ocrx_word' id='word_1_242' title='bbox 1393 600 1586 636; x_wconf 76' lang='lat' dir='ltr'><strong>superioribus</strong></span> <span class='ocrx_word' id='word_1_243' title='bbox 1608 599 1715 632; x_wconf 86' lang='lat' dir='ltr'><strong>diebus,</strong></span> <span class='ocrx_word' id='word_1_244' title='bbox 1731 598 1827 626; x_wconf 84' lang='lat' dir='ltr'><strong>audita</strong></span> 
     </span>
    </p>
   </div>
   <div class='ocr_carea' id='block_1_37' title="bbox 1035 645 1829 687">
    <p class='ocr_par' dir='ltr' id='par_1_37' title="bbox 1035 645 1829 687">
     <span class='ocr_line' id='line_1_37' title="bbox 1035 645 1829 687; baseline -0.005 -11"><span class='ocrx_word' id='word_1_245' title='bbox 1035 654 1092 676; x_wconf 90' lang='lat' dir='ltr'><strong>tum</strong></span> <span class='ocrx_word' id='word_1_246' title='bbox 1117 649 1234 684; x_wconf 89' lang='lat' dir='ltr'><strong>primum</strong></span> <span class='ocrx_word' id='word_1_247' title='bbox 1251 647 1391 676; x_wconf 83' lang='lat' dir='ltr'><strong>Chalcidis</strong></span> <span class='ocrx_word' id='word_1_248' title='bbox 1416 647 1560 674; x_wconf 86' lang='lat' dir='ltr'><strong>obsidione</strong></span> <span class='ocrx_word' id='word_1_249' title='bbox 1576 647 1604 674; x_wconf 90' lang='lat' dir='ltr'><strong>in</strong></span> <span class='ocrx_word' id='word_1_250' title='bbox 1625 645 1768 687; x_wconf 69' lang='lat' dir='ltr'><strong>pontiﬁcio</strong></span> <span class='ocrx_word' id='word_1_251' title='bbox 1783 653 1829 673; x_wconf 91' lang='lat' dir='ltr'><strong>se-</strong></span> 
     </span>
    </p>
   </div>
   <div class='ocr_carea' id='block_1_38' title="bbox 1035 691 1829 727">
    <p class='ocr_par' dir='ltr' id='par_1_38' title="bbox 1035 691 1829 727">
     <span class='ocr_line' id='line_1_38' title="bbox 1035 691 1829 727; baseline -0.006 -5"><span class='ocrx_word' id='word_1_252' title='bbox 1035 700 1100 723; x_wconf 87' lang='lat' dir='ltr'><strong>natu</strong></span> <span class='ocrx_word' id='word_1_253' title='bbox 1116 703 1181 722; x_wconf 87' lang='lat' dir='ltr'><strong>usus</strong></span> <span class='ocrx_word' id='word_1_254' title='bbox 1197 694 1247 727; x_wconf 81' lang='lat' dir='ltr'><strong>fui,</strong></span> <span class='ocrx_word' id='word_1_255' title='bbox 1276 698 1306 721; x_wconf 93' lang='lat' dir='ltr'><strong>ut</strong></span> <span class='ocrx_word' id='word_1_256' title='bbox 1325 694 1415 721; x_wconf 85' lang='lat' dir='ltr'><strong>ontuis</strong></span> <span class='ocrx_word' id='word_1_257' title='bbox 1435 693 1521 726; x_wconf 87' lang='lat' dir='ltr'><strong>Italia,</strong></span> <span class='ocrx_word' id='word_1_258' title='bbox 1541 691 1702 727; x_wconf 84' lang='lat' dir='ltr'><strong>compositis</strong></span> <span class='ocrx_word' id='word_1_259' title='bbox 1720 699 1753 719; x_wconf 85' lang='lat' dir='ltr'><strong>ac</strong></span> <span class='ocrx_word' id='word_1_260' title='bbox 1779 699 1829 725; x_wconf 88' lang='lat' dir='ltr'><strong>pa-</strong></span> 
     </span>
    </p>
   </div>
   <div class='ocr_carea' id='block_1_39' title="bbox 1035 738 1828 774">
    <p class='ocr_par' dir='ltr' id='par_1_39' title="bbox 1035 738 1828 774">
     <span class='ocr_line' id='line_1_39' title="bbox 1035 738 1828 774; baseline -0.006 -6"><span class='ocrx_word' id='word_1_261' title='bbox 1035 742 1103 768; x_wconf 84' lang='lat' dir='ltr'><strong>catis</strong></span> <span class='ocrx_word' id='word_1_262' title='bbox 1116 741 1209 774; x_wconf 86' lang='lat' dir='ltr'><strong>rebus,</strong></span> <span class='ocrx_word' id='word_1_263' title='bbox 1231 745 1258 768; x_wconf 89' lang='lat' dir='ltr'><strong>et</strong></span> <span class='ocrx_word' id='word_1_264' title='bbox 1274 740 1348 767; x_wconf 92' lang='lat' dir='ltr'><strong>omni</strong></span> <span class='ocrx_word' id='word_1_265' title='bbox 1375 739 1515 766; x_wconf 88' lang='lat' dir='ltr'><strong>situultate</strong></span> <span class='ocrx_word' id='word_1_266' title='bbox 1543 739 1680 774; x_wconf 89' lang='lat' dir='ltr'><strong>deposita,</strong></span> <span class='ocrx_word' id='word_1_267' title='bbox 1702 738 1828 765; x_wconf 87' lang='lat' dir='ltr'><strong>omnium</strong></span> 
     </span>
    </p>
   </div>
   <div class='ocr_carea' id='block_1_40' title="bbox 1035 784 1827 820">
    <p class='ocr_par' dir='ltr' id='par_1_40' title="bbox 1035 784 1827 820">
     <span class='ocr_line' id='line_1_40' title="bbox 1035 784 1827 820; baseline -0.005 -6"><span class='ocrx_word' id='word_1_268' title='bbox 1035 787 1141 815; x_wconf 84' lang='lat' dir='ltr'><strong>viribus</strong></span> <span class='ocrx_word' id='word_1_269' title='bbox 1168 787 1194 814; x_wconf 91' lang='lat' dir='ltr'><strong>in</strong></span> <span class='ocrx_word' id='word_1_270' title='bbox 1220 794 1303 814; x_wconf 90' lang='lat' dir='ltr'><strong>unum</strong></span> <span class='ocrx_word' id='word_1_271' title='bbox 1333 786 1450 817; x_wconf 83' lang='lat' dir='ltr'><strong>collatis,</strong></span> <span class='ocrx_word' id='word_1_272' title='bbox 1477 786 1532 813; x_wconf 88' lang='lat' dir='ltr'><strong>Deo</strong></span> <span class='ocrx_word' id='word_1_273' title='bbox 1555 785 1620 820; x_wconf 86' lang='lat' dir='ltr'><strong>Opt.</strong></span> <span class='ocrx_word' id='word_1_274' title='bbox 1647 785 1717 812; x_wconf 88' lang='lat' dir='ltr'><strong>Max.</strong></span> <span class='ocrx_word' id='word_1_275' title='bbox 1743 784 1827 814; x_wconf 87' lang='lat' dir='ltr'><strong>duce,</strong></span> 
     </span>
    </p>
   </div>
   <div class='ocr_carea' id='block_1_41' title="bbox 1036 830 1827 866">
    <p class='ocr_par' dir='ltr' id='par_1_41' title="bbox 1036 830 1827 866">
     <span class='ocr_line' id='line_1_41' title="bbox 1036 830 1827 866; baseline -0.006 -5"><span class='ocrx_word' id='word_1_276' title='bbox 1036 833 1186 861; x_wconf 87' lang='lat' dir='ltr'><strong>Turcorum</strong></span> <span class='ocrx_word' id='word_1_277' title='bbox 1205 832 1278 860; x_wconf 90' lang='lat' dir='ltr'><strong>vires</strong></span> <span class='ocrx_word' id='word_1_278' title='bbox 1303 836 1430 860; x_wconf 86' lang='lat' dir='ltr'><strong>conteret</strong></span> <span class='ocrx_word' id='word_1_279' title='bbox 1459 836 1541 866; x_wconf 87' lang='lat' dir='ltr'><strong>atque</strong></span> <span class='ocrx_word' id='word_1_280' title='bbox 1568 831 1717 866; x_wconf 72' lang='lat' dir='ltr'><strong>infringet;</strong></span> <span class='ocrx_word' id='word_1_281' title='bbox 1739 834 1787 857; x_wconf 86' lang='lat' dir='ltr'><strong>aut</strong></span> <span class='ocrx_word' id='word_1_282' title='bbox 1803 830 1827 857; x_wconf 87' lang='lat' dir='ltr'><strong>si</strong></span> 
     </span>
    </p>
   </div>
   <div class='ocr_carea' id='block_1_42' title="bbox 1035 876 1828 914">
    <p class='ocr_par' dir='ltr' id='par_1_42' title="bbox 1035 876 1828 914">
     <span class='ocr_line' id='line_1_42' title="bbox 1035 876 1828 914; baseline -0.005 -8"><span class='ocrx_word' id='word_1_283' title='bbox 1035 879 1109 914; x_wconf 91' lang='lat' dir='ltr'><strong>quod</strong></span> <span class='ocrx_word' id='word_1_284' title='bbox 1124 877 1312 913; x_wconf 83' lang='lat' dir='ltr'><strong>duodeviginti</strong></span> <span class='ocrx_word' id='word_1_285' title='bbox 1324 878 1379 912; x_wconf 86' lang='lat' dir='ltr'><strong>jam</strong></span> <span class='ocrx_word' id='word_1_286' title='bbox 1390 878 1469 905; x_wconf 84' lang='lat' dir='ltr'><strong>annis</strong></span> <span class='ocrx_word' id='word_1_287' title='bbox 1479 877 1671 913; x_wconf 71' lang='lat' dir='ltr'><strong>postByzantii</strong></span> <span class='ocrx_word' id='word_1_288' title='bbox 1686 876 1828 904; x_wconf 77' lang='lat' dir='ltr'><strong>excidium</strong></span> 
     </span>
    </p>
   </div>
   <div class='ocr_carea' id='block_1_43' title="bbox 1034 922 1830 959">
    <p class='ocr_par' dir='ltr' id='par_1_43' title="bbox 1034 922 1830 959">
     <span class='ocr_line' id='line_1_43' title="bbox 1034 922 1830 959; baseline -0.001 -8"><span class='ocrx_word' id='word_1_289' title='bbox 1034 924 1137 959; x_wconf 80' lang='lat' dir='ltr'><strong>experti</strong></span> <span class='ocrx_word' id='word_1_290' title='bbox 1162 931 1268 956; x_wconf 84' lang='lat' dir='ltr'><strong>sumus,</strong></span> <span class='ocrx_word' id='word_1_291' title='bbox 1290 923 1416 951; x_wconf 86' lang='lat' dir='ltr'><strong>inanibus</strong></span> <span class='ocrx_word' id='word_1_292' title='bbox 1429 924 1562 950; x_wconf 76' lang='lat' dir='ltr'><strong>duntaxat</strong></span> <span class='ocrx_word' id='word_1_293' title='bbox 1587 922 1680 949; x_wconf 86' lang='lat' dir='ltr'><strong>verbis</strong></span> <span class='ocrx_word' id='word_1_294' title='bbox 1697 929 1729 949; x_wconf 88' lang='lat' dir='ltr'><strong>ac</strong></span> <span class='ocrx_word' id='word_1_295' title='bbox 1749 922 1830 950; x_wconf 73' lang='lat' dir='ltr'><strong>vanis</strong></span> 
     </span>
    </p>
   </div>
   <div class='ocr_carea' id='block_1_44' title="bbox 1035 969 1828 1007">
    <p class='ocr_par' dir='ltr' id='par_1_44' title="bbox 1035 969 1828 1007">
     <span class='ocr_line' id='line_1_44' title="bbox 1035 969 1828 1007; baseline -0.003 -9"><span class='ocrx_word' id='word_1_296' title='bbox 1035 970 1464 1007; x_wconf 60' lang='lat' dir='ltr'><strong>pollicitationibusjvacabimus,</strong></span> <span class='ocrx_word' id='word_1_297' title='bbox 1479 969 1556 997; x_wconf 89' lang='lat' dir='ltr'><strong>brevi</strong></span> <span class='ocrx_word' id='word_1_298' title='bbox 1571 969 1828 1004; x_wconf 80' lang='lat' dir='ltr'><strong>temporeunivcrsa</strong></span> 
     </span>
    </p>
   </div>
   <div class='ocr_carea' id='block_1_45' title="bbox 1034 1007 1850 1051">
    <p class='ocr_par' dir='ltr' id='par_1_45' title="bbox 1034 1007 1850 1051">
     <span class='ocr_line' id='line_1_45' title="bbox 1034 1007 1850 1051; baseline -0.002 -8"><span class='ocrx_word' id='word_1_299' title='bbox 1034 1007 1169 1044; x_wconf 58' lang='lat' dir='ltr'><strong>Italia&quot;...</strong></span> <span class='ocrx_word' id='word_1_300' title='bbox 1183 1017 1230 1044; x_wconf 88' lang='lat' dir='ltr'><strong>sed</strong></span> <span class='ocrx_word' id='word_1_301' title='bbox 1245 1024 1392 1051; x_wconf 87' lang='lat' dir='ltr'><strong>compesco</strong></span> <span class='ocrx_word' id='word_1_302' title='bbox 1406 1015 1547 1048; x_wconf 91' lang='lat' dir='ltr'><strong>labellum,</strong></span> <span class='ocrx_word' id='word_1_303' title='bbox 1560 1023 1612 1043; x_wconf 88' lang='lat' dir='ltr'><strong>nec</strong></span> <span class='ocrx_word' id='word_1_304' title='bbox 1624 1015 1649 1042; x_wconf 93' lang='lat' dir='ltr'><strong>id</strong></span> <span class='ocrx_word' id='word_1_305' title='bbox 1661 1015 1828 1050; x_wconf 82' lang='lat' dir='ltr'><strong>exprimam,</strong></span> <span class='ocrx_word' id='word_1_306' title='bbox 1844 1019 1850 1024; x_wconf 89' lang='lat'>&#39;</span> 
     </span>
    </p>
   </div>
   <div class='ocr_carea' id='block_1_46' title="bbox 1036 1061 1779 1099">
    <p class='ocr_par' dir='ltr' id='par_1_46' title="bbox 1036 1061 1779 1099">
     <span class='ocr_line' id='line_1_46' title="bbox 1036 1061 1779 1099; baseline 0 -11"><span class='ocrx_word' id='word_1_307' title='bbox 1036 1063 1108 1098; x_wconf 89' lang='lat' dir='ltr'><strong>quod</strong></span> <span class='ocrx_word' id='word_1_308' title='bbox 1133 1063 1228 1090; x_wconf 90' lang='lat' dir='ltr'><strong>auditu</strong></span> <span class='ocrx_word' id='word_1_309' title='bbox 1245 1071 1356 1099; x_wconf 89' lang='lat' dir='ltr'><strong>quoque</strong></span> <span class='ocrx_word' id='word_1_310' title='bbox 1369 1063 1460 1090; x_wconf 90' lang='lat' dir='ltr'><strong>dirqu</strong></span> <span class='ocrx_word' id='word_1_311' title='bbox 1474 1067 1558 1097; x_wconf 87' lang='lat' dir='ltr'><strong>atque</strong></span> <span class='ocrx_word' id='word_1_312' title='bbox 1573 1061 1708 1090; x_wconf 85' lang='lat' dir='ltr'><strong>horribile</strong></span> <span class='ocrx_word' id='word_1_313' title='bbox 1724 1067 1779 1089; x_wconf 87' lang='lat' dir='ltr'><strong>est.</strong></span> 
     </span>
    </p>
   </div>
   <div class='ocr_carea' id='block_1_47' title="bbox 1071 1108 1829 1145">
    <p class='ocr_par' dir='ltr' id='par_1_47' title="bbox 1071 1108 1829 1145">
     <span class='ocr_line' id='line_1_47' title="bbox 1071 1108 1829 1145; baseline -0.001 -8"><span class='ocrx_word' id='word_1_314' title='bbox 1071 1109 1161 1142; x_wconf 87' lang='lat' dir='ltr'><strong>Quare</strong></span> <span class='ocrx_word' id='word_1_315' title='bbox 1178 1114 1208 1137; x_wconf 90' lang='lat' dir='ltr'><strong>ut</strong></span> <span class='ocrx_word' id='word_1_316' title='bbox 1224 1110 1384 1145; x_wconf 81' lang='lat' dir='ltr'><strong>gravissima</strong></span> <span class='ocrx_word' id='word_1_317' title='bbox 1402 1108 1573 1137; x_wconf 85' lang='lat' dir='ltr'><strong>declinemus</strong></span> <span class='ocrx_word' id='word_1_318' title='bbox 1587 1109 1718 1145; x_wconf 79' lang='lat' dir='ltr'><strong>pericula,</strong></span> <span class='ocrx_word' id='word_1_319' title='bbox 1742 1113 1829 1144; x_wconf 79' lang='lat' dir='ltr'><strong>atque</strong></span> 
     </span>
    </p>
   </div>
   <div class='ocr_carea' id='block_1_48' title="bbox 1038 1156 1830 1192">
    <p class='ocr_par' dir='ltr' id='par_1_48' title="bbox 1038 1156 1830 1192">
     <span class='ocr_line' id='line_1_48' title="bbox 1038 1156 1830 1192; baseline 0 -9"><span class='ocrx_word' id='word_1_320' title='bbox 1038 1161 1158 1192; x_wconf 84' lang='lat' dir='ltr'><strong>optatam</strong></span> <span class='ocrx_word' id='word_1_321' title='bbox 1170 1156 1313 1184; x_wconf 88' lang='lat' dir='ltr'><strong>victoriam</strong></span> <span class='ocrx_word' id='word_1_322' title='bbox 1327 1164 1542 1192; x_wconf 86' lang='lat' dir='ltr'><strong>consequamur,</strong></span> <span class='ocrx_word' id='word_1_323' title='bbox 1558 1164 1608 1185; x_wconf 88' lang='lat' dir='ltr'><strong>vos</strong></span> <span class='ocrx_word' id='word_1_324' title='bbox 1622 1163 1730 1189; x_wconf 85' lang='lat' dir='ltr'><strong>omnes,</strong></span> <span class='ocrx_word' id='word_1_325' title='bbox 1748 1156 1830 1191; x_wconf 89' lang='lat' dir='ltr'><strong>prin-</strong></span> 
     </span>
    </p>
   </div>
   <div class='ocr_carea' id='block_1_49' title="bbox 1037 1203 1831 1238">
    <p class='ocr_par' dir='ltr' id='par_1_49' title="bbox 1037 1203 1831 1238">
     <span class='ocr_line' id='line_1_49' title="bbox 1037 1203 1831 1238; baseline 0 -8"><span class='ocrx_word' id='word_1_326' title='bbox 1037 1203 1114 1237; x_wconf 88' lang='lat' dir='ltr'><strong>cipes</strong></span> <span class='ocrx_word' id='word_1_327' title='bbox 1138 1203 1286 1238; x_wconf 88' lang='lat' dir='ltr'><strong>populique</strong></span> <span class='ocrx_word' id='word_1_328' title='bbox 1308 1203 1468 1235; x_wconf 87' lang='lat' dir='ltr'><strong>Christiani,</strong></span> <span class='ocrx_word' id='word_1_329' title='bbox 1485 1203 1603 1231; x_wconf 70' lang='lat' dir='ltr'><strong>ut‘omni</strong></span> <span class='ocrx_word' id='word_1_330' title='bbox 1629 1203 1662 1231; x_wconf 87' lang='lat' dir='ltr'><strong>ad</strong></span> <span class='ocrx_word' id='word_1_331' title='bbox 1690 1203 1718 1230; x_wconf 90' lang='lat' dir='ltr'><strong>id</strong></span> <span class='ocrx_word' id='word_1_332' title='bbox 1734 1203 1831 1230; x_wconf 85' lang='lat' dir='ltr'><strong>studio</strong></span> 
     </span>
    </p>
   </div>
   <div class='ocr_carea' id='block_1_50' title="bbox 1039 1250 1831 1286">
    <p class='ocr_par' dir='ltr' id='par_1_50' title="bbox 1039 1250 1831 1286">
     <span class='ocr_line' id='line_1_50' title="bbox 1039 1250 1831 1286; baseline -0.001 -9"><span class='ocrx_word' id='word_1_333' title='bbox 1039 1250 1214 1282; x_wconf 87' lang='lat' dir='ltr'><strong>ineumbatis,</strong></span> <span class='ocrx_word' id='word_1_334' title='bbox 1231 1250 1342 1284; x_wconf 83' lang='lat' dir='ltr'><strong>quantis</strong></span> <span class='ocrx_word' id='word_1_335' title='bbox 1356 1250 1482 1278; x_wconf 86' lang='lat' dir='ltr'><strong>maximis</strong></span> <span class='ocrx_word' id='word_1_336' title='bbox 1495 1257 1608 1284; x_wconf 83' lang='lat' dir='ltr'><strong>possqu</strong></span> <span class='ocrx_word' id='word_1_337' title='bbox 1628 1250 1770 1286; x_wconf 84' lang='lat' dir='ltr'><strong>precibus,</strong></span> <span class='ocrx_word' id='word_1_338' title='bbox 1779 1256 1831 1277; x_wconf 90' lang='lat' dir='ltr'><strong>oro</strong></span> 
     </span>
    </p>
   </div>
   <div class='ocr_carea' id='block_1_51' title="bbox 1038 1295 1320 1331">
    <p class='ocr_par' dir='ltr' id='par_1_51' title="bbox 1038 1295 1320 1331">
     <span class='ocr_line' id='line_1_51' title="bbox 1038 1295 1320 1331; baseline 0.004 -9"><span class='ocrx_word' id='word_1_339' title='bbox 1038 1299 1121 1330; x_wconf 89' lang='lat' dir='ltr'><strong>atque</strong></span> <span class='ocrx_word' id='word_1_340' title='bbox 1132 1295 1254 1322; x_wconf 83' lang='lat' dir='ltr'><strong>obtestor</strong></span> <span class='ocrx_word' id='word_1_341' title='bbox 1271 1296 1320 1331; x_wconf 79' lang='grc' dir='ltr'><strong>(ί).</strong></span> 
     </span>
    </p>
   </div>
   <div class='ocr_carea' id='block_1_52' title="bbox 1653 1364 1821 1372">
    <p class='ocr_par' dir='ltr' id='par_1_52' title="bbox 1653 1364 1821 1372">
     <span class='ocr_line' id='line_1_52' title="bbox 1653 1364 1821 1372; baseline 0.012 -2"><span class='ocrx_word' id='word_1_342' title='bbox 1653 1364 1821 1372; x_wconf 76' lang='lat'><strong>—.—_-</strong></span> 
     </span>
    </p>
   </div>
   <div class='ocr_carea' id='block_1_53' title="bbox 198 1387 1828 1538">
    <p class='ocr_par' dir='ltr' id='par_1_53' title="bbox 198 1387 1828 1538">
     <span class='ocr_line' id='line_1_53' title="bbox 198 1387 1828 1538; baseline 0.004 -12"><span class='ocrx_word' id='word_1_343' title='bbox 198 1449 828 1529; x_wconf 82' lang='lat' dir='ltr'><strong>BESSARIONIS</strong></span> <span class='ocrx_word' id='word_1_344' title='bbox 872 1450 953 1529; x_wconf 87' lang='lat' dir='ltr'><strong>S.</strong></span> <span class='ocrx_word' id='word_1_345' title='bbox 991 1453 1081 1529; x_wconf 80' lang='grc' dir='ltr'><strong>Β.</strong></span> <span class='ocrx_word' id='word_1_346' title='bbox 1121 1452 1214 1529; x_wconf 89' lang='grc' dir='ltr'><strong>Ε.</strong></span> <span class='ocrx_word' id='word_1_347' title='bbox 1251 1387 1828 1538; x_wconf 73' lang='lat' dir='ltr'><strong>CARDINALIS</strong></span> 
     </span>
    </p>
   </div>
   <div class='ocr_carea' id='block_1_54' title="bbox 816 1598 1210 1656">
    <p class='ocr_par' dir='ltr' id='par_1_54' title="bbox 816 1598 1210 1656">
     <span class='ocr_line' id='line_1_54' title="bbox 816 1598 1210 1656; baseline -0.003 -1"><span class='ocrx_word' id='word_1_348' title='bbox 816 1598 1210 1656; x_wconf 63' lang='lat' dir='ltr'><strong>EPISTOLZE.</strong></span> 
     </span>
    </p>
   </div>
   <div class='ocr_carea' id='block_1_55' title="bbox 587 1781 1845 1829">
    <p class='ocr_par' dir='ltr' id='par_1_55' title="bbox 587 1781 1845 1829">
     <span class='ocr_line' id='line_1_55' title="bbox 587 1781 1845 1829; baseline 0.01 -18"><span class='ocrx_word' id='word_1_349' title='bbox 587 1781 612 1811; x_wconf 80' lang='grc' dir='ltr'><strong>Ι.</strong></span> <span class='ocrx_word' id='word_1_350' title='bbox 1001 1791 1023 1820; x_wconf 81' lang='lat' dir='ltr'><strong>c</strong></span> <span class='ocrx_word' id='word_1_351' title='bbox 1041 1793 1103 1822; x_wconf 82' lang='lat' dir='ltr'><strong>post</strong></span> <span class='ocrx_word' id='word_1_352' title='bbox 1126 1788 1323 1822; x_wconf 62' lang='lat' dir='ltr'><strong>atquinoctium</strong></span> <span class='ocrx_word' id='word_1_353' title='bbox 1341 1790 1480 1824; x_wconf 87' lang='lat' dir='ltr'><strong>oppositio</strong></span> <span class='ocrx_word' id='word_1_354' title='bbox 1496 1791 1613 1824; x_wconf 88' lang='lat' dir='ltr'><strong>lunaris,</strong></span> <span class='ocrx_word' id='word_1_355' title='bbox 1632 1800 1688 1828; x_wconf 89' lang='lat' dir='ltr'><strong>quo</strong></span> <span class='ocrx_word' id='word_1_356' title='bbox 1704 1797 1845 1829; x_wconf 69' lang='lat' dir='ltr'><strong>tempore</strong></span> 
     </span>
    </p>
   </div>
   <div class='ocr_carea' id='block_1_56' title="bbox 197 1837 986 1874">
    <p class='ocr_par' dir='ltr' id='par_1_56' title="bbox 197 1837 986 1874">
     <span class='ocr_line' id='line_1_56' title="bbox 197 1837 986 1874; baseline 0.003 -7"><span class='ocrx_word' id='word_1_357' title='bbox 197 1839 376 1871; x_wconf 68' lang='lat' dir='ltr'><strong>Bessariouis,</strong></span> <span class='ocrx_word' id='word_1_358' title='bbox 389 1839 502 1874; x_wconf 77' lang='lat' dir='ltr'><strong>episcopi</strong></span> <span class='ocrx_word' id='word_1_359' title='bbox 528 1837 632 1872; x_wconf 76' lang='lat' dir='ltr'><strong>Sabini,</strong></span> <span class='ocrx_word' id='word_1_360' title='bbox 658 1839 805 1867; x_wconf 79' lang='lat' dir='ltr'><strong>cardiualis</strong></span> <span class='ocrx_word' id='word_1_361' title='bbox 830 1840 932 1868; x_wconf 67' lang='lat' dir='ltr'><strong>Nicani</strong></span> <span class='ocrx_word' id='word_1_362' title='bbox 954 1850 986 1869; x_wconf 85' lang='lat' dir='ltr'><strong>ac</strong></span> 
     </span>
    </p>
   </div>
   <div class='ocr_carea' id='block_1_57' title="bbox 202 1874 986 1912">
    <p class='ocr_par' dir='ltr' id='par_1_57' title="bbox 202 1874 986 1912">
     <span class='ocr_line' id='line_1_57' title="bbox 202 1874 986 1912; baseline 0.003 -11"><span class='ocrx_word' id='word_1_363' title='bbox 202 1903 203 1906; x_wconf 32' lang='grc' dir='ltr'><strong>η</strong></span> <span class='ocrx_word' id='word_1_364' title='bbox 232 1875 394 1912; x_wconf 74' lang='lat' dir='ltr'><strong>pa_trt&#39;arcltw</strong></span> <span class='ocrx_word' id='word_1_365' title='bbox 411 1874 712 1912; x_wconf 64' lang='lat' dir='ltr'><strong>Canitantinopolitani,</strong></span> <span class='ocrx_word' id='word_1_366' title='bbox 730 1875 764 1912; x_wconf 66' lang='lat' dir='ltr'><strong>ad</strong></span> <span class='ocrx_word' id='word_1_367' title='bbox 785 1875 900 1912; x_wconf 59' lang='lat' dir='ltr'><strong>Pastum</strong></span> <span class='ocrx_word' id='word_1_368' title='bbox 920 1884 986 1912; x_wconf 84' lang='lat' dir='ltr'><strong>pon-</strong></span> 
     </span>
    </p>
   </div>
   <div class='ocr_carea' id='block_1_58' title="bbox 231 1909 882 1947">
    <p class='ocr_par' dir='ltr' id='par_1_58' title="bbox 231 1909 882 1947">
     <span class='ocr_line' id='line_1_58' title="bbox 231 1909 882 1947; baseline 0.003 -11"><span class='ocrx_word' id='word_1_369' title='bbox 231 1910 330 1944; x_wconf 77' lang='lat' dir='ltr'><strong>tiﬁcem</strong></span> <span class='ocrx_word' id='word_1_370' title='bbox 346 1909 505 1942; x_wconf 70' lang='lat' dir='ltr'><strong>maximum,</strong></span> <span class='ocrx_word' id='word_1_371' title='bbox 521 1909 554 1936; x_wconf 86' lang='lat' dir='ltr'><strong>de</strong></span> <span class='ocrx_word' id='word_1_372' title='bbox 569 1917 659 1936; x_wconf 86' lang='lat' dir='ltr'><strong>errore</strong></span> <span class='ocrx_word' id='word_1_373' title='bbox 674 1909 814 1938; x_wconf 75' lang='lat' dir='ltr'><strong>Paschalis</strong></span> <span class='ocrx_word' id='word_1_374' title='bbox 830 1910 882 1947; x_wconf 68' lang='grc' dir='ltr'><strong>(Ω).</strong></span> 
     </span>
    </p>
   </div>
   <div class='ocr_carea' id='block_1_59' title="bbox 233 1967 986 2000">
    <p class='ocr_par' dir='ltr' id='par_1_59' title="bbox 233 1967 986 2000">
     <span class='ocr_line' id='line_1_59' title="bbox 233 1967 986 2000; baseline -0.001 -4"><span class='ocrx_word' id='word_1_375' title='bbox 233 1968 293 1996; x_wconf 84' lang='grc' dir='ltr'><strong>Νοη</strong></span> <span class='ocrx_word' id='word_1_376' title='bbox 310 1967 425 1996; x_wconf 88' lang='lat' dir='ltr'><strong>dubium</strong></span> <span class='ocrx_word' id='word_1_377' title='bbox 449 1972 502 2000; x_wconf 86' lang='lat' dir='ltr'><strong>cst,</strong></span> <span class='ocrx_word' id='word_1_378' title='bbox 521 1967 680 1995; x_wconf 82' lang='lat' dir='ltr'><strong>beatissime</strong></span> <span class='ocrx_word' id='word_1_379' title='bbox 697 1968 789 2000; x_wconf 78' lang='lat' dir='ltr'><strong>Pater,</strong></span> <span class='ocrx_word' id='word_1_380' title='bbox 814 1969 839 1996; x_wconf 91' lang='lat' dir='ltr'><strong>in</strong></span> <span class='ocrx_word' id='word_1_381' title='bbox 859 1976 986 1996; x_wconf 77' lang='lat' dir='ltr'><strong>resurre-</strong></span> 
     </span>
    </p>
   </div>
   <div class='ocr_carea' id='block_1_60' title="bbox 195 2013 985 2050">
    <p class='ocr_par' dir='ltr' id='par_1_60' title="bbox 195 2013 985 2050">
     <span class='ocr_line' id='line_1_60' title="bbox 195 2013 985 2050; baseline -0.001 -7"><span class='ocrx_word' id='word_1_382' title='bbox 195 2014 298 2043; x_wconf 85' lang='lat' dir='ltr'><strong>ctionis</strong></span> <span class='ocrx_word' id='word_1_383' title='bbox 320 2014 454 2042; x_wconf 85' lang='lat' dir='ltr'><strong>Pasebate</strong></span> <span class='ocrx_word' id='word_1_384' title='bbox 486 2013 655 2041; x_wconf 85' lang='lat' dir='ltr'><strong>celebrando</strong></span> <span class='ocrx_word' id='word_1_385' title='bbox 686 2017 810 2042; x_wconf 84' lang='lat' dir='ltr'><strong>errorem</strong></span> <span class='ocrx_word' id='word_1_386' title='bbox 835 2015 985 2050; x_wconf 85' lang='lat' dir='ltr'><strong>aliquando</strong></span> 
     </span>
    </p>
   </div>
   <div class='ocr_carea' id='block_1_61' title="bbox 194 2058 985 2096">
    <p class='ocr_par' dir='ltr' id='par_1_61' title="bbox 194 2058 985 2096">
     <span class='ocr_line' id='line_1_61' title="bbox 194 2058 985 2096; baseline 0.003 -10"><span class='ocrx_word' id='word_1_387' title='bbox 194 2058 331 2096; x_wconf 81' lang='lat' dir='ltr'><strong>committi</strong></span> <span class='ocrx_word' id='word_1_388' title='bbox 352 2068 359 2085; x_wconf 88' lang='lat'><strong>:</strong></span> <span class='ocrx_word' id='word_1_389' title='bbox 384 2065 583 2094; x_wconf 87' lang='lat' dir='ltr'><strong>nonnunquam</strong></span> <span class='ocrx_word' id='word_1_390' title='bbox 597 2063 659 2086; x_wconf 88' lang='lat' dir='ltr'><strong>octo</strong></span> <span class='ocrx_word' id='word_1_391' title='bbox 680 2058 799 2092; x_wconf 87' lang='lat' dir='ltr'><strong>dierum,</strong></span> <span class='ocrx_word' id='word_1_392' title='bbox 813 2061 985 2095; x_wconf 86' lang='lat' dir='ltr'><strong>quandoque</strong></span> 
     </span>
    </p>
   </div>
   <div class='ocr_carea' id='block_1_62' title="bbox 199 2104 985 2140">
    <p class='ocr_par' dir='ltr' id='par_1_62' title="bbox 199 2104 985 2140">
     <span class='ocr_line' id='line_1_62' title="bbox 199 2104 985 2140; baseline 0.004 -9"><span class='ocrx_word' id='word_1_393' title='bbox 199 2105 282 2132; x_wconf 87' lang='lat' dir='ltr'><strong>unius</strong></span> <span class='ocrx_word' id='word_1_394' title='bbox 301 2104 407 2132; x_wconf 86' lang='lat' dir='ltr'><strong>mensis</strong></span> <span class='ocrx_word' id='word_1_395' title='bbox 426 2108 454 2132; x_wconf 85' lang='lat' dir='ltr'><strong>et</strong></span> <span class='ocrx_word' id='word_1_396' title='bbox 470 2104 599 2140; x_wconf 85' lang='lat' dir='ltr'><strong>amplius,</strong></span> <span class='ocrx_word' id='word_1_397' title='bbox 617 2110 647 2132; x_wconf 92' lang='lat' dir='ltr'><strong>ut</strong></span> <span class='ocrx_word' id='word_1_398' title='bbox 666 2104 719 2133; x_wconf 86' lang='lat' dir='ltr'><strong>lioc</strong></span> <span class='ocrx_word' id='word_1_399' title='bbox 740 2114 812 2133; x_wconf 88' lang='lat' dir='ltr'><strong>anno</strong></span> <span class='ocrx_word' id='word_1_400' title='bbox 836 2106 903 2133; x_wconf 67' lang='lat' dir='ltr'><strong>i470</strong></span> <span class='ocrx_word' id='word_1_401' title='bbox 919 2114 985 2134; x_wconf 85' lang='lat' dir='ltr'><strong>eve-</strong></span> 
     </span>
    </p>
   </div>
   <div class='ocr_carea' id='block_1_63' title="bbox 195 2150 986 2184">
    <p class='ocr_par' dir='ltr' id='par_1_63' title="bbox 195 2150 986 2184">
     <span class='ocr_line' id='line_1_63' title="bbox 195 2150 986 2184; baseline 0.003 -6"><span class='ocrx_word' id='word_1_402' title='bbox 195 2150 273 2184; x_wconf 84' lang='lat' dir='ltr'><strong>niet;</strong></span> <span class='ocrx_word' id='word_1_403' title='bbox 299 2150 352 2179; x_wconf 89' lang='lat' dir='ltr'><strong>hoc</strong></span> <span class='ocrx_word' id='word_1_404' title='bbox 378 2155 469 2178; x_wconf 86' lang='lat' dir='ltr'><strong>tamen</strong></span> <span class='ocrx_word' id='word_1_405' title='bbox 498 2158 561 2178; x_wconf 87' lang='lat' dir='ltr'><strong>raro</strong></span> <span class='ocrx_word' id='word_1_406' title='bbox 589 2152 702 2180; x_wconf 86' lang='lat' dir='ltr'><strong>accidit.</strong></span> <span class='ocrx_word' id='word_1_407' title='bbox 720 2152 830 2180; x_wconf 89' lang='lat' dir='ltr'><strong>Duabus</strong></span> <span class='ocrx_word' id='word_1_408' title='bbox 845 2153 880 2180; x_wconf 83' lang='lat' dir='ltr'><strong>de</strong></span> <span class='ocrx_word' id='word_1_409' title='bbox 894 2153 986 2181; x_wconf 84' lang='lat' dir='ltr'><strong>causis</strong></span> 
     </span>
    </p>
   </div>
   <div class='ocr_carea' id='block_1_64' title="bbox 194 2197 985 2231">
    <p class='ocr_par' dir='ltr' id='par_1_64' title="bbox 194 2197 985 2231">
     <span class='ocr_line' id='line_1_64' title="bbox 194 2197 985 2231; baseline 0.004 -7"><span class='ocrx_word' id='word_1_410' title='bbox 194 2205 274 2225; x_wconf 83' lang='lat' dir='ltr'><strong>error</strong></span> <span class='ocrx_word' id='word_1_411' title='bbox 295 2197 424 2231; x_wconf 85' lang='lat' dir='ltr'><strong>exsistit;</strong></span> <span class='ocrx_word' id='word_1_412' title='bbox 453 2197 540 2225; x_wconf 86' lang='lat' dir='ltr'><strong>altera</strong></span> <span class='ocrx_word' id='word_1_413' title='bbox 564 2205 598 2225; x_wconf 83' lang='lat' dir='ltr'><strong>ex</strong></span> <span class='ocrx_word' id='word_1_414' title='bbox 625 2198 823 2231; x_wconf 87' lang='lat' dir='ltr'><strong>lunationibus,</strong></span> <span class='ocrx_word' id='word_1_415' title='bbox 841 2199 926 2227; x_wconf 87' lang='lat' dir='ltr'><strong>altera</strong></span> <span class='ocrx_word' id='word_1_416' title='bbox 950 2200 985 2227; x_wconf 84' lang='lat' dir='ltr'><strong>ab</strong></span> 
     </span>
    </p>
   </div>
   <div class='ocr_carea' id='block_1_65' title="bbox 193 2242 986 2279">
    <p class='ocr_par' dir='ltr' id='par_1_65' title="bbox 193 2242 986 2279">
     <span class='ocr_line' id='line_1_65' title="bbox 193 2242 986 2279; baseline 0.003 -8"><span class='ocrx_word' id='word_1_417' title='bbox 193 2244 372 2279; x_wconf 67' lang='lat' dir='ltr'><strong>aequinoctio.</strong></span> <span class='ocrx_word' id='word_1_418' title='bbox 390 2242 457 2270; x_wconf 84' lang='lat' dir='ltr'><strong>Nam</strong></span> <span class='ocrx_word' id='word_1_419' title='bbox 480 2244 569 2272; x_wconf 89' lang='lat' dir='ltr'><strong>sancti</strong></span> <span class='ocrx_word' id='word_1_420' title='bbox 591 2244 688 2272; x_wconf 87' lang='lat' dir='ltr'><strong>Patres</strong></span> <span class='ocrx_word' id='word_1_421' title='bbox 709 2245 799 2273; x_wconf 89' lang='lat' dir='ltr'><strong>nostri</strong></span> <span class='ocrx_word' id='word_1_422' title='bbox 815 2246 918 2274; x_wconf 77' lang='lat' dir='ltr'><strong>Pascha</strong></span> <span class='ocrx_word' id='word_1_423' title='bbox 936 2254 986 2273; x_wconf 91' lang='lat' dir='ltr'><strong>no-</strong></span> 
     </span>
    </p>
   </div>
   <div class='ocr_carea' id='block_1_66' title="bbox 194 2289 983 2330">
    <p class='ocr_par' dir='ltr' id='par_1_66' title="bbox 194 2289 983 2330">
     <span class='ocr_line' id='line_1_66' title="bbox 194 2289 983 2330; baseline 0.004 -14"><span class='ocrx_word' id='word_1_424' title='bbox 194 2294 284 2317; x_wconf 88' lang='lat' dir='ltr'><strong>strum</strong></span> <span class='ocrx_word' id='word_1_425' title='bbox 296 2289 431 2317; x_wconf 87' lang='lat' dir='ltr'><strong>celebrari</strong></span> <span class='ocrx_word' id='word_1_426' title='bbox 443 2289 590 2330; x_wconf 84' lang='lat' dir='ltr'><strong>voluerunt</strong></span> <span class='ocrx_word' id='word_1_427' title='bbox 603 2292 701 2325; x_wconf 87' lang='lat' dir='ltr'><strong>primo,</strong></span> <span class='ocrx_word' id='word_1_428' title='bbox 715 2296 778 2326; x_wconf 89' lang='lat' dir='ltr'><strong>post</strong></span> <span class='ocrx_word' id='word_1_429' title='bbox 787 2292 983 2326; x_wconf 81' lang='lat' dir='ltr'><strong>aequinoctium</strong></span> 
     </span>
    </p>
   </div>
   <div class='ocr_carea' id='block_1_67' title="bbox 195 2333 985 2372">
    <p class='ocr_par' dir='ltr' id='par_1_67' title="bbox 195 2333 985 2372">
     <span class='ocr_line' id='line_1_67' title="bbox 195 2333 985 2372; baseline 0.005 -12"><span class='ocrx_word' id='word_1_430' title='bbox 195 2333 279 2368; x_wconf 87' lang='lat' dir='ltr'><strong>veris,</strong></span> <span class='ocrx_word' id='word_1_431' title='bbox 296 2334 430 2366; x_wconf 85' lang='lat' dir='ltr'><strong>secundo,</strong></span> <span class='ocrx_word' id='word_1_432' title='bbox 445 2339 507 2370; x_wconf 83' lang='lat' dir='ltr'><strong>post</strong></span> <span class='ocrx_word' id='word_1_433' title='bbox 517 2335 786 2370; x_wconf 85' lang='lat' dir='ltr'><strong>quartumdecitnum</strong></span> <span class='ocrx_word' id='word_1_434' title='bbox 801 2337 873 2365; x_wconf 87' lang='lat' dir='ltr'><strong>diem</strong></span> <span class='ocrx_word' id='word_1_435' title='bbox 891 2337 985 2372; x_wconf 73' lang='lat' dir='ltr'><strong>primae</strong></span> 
     </span>
    </p>
   </div>
   <div class='ocr_carea' id='block_1_68' title="bbox 195 2381 984 2416">
    <p class='ocr_par' dir='ltr' id='par_1_68' title="bbox 195 2381 984 2416">
     <span class='ocr_line' id='line_1_68' title="bbox 195 2381 984 2416; baseline 0.005 -9"><span class='ocrx_word' id='word_1_436' title='bbox 195 2381 267 2408; x_wconf 80' lang='lat' dir='ltr'><strong>luna:</strong></span> <span class='ocrx_word' id='word_1_437' title='bbox 284 2386 344 2416; x_wconf 90' lang='lat' dir='ltr'><strong>post</strong></span> <span class='ocrx_word' id='word_1_438' title='bbox 361 2381 560 2416; x_wconf 68' lang='lat' dir='ltr'><strong>aequinoctium</strong></span> <span class='ocrx_word' id='word_1_439' title='bbox 584 2383 697 2410; x_wconf 89' lang='lat' dir='ltr'><strong>vernale</strong></span> <span class='ocrx_word' id='word_1_440' title='bbox 712 2390 719 2416; x_wconf 87' lang='lat'><strong>;</strong></span> <span class='ocrx_word' id='word_1_441' title='bbox 739 2383 831 2415; x_wconf 88' lang='lat' dir='ltr'><strong>tertio,</strong></span> <span class='ocrx_word' id='word_1_442' title='bbox 850 2391 904 2411; x_wconf 91' lang='lat' dir='ltr'><strong>non</strong></span> <span class='ocrx_word' id='word_1_443' title='bbox 921 2391 984 2412; x_wconf 72' lang='lat' dir='ltr'><strong>eunt</strong></span> 
     </span>
    </p>
   </div>
   <div class='ocr_carea' id='block_1_69' title="bbox 191 2426 982 2464">
    <p class='ocr_par' dir='ltr' id='par_1_69' title="bbox 191 2426 982 2464">
     <span class='ocr_line' id='line_1_69' title="bbox 191 2426 982 2464; baseline 0.005 -10"><span class='ocrx_word' id='word_1_444' title='bbox 191 2426 317 2460; x_wconf 68' lang='lat' dir='ltr'><strong>Judazis;</strong></span> <span class='ocrx_word' id='word_1_445' title='bbox 347 2432 464 2462; x_wconf 87' lang='lat' dir='ltr'><strong>quarto,</strong></span> <span class='ocrx_word' id='word_1_446' title='bbox 492 2428 537 2456; x_wconf 91' lang='lat' dir='ltr'><strong>die</strong></span> <span class='ocrx_word' id='word_1_447' title='bbox 566 2428 709 2456; x_wconf 86' lang='lat' dir='ltr'><strong>Dominico</strong></span> <span class='ocrx_word' id='word_1_448' title='bbox 737 2435 799 2464; x_wconf 85' lang='lat' dir='ltr'><strong>post</strong></span> <span class='ocrx_word' id='word_1_449' title='bbox 826 2430 982 2458; x_wconf 67' lang='lat' dir='ltr'><strong>Judazorum</strong></span> 
     </span>
    </p>
   </div>
   <div class='ocr_carea' id='block_1_70' title="bbox 195 2473 984 2513">
    <p class='ocr_par' dir='ltr' id='par_1_70' title="bbox 195 2473 984 2513">
     <span class='ocr_line' id='line_1_70' title="bbox 195 2473 984 2513; baseline 0.009 -14"><span class='ocrx_word' id='word_1_450' title='bbox 195 2473 313 2501; x_wconf 81' lang='lat' dir='ltr'><strong>Pascha.</strong></span> <span class='ocrx_word' id='word_1_451' title='bbox 338 2474 404 2507; x_wconf 62' lang='lat' dir='ltr'><strong>Quae</strong></span> <span class='ocrx_word' id='word_1_452' title='bbox 424 2475 517 2502; x_wconf 89' lang='lat' dir='ltr'><strong>omnia</strong></span> <span class='ocrx_word' id='word_1_453' title='bbox 544 2480 573 2502; x_wconf 94' lang='lat' dir='ltr'><strong>ut</strong></span> <span class='ocrx_word' id='word_1_454' title='bbox 589 2475 639 2503; x_wconf 90' lang='lat' dir='ltr'><strong>rite</strong></span> <span class='ocrx_word' id='word_1_455' title='bbox 669 2482 814 2504; x_wconf 85' lang='lat' dir='ltr'><strong>serventur</strong></span> <span class='ocrx_word' id='word_1_456' title='bbox 834 2483 984 2513; x_wconf 83' lang='lat' dir='ltr'><strong>apertaque</strong></span> 
     </span>
    </p>
   </div>
   <div class='ocr_carea' id='block_1_71' title="bbox 193 2521 984 2557">
    <p class='ocr_par' dir='ltr' id='par_1_71' title="bbox 193 2521 984 2557">
     <span class='ocr_line' id='line_1_71' title="bbox 193 2521 984 2557; baseline 0.008 -10"><span class='ocrx_word' id='word_1_457' title='bbox 193 2521 250 2548; x_wconf 81' lang='lat' dir='ltr'><strong>sitit</strong></span> <span class='ocrx_word' id='word_1_458' title='bbox 277 2526 305 2548; x_wconf 89' lang='lat' dir='ltr'><strong>et</strong></span> <span class='ocrx_word' id='word_1_459' title='bbox 330 2522 440 2557; x_wconf 80' lang='lat' dir='ltr'><strong>cognita</strong></span> <span class='ocrx_word' id='word_1_460' title='bbox 468 2521 510 2548; x_wconf 89' lang='lat' dir='ltr'><strong>vel</strong></span> <span class='ocrx_word' id='word_1_461' title='bbox 533 2521 567 2549; x_wconf 86' lang='lat' dir='ltr'><strong>iis</strong></span> <span class='ocrx_word' id='word_1_462' title='bbox 580 2522 627 2556; x_wconf 67' lang='lat' dir='ltr'><strong>qui</strong></span> <span class='ocrx_word' id='word_1_463' title='bbox 648 2522 771 2550; x_wconf 73' lang='lat' dir='ltr'><strong>scientia:</strong></span> <span class='ocrx_word' id='word_1_464' title='bbox 790 2526 984 2554; x_wconf 62' lang='lat' dir='ltr'><strong>astronomiae</strong></span> 
     </span>
    </p>
   </div>
   <div class='ocr_carea' id='block_1_72' title="bbox 192 2568 983 2603">
    <p class='ocr_par' dir='ltr' id='par_1_72' title="bbox 192 2568 983 2603">
     <span class='ocr_line' id='line_1_72' title="bbox 192 2568 983 2603; baseline 0.004 -8"><span class='ocrx_word' id='word_1_465' title='bbox 192 2575 249 2595; x_wconf 90' lang='lat' dir='ltr'><strong>non</strong></span> <span class='ocrx_word' id='word_1_466' title='bbox 265 2572 331 2595; x_wconf 91' lang='lat' dir='ltr'><strong>sunt</strong></span> <span class='ocrx_word' id='word_1_467' title='bbox 350 2568 443 2603; x_wconf 86' lang='lat' dir='ltr'><strong>periti,</strong></span> <span class='ocrx_word' id='word_1_468' title='bbox 458 2568 579 2596; x_wconf 85' lang='lat' dir='ltr'><strong>tabulam</strong></span> <span class='ocrx_word' id='word_1_469' title='bbox 598 2568 759 2603; x_wconf 81' lang='lat' dir='ltr'><strong>quamdam,</strong></span> <span class='ocrx_word' id='word_1_470' title='bbox 774 2570 833 2597; x_wconf 90' lang='lat' dir='ltr'><strong>sive</strong></span> <span class='ocrx_word' id='word_1_471' title='bbox 848 2578 983 2598; x_wconf 87' lang='lat' dir='ltr'><strong>canoncm</strong></span> 
     </span>
    </p>
   </div>
   <div class='ocr_carea' id='block_1_73' title="bbox 192 2613 984 2651">
    <p class='ocr_par' dir='ltr' id='par_1_73' title="bbox 192 2613 984 2651">
     <span class='ocr_line' id='line_1_73' title="bbox 192 2613 984 2651; baseline 0.005 -11"><span class='ocrx_word' id='word_1_472' title='bbox 192 2613 351 2648; x_wconf 84' lang='lat' dir='ltr'><strong>ediderunt,</strong></span> <span class='ocrx_word' id='word_1_473' title='bbox 374 2613 402 2641; x_wconf 92' lang='lat' dir='ltr'><strong>in</strong></span> <span class='ocrx_word' id='word_1_474' title='bbox 425 2621 481 2649; x_wconf 90' lang='lat' dir='ltr'><strong>quo</strong></span> <span class='ocrx_word' id='word_1_475' title='bbox 497 2613 612 2649; x_wconf 73' lang='lat' dir='ltr'><strong>singulis</strong></span> <span class='ocrx_word' id='word_1_476' title='bbox 634 2614 715 2642; x_wconf 82' lang='lat' dir='ltr'><strong>anuis</strong></span> <span class='ocrx_word' id='word_1_477' title='bbox 741 2615 880 2649; x_wconf 83' lang='lat' dir='ltr'><strong>reperitur</strong></span> <span class='ocrx_word' id='word_1_478' title='bbox 894 2618 984 2651; x_wconf 84' lang='lat' dir='ltr'><strong>prima</strong></span> 
     </span>
    </p>
   </div>
   <div class='ocr_carea' id='block_1_74' title="bbox 220 2673 645 2709">
    <p class='ocr_par' dir='ltr' id='par_1_74' title="bbox 220 2673 645 2709">
     <span class='ocr_line' id='line_1_74' title="bbox 220 2673 645 2709; baseline 0 -7"><span class='ocrx_word' id='word_1_479' title='bbox 220 2674 268 2709; x_wconf 43' lang='lat' dir='ltr'><strong>,(I)</strong></span> <span class='ocrx_word' id='word_1_480' title='bbox 285 2674 441 2709; x_wconf 82' lang='lat' dir='ltr'><strong>Descriptor</strong></span> <span class='ocrx_word' id='word_1_481' title='bbox 454 2673 512 2701; x_wconf 70' lang='lat' dir='ltr'><strong>haec</strong></span> <span class='ocrx_word' id='word_1_482' title='bbox 528 2673 645 2702; x_wconf 87' lang='lat' dir='ltr'><strong>addidit.</strong></span> 
     </span>
    </p>
   </div>
   <div class='ocr_carea' id='block_1_75' title="bbox 263 2720 756 2758">
    <p class='ocr_par' dir='ltr' id='par_1_75' title="bbox 263 2720 756 2758">
     <span class='ocr_line' id='line_1_75' title="bbox 263 2720 756 2758; baseline 0.004 -11"><span class='ocrx_word' id='word_1_483' title='bbox 263 2720 370 2758; x_wconf 62' lang='lat' dir='ltr'><strong>Lech,</strong></span> <span class='ocrx_word' id='word_1_484' title='bbox 382 2720 514 2758; x_wconf 69' lang='lat' dir='ltr'><strong>judicium</strong></span> <span class='ocrx_word' id='word_1_485' title='bbox 531 2728 619 2748; x_wconf 77' lang='lat' dir='ltr'><strong>meum</strong></span> <span class='ocrx_word' id='word_1_486' title='bbox 633 2722 756 2758; x_wconf 72' lang='lat' dir='ltr'><strong>requiris.</strong></span> 
     </span>
    </p>
   </div>
   <div class='ocr_carea' id='block_1_76' title="bbox 263 2756 808 2790">
    <p class='ocr_par' dir='ltr' id='par_1_76' title="bbox 263 2756 808 2790">
     <span class='ocr_line' id='line_1_76' title="bbox 263 2756 808 2790; baseline 0.004 -8"><span class='ocrx_word' id='word_1_487' title='bbox 263 2756 310 2782; x_wconf 81' lang='lat' dir='ltr'><strong>llic</strong></span> <span class='ocrx_word' id='word_1_488' title='bbox 324 2756 497 2782; x_wconf 79' lang='lat' dir='ltr'><strong>Demosthene</strong></span> <span class='ocrx_word' id='word_1_489' title='bbox 511 2764 564 2783; x_wconf 81' lang='lat' dir='ltr'><strong>non</strong></span> <span class='ocrx_word' id='word_1_490' title='bbox 588 2756 684 2790; x_wconf 70' lang='lat' dir='ltr'><strong>minor,</strong></span> <span class='ocrx_word' id='word_1_491' title='bbox 704 2757 808 2784; x_wconf 79' lang='lat' dir='ltr'><strong>Latinis</strong></span> 
     </span>
    </p>
   </div>
   <div class='ocr_carea' id='block_1_77' title="bbox 268 2791 857 2827">
    <p class='ocr_par' dir='ltr' id='par_1_77' title="bbox 268 2791 857 2827">
     <span class='ocr_line' id='line_1_77' title="bbox 268 2791 857 2827; baseline 0.008 -12"><span class='ocrx_word' id='word_1_492' title='bbox 268 2791 346 2827; x_wconf 64' lang='lat' dir='ltr'><strong>(loud</strong></span> <span class='ocrx_word' id='word_1_493' title='bbox 363 2796 399 2827; x_wconf 63' lang='lat' dir='ltr'><strong>est</strong></span> <span class='ocrx_word' id='word_1_494' title='bbox 414 2791 534 2826; x_wconf 79' lang='lat' dir='ltr'><strong>inferior.</strong></span> <span class='ocrx_word' id='word_1_495' title='bbox 548 2791 618 2823; x_wconf 82' lang='lat' dir='ltr'><strong>Quid</strong></span> <span class='ocrx_word' id='word_1_496' title='bbox 633 2794 710 2827; x_wconf 79' lang='lat' dir='ltr'><strong>ipse?</strong></span> <span class='ocrx_word' id='word_1_497' title='bbox 727 2793 802 2825; x_wconf 80' lang='lat' dir='ltr'><strong>Quod</strong></span> <span class='ocrx_word' id='word_1_498' title='bbox 818 2799 857 2820; x_wconf 79' lang='lat' dir='ltr'><strong>tu.</strong></span> 
     </span>
    </p>
   </div>
   <div class='ocr_carea' id='block_1_78' title="bbox 271 2824 722 2861">
    <p class='ocr_par' dir='ltr' id='par_1_78' title="bbox 271 2824 722 2861">
     <span class='ocr_line' id='line_1_78' title="bbox 271 2824 722 2861; baseline 0.011 -11"><span class='ocrx_word' id='word_1_499' title='bbox 271 2824 346 2851; x_wconf 74' lang='lat' dir='ltr'><strong>Vivat</strong></span> <span class='ocrx_word' id='word_1_500' title='bbox 360 2824 497 2852; x_wconf 67' lang='lat' dir='ltr'><strong>Nestoreae</strong></span> <span class='ocrx_word' id='word_1_501' title='bbox 508 2827 572 2859; x_wconf 77' lang='lat' dir='ltr'><strong>dies,</strong></span> <span class='ocrx_word' id='word_1_502' title='bbox 586 2824 722 2861; x_wconf 67' lang='lat' dir='ltr'><strong>ragdntus.</strong></span> 
     </span>
    </p>
   </div>
   <div class='ocr_carea' id='block_1_79' title="bbox 227 2869 1020 2907">
    <p class='ocr_par' dir='ltr' id='par_1_79' title="bbox 227 2869 1020 2907">
     <span class='ocr_line' id='line_1_79' title="bbox 227 2869 1020 2907; baseline 0.011 -14"><span class='ocrx_word' id='word_1_503' title='bbox 227 2869 263 2902; x_wconf 74' lang='lat'><strong>(2)</strong></span> <span class='ocrx_word' id='word_1_504' title='bbox 277 2870 383 2901; x_wconf 83' lang='lat' dir='ltr'><strong>Zaretti,</strong></span> <span class='ocrx_word' id='word_1_505' title='bbox 404 2871 461 2896; x_wconf 70' lang='lat' dir='ltr'><strong>(lata</strong></span> <span class='ocrx_word' id='word_1_506' title='bbox 473 2879 513 2904; x_wconf 80' lang='lat' dir='ltr'><strong>og.</strong></span> <span class='ocrx_word' id='word_1_507' title='bbox 532 2873 646 2899; x_wconf 80' lang='lat' dir='ltr'><strong>bibliotli.</strong></span> <span class='ocrx_word' id='word_1_508' title='bbox 672 2876 696 2900; x_wconf 91' lang='lat' dir='ltr'><strong>S.</strong></span> <span class='ocrx_word' id='word_1_509' title='bbox 716 2874 788 2899; x_wconf 81' lang='lat' dir='ltr'><strong>Marci</strong></span> <span class='ocrx_word' id='word_1_510' title='bbox 808 2876 910 2907; x_wconf 71' lang='lat' dir='ltr'><strong>Venet,</strong></span> <span class='ocrx_word' id='word_1_511' title='bbox 927 2883 952 2907; x_wconf 91' lang='lat' dir='ltr'><strong>p.</strong></span> <span class='ocrx_word' id='word_1_512' title='bbox 968 2877 1020 2902; x_wconf 78' lang='lat'><strong>196.</strong></span> 
     </span>
    </p>
   </div>
   <div class='ocr_carea' id='block_1_80' title="bbox 1039 1834 1830 1875">
    <p class='ocr_par' dir='ltr' id='par_1_80' title="bbox 1039 1834 1830 1875">
     <span class='ocr_line' id='line_1_80' title="bbox 1039 1834 1830 1875; baseline 0.01 -14"><span class='ocrx_word' id='word_1_513' title='bbox 1039 1834 1122 1862; x_wconf 88' lang='lat' dir='ltr'><strong>debet</strong></span> <span class='ocrx_word' id='word_1_514' title='bbox 1136 1842 1197 1863; x_wconf 84' lang='lat' dir='ltr'><strong>esse</strong></span> <span class='ocrx_word' id='word_1_515' title='bbox 1214 1836 1318 1864; x_wconf 87' lang='lat' dir='ltr'><strong>Pascha</strong></span> <span class='ocrx_word' id='word_1_516' title='bbox 1337 1836 1507 1870; x_wconf 81' lang='lat' dir='ltr'><strong>Judaenrum,</strong></span> <span class='ocrx_word' id='word_1_517' title='bbox 1533 1845 1565 1866; x_wconf 90' lang='lat' dir='ltr'><strong>ac</strong></span> <span class='ocrx_word' id='word_1_518' title='bbox 1588 1839 1647 1867; x_wconf 85' lang='lat' dir='ltr'><strong>dies</strong></span> <span class='ocrx_word' id='word_1_519' title='bbox 1668 1841 1830 1875; x_wconf 69' lang='lat' dir='ltr'><strong>septimana:</strong></span> 
     </span>
    </p>
   </div>
   <div class='ocr_carea' id='block_1_81' title="bbox 1040 1881 1827 1920">
    <p class='ocr_par' dir='ltr' id='par_1_81' title="bbox 1040 1881 1827 1920">
     <span class='ocr_line' id='line_1_81' title="bbox 1040 1881 1827 1920; baseline 0.01 -12"><span class='ocrx_word' id='word_1_520' title='bbox 1040 1881 1067 1908; x_wconf 93' lang='lat' dir='ltr'><strong>in</strong></span> <span class='ocrx_word' id='word_1_521' title='bbox 1086 1889 1167 1916; x_wconf 85' lang='lat' dir='ltr'><strong>quem</strong></span> <span class='ocrx_word' id='word_1_522' title='bbox 1192 1882 1266 1910; x_wconf 91' lang='lat' dir='ltr'><strong>cadit</strong></span> <span class='ocrx_word' id='word_1_523' title='bbox 1289 1883 1423 1918; x_wconf 88' lang='lat' dir='ltr'><strong>ejusmodi</strong></span> <span class='ocrx_word' id='word_1_524' title='bbox 1446 1884 1518 1912; x_wconf 64' lang='lat' dir='ltr'><strong>lunae</strong></span> <span class='ocrx_word' id='word_1_525' title='bbox 1533 1886 1681 1920; x_wconf 85' lang='lat' dir='ltr'><strong>oppositio.</strong></span> <span class='ocrx_word' id='word_1_526' title='bbox 1697 1895 1730 1914; x_wconf 86' lang='lat' dir='ltr'><strong>ac</strong></span> <span class='ocrx_word' id='word_1_527' title='bbox 1746 1888 1827 1916; x_wconf 86' lang='lat' dir='ltr'><strong>dein-</strong></span> 
     </span>
    </p>
   </div>
   <div class='ocr_carea' id='block_1_82' title="bbox 1038 1927 1831 1965">
    <p class='ocr_par' dir='ltr' id='par_1_82' title="bbox 1038 1927 1831 1965">
     <span class='ocr_line' id='line_1_82' title="bbox 1038 1927 1831 1965; baseline 0.011 -12"><span class='ocrx_word' id='word_1_528' title='bbox 1038 1934 1104 1961; x_wconf 91' lang='lat' dir='ltr'><strong>ceps</strong></span> <span class='ocrx_word' id='word_1_529' title='bbox 1126 1927 1185 1955; x_wconf 89' lang='lat' dir='ltr'><strong>dies</strong></span> <span class='ocrx_word' id='word_1_530' title='bbox 1203 1928 1372 1962; x_wconf 88' lang='lat' dir='ltr'><strong>Dominicus,</strong></span> <span class='ocrx_word' id='word_1_531' title='bbox 1397 1938 1452 1965; x_wconf 93' lang='lat' dir='ltr'><strong>quo</strong></span> <span class='ocrx_word' id='word_1_532' title='bbox 1476 1930 1581 1958; x_wconf 84' lang='lat' dir='ltr'><strong>Pascha</strong></span> <span class='ocrx_word' id='word_1_533' title='bbox 1607 1936 1732 1960; x_wconf 88' lang='lat' dir='ltr'><strong>nostrum</strong></span> <span class='ocrx_word' id='word_1_534' title='bbox 1757 1934 1831 1962; x_wconf 54' lang='lat' dir='ltr'><strong>celo.</strong></span> 
     </span>
    </p>
   </div>
   <div class='ocr_carea' id='block_1_83' title="bbox 1039 1973 1828 2012">
    <p class='ocr_par' dir='ltr' id='par_1_83' title="bbox 1039 1973 1828 2012">
     <span class='ocr_line' id='line_1_83' title="bbox 1039 1973 1828 2012; baseline 0.011 -13"><span class='ocrx_word' id='word_1_535' title='bbox 1039 1973 1111 2000; x_wconf 85' lang='lat' dir='ltr'><strong>brari</strong></span> <span class='ocrx_word' id='word_1_536' title='bbox 1133 1978 1251 2009; x_wconf 88' lang='lat' dir='ltr'><strong>oportet,</strong></span> <span class='ocrx_word' id='word_1_537' title='bbox 1273 1975 1346 2010; x_wconf 91' lang='lat' dir='ltr'><strong>quod</strong></span> <span class='ocrx_word' id='word_1_538' title='bbox 1366 1983 1416 2003; x_wconf 85' lang='lat' dir='ltr'><strong>usu</strong></span> <span class='ocrx_word' id='word_1_539' title='bbox 1438 1977 1532 2004; x_wconf 85' lang='lat' dir='ltr'><strong>evenit</strong></span> <span class='ocrx_word' id='word_1_540' title='bbox 1550 1984 1600 2012; x_wconf 88' lang='lat' dir='ltr'><strong>per</strong></span> <span class='ocrx_word' id='word_1_541' title='bbox 1617 1978 1828 2008; x_wconf 87' lang='lat' dir='ltr'><strong>calculationem</strong></span> 
     </span>
    </p>
   </div>
   <div class='ocr_carea' id='block_1_84' title="bbox 1039 2016 1827 2053">
    <p class='ocr_par' dir='ltr' id='par_1_84' title="bbox 1039 2016 1827 2053">
     <span class='ocr_line' id='line_1_84' title="bbox 1039 2016 1827 2053; baseline 0.013 -11"><span class='ocrx_word' id='word_1_542' title='bbox 1039 2016 1072 2043; x_wconf 80' lang='grc'><strong>19</strong></span> <span class='ocrx_word' id='word_1_543' title='bbox 1098 2024 1234 2044; x_wconf 90' lang='lat' dir='ltr'><strong>annorum</strong></span> <span class='ocrx_word' id='word_1_544' title='bbox 1260 2018 1421 2053; x_wconf 89' lang='lat' dir='ltr'><strong>lunarium;</strong></span> <span class='ocrx_word' id='word_1_545' title='bbox 1448 2026 1555 2049; x_wconf 86' lang='lat' dir='ltr'><strong>veteres</strong></span> <span class='ocrx_word' id='word_1_546' title='bbox 1585 2030 1648 2050; x_wconf 84' lang='lat' dir='ltr'><strong>nam</strong></span> <span class='ocrx_word' id='word_1_547' title='bbox 1673 2026 1827 2052; x_wconf 87' lang='lat' dir='ltr'><strong>astronomi</strong></span> 
     </span>
    </p>
   </div>
   <div class='ocr_carea' id='block_1_85' title="bbox 1039 2063 1829 2104">
    <p class='ocr_par' dir='ltr' id='par_1_85' title="bbox 1039 2063 1829 2104">
     <span class='ocr_line' id='line_1_85' title="bbox 1039 2063 1829 2104; baseline 0.01 -14"><span class='ocrx_word' id='word_1_548' title='bbox 1039 2063 1131 2090; x_wconf 86' lang='lat' dir='ltr'><strong>lunam</strong></span> <span class='ocrx_word' id='word_1_549' title='bbox 1145 2063 1177 2091; x_wconf 76' lang='lat' dir='ltr'><strong>i9</strong></span> <span class='ocrx_word' id='word_1_550' title='bbox 1193 2072 1329 2092; x_wconf 89' lang='lat' dir='ltr'><strong>annorum</strong></span> <span class='ocrx_word' id='word_1_551' title='bbox 1343 2067 1432 2099; x_wconf 84' lang='lat' dir='ltr'><strong>spatio</strong></span> <span class='ocrx_word' id='word_1_552' title='bbox 1446 2067 1479 2095; x_wconf 90' lang='lat' dir='ltr'><strong>ad</strong></span> <span class='ocrx_word' id='word_1_553' title='bbox 1497 2067 1569 2095; x_wconf 88' lang='lat' dir='ltr'><strong>idem</strong></span> <span class='ocrx_word' id='word_1_554' title='bbox 1583 2070 1691 2104; x_wconf 79' lang='lat' dir='ltr'><strong>signum</strong></span> <span class='ocrx_word' id='word_1_555' title='bbox 1708 2070 1829 2099; x_wconf 90' lang='lat' dir='ltr'><strong>cireum-</strong></span> 
     </span>
    </p>
   </div>
   <div class='ocr_carea' id='block_1_86' title="bbox 1039 2109 1829 2153">
    <p class='ocr_par' dir='ltr' id='par_1_86' title="bbox 1039 2109 1829 2153">
     <span class='ocr_line' id='line_1_86' title="bbox 1039 2109 1829 2153; baseline 0.014 -18"><span class='ocrx_word' id='word_1_556' title='bbox 1039 2109 1092 2144; x_wconf 81' lang='lat' dir='ltr'><strong>agi,</strong></span> <span class='ocrx_word' id='word_1_557' title='bbox 1126 2110 1199 2138; x_wconf 89' lang='lat' dir='ltr'><strong>unde</strong></span> <span class='ocrx_word' id='word_1_558' title='bbox 1222 2111 1341 2147; x_wconf 86' lang='lat' dir='ltr'><strong>incepit,</strong></span> <span class='ocrx_word' id='word_1_559' title='bbox 1358 2113 1560 2142; x_wconf 81' lang='lat' dir='ltr'><strong>existimarunt.</strong></span> <span class='ocrx_word' id='word_1_560' title='bbox 1579 2115 1681 2144; x_wconf 86' lang='lat' dir='ltr'><strong>Nititur</strong></span> <span class='ocrx_word' id='word_1_561' title='bbox 1696 2123 1829 2153; x_wconf 68' lang='lat' dir='ltr'><strong>praetcrea</strong></span> 
     </span>
    </p>
   </div>
   <div class='ocr_carea' id='block_1_87' title="bbox 1040 2155 1829 2198">
    <p class='ocr_par' dir='ltr' id='par_1_87' title="bbox 1040 2155 1829 2198">
     <span class='ocr_line' id='line_1_87' title="bbox 1040 2155 1829 2198; baseline 0.011 -16"><span class='ocrx_word' id='word_1_562' title='bbox 1040 2155 1096 2183; x_wconf 83' lang='lat' dir='ltr'><strong>haec</strong></span> <span class='ocrx_word' id='word_1_563' title='bbox 1110 2156 1202 2183; x_wconf 87' lang='lat' dir='ltr'><strong>tabula</strong></span> <span class='ocrx_word' id='word_1_564' title='bbox 1216 2158 1346 2192; x_wconf 83' lang='lat' dir='ltr'><strong>opinione</strong></span> <span class='ocrx_word' id='word_1_565' title='bbox 1361 2158 1405 2186; x_wconf 88' lang='lat' dir='ltr'><strong>illa</strong></span> <span class='ocrx_word' id='word_1_566' title='bbox 1420 2159 1453 2186; x_wconf 87' lang='lat' dir='ltr'><strong>de</strong></span> <span class='ocrx_word' id='word_1_567' title='bbox 1467 2161 1645 2195; x_wconf 70' lang='lat' dir='ltr'><strong>aequinoctio,</strong></span> <span class='ocrx_word' id='word_1_568' title='bbox 1660 2163 1734 2198; x_wconf 91' lang='lat' dir='ltr'><strong>quod</strong></span> <span class='ocrx_word' id='word_1_569' title='bbox 1751 2163 1829 2191; x_wconf 88' lang='lat' dir='ltr'><strong>scili-</strong></span> 
     </span>
    </p>
   </div>
   <div class='ocr_carea' id='block_1_88' title="bbox 1038 2204 1826 2240">
    <p class='ocr_par' dir='ltr' id='par_1_88' title="bbox 1038 2204 1826 2240">
     <span class='ocr_line' id='line_1_88' title="bbox 1038 2204 1826 2240; baseline 0.011 -11"><span class='ocrx_word' id='word_1_570' title='bbox 1038 2206 1082 2230; x_wconf 90' lang='lat' dir='ltr'><strong>cet</strong></span> <span class='ocrx_word' id='word_1_571' title='bbox 1102 2204 1214 2232; x_wconf 90' lang='lat' dir='ltr'><strong>verualc</strong></span> <span class='ocrx_word' id='word_1_572' title='bbox 1231 2205 1426 2240; x_wconf 66' lang='lat' dir='ltr'><strong>aequinoctium</strong></span> <span class='ocrx_word' id='word_1_573' title='bbox 1448 2206 1501 2234; x_wconf 80' lang='lat'><strong>500</strong></span> <span class='ocrx_word' id='word_1_574' title='bbox 1524 2215 1661 2236; x_wconf 89' lang='lat' dir='ltr'><strong>annorum</strong></span> <span class='ocrx_word' id='word_1_575' title='bbox 1680 2210 1826 2238; x_wconf 85' lang='lat' dir='ltr'><strong>intervallo</strong></span> 
     </span>
    </p>
   </div>
   <div class='ocr_carea' id='block_1_89' title="bbox 1037 2249 1826 2291">
    <p class='ocr_par' dir='ltr' id='par_1_89' title="bbox 1037 2249 1826 2291">
     <span class='ocr_line' id='line_1_89' title="bbox 1037 2249 1826 2291; baseline 0.01 -15"><span class='ocrx_word' id='word_1_576' title='bbox 1037 2249 1135 2276; x_wconf 90' lang='lat' dir='ltr'><strong>eodem</strong></span> <span class='ocrx_word' id='word_1_577' title='bbox 1152 2249 1197 2277; x_wconf 89' lang='lat' dir='ltr'><strong>die</strong></span> <span class='ocrx_word' id='word_1_578' title='bbox 1213 2251 1317 2278; x_wconf 88' lang='lat' dir='ltr'><strong>mensis</strong></span> <span class='ocrx_word' id='word_1_579' title='bbox 1334 2251 1423 2280; x_wconf 85' lang='lat' dir='ltr'><strong>Martii</strong></span> <span class='ocrx_word' id='word_1_580' title='bbox 1437 2254 1494 2281; x_wconf 85' lang='lat' dir='ltr'><strong>[ieri</strong></span> <span class='ocrx_word' id='word_1_581' title='bbox 1511 2255 1697 2290; x_wconf 69' lang='lat' dir='ltr'><strong>contingeret,</strong></span> <span class='ocrx_word' id='word_1_582' title='bbox 1708 2264 1826 2291; x_wconf 84' lang='lat' dir='ltr'><strong>quorum</strong></span> 
     </span>
    </p>
   </div>
   <div class='ocr_carea' id='block_1_90' title="bbox 1038 2298 1827 2335">
    <p class='ocr_par' dir='ltr' id='par_1_90' title="bbox 1038 2298 1827 2335">
     <span class='ocr_line' id='line_1_90' title="bbox 1038 2298 1827 2335; baseline 0.014 -15"><span class='ocrx_word' id='word_1_583' title='bbox 1038 2300 1166 2322; x_wconf 83' lang='lat' dir='ltr'><strong>neutrum</strong></span> <span class='ocrx_word' id='word_1_584' title='bbox 1181 2304 1275 2324; x_wconf 87' lang='lat' dir='ltr'><strong>verum</strong></span> <span class='ocrx_word' id='word_1_585' title='bbox 1291 2303 1344 2326; x_wconf 90' lang='lat' dir='ltr'><strong>est.</strong></span> <span class='ocrx_word' id='word_1_586' title='bbox 1359 2298 1415 2328; x_wconf 87' lang='lat' dir='ltr'><strong>Nec</strong></span> <span class='ocrx_word' id='word_1_587' title='bbox 1429 2304 1519 2328; x_wconf 86' lang='lat' dir='ltr'><strong>tamen</strong></span> <span class='ocrx_word' id='word_1_588' title='bbox 1537 2301 1704 2335; x_wconf 86' lang='lat' dir='ltr'><strong>mirandum,</strong></span> <span class='ocrx_word' id='word_1_589' title='bbox 1716 2303 1740 2330; x_wconf 90' lang='lat' dir='ltr'><strong>si</strong></span> <span class='ocrx_word' id='word_1_590' title='bbox 1758 2303 1827 2331; x_wconf 83' lang='lat' dir='ltr'><strong>tanti</strong></span> 
     </span>
    </p>
   </div>
   <div class='ocr_carea' id='block_1_91' title="bbox 1038 2342 1828 2381">
    <p class='ocr_par' dir='ltr' id='par_1_91' title="bbox 1038 2342 1828 2381">
     <span class='ocr_line' id='line_1_91' title="bbox 1038 2342 1828 2381; baseline 0.011 -13"><span class='ocrx_word' id='word_1_591' title='bbox 1038 2342 1089 2368; x_wconf 88' lang='lat' dir='ltr'><strong>viri</strong></span> <span class='ocrx_word' id='word_1_592' title='bbox 1110 2342 1137 2369; x_wconf 93' lang='lat' dir='ltr'><strong>in</strong></span> <span class='ocrx_word' id='word_1_593' title='bbox 1155 2343 1325 2380; x_wconf 87' lang='lat' dir='ltr'><strong>ejuscemodi</strong></span> <span class='ocrx_word' id='word_1_594' title='bbox 1341 2353 1370 2373; x_wconf 91' lang='lat' dir='ltr'><strong>re</strong></span> <span class='ocrx_word' id='word_1_595' title='bbox 1390 2346 1459 2381; x_wconf 87' lang='lat' dir='ltr'><strong>lapsi</strong></span> <span class='ocrx_word' id='word_1_596' title='bbox 1475 2353 1559 2381; x_wconf 87' lang='lat' dir='ltr'><strong>sunt;</strong></span> <span class='ocrx_word' id='word_1_597' title='bbox 1579 2356 1644 2375; x_wconf 87' lang='lat' dir='ltr'><strong>nam</strong></span> <span class='ocrx_word' id='word_1_598' title='bbox 1656 2353 1685 2376; x_wconf 90' lang='lat' dir='ltr'><strong>et</strong></span> <span class='ocrx_word' id='word_1_599' title='bbox 1697 2350 1720 2376; x_wconf 93' lang='lat' dir='ltr'><strong>si</strong></span> <span class='ocrx_word' id='word_1_600' title='bbox 1736 2355 1828 2377; x_wconf 80' lang='lat' dir='ltr'><strong>astro-</strong></span> 
     </span>
    </p>
   </div>
   <div class='ocr_carea' id='block_1_92' title="bbox 1037 2391 1824 2431">
    <p class='ocr_par' dir='ltr' id='par_1_92' title="bbox 1037 2391 1824 2431">
     <span class='ocr_line' id='line_1_92' title="bbox 1037 2391 1824 2431; baseline 0.011 -15"><span class='ocrx_word' id='word_1_601' title='bbox 1037 2391 1111 2418; x_wconf 85' lang='lat' dir='ltr'><strong>nomi</strong></span> <span class='ocrx_word' id='word_1_602' title='bbox 1138 2396 1247 2420; x_wconf 89' lang='lat' dir='ltr'><strong>veteres</strong></span> <span class='ocrx_word' id='word_1_603' title='bbox 1276 2401 1337 2421; x_wconf 86' lang='lat' dir='ltr'><strong>eam</strong></span> <span class='ocrx_word' id='word_1_604' title='bbox 1360 2394 1505 2423; x_wconf 86' lang='lat' dir='ltr'><strong>scientiam</strong></span> <span class='ocrx_word' id='word_1_605' title='bbox 1536 2397 1641 2431; x_wconf 90' lang='lat' dir='ltr'><strong>optime</strong></span> <span class='ocrx_word' id='word_1_606' title='bbox 1671 2399 1824 2431; x_wconf 72' lang='lat' dir='ltr'><strong>tenuerint,</strong></span> 
     </span>
    </p>
   </div>
   <div class='ocr_carea' id='block_1_93' title="bbox 1039 2442 1827 2475">
    <p class='ocr_par' dir='ltr' id='par_1_93' title="bbox 1039 2442 1827 2475">
     <span class='ocr_line' id='line_1_93' title="bbox 1039 2442 1827 2475; baseline 0.011 -12"><span class='ocrx_word' id='word_1_607' title='bbox 1039 2442 1129 2464; x_wconf 86' lang='lat' dir='ltr'><strong>tamen</strong></span> <span class='ocrx_word' id='word_1_608' title='bbox 1145 2445 1199 2465; x_wconf 89' lang='lat' dir='ltr'><strong>non</strong></span> <span class='ocrx_word' id='word_1_609' title='bbox 1213 2442 1365 2475; x_wconf 80' lang='lat' dir='ltr'><strong>attigerunt</strong></span> <span class='ocrx_word' id='word_1_610' title='bbox 1383 2442 1525 2469; x_wconf 87' lang='lat' dir='ltr'><strong>veritatem</strong></span> <span class='ocrx_word' id='word_1_611' title='bbox 1542 2450 1650 2470; x_wconf 88' lang='lat' dir='ltr'><strong>omnem</strong></span> <span class='ocrx_word' id='word_1_612' title='bbox 1668 2449 1760 2472; x_wconf 84' lang='lat' dir='ltr'><strong>motus</strong></span> <span class='ocrx_word' id='word_1_613' title='bbox 1771 2452 1827 2472; x_wconf 77' lang='lat' dir='ltr'><strong>coa-</strong></span> 
     </span>
    </p>
   </div>
   <div class='ocr_carea' id='block_1_94' title="bbox 1038 2482 1826 2524">
    <p class='ocr_par' dir='ltr' id='par_1_94' title="bbox 1038 2482 1826 2524">
     <span class='ocr_line' id='line_1_94' title="bbox 1038 2482 1826 2524; baseline 0.013 -15"><span class='ocrx_word' id='word_1_614' title='bbox 1038 2482 1125 2515; x_wconf 80' lang='lat' dir='ltr'><strong>lcstis,</strong></span> <span class='ocrx_word' id='word_1_615' title='bbox 1143 2492 1197 2511; x_wconf 80' lang='lat' dir='ltr'><strong>non</strong></span> <span class='ocrx_word' id='word_1_616' title='bbox 1214 2492 1263 2512; x_wconf 91' lang='lat' dir='ltr'><strong>sua</strong></span> <span class='ocrx_word' id='word_1_617' title='bbox 1277 2487 1388 2521; x_wconf 86' lang='lat' dir='ltr'><strong>quidem</strong></span> <span class='ocrx_word' id='word_1_618' title='bbox 1404 2487 1560 2522; x_wconf 75' lang='lat' dir='ltr'><strong>ignorantia</strong></span> <span class='ocrx_word' id='word_1_619' title='bbox 1574 2489 1693 2524; x_wconf 83' lang='lat' dir='ltr'><strong>decepti,</strong></span> <span class='ocrx_word' id='word_1_620' title='bbox 1709 2492 1759 2518; x_wconf 90' lang='lat' dir='ltr'><strong>sed</strong></span> <span class='ocrx_word' id='word_1_621' title='bbox 1780 2499 1826 2519; x_wconf 86' lang='lat' dir='ltr'><strong>re-</strong></span> 
     </span>
    </p>
   </div>
   <div class='ocr_carea' id='block_1_95' title="bbox 1039 2530 1825 2569">
    <p class='ocr_par' dir='ltr' id='par_1_95' title="bbox 1039 2530 1825 2569">
     <span class='ocr_line' id='line_1_95' title="bbox 1039 2530 1825 2569; baseline 0.011 -15"><span class='ocrx_word' id='word_1_622' title='bbox 1039 2537 1097 2555; x_wconf 90' lang='lat' dir='ltr'><strong>rum</strong></span> <span class='ocrx_word' id='word_1_623' title='bbox 1112 2530 1266 2558; x_wconf 66' lang='lat' dir='ltr'><strong>caelestium</strong></span> <span class='ocrx_word' id='word_1_624' title='bbox 1285 2536 1380 2559; x_wconf 80' lang='lat' dir='ltr'><strong>natura</strong></span> <span class='ocrx_word' id='word_1_625' title='bbox 1396 2534 1528 2568; x_wconf 86' lang='lat' dir='ltr'><strong>superati.</strong></span> <span class='ocrx_word' id='word_1_626' title='bbox 1543 2534 1721 2563; x_wconf 84' lang='lat' dir='ltr'><strong>Astronomia</strong></span> <span class='ocrx_word' id='word_1_627' title='bbox 1738 2536 1825 2569; x_wconf 88' lang='lat' dir='ltr'><strong>enim,</strong></span> 
     </span>
    </p>
   </div>
   <div class='ocr_carea' id='block_1_96' title="bbox 1036 2577 1827 2618">
    <p class='ocr_par' dir='ltr' id='par_1_96' title="bbox 1036 2577 1827 2618">
     <span class='ocr_line' id='line_1_96' title="bbox 1036 2577 1827 2618; baseline 0.011 -17"><span class='ocrx_word' id='word_1_628' title='bbox 1036 2582 1099 2601; x_wconf 83' lang='lat' dir='ltr'><strong>cum</strong></span> <span class='ocrx_word' id='word_1_629' title='bbox 1115 2583 1170 2603; x_wconf 92' lang='lat' dir='ltr'><strong>non</strong></span> <span class='ocrx_word' id='word_1_630' title='bbox 1194 2577 1275 2611; x_wconf 83' lang='lat' dir='ltr'><strong>plane</strong></span> <span class='ocrx_word' id='word_1_631' title='bbox 1291 2578 1435 2606; x_wconf 76' lang='lat' dir='ltr'><strong>veritatem</strong></span> <span class='ocrx_word' id='word_1_632' title='bbox 1454 2587 1629 2616; x_wconf 86' lang='lat' dir='ltr'><strong>assequatur,</strong></span> <span class='ocrx_word' id='word_1_633' title='bbox 1647 2582 1695 2609; x_wconf 89' lang='lat' dir='ltr'><strong>sed</strong></span> <span class='ocrx_word' id='word_1_634' title='bbox 1712 2582 1827 2618; x_wconf 87' lang='lat' dir='ltr'><strong>propius</strong></span> 
     </span>
    </p>
   </div>
   <div class='ocr_carea' id='block_1_97' title="bbox 1037 2621 1828 2662">
    <p class='ocr_par' dir='ltr' id='par_1_97' title="bbox 1037 2621 1828 2662">
     <span class='ocr_line' id='line_1_97' title="bbox 1037 2621 1828 2662; baseline 0.014 -16"><span class='ocrx_word' id='word_1_635' title='bbox 1037 2621 1159 2655; x_wconf 81' lang='lat' dir='ltr'><strong>accedat,</strong></span> <span class='ocrx_word' id='word_1_636' title='bbox 1175 2627 1204 2649; x_wconf 90' lang='lat' dir='ltr'><strong>ut</strong></span> <span class='ocrx_word' id='word_1_637' title='bbox 1219 2622 1374 2659; x_wconf 79' lang='lat' dir='ltr'><strong>philosophi</strong></span> <span class='ocrx_word' id='word_1_638' title='bbox 1389 2624 1537 2659; x_wconf 79' lang='lat' dir='ltr'><strong>allirmaut,</strong></span> <span class='ocrx_word' id='word_1_639' title='bbox 1555 2634 1610 2662; x_wconf 88' lang='lat' dir='ltr'><strong>quo</strong></span> <span class='ocrx_word' id='word_1_640' title='bbox 1626 2627 1720 2662; x_wconf 84' lang='lat' dir='ltr'><strong>plures</strong></span> <span class='ocrx_word' id='word_1_641' title='bbox 1730 2627 1828 2656; x_wconf 87' lang='lat' dir='ltr'><strong>obser-</strong></span> 
     </span>
    </p>
   </div>
  </div>
