1916 3066
124 201 175 233 6ἻἸ

830 199 1032 231 EPle’OiJC.

1690 204 1743 238 678

122 261 248 286 vatioues
264 258 418 286 cteleslium
437 263 559 284 motuum
582 257 785 291 complectitur,
801 265 834 284 eo
851 265 906 283 ina-
922 262 943 289 Α
958 263 988 285 et
1006 259 1151 286 honestum
1171 263 1221 287 est,
1244 259 1272 287 Si
1287 268 1353 287 vero
1370 260 1531 293 mutabitur,
1546 262 1583 288 illi
1603 270 1656 289 non
1673 266 1741 290 τυρί-

120 307 163 341 gis
182 313 230 340 per
254 306 362 332 illorum
380 305 613 339 comparationem
634 303 667 330 ad
687 303 831 331 veritatem
849 309 907 331 ten-

120 352 178 382 dit;
194 359 247 386 qua
264 351 298 378 de
320 358 401 378 causa
426 350 527 384 posteri
554 349 669 384 propius
685 357 796 383 semper
810 357 904 376 acces-

121 402 226 428 serunt,
238 404 299 423 cum
310 397 402 430 plures
410 395 557 422 habuerint
567 394 786 421 observationes.
799 393 904 421 Etenim

123 443 294 474 Ptolemteus,
308 446 446 469 astrorum
472 441 588 467 scientia
615 440 831 470 eruditissimus,
857 440 903 474 qui

121 487 226 521 primus
242 494 302 514 eam
325 486 451 513 absolute
466 485 588 518 tradidit,
603 493 700 520 augem
721 485 787 512 solis
805 485 904 511 immo-

120 533 201 558 bilcm
215 539 274 558 esse
288 531 404 565 putavit.
416 538 497 565 quem
512 535 603 557 tamen
619 529 787 565 posteriores
799 529 903 556 movi-.ii

119 578 259 609 sentiunt,
286 575 371 604 veluti
398 576 506 611 sphaera
538 584 592 603 non
620 576 736 603 erratica
766 581 902 607 movetur,

119 623 192 658 quod
212 631 306 650 verum
323 627 377 650 est.
394 622 523 650 Eamdem
542 628 674 657 praeterea
690 622 826 657 sphaeram
843 622 904 649 Ριιι-

116 670 230 697 leniauis
242 677 296 696 uno
306 669 390 703 gradu
405 669 506 696 moveri
521 671 558 696 ait
571 670 650 697 annis
663 674 771 697 centum
785 669 819 696 ab
831 670 904 696 occi-

117 715 199 741 dente
221 715 247 741 in
265 716 416 746 orientem;
442 715 609 749 posteriores
629 710 695 742 vero
714 715 901 750 paucioribus.

118 761 190 787 Idem
202 766 225 788 el
243 761 269 788 in
282 769 309 787 re
320 761 354 788 de
364 769 417 796 qua
432 762 536 796 agitur;
551 763 679 796 quamvis
692 761 796 796 antiqui
808 761 901 789 lunam

117 807 293 842 incipientem
305 808 395 842 primo
405 816 490 840 anno,
502 808 577 836 verbi
585 809 683 843 gratia,
693 817 706 835 a
719 809 806 843 primo
817 811 901 844 gradu

116 853 229 886 Arietis,
259 859 352 888 postea
378 855 487 889 expleto
507 855 540 883 19
557 863 633 883 anno
656 855 754 882 iterum
775 856 808 882 ad
828 855 901 883 idem

116 901 222 935 signum
240 901 339 928 reverti
358 902 534 935 putaverint;
550 909 603 929 non
621 906 708 929 tamen
732 909 826 929 verum
840 907 899 934 est;

116 954 179 973 nam
202 947 236 973 76
257 955 330 974 anno
355 947 444 974 deerit
462 947 487 974 ei
513 955 566 975 una
584 948 698 975 omnino
722 954 818 983 quarta
836 956 901 983 pars

115 991 170 1020 diei
189 993 221 1019 ad
240 992 311 1020 idem
335 993 502 1028 principium
528 994 728 1028 attingendum,
747 994 784 1021 ita
801 999 831 1021 ut
848 993 901 1021 503

63 1045 73 1053 ·
116 1038 196 1065 annis
213 1039 295 1066 unius
316 1038 370 1066 diei
396 1039 486 1074 spatio
514 1039 549 1066 sit
566 1039 713 1072 adfutura;
733 1039 795 1067 inde
817 1041 900 1068 nimi-

115 1093 175 1112 rum
190 1092 270 1112 error
289 1086 409 1112 manavit
430 1085 464 1112 de
482 1085 615 1113 Paschate
632 1092 727 1113 nostro
743 1095 792 1121 per
814 1092 898 1114 totam

114 1139 310 1166 nonnunquam
338 1132 531 1166 septimanam.
558 1131 684 1159 Facimus
709 1140 772 1159 nam
796 1132 900 1159 Pascha

118 1185 170 1204 una
186 1177 339 1212 septimana
354 1177 470 1210 tardius,
493 1186 546 1213 qua
565 1178 591 1204 iu
611 1185 641 1205 re
653 1185 733 1205 error
749 1185 790 1206 est
805 1179 850 1214 qui
866 1187 898 1206 ex

114 1231 199 1249 aureo
218 1230 332 1251 numero
352 1223 494 1259 provenit;
513 1231 575 1250 nam
595 1224 752 1251 lunationes
775 1225 842 1251 istas
856 1233 900 1252 se-

114 1269 220 1303 quitur.
238 1268 278 1296 Ad
295 1269 352 1296 haec
368 1276 418 1297 nos
434 1270 541 1304 agimus
554 1276 658 1296 annum
677 1271 829 1297 secundum
847 1271 900 1297 ﬂo-

116 1323 259 1342 mauorum
291 1316 521 1343 consuetudinem
549 1316 657 1344 dierum
683 1317 736 1344 365
762 1325 793 1344 ac
818 1318 900 1345 unius

114 1362 227 1396 quarti;
244 1362 280 1389 ita
311 1368 340 1389 ut
364 1368 483 1397 quartus
509 1371 598 1391 annus
626 1371 735 1399 semper
757 1363 900 1399 dies,346

115 1408 351 1443 comprehendat;
370 1409 442 1436 unde
460 1409 596 1437 bissextus
612 1410 771 1444 deducitur,
789 1415 817 1439 et
834 1411 899 1439 inde

114 1454 212 1481 solaris
230 1462 330 1488 anuus,
351 1462 383 1482 ac
397 1462 480 1483 verus
495 1463 549 1483 non
566 1456 602 1483 sit
623 1460 725 1489 tantus,
748 1457 796 1485 sed
813 1458 899 1493 major

114 1499 167 1527 500
183 1499 224 1527 vel
247 1500 298 1527 200
321 1500 403 1528 unius
425 1500 482 1529 diei
503 1506 599 1536 parte;
624 1506 769 1536 propterea
791 1502 832 1529 vel
847 1503 900 1530 300

114 1553 226 1581 quoque
241 1554 325 1579 anno,
346 1547 389 1574 vel
414 1546 478 1580 200,
502 1552 532 1575 ut
551 1547 678 1583 juniores
698 1548 804 1575 acutius
819 1548 899 1576 intel-

959 303 1047 338 pient,
1068 310 1096 332 et
1122 299 1252 340 sequetur
1278 307 1416 340 conlusio,
1437 312 1477 336 ut.
1497 308 1558 335 aliis
1578 308 1743 338 Christianis

955 349 1152 385 jejunautibus,
1168 351 1213 378 alii
1231 352 1405 384 paschalibus
1426 353 1532 387 gaudiis
1559 353 1716 389 indulgeant
1733 364 1741 385 ;

956 403 989 422 ac
1005 395 1141 428 homines,
1167 397 1217 423 etsi
1245 406 1298 423 non
1325 397 1454 425 catholici
1473 406 1581 430 omnes,
1607 406 1695 427 tamen
1726 410 1742 428 a

956 439 1068 466 Christo
1084 441 1190 467 Domini
1212 441 1340 475 appellati
1359 443 1441 469 Variis
1457 443 1556 470 diebus
1575 444 1679 471 Pascha
1695 453 1741 472 cv-

956 484 1073 512 lebrent.
1085 485 1213 512 Maudare
1227 491 1368 520 praeterea,
1384 492 1413 513 ut
1424 487 1573 515 Christiani
1585 489 1742 517 lunationes

956 535 1118 564 sequantur,
1154 538 1185 557 ac
1203 533 1293 565 primo
1325 533 1369 558 die
1384 532 1527 559 Dominico
1543 523 1602 567 post
1626 536 1741 568 primam

955 575 1154 608 oppositionem
1171 575 1252 607 laute,
1270 576 1368 603 factam
1385 581 1445 611 post
1466 578 1661 612 :equiuoctium
1679 587 1741 605 ver-

956 621 1025 652 nale,
1044 620 1147 647 Pascha
1170 621 1281 655 faciant,
1297 622 1405 649 dillicile
1422 623 1495 656 erit;
1519 625 1670 658 pra-sertim
1697 632 1741 652 re-

955 672 1017 692 rum
1031 666 1184 694 celestium
1201 668 1300 702 ignari.
1317 667 1448 701 Quisnam
1465 669 1491 696 in
1511 670 1579 696 vicis
1596 665 1741 705 parvisque

954 711 1073 745 oppidis,
1099 712 1144 739 ubi
1167 720 1222 739 non
1249 718 1293 740 est
1318 713 1464 742 doctorum
1489 715 1632 742 hominum
1649 718 1740 751 copia,

954 757 1025 784 scire
1044 763 1136 791 posset
1152 759 1262 792 quando
1277 759 1331 787 erit
1346 760 1519 788 novilunium
1532 761 1543 788 τ
1557 762 1668 796 quando
1691 770 1741 798 op-

954 801 1076 835 positio?
1098 803 1152 829 Aut
1178 804 1244 838 quid
1262 803 1396 832 dillicilius
1414 811 1457 833 est
1473 810 1501 833 et
1522 807 1609 841 magis
1631 808 1740 834 variqu

958 846 1069 880 quando
1084 847 1120 874 sit
1137 849 1354 883 aequinoctium?
1376 849 1515 879 Errabunt
1530 859 1626 880 omnes
1641 857 1668 879 et
1680 852 1740 880 dis-

953 894 1081 922 sentient.
1098 895 1231 924 Prteterea
1245 898 1290 925 hic
1302 907 1380 926 error
1394 900 1462 927 nihil
1484 901 1546 928 mali
1563 901 1660 935 all'ert;
1677 909 1738 929 eum

919 936 939 962 Β
952 942 1025 966 enim
1040 941 1065 967 in
1078 942 1209 971 Paschate
1220 944 1386 973 celebrando
1398 950 1515 981 quatuor
1525 948 1582 975 sint
1593 948 1737 979 servanda,

953 991 982 1013 ut
995 986 1099 1015 dictum
1119 994 1161 1017 est
1176 997 1182 1015 :
1204 995 1232 1017 ut
1249 991 1295 1018 liat
1316 997 1377 1026 post
1392 993 1589 1028 atquinoctium
1606 995 1737 1027 vernale;

954 1037 1014 1065 post
1030 1032 1149 1067 primmn
1164 1034 1345 1070 plenilunium
1363 1042 1426 1071 post
1450 1038 1503 1065 tale
1516 1040 1717 1074 aequinoctium
1732 1051 1738 1069 ;

954 1085 1007 1104 non
1023 1085 1084 1105 cum
1099 1079 1201 1107 Juda'is
1214 1088 1222 1114 ;
1234 1080 1278 1108 die
1291 1082 1432 1111 Dominico
1443 1089 1505 1118 post
1516 1084 1618 1112 Pascha
1632 1084 1739 1112 Judaeu-

952 1131 1024 1151 rum.
1039 1123 1136 1152 Omnia
1153 1126 1221 1158 tunc,
1244 1132 1289 1154 aut
1309 1133 1383 1156 certe
1399 1130 1485 1164 magis
1508 1133 1663 1158 necessaria
1689 1140 1738 1167 pcr

953 1170 1026 1197 hanc
1043 1170 1164 1199 tabulam
1178 1179 1334 1207 servantur,
1347 1179 1374 1202 et
1389 1176 1513 1208 quamvis
1529 1185 1653 1204 erremus
1666 1178 1738 1206 cele-

952 1215 1056 1243 brando
1076 1217 1220 1251 Paschate,
1237 1227 1437 1255 nonnunquam
1464 1222 1569 1251 tardius
1596 1224 1736 1259 aliquibus

950 1261 1064 1295 diebusf;
1080 1268 1170 1291 tamen
1194 1265 1238 1292 hic
1255 1273 1333 1293 error
1348 1267 1412 1294 facit
1435 1276 1484 1295 nos
1499 1269 1659 1304 diligentius
1675 1278 1736 1297 ser-

950 1315 1015 1336 vare
1033 1309 1140 1337 tertiam
1166 1311 1353 1339 conditionem
1377 1321 1439 1347 qua:
1465 1314 1621 1342 admodum-
1638 1323 1737 1342 neces-

950 1353 1020 1380 saria
1035 1359 1088 1386 est,
1105 1359 1133 1382 ut
1150 1355 1256 1383 scilicet
1276 1364 1330 1383 non
1354 1364 1416 1384 cum
1434 1358 1536 1386 Iudaeis
1551 1360 1734 1388 celebremus.

950 1398 1039 1427 Tanto
1053 1400 1126 1427 enim
1142 1401 1228 1437 magis
1243 1402 1277 1429 ab
1300 1402 1355 1429 illis
1369 1403 1548 1437 discedimus,
1565 1411 1667 1444 quanto
1681 1411 1737 1433 tar-

950 1443 1013 1472 dius
1037 1445 1155 1480 agimus.
1183 1446 1276 1482 Itaque
1299 1448 1369 1476 nibil
1396 1449 1596 1478 immutandum
1616 1451 1735 1485 videtur,

949 1492 985 1518 ob
997 1499 1044 1519 eas
1058 1493 1189 1527 rationes,
1207 1501 1269 1529 qua
1285 1502 1369 1530 supra
1387 1502 1607 1524 commemorata:
1625 1503 1700 1525 sunt.

1327 1562 1358 1589 ιι.

114 1592 250 1626 lexerunt,
269 1593 463 1629 wquinoctium
477 1602 531 1621 uno
546 1594 591 1622 die
610 1594 773 1628 retrocedit;
794 1603 827 1622 ex
843 1602 898 1630 quo

958 1603 993 1631 Ad
1014 1604 1128 1632 Paulum
1147 1606 1177 1633 II
1202 1607 1358 1642 Pantiﬁcem
1380 1609 1526 1637 Maximum
1550 1612 1576 1637 in
1592 1610 1689 1639 librant
1705 1613 1736 1640 de

115 1639 208 1666 evenit
233 1644 263 1666 ut
285 1640 310 1666 iu
329 1639 460 1667 Paschate
475 1646 569 1668 nostro
584 1647 664 1668 error
685 1640 722 1668 sit
746 1640 828 1668 unius
849 1641 899 1668 ali-

114 1685 224 1720 quando
240 1685 341 1713 mensis
353 1690 381 1713 et
396 1686 525 1721 amplius,
541 1694 574 1714 ac
588 1694 682 1714 mense
700 1692 760 1721 post
775 1688 899 1716 celebre-

115 1739 177 1758 mus
192 1731 295 1759 Pascha
308 1739 390 1767 quam
406 1732 581 1766 deberemus,
596 1733 829 1767 quemadmodum
845 1734 898 1761 hoc

113 1785 199 1810 anno,
227 1778 254 1805 id
279 1782 371 1806 tamen
395 1786 458 1806 raro
480 1779 594 1806 accidit.
611 1779 702 1812 Quare
722 1780 831 1814 planum
857 1779 900 1808 est

113 1824 191 1851 aurei
205 1824 312 1851 numeri
328 1831 362 1852 ac
382 1817 553 1852 iunctionem
573 1825 688 1852 istorum
708 1825 742 1852 t9
762 1833 898 1854 annorum

113 1874 236 1897 veterem
275 1877 307 1898 ac
338 1875 498 1906 perpetuam
530 1871 752 1900 observationem
787 1880 898 1900 causam

114 1924 175 1944 esse
193 1916 275 1952 hujus
300 1909 445 1944 inveterati
469 1917 588 1951 erroris;
615 1918 719 1945 idcirco
743 1918 777 1946 ab
800 1919 845 1950 iis.
870 1922 900 1946 et

113 1972 210 1991 eorum
223 1963 267 1992 via
284 1971 316 1992 ac
331 1963 426 1999 regula
440 1963 649 1992 discedendum.
668 1965 703 1992 At
716 1965 738 1992 si
756 1966 819 2000 quis
836 1965 899 1993 huic

114 2010 155 2038 rei
172 2015 234 2046 apte
249 2012 396 2038 consulere
411 2011 487 2045 velit,
503 2015 612 2046 oportet
629 2017 657 2038 ut
672 2011 792 2039 calculet
806 2011 899 2039 denuo

113 2056 182 2086 istas
197 2056 362 2089 iunationes,
379 2064 532 2092 novamque
550 2056 669 2084 tabulam
694 2056 833 2087 conﬁciat,
850 2065 899 2092 per

58 2116 73 2127 ι.
114 2110 196 2138 quam
210 2110 288 2138 atque
305 2102 378 2129 docti
393 2106 475 2136 atque
490 2102 592 2130 indocti
610 2102 716 2129 Pascha
737 2103 898 2136 reperiant;

113 2150 162 2177 sed
178 2157 232 2176 non
250 2149 297 2176 diu
311 2148 365 2176 erit
386 2148 472 2176 utilis.
492 2147 558 2175 Nam
575 2152 635 2183 post
652 2153 753 2175 annum
767 2147 819 2176 500
836 2156 899 2175 rur—

113 2205 161 2225 sus
179 2205 234 2224 uno
246 2196 291 2224 die
307 2195 421 2228 errabit,
434 2199 463 2222 et
476 2195 574 2222 eodem
590 2194 672 2222 modo
684 2194 825 2230 deinceps.
841 2194 900 2222 Erit

115 2248 248 2280 praeterea
268 2242 415 2269 admodum
441 2241 562 2272 difﬁcile,
578 2246 609 2267 ut
633 2240 796 2268 Christianis
811 2242 900 2267 omni-

114 2289 167 2316 bus
184 2289 316 2324 cujusque
338 2287 457 2316 natiouis
477 2292 505 2314 et
520 2293 601 2314 secta:
618 2287 671 2314 hoc
695 2289 730 2314 sit
745 2288 896 2322 cognitum,

115 2336 169 2364 hoc
182 2342 245 2362 nam
260 2339 382 2368 tempore
396 2333 486 2360 cuncti
501 2332 651 2360 Christiani
665 2333 784 2360 nationis
796 2334 897 2364 omnis,

114 2386 197 2410 sectie
223 2384 250 2408 et
279 2380 404 2410 haeresis,
431 2380 465 2406 de
490 2378 631 2406 Paschatis
646 2379 697 2409 die,
718 2379 896 2410 conveniunt,

114 2429 269 2462 eodemque
291 2426 334 2453 die
361 2433 457 2454 onmcs
477 2425 632 2457 celebrant,
655 2424 730 2460 quod
751 2424 899 2461 pulchrum

1022 1643 1182 1673 pracessione
1197 1642 1312 1678 Spiritus
1333 1645 1418 1671 sancti
1437 1644 1597 1673 Prooemium
1614 1647 1636 1680 (Ι
1644 1652 1663 1680 ).

1157 1689 1249 1723 (lixtat
1264 1698 1357 1725 supra,
1379 1691 1433 1719 col.
1450 1691 1525 1728 519.)

1322 1748 1364 1776 lli.

951 1799 990 1825 Ad
1008 1798 1122 1827 Graecos.
1145 1798 1310 1828 Exltorlatur
1326 1810 1369 1830 eos
1390 1803 1425 1830 ad
1446 1804 1624 1833 obedientiam
1646 1815 1739 1834 sacro-

985 1834 1224 1875 s'quctwriioma'qce
1244 1836 1368 1875 Ecclesia;
1385 1843 1410 1865 et
1434 1841 1625 1873 susceptionem
1640 1842 1736 1875 synodi

985 1869 1156 1909 florentium.
1175 1870 1208 1909 lit
1232 1871 1264 1898 de
1286 1872 1413 1900 electione
1436 1882 1486 1900 sua
1501 1869 1528 1900 in
1551 1869 1736 1909 patriarcha":

986 1903 1157 1940 Cpolitanum
1175 1905 1224 1940 (2).

1164 1953 1243 1987 (Vide
1259 1961 1352 1989 supra,
1368 1956 1422 1984 col.
1440 1956 1526 1991 Ηυξ

1321 2013 1363 2040 ιν.

950 2056 1157 2096 Αᾶραρὶιυιιηι,
1169 2058 1306 2096 ςαιιοηίσᾳε
1327 2063 1351 2096 et
1367 2061 1518 2096 capellanos
1536 2064 1650 2092 ecclesia,
1667 2065 1738 2093 Duo-

984 2091 1070 2134 decim.
1083 2092 1261 2134 apostolorum
1279 2094 1311 2121 de
1326 2091 1405 2124 Urbe:
1418 2111 1454 2116 —
1466 2097 1512 2124 Eis
1525 2091 1739 2128 statutarcticon—

985 2131 1132 2154 stituttones
1149 2131 1239 2155 mittit.

950 2173 1028 2209 (Vide
1048 2181 1130 2208 supra
1151 2173 1178 2201 in
1200 2175 1358 2211 Appendice
1382 2176 1415 2204 ad
1436 2178 1524 2206 Vitam
1542 2180 1737 2217 Bessarionis.)

1332 2233 1364 2259 V.

915 2276 936 2304 D
950 2274 1174 2312 Adﬂuillelmum
1189 2277 1324 2305 Fichemm
1335 2301 1342 2312 ,
1360 2282 1491 2307 doctorem
1513 2281 1692 2311 Sorbonicunt.
1704 2299 1739 2305 —-

989 2310 1127 2350 Qrationes
1142 2314 1225 2350 χηίιέὶι
1239 2322 1257 2350 ῃ
1273 2323 1300 2340 se
1316 2310 1349 2341 nd
1367 2315 1496 2350 principes
1512 2317 1600 2346 Italia
1618 2310 1737 2347 directus

990 2346 1022 2372 de
1047 2348 1168 2381 periculis
1190 2348 1276 2375 Italio’
1299 2346 1494 2378 imminentibus
1522 2357 1547 2379 et
1572 2346 1737 2382 decernendo

989 2381 1056 2408 bello
1074 2387 1166 2410 contra
1181 2383 1290 2411 Turcas.

999 2427 1189 2462 (Prmmittitur
1203 2431 1375 2458 orationibus
1388 2433 1540 2465 praedictis,
1556 2435 1608 2461 col.
1624 2435 1700 2470 ϐυ.)

903 2518 946 2545 γι.

604 2573 645 2600 Ad
657 2573 831 2608 Pwdagognw
848 2573 990 2601 liberarunt
1005 2575 1110 2603 Thomw
1124 2577 1248 2612 despotw.

152 2637 334 2672 Εὖγενέστατε
361 2635 428 2670 ἄνερ
456 2635 503 2661 καὶ
540 2634 620 2670 ὴμῶν
647 2634 760 2669 φίλτατε
788 2634 874 2669 φίλων
891 2655 899 2668 ,

116 2685 254 2719 ἐδεξάμην
277 2682 326 2708 καὶ
337 2681 470 2717 πρότερον
486 2681 532 2707 καὶ
558 2680 605 2707 νῦν
621 2680 667 2707 διὰ
681 2680 730 2706 τοῦ
750 2681 899 2716 Ἐρμητια-

116 2732 162 2759 νοῦ
194 2731 346 2765 γράμματα
372 2729 421 2764 τῆς
447 2727 588 2761 εὐγενείας
617 2736 677 2758 σου,
709 2727 777 2761 πρὸς
806 2726 823 2754 ἃ
850 2727 900 2754 οὐκ

116 2777 318 2813 ἀπεκρινάμην,
345 2775 488 2810 ἀναμένων
503 2774 546 2800 ἵνα
568 2773 682 2808 γένηται
704 2783 746 2805 τις
763 2773 902 2800 ἀποκατά-

117 2831 210 2854 στασις
219 2823 259 2854 εἰς
268 2822 318 2857 τὴν
330 2821 459 2856 πρόνοιαν
473 2820 526 2846 τῶν
539 2819 779 2846 αὗοεντοποῦλωνξ
793 2820 900 2854 Ἐπειδὴ

117 2869 163 2896 οὖν
179 2870 228 2896 νῦν
255 2868 372 2903 ἐγένετο,
397 2867 445 2893 νῦν
471 2868 517 2893 καὶ
540 2867 649 2902 γράφω.
674 2866 900 2901 Παραμυθεῖσοαι

149 2938 186 2969 (l)
200 2937 300 2962 Zauelti
317 2936 442 2966 Catalog.,
464 2942 488 2966 p.
502 2935 540 2961 τε.

992 2637 1037 2665 Vir
1048 2638 1218 2667 nobilissime
1236 2644 1262 2667 et
1275 2642 1451 2678 amicissime,
1467 2645 1559 2680 accepi
1576 2649 1633 2673 tum
1648 2647 1735 2681 prius,

954 2685 1011 2708 tum
1031 2691 1104 2710 nunc
1120 2691 1170 2718 per
1188 2684 1395 2714 Hermetiauum
1411 2689 1518 2717 litteras
1536 2695 1607 2724 tuas,
1622 2691 1655 2719 ad
1669 2701 1738 2727 quas

952 2736 1007 2756 non
1030 2730 1170 2764 respondi,
1187 2732 1316 2765 quoniam
1330 2740 1490 2768 exspectare
1505 2741 1667 2769 statueram.
1687 2740 1738 2767 do-

952 2783 1002 2802 nec
1012 2776 1094 2803 rebus
1105 2777 1309 2806 adulescentum
1322 2780 1476 2814 principum
1488 2784 1643 2811 consultum
1656 2785 1736 2814 foret.

951 2820 1029 2852 Quod
1046 2830 1107 2849 cum
1120 2822 1175 2857 jam
1192 2823 1293 2850 factum
1309 2825 1353 2857 sit,
1372 2834 1446 2854 nunc
1458 2827 1491 2854 ad
1508 2833 1533 2855 te
1548 2830 1650 2857 scribo.
1664 2831 1737 2858 Cou-

952 2867 1036 2896 :OIHI'i
1052 2876 1100 2898 vos
1114 2873 1141 2896 et
1154 2870 1294 2905 principes
1310 2872 1343 2899 de
1361 2878 1449 2902 morte
1466 2875 1646 2905 acerbissima
1664 2878 1737 2908 beati

969 2928 1006 2967 (il
1031 2937 1123 2962 Arcud.
1142 2938 1233 2970 Opusc.
1249 2947 1334 2966 parca.
