1916 3066
105 146 158 177 689

805 147 863 194 ,ΕΡ
870 148 876 176 |
883 148 1021 178 STOLtE.

1687 145 1742 178 690

106 203 348 239 ἀπορῤίπτοντος’
365 204 445 239 μήτοι
467 212 498 238 γε
524 203 582 236 σοῦ,
613 204 697 239 μήπω
721 204 805 240 μηδὲν
833 206 897 240 περὶ

968 206 1062 233 itonem
1081 205 1182 241 ipsum,
1201 205 1335 241 ejusmodi
1356 205 1458 238 virum,
1474 212 1536 232 cum
1561 204 1588 231 in
1605 204 1741 231 Aristote-

108 252 163 278 τῶν
181 259 213 285 γε
232 249 363 277 τοιούτων
379 251 578 286 ὴκριϐωκότος.

145 341 178 367 Εἴ
187 350 213 367 τι
230 338 277 367 οὖν
294 341 356 376 ἐμοὶ
371 340 464 375 πείθη,
479 341 526 367 καὶ
547 341 678 368 Πλάτωνα
708 341 756 367 καὶ
777 341 900 376 Ἀριστο-

55 395 60 400 ·
108 387 174 420 τέλη
190 386 376 422 σοφωτάτους,
399 386 563 421 ἡγούμενος,
587 387 648 414 κατ’
665 387 736 422 ῐχνος
750 396 780 414 τε
796 387 901 419 τούτοις

109 434 255 468 ἑπόμενος,
289 433 420 468 ἑκάτερον
453 434 576 469 ἡγεμόνα
607 443 636 461 τε
667 434 768 462 σαυτοῦ
803 434 902 467 ποιοῦ,

112 478 193 514 σχολῇ
223 487 253 505 τε
281 479 329 504 καὶ
355 479 471 514 μελέτῃ,
503 479 676 510 διδασκάὶοις
708 487 738 505 τε
766 477 806 509 οἷς
827 479 903 511 ἄξιον

111 522 273 558 χρώμενος,
305 523 403 558 πρῶτα
432 523 483 558 μὲν
509 525 628 551 συνεῖναι
651 524 697 550 τοῦ
730 524 828 559 βάθους
850 524 904 550 τῶν

112 571 160 598 ὐπι
174 570 266 597 αὐτῶν
291 570 446 604 εἰρημένων
473 569 625 597 σπούδασον
642 579 648 586 ·
673 571 733 597 οὐδὲ
751 570 806 605 τὰρ
836 571 904 596 πᾶσι

111 617 168 648 τοῖς
180 616 353 651 βουλομένοις
365 615 490 650 εὔληπτα
507 616 616 650 λέγουσι
634 615 673 643 τὼ
689 616 768 651 ἄνδρε
785 624 793 632 ·
809 617 904 642 ἔπειτα

112 663 160 690 καὶ
175 664 201 689 ετ
213 671 240 688 τι
258 662 452 697 διαφέρεσθαι),
474 663 523 689 οὐκ
551 662 682 697 ἀμαθίας,
712 663 813 695 ἄπαγε,
837 661 905 688 ἀλλὰ

111 709 161 742 τῆς
177 708 299 743 μεγάλης
313 716 343 734 τε
354 709 447 734 αὐτοῖν
462 708 525 743 περὶ
540 708 637 742 λόγους
650 707 791 742 δυνάμεώς
814 716 843 733 τε
859 707 906 733 καὶ

113 754 206 787 ἕξεως,
225 754 272 780 καὶ
287 754 336 788 τῆς
347 753 402 780 τῶν
431 753 610 788 ζητημάτων,
639 753 684 780 διὰ
708 753 738 779 τδ
754 752 852 788 ἄδηὶόν
876 761 906 779 τε

113 800 202 827 αὐτῶν
219 801 265 826 καὶ
286 800 324 835 μὴ
341 800 438 835 σαφὲς.
459 800 502 826 ἐπ’
519 800 665 835 ἀμφότερα
679 800 777 835 ῥοπῆς,
792 800 906 834 σημεῖον

113 846 285 880 ποιούμενος,
302 845 443 880 Θαύμασον
460 846 509 881 μὲν
525 845 574 881 τὴν
590 845 701 872 ἐκείνων
727 844 836 880 σοφίαν,
853 846 906 879 ἀμ-

953 253 1005 279 lcm
1023 252 1085 279 talia
1100 253 1231 287 proiecit;
1247 252 1347 280 nedum
1362 257 1398 286 te,
1415 252 1463 287 qui
1478 252 1504 279 itt
1521 251 1554 279 iis
1570 251 1654 278 rebus
1673 258 1746 278 non-

953 298 1018 325 dum
1033 297 1185 332 quidquam
1199 297 1376 325 aceuravisti.

989 343 1016 370 Si
1035 343 1100 377 quid
1121 350 1186 378 ergo
1207 344 1273 370 milti
1289 343 1390 375 credis,
1408 342 1552 370 Platonem
1580 345 1608 368 ιιι
1631 347 1658 369 et
1683 341 1745 367 Art-

953 388 1080 415 stotelem
1102 389 1322 423 sapientissimos
1338 394 1449 424 putans,
1465 393 1493 416 et
1507 388 1605 415 horum
1622 387 1745 422 vestigiis

955 434 1102 466 insistens,
1119 434 1158 461 tui
1173 439 1323 469 utrumque
1347 434 1445 462 ducent
1460 434 1555 461 facito.
1570 434 1675 460 Tutuet
1687 434 1745 460 otio

954 486 982 508 et
993 480 1184 512 meditatione,
1200 486 1227 507 et
1246 481 1383 514 magistris
1406 488 1483 511 usus,
1498 480 1599 515 quibus
1623 487 1672 514 par
1691 485 1744 512 est,

955 526 1075 561 primutn
1090 526 1202 560 quidem
1217 527 1243 554 in
1265 527 1290 554 id
1304 527 1446 558 incumbe.
1464 531 1494 553 ut
1509 518 1605 554 eortitn
1633 534 1695 560 qua-
1711 526 1745 552 ab

955 572 1092 600 ambobus
1104 573 1159 600 illis
1174 573 1246 601 dicta
1263 578 1327 600 sunt
1341 573 1508 608 profundum
1523 580 1635 600 sensum
1654 572 1748 606 perci-

956 618 1024 653 pias.
1042 618 1135 652 Neque
1150 618 1223 645 enim
1242 618 1344 645 volenti
1361 619 1462 653 cuique
1480 618 1683 652 comprcltensu
1707 617 1747 644 fa-

957 664 1019 692 cilia
1040 664 1136 691 dicunt
1153 664 1204 691 viri
1217 665 1256 692 illi
1270 665 1336 692 duo.
1352 665 1456 692 Deinde
1473 670 1500 692 et
1515 665 1537 692 si
1553 664 1618 699 quid
1639 664 1747 691 dissen-

957 710 1039 742 tiunt,
1050 718 1105 737 non
1119 710 1280 745 ignorantize
1292 711 1450 746 (apagesis),
1464 710 1510 737 sed
1524 718 1621 737 eorum
1634 717 1748 737 summie

957 755 1105 788 facultatis,
1116 760 1142 783 et
1160 755 1259 783 habilis
1273 756 1306 783 ad
1326 756 1523 791 disputantium
1538 756 1652 791 ingenii.
1663 764 1747 790 argu-

958 806 1080 830 mentum
1097 801 1124 829 id
1137 809 1198 830 esse
1212 806 1347 834 statuens,
1360 807 1387 830 et
1401 803 1476 838 quod
1495 803 1548 829 illa!
1566 803 1744 837 qttmstiunes,

958 849 993 876 ob
1018 856 1063 876 res
1080 849 1202 876 incertas
1229 853 1258 876 et
1284 849 1430 882 obscuras,
1449 850 1530 885 paulo
1555 854 1694 876 momento
1720 849 1747 876 itt

113 895 173 926 φοῖν
191 892 218 918 δὲ
233 892 348 927 χάριτας
359 891 497 926 ὁμολόγει,
510 888 548 918 ὧν
564 892 630 927 ἡμῖν
643 891 755 926 ἀγαθῶν
770 891 902 925 γεγένην-

968 897 1098 927 itramque
1114 898 1221 928 partem
1237 893 1306 920 trahi
1319 894 1434 929 possint,
1452 895 1562 921 illorum
1581 894 1745 927 sapientiam

113 946 142 964 τι
158 937 252 965 αἴτιοι.
277 937 357 965 Οὕτω
380 938 436 972 γὰρ
464 937 552 964 ποιῶν
577 937 669 972 σαυτῷ
693 946 723 963 τε
749 937 783 963 τὰ
809 936 905 972 βελτίω

115 984 294 1019 βουλεύσεις,
327 985 389 1020 ἐμοι
417 993 447 1011 τε
477 985 581 1019 χαριῇ,
612 984 660 1010 καὶ
696 983 764 1010 πᾶσι
792 983 850 1014 τοῖς
875 980 903 1008 εὖ

114 1029 271 1065 φρονοῦσιν.
289 1029 334 1061 Ὦς
345 1029 394 1057 νῦν
411 1038 444 1063 γε
472 1030 627 1065 χαριεῖσθαι
658 1029 787 1064 νομίζων,
804 1028 906 1062 σφείδρα

115 1075 257 1111 ὲλύπησας
276 1084 284 1092 ·
301 1077 332 1103 τὸ
350 1076 410 1110 μὲν,
428 1076 471 1103 ὅτι
487 1075 586 1110 ἄνδρας
604 1075 732 1108 ἀναξίους
747 1073 908 1109 ὑδρίζεσοαι

117 1120 205 1154 οὕτως
231 1122 464 1158 ἀπερικαλύπτως
487 1122 661 1157 ἑλοιδόρησας
675 1129 682 1137 ⁴
698 1121 727 1147 τὸ
739 1120 771 1152 δ’,
790 1121 830 1147 ὅτι
861 1120 909 1147 καὶ

121 1169 218 1197 σαυτὸν
232 1169 338 1202 ἔδειξας
353 1169 391 1204 μὴ
404 1169 476 1196 πάνυ
495 1177 537 1195 τοι
549 1168 583 1195 τὰ
595 1168 711 1195 ἔχεινων
738 1166 908 1201 ὴσκημένον.

960 938 1108 971 admirare,
1133 943 1160 965 et
1183 946 1302 973 quorum
1326 939 1343 965 ii
1358 939 1438 966 nobis
1463 939 1597 966 bonorum
1622 943 1749 966 auctores

960 985 1082 1017 I'uerunt,
1093 985 1129 1012 ob
1146 992 1177 1012 ea
1192 984 1250 1020 ipsa
1266 985 1401 1012 ambobus
1413 986 1513 1019 gratias
1528 985 1608 1011 ltabe.
1627 985 1664 1011 Ita
1675 984 1749 1011 enim

960 1030 1009 1058 tibi
1023 1030 1135 1066 quidem
1151 1030 1252 1058 melius
1263 1030 1446 1062 consulueris,
1461 1030 1527 1056 tnilti
1541 1034 1632 1056 autent
1649 1035 1676 1057 et
1689 1037 1750 1056 ont-

960 1077 1044 1104 nibus
1061 1084 1135 1103 sanaa
1154 1077 1255 1104 mentis
1268 1076 1426 1104 hominibus
1437 1082 1542 1111 gratum
1561 1075 1670 1104 ieceris.
1683 1075 1749 1102 Nam

961 1131 1036 1150 nunc
1060 1123 1185 1158 quidem,
1203 1123 1424 1158 gratiﬁeatttrum
1450 1127 1475 1150 te
1493 1123 1655 1154 arbitratus,
1670 1122 1751 1149 valde

962 1169 1097 1196 molestus
1110 1168 1205 1202 fuisti;
1225 1174 1281 1196 tum
1299 1169 1362 1204 quia
1375 1169 1587 1196 immerentibus
1603 1169 1644 1196 sic
1661 1168 1749 1203 palam

118 1220 147 1244 et
159 1221 256 1250 aperte
271 1215 456 1248 maledixisti;
473 1220 530 1242 tum
544 1216 617 1250 quod
633 1218 661 1242 et
693 1214 811 1249 teipsutn
847 1213 875 1240 in
909 1213 1020 1242 illorum
1041 1215 1152 1251 scriptis
1180 1223 1236 1243 non
1261 1215 1376 1242 omnino
1398 1220 1540 1242 versatum
1566 1223 1627 1242 esse
1655 1214 1752 1250 prodi-

118 1264 195 1292 disti.

153 1311 291 1346 Θεόδωρόν
302 1319 332 1337 τε
345 1310 380 1337 τὰ
396 1310 494 1346 βελτίω
510 1310 596 1337 ποιῶν
608 1310 675 1346 τίμα
704 1319 747 1343 τε,
769 1309 817 1336 καὶ
838 1308 911 1335 διδα-

121 1357 214 1392 σκάλῳ
229 1356 295 1391 περὶ
311 1356 400 1383 πάντα
415 1356 484 1391 χρῶ.
501 1356 580 1382 Ἐστι
595 1356 650 1392 γὰρ
664 1353 723 1387 οἷος
737 1355 785 1382 καὶ
810 1353 839 1380 σι
865 1353 913 1380 καὶ

121 1404 238 1435 πολλοὺς
254 1403 364 1437 ἐτέρους
392 1402 508 1437 ὠφελεῖν
538 1402 679 1429 δύνασθαι.
712 1401 778 1436 Ἐμὲ
804 1400 842 1432 δὲ,
869 1399 913 1427 ἵνα

122 1451 161 1485 μὴ
171 1450 218 1476 καὶ
231 1447 310 1480 αὖθις
328 1449 476 1485 πλανηθεὶς
491 1448 571 1484 δόξῃς
593 1456 638 1484 μοι
653 1446 768 1474 τοιαῦτα
798 1447 838 1477 εἰς
858 1454 913 1472 τοι-

121 1495 218 1526 ούτους
245 1495 333 1529 λέγων
366 1494 467 1529 ἄνδρας
497 1492 674 1528 χαρίζεσθαι,
702 1491 834 1526 φιλοῦντα
863 1490 914 1525 μὲν

122 1541 177 1567 ῐσθι
193 1539 334 1572 Πλάτωνα,
348 1538 478 1574 φιλοῦντα
492 1538 516 1565 δ’
535 1537 720 1574 Ἀριστοτέλη,
745 1536 794 1563 καὶ
807 1535 844 1567 ὡς
868 1543 914 1561 σο-
928 1531 950 1544 “¹

123 1587 242 1622 φωτάτω
254 1586 401 1621 σεϐόμενον
413 1585 547 1620 ἑκατέρω.
566 1584 699 1620 Πλήοωνοὶ
729 1592 759 1609 τε
789 1582 838 1617 τῆς
869 1591 916 1616 με-

123 1633 266 1668 γαλονοίας
281 1633 328 1660 καὶ
339 1632 453 1667 εὐφυΐας
467 1632 618 1666 ἀγάμενον,
637 1630 685 1664 τῆς
700 1628 835 1664 τοσαύτης
848 1628 915 1662 πρδς

130 1679 307 1716 Ἀριστοτέλη
329 1681 421 1714 μάχης
436 1687 467 1706 τε
497 1678 544 1706 καὶ
568 1677 694 1708 δυσνοίας
721 1677 758 1712 μὴ
784 1675 916 1702 ἐπαινεῖν.

123 1726 277 1760 Βουλιιίμην
289 1726 345 1760 γὰρ
360 1724 393 1751 ἂν
408 1724 512 1751 ἐκεῖνόν
521 1732 550 1750 τε
577 1722 773 1758 Ἀριστοτέλει,
799 1720 862 1751 τούς
888 1728 917 1746 τε

124 1774 222 1804 ἄλλους
234 1774 289 1799 εἴτε
301 1773 358 1798 τοῖν
372 1772 445 1798 δυοῖν
460 1771 601 1806 μεγίστοιν
631 1769 787 1804 φιλοσόψοιν
800 1767 918 1799 τούτοιν,

125 1820 181 1845 εἴτε
200 1818 275 1853 αὖτῷ
308 1817 445 1853 Πλήοωνι,
469 1817 524 1844 καὶ
551 1815 655 1847 tinniat;
680 1815 780 1850 δήποτε
817 1813 917 1845 ἄλλοις,

128 1866 197 1900 μετᾶ
210 1865 347 1899 τοταύτης
373 1873 406 1898 γε
432 1863 556 1898 ἀπαντᾷν
581 1861 739 1892 εὐλαϐείας,
764 1859 823 1895 μεθ’
854 1859 919 1893 ὅσης

132 1911 323 1946 Ἀριστοτέλης
349 1911 461 1938 ἀντεῖπε
489 1910 545 1940 τοῖς
574 1908 628 1943 πρὸ
653 1906 734 1934 αὐτοῦ
750 1913 758 1923 ·
777 1906 805 1938 ὃς
830 1906 920 1940 λόγοις

126 1961 179 1989 ἀεὶ,
194 1961 240 1986 καὶ
253 1959 290 1991 ὡς
305 1959 353 1986 ἐπὶ
367 1959 397 1985 τδ
412 1958 480 1985 πολὺ
497 1958 552 1994 (Il)
568 1956 791 1992 παραιτούμενος
810 1955 873 1986 τούς
891 1963 920 1982 τε

126 2006 288 2037 ἀκούοντας.
308 2005 355 2037 οὖς
370 2014 398 2031 τε
413 2004 532 2037 εὐθύνει,
546 2002 709 2033 ἀποδεικνὺς
728 2002 759 2028 τὸ
776 2001 922 2036 προκείμε-

127 2062 182 2085 νον,
196 2052 250 2078 τῶν
266 2052 405 2086 λοιδοριῶν
419 2051 565 2086 ἀπέσχετο·
579 2050 622 2076 ὅτε
638 2049 666 2075 δὲ
681 2048 728 2075 καὶ
744 2048 922 2082 σφοδρότερον

132 2098 391 2134 κατιφέρεται,καὶ
420 2098 479 2123 τότε
517 2097 646 2130 φυλάττει
671 2095 701 2122 τὺ
734 2096 854 2129 μέτριον.
883 2094 923 2120 Τὰ

128 2145 156 2170 δὲ
173 2146 241 2178 εἴδη,
266 2145 343 2179 φησι,
362 2144 481 2178 χαιρέτω
507 2142 574 2175 (12).
606 2141 798 2177 Τερετὶπματά
822 2141 878 2176 (i3)
893 2149 923 2166 τε

1002 1305 1179 1334 Theodorum
1198 1305 1263 1333 item
1281 1306 1379 1334 melius
1396 1307 1511 1334 meritus
1524 1305 1594 1339 cole,
1609 1313 1698 1341 eaque
1717 1305 1750 1333 ad

965 1353 1057 1381 omnia
1072 1352 1203 1392 magistro
1218 1358 1305 1380 utere.
1320 1352 1371 1384 Est
1383 1353 1458 1380 enim
1474 1353 1497 1380 is
1507 1353 1655 1388 ejusmodi,
1678 1357 1708 1381 ut
1724 1358 1753 1381 et

966 1404 992 1427 te
1008 1399 1095 1435 possit
1118 1403 1146 1427 et
1165 1399 1234 1426 alios
1252 1398 1361 1434 iuvare.
1383 1399 1461 1432 Quod
1481 1399 1513 1426 ad
1532 1406 1575 1426 me
1586 1399 1695 1432 attinet,
1716 1407 1752 1427 ne

966 1455 1016 1483 per
1030 1453 1155 1474 errorem
1179 1453 1280 1473 rursus
1303 1446 1456 1478 existimes,
1474 1445 1536 1473 talia
1553 1446 1580 1473 in
1599 1446 1667 1474 tales
1681 1445 1756 1474 viros

966 1492 1104 1520 dicentem
1116 1496 1142 1518 te
1168 1491 1236 1518 mihi
1252 1491 1412 1525 gratiﬁcari,
1427 1491 1496 1518 scito
1510 1499 1554 1519 tne
1573 1496 1601 1518 et
1616 1495 1754 1519 amantem

968 1538 1100 1570 Platonis,
1119 1540 1148 1565 et
1171 1542 1309 1564 amantem
1335 1536 1492 1564 Aristotelis
1506 1541 1534 1564 et
1549 1536 1632 1564 ltnsce
1650 1536 1753 1564 ambos

967 1589 1099 1618 tanquam
1117 1582 1341 1618 sapientissimos
1356 1586 1537 1609 venerantem
1555 1590 1562 1608 :
1579 1583 1607 1610 in
1620 1581 1755 1610 Plethoue

967 1632 1050 1658 etiam
1070 1637 1199 1666 magnum
1212 1629 1351 1664 ingenium
1366 1634 1393 1657 et
1411 1628 1571 1664 prazclarant
1586 1628 1706 1656 iudolem
1719 1628 1757 1656 ita

968 1677 1061 1704 mirari
1081 1684 1134 1708 tne,
1154 1680 1181 1703 ut
1208 1675 1341 1702 adversus
1363 1674 1536 1702 Aristotelem
1560 1675 1683 1702 animum
1703 1679 1757 1700 tam

968 1729 1133 1759 pugnacem,
1151 1725 1206 1749 tam
1219 1721 1396 1754 malevolum,
1406 1721 1518 1748 minime
1535 1721 1656 1748 laudent.
1670 1720 1756 1747 Velim

969 1768 1070 1802 quippe
1086 1772 1113 1794 et
1127 1767 1202 1794 illum
1214 1766 1367 1799 Aristoteli,
1382 1771 1410 1793 et
1422 1766 1619 1801 aliosquosvis
1632 1774 1679 1792 seu
1690 1765 1758 1792 duo-

970 1815 1021 1842 bus
1035 1813 1263 1849 pitilosOphorum
1278 1812 1461 1848 principibus,
1473 1812 1531 1840 sive
1546 1812 1596 1847 ipsi
1617 1812 1758 1840 Plethoni.

970 1862 1029 1889 sive
1058 1861 1119 1888 aliis
1145 1860 1369 1895 quibuscunque,
1398 1863 1472 1887 tanta
1494 1859 1616 1886 adhibita
1631 1859 1759 1886 cautione

954 1906 1150 1938 ‘concurrere,
1167 1910 1270 1940 qttanta
1281 1904 1445 1932 Aristoteles
1460 1904 1496 1932 iis
1509 1904 1554 1939 qui
1574 1908 1638 1930 ante
1654 1911 1684 1930 se
1701 1903 1761 1930 fuc-

972 1956 1037 1980 ruttt
1058 1951 1236 1979 contradixit.
1257 1950 1362 1986 Nempe
1386 1951 1409 1978 is
1439 1950 1577 1977 rationum
1596 1949 1620 1976 vi
1640 1957 1759 1984 semper.

972 2003 999 2025 et
1015 1997 1096 2032 petita
1113 1998 1276 2032 plerumque
1284 1997 1377 2030 venia,
1391 1997 1450 2024 sive
1462 1997 1496 2024 ab
1506 1996 1690 2028 auditoribus,
1703 1996 1761 2023 sive

972 2042 1007 2070 ab
1027 2043 1060 2069 iis
1079 2049 1148 2077 quos
1165 2042 1355 2076 reprehendit,
1375 2049 1432 2069 rem
1453 2041 1494 2068 sic
1508 2041 1680 2068 demonstrat
1702 2046 1760 2068 uta

973 2087 1104 2115 conviciis
1120 2087 1267 2115 abstineat.
1286 2087 1357 2120 Quin
1372 2093 1400 2114 et
1414 2087 1459 2115 ubi
1480 2087 1671 2115 vehementius
1686 2087 1764 2114 inve-

974 2134 1059 2166 hitur,
1075 2138 1132 2161 tum
1161 2141 1272 2169 quoque
1298 2134 1408 2160 modum
1440 2138 1541 2161 servat.
1584 2133 1687 2160 Forma:
1716 2141 1764 2159 nu-

130 2190 184 2225 γὰρ
201 2192 255 2217 εισι
271 2198 278 2206 ο
298 2190 345 2216 καὶ
361 2190 385 2216 εἰ
403 2190 483 2222 εἰσιν,
500 2190 577 2216 οὐδὲν
597 2190 665 2223 πρθις
690 2189 737 2214 τὸν
762 2188 850 2221 λόγον.
867 2187 913 2213 Ka‘

973 2184 1036 2211 tam,
1051 2179 1151 2214 inquit,
1169 2178 1284 2206 valeant.
1304 2177 1376 2205 Nam
1396 2184 1419 2205 et
1447 2180 1586 2214 argutiola:
1609 2187 1647 2206 ea:
1676 2183 1762 2205 sunt:

130 2236 218 2267 αὗῖδις,
230 2237 278 2270 οὐχ
294 2236 400 2271 ἥψαντο
411 2235 587 2269 διαλεκτικῆς
600 2235 624 2261 οι
640 2235 747 2269 ἄνδρες,
762 2233 826 2269 περί
838 2243 920 2260 τινων

129 2283 215 2309 ἄλλων
231 2282 329 2314 λέγων.
349 2278 432 2313 Οὗτος
444 2282 457 2308 ό
469 2281 526 2312 τῶν
534 2281 674 2315 λοιδοριῶν
692 2280 774 2307 αὑτοῦ
789 2279 920 2313 κολο-έών.

171 2371 267 2404 Ἡμεῖς
291 2370 320 2397 δὲ
350 2369 545 2404 ἀνθρωπίσκοι,
572 2368 589 2403 ἢ
615 2368 726 2403 πίθηκοί
758 2376 832 2399 τινες
856 2368 921 2402 πρ“ι;

131 2419 253 2448 ἐκείνους
280 2417 374 2451 ἥρωας
404 2415 479 2446 ὄντες
513 2415 685 2449 τολμήσομεν
718 2415 828 2446 αὐτοὺς,
846 2414 921 2448 φεῦι

134 2466 253 2502 ἀμαθεῖς
271 2465 373 2499 λέγειν,
402 2465 449 2490 καὶ
468 2464 503 2490 τὰ
529 2463 559 2496 ἐξ
587 2464 700 2498 ἀμαθῶν
715 2463 771 2499 (Μ)
788 2462 923 2490 σκώπτειν

134 2513 236 2548 μᾶλλον
253 2512 269 2547 ἢ
287 2511 421 2546 κωμῳδία
440 2511 501 2542 ub;
517 2512 580 2544 περὶ
591 2510 702 2537 Κλέωνά
717 2519 746 2536 τε
763 2510 808 2537 καὶ
822 2509 922 2545 Ὑπέρα

133 2560 231 2591 δολονς
247 2558 319 2589 τίνες
334 2557 409 2588 ὅντες
428 2565 435 2590 ;
455 2557 535 2582 ποίαν
551 2556 662 2591 γνῶσιν,
678 2556 759 2582 ποίαν
772 2556 826 2582 τῶν
839 2555 924 2582 ὄντων

133 2604 241 2639 ἔχοντες
258 2602 440 2636 inierint-qv;
469 2602 568 2636 Μωρία
590 2601 677 2628 ταῦτα
698 2603 745 2628 καὶ
769 2601 852 2637 μανία
885 2601 924 2635 τῷ

134 2651 190 2677 ὄντι
202 2649 301 2684 σαφής.
317 2649 393 2684 Μηδὲ
414 2649 466 2682 γὰρ
478 2649 545 2680 οἵου,
558 2645 580 2675 ὦ
595 2648 729 2684 βέλτιστε,
743 2649 780 2679 ὡς
795 2648 822 2674 εἴ
830 2657 856 2674 τι
867 2648 923 2683 (l5)

135 2696 271 2731 Ιιλήθωνι,
288 2695 362 2730 σοξῴ
377 2703 406 2720 τε
417 2695 463 2720 καὶ
474 2695 590 2730 γενναέῳ
606 2694 694 2729 ἀνδρὶ,
709 2694 764 2721 εἴτε
782 2693 922 2729 Πλωτῑνῳ,

172 2775 231 2844 (HK
248 2774 285 2805 ὡς
300 2774 427 2800 ἐπιπολὺ.
443 2774 504 2801 cod.
521 2773 600 2800 5064.

173 2813 219 2844 (i2
250 2810 309 2837 Vide
328 2809 464 2836 Aristotel.
482 2809 567 2836 lib.t:
587 2811 600 2835 ι

173 2807 231 2848 (12)
250 2810 309 2837 Vide
328 2809 464 2836 Aristotel.
482 2809 528 2835 lib.
540 2817 567 2836 t:
587 2809 654 2842 Περὶ
668 2807 803 2843 φυσικῆς
816 2807 925 2843 ἀκροά-

137 2856 227 2879 σεως.

177 2880 451 2918 (15)Ί“ερετίσματα,
477 2879 630 2906 ricadzu'um
657 2885 771 2912 t't'lllllls,
800 2880 924 2907 cantiun-

975 2230 998 2252 ει
1017 2226 1040 2252 si
1054 2230 1126 2256 sunt,
1143 2225 1258 2252 nihilad
1274 2233 1339 2252 rent.
1357 2225 1388 2251 Et
1405 2233 1500 2252 rursus
1514 2224 1548 2252 de
1568 2225 1630 2252 aliis
1649 2225 1765 2260 quibus-

973 2273 1034 2299 dam
1052 2271 1212 2298 hominibus
1228 2271 1356 2306 loquens,
1373 2270 1433 2304 Illi,
1458 2271 1556 2307 inquit,
1573 2271 1624 2298 υἰνί
1645 2271 1765 2298 dialecti-

973 2327 1031 2345 cam
1044 2326 1095 2345 non
1108 2318 1264 2352 alliget-unt.
1275 2318 1324 2345 llic
1334 2322 1376 2345 est
1386 2318 1413 2345 ei
1424 2318 1612 2345 conviciorum
1627 2318 1761 2345 cumulus.

1008 2365 1064 2392 Nos
1071 2372 1137 2392 vero
1145 2364 1317 2396 homunculi,
1326 2370 1353 2392 et
1363 2365 1474 2399 quidam
1483 2364 1636 2391 velutsimii
1647 2372 1701 2399 pra:
1711 2364 1764 2390 illis

974 2410 1106 2438 heroibus
1122 2410 1258 2443 indoctos,
1276 2411 1329 2438 heu
1343 2411 1349 2436 l
1364 2410 1500 2445 appellare
1518 2417 1566 2437 eos
1589 2410 1765 2441 audebimus,

973 2457 1133 2485 ctcottvicia
1142 2456 1175 2483 de
1188 2456 1311 2491 plaustro
1325 2456 1483 2491 ingeretttus
1491 2455 1618 2482 licentius
1626 2463 1707 2490 quant
1720 2463 1767 2482 co-

975 2504 1079 2532 tttmdia
1092 2504 1150 2537 ipsa
1165 2503 1192 2529 itt
1207 2502 1336 2530 Cleonem
1355 2507 1385 2530 et
1400 2501 1604 2537 Hyperbolum?
1618 2501 1766 2536 Eequinam

974 2556 1037 2579 veto
1064 2550 1137 2578 nos?
1153 2549 1210 2582 Qua
1224 2549 1392 2583 cognitione,
1411 2556 1464 2583 qua
1477 2556 1568 2575 rerum
1585 2548 1700 2575 scicntia
1725 2549 1767 2575 in-

975 2597 1090 2625 structi?
1111 2597 1174 2624 !ltee
1188 2597 1278 2631 reipsa
1294 2596 1410 2624 stultitia
1427 2600 1479 2630 est,
1500 2596 1633 2631 furorque
1647 2596 1764 2624 manife-

975 2649 1044 2672 stus.
1060 2643 1131 2671 Cave
1150 2643 1225 2670 enittt
1246 2642 1355 2675 credas,
1371 2651 1388 2670 ο
1406 2643 1489 2675 bone,
1514 2643 1578 2677 quia
1604 2643 1765 2670 hominibus

975 2691 1116 2718 Platonem
1129 2694 1156 2716 et
1174 2688 1348 2716 Aristotelem
1375 2688 1544 2724 spirantibus
1558 2696 1606 2716 seu
1629 2688 1765 2725 Plethoni,

976 2772 1051 2800 cultv.

1013 2808 1069 2842 (14)
1086 2807 1156 2841 Lego
1172 2806 1296 2842 ἁμαξῶν,

1012 2840 1068 2877 (15)
1085 2840 1152 2872 εἴτε,
1170 2840 1232 2869 cuit.
1249 2841 1318 2877 δοβί
1335 2849 1342 2867 :
1359 2840 1496 2877 Pleuronis
1517 2842 1675 2869 mentionem
1689 2841 1768 2868 aditi~

977 2883 1031 2906 tam
1047 2882 1109 2914 puta
1126 2878 1156 2904 alr
1173 2877 1260 2911 inrrtc
1278 2876 1411 2905 Pici/tonis
1425 2876 1599 2904 admiralorc.
