1916 3066
193 171 249 204 699

554 226 613 254 ΧΗ.

195 282 237 308 Ad
252 280 411 309 Ludovicum
428 281 469 308 ΧΙ
488 290 575 317 regem
588 283 680 310 scribit
700 291 717 309 (ι
731 291 833 309 sunm'o
858 281 980 316 pontiﬁce

233 317 351 353 legatum
362 317 530 353 se_eleatum,
547 323 574 344 ut
595 326 684 353 pacem
701 318 771 344 inter
789 325 874 352 regem
894 318 980 353 ipsum

233 356 258 378 et
284 352 362 378 duces
380 351 542 387 Burgundii:
569 351 600 379 ac
626 352 794 385 Britannim,
818 351 909 378 armis
933 352 980 378 de-

232 387 334 421 positis,
352 395 507 422 componere
519 393 626 414 curaret
643 388 693 422 ta).

225 447 362 482 'Bessario
376 454 526 482 cardinalis
539 454 718 482 serenissimo
739 453 856 489 principi
877 457 904 480 et
921 452 983 479 illu-

198 501 337 528 strissimo
361 499 473 528 domino
502 500 533 528 Ι).
562 500 703 528 Ludovico
727 500 895 528 Francorum
924 499 982 534 regi

197 546 445 578 Christianissimo,
459 546 570 573 domino
586 546 650 573 mihi
663 545 870 573 colendissitno.

233 592 416 620 Serenissime
445 592 573 627 princeps
595 596 623 619 et
650 591 835 619 illustrissime
859 590 983 623 domine,

197 637 308 665 domine
326 638 393 665 mihi
408 637 611 670 coleudissiine,
635 645 773 672 nusquam
788 637 886 663 deﬂexi
900 636 935 663 ab
943 637 985 663 in-

198 684 297 710 stituto
311 683 409 711 itinere
427 689 520 718 postea
535 691 616 717 quam
631 690 693 710 sum
712 691 745 710 ex
758 682 833 710 Urbe
846 689 983 717 egressus,

199 734 229 756 ut
239 729 272 756 ad
286 728 452 764 Maiestatem
472 729 594 757 Vestram
617 728 798 764 pervenirem.
812 727 877 755 Nam
895 736 986 756 meum

197 775 341 810 legationis
357 775 490 802 obeundae
513 775 645 809 cilicium,
667 774 846 809 piissimaque
877 774 987 809 pontill-

199 821 241 848 cis
259 821 370 848 maximi
386 822 510 849 mandata
525 822 569 849 vix
591 821 759 848 valetudinis
787 820 917 848 curandae
939 820 982 847 in-

197 868 358 901 clinata-.que
372 867 459 894 aetatis
470 867 624 894 recreandae
639 867 758 902 spatium
774 865 984 901 relinquebant,

677 170 924 201 BESSARiONIS
943 169 971 199 S.
994 169 1031 198 Β.
1052 169 1085 199 Ε.
1105 163 1336 196 CARDINALlS

994 231 1016 259 Α
1031 229 1059 251 et
1071 222 1212 258 proximus
1234 220 1280 251 sit,
1299 224 1327 246 et
1343 217 1448 245 strictis
1475 221 1560 251 prope
1579 213 1677 250 gladiis
1693 212 1830 248 praelium

1769 157 1834 188 100

1031 269 1199 304 impendeat.
1227 267 1396 301 Maiestatem
1418 263 1504 292 Tuam
1520 269 1585 296 rogo
1613 267 1662 295 per
1682 259 1832 293 maiorum

1032 315 1139 342 laudum
1164 311 1359 342 immortalem,
1390 316 1438 344 per
1455 305 1686 336 Christianissimi
1711 311 1827 332 nomen
1860 315 1866 321 -

1032 361 1106 396 quod
1119 359 1299 387 domesticum
1320 361 1362 385 est
1379 361 1408 383 et
1433 354 1647 386 hareditarium,
1661 360 1711 388 per
1729 351 1835 391 excel-

1033 407 1134 434 lentem
1150 405 1262 441 pietatis
1277 410 1304 431 ct
1320 401 1518 431 misericordia
1534 400 1666 436 gloriam,
1681 406 1730 434 per
1740 398 1834 425 Chri-

1032 445 1068 481 iu
1084 453 1266 488 maiestatem,
1279 458 1333 485 qua
1350 449 1417 477 tanti
1431 447 1507 483 regni
1521 444 1831 482 gubernaculaiamdiu

1035 504 1125 531 tenes,
1139 503 1168 525 ut
1184 497 1278 533 praalio
1294 496 1435 523 abstineas
1446 493 1600 529 prorogatis
1610 491 1739 523 induciis,
1750 498 1832 525 qur,

1036 549 1066 571 ut
1091 543 1185 576 audio,
1201 543 1246 570 die
1261 542 1334 569 luna:
1349 539 1506 575 insequenti
1523 539 1638 566 exiturae
1663 543 1738 566 sunt.
1771 537 1832 572 Ego

1036 591 1117 627 paulo
1141 593 1202 624 post
1217 589 1310 621 adero,
1327 588 1383 615 Deo
1407 587 1498 619 duce,
1530 585 1731 621 Maiestatisque
1757 583 1832 610 ’τωρ

1037 636 1144 664 consilii
1164 634 1393 670 religiosissimis,
1403 637 1432 660 et
1449 633 1591 660 voluntate
1603 632 1706 666 optima
1721 638 1755 658 ea
1766 638 1833 657 me-

1037 682 1117 709 ditari
1128 688 1156 709 et
1171 682 1302 717 perlicere
1320 679 1440 707 studebo
1455 687 1515 714 quae
1526 679 1587 710 tibi,
1606 678 1719 712 reliquis
1732 676 1832 703 omni-

1037 723 1089 757 bus
1118 728 1300 764 principibus,
1329 720 1468 754 communi
1493 725 1615 752 libertati
1647 723 1830 759 prmsidium,

1037 775 1290 810 sempiternamque
1306 773 1416 808 pietatis
1431 771 1541 799 laudem
1554 771 1684 798 videntur
1695 769 1830 796 allatura.

1038 821 1098 848 Misi
1116 828 1190 848 nunc
1210 819 1389 847 reverendam
1412 818 1519 845 Patrem
1540 817 1572 843 l).
1596 816 1830 843 Bartholomaeum

1039 866 1184 901 praesulem
1204 865 1393 897 Parentinum,
1412 864 1503 891 virum
1535 871 1598 890 cum
1627 863 1738 898 ingenio
1761 869 1829 889 cum

199 920 262 940 cum
292 898 444 947 pia-serum
473 920 517 940 res
532 913 642 940 Gallicae
654 898 782 947 'undique
796 898 930 940 tumultus
956 898 985 939 et
1001 898 1023 926 Β
1039 898 1093 940 lide
1107 919 1164 939 non
1182 911 1286 946 vulgari
1304 910 1462 946 praeditum,
1482 911 1529 944 qui
1546 910 1604 936 haec
1623 917 1684 936 meo
1713 908 1832 935 nomine

199 959 287 985 aedes
300 959 480 993 parturirent.
494 959 647 992 armatique
662 958 810 991 exercitus,
832 959 905 992 quod
925 958 984 985 sine

201 1004 320 1031 maximo
342 1004 424 1031 animi
456 1004 550 1031 dolore
578 1003 700 1031 scribere
727 1010 782 1031 non
809 1010 931 1038 possum,
948 1003 982 1030 ad

200 1054 342 1077 cruentam
355 1049 559 1077 dimicationem
572 1049 599 1076 in
617 1049 676 1077 dies
689 1049 775 1085 magis
786 1056 981 1084 compararen-

204 1103 261 1126 tur.
278 1098 335 1126 Hac
346 1106 399 1125 una
425 1098 591 1133 cogitatione
606 1103 634 1126 et
645 1106 711 1125 cura
725 1106 777 1126 nec
790 1098 887 1126 salutis
907 1105 984 1129 mem,

203 1151 254 1171 uec
284 1143 481 1171 imbecillitatis
507 1145 640 1171 rationem
666 1143 748 1171 ullam
768 1144 923 1175 duxi,cum
938 1149 986 1172 aut

200 1189 334 1217 Cinisium
347 1196 468 1218 montem
479 1191 617 1225 Alpesque
628 1190 799 1218 diliicillimas
810 1191 984 1225 superabam,

201 1241 250 1263 aut
263 1236 398 1271 reliquum
412 1237 463 1264 iter
477 1238 656 1271 asperrimum
668 1236 859 1264 conticiebam.
874 1237 985 1264 Nullum

200 1282 274 1309 enim
285 1282 404 1310 vehiculi
420 1290 515 1317 genus,
543 1282 611 1309 nulli
639 1282 802 1310 acceleratio
822 1286 896 1310 tanta
924 1290 986 1310 esse

201 1332 319 1364 poterat,
330 1331 459 1363 quantam
479 1327 558 1356 sedes
572 1328 731 1363 apostolica,
742 1336 856 1364 meaque
871 1328 897 1355 in
908 1328 987 1356 Chri-

201 1374 319 1402 stianum
334 1382 433 1402 nomen
440 1375 526 1410 pietas
533 1375 650 1402 maxime
664 1375 817 1410 postulabat
832 1376 882 1403 hac
893 1382 985 1402 rerum

202 1420 360 1447 conditione
378 1425 407 1447 et
422 1419 542 1448 fortuna.
560 1420 629 1448 Nam
643 1427 704 1449 cum
718 1421 838 1456 pontifex
851 1421 987 1448 maximus

203 1467 274 1494 hanc
289 1467 429 1494 nationem
444 1467 526 1494 rebus
539 1468 624 1502 gestis
633 1467 841 1502 amplissimam.
858 1467 985 1494 multitu-

202 1511 321 1545 dineque
333 1518 402 1546 pene
415 1504 559 1542 inﬁnitam,
574 1511 654 1546 cujus
669 1511 768 1545 opibus
779 1518 812 1538 ac
827 1512 928 1538 virtute
939 1510 987 1539 Dei

204 1556 323 1584 Ecclesia
337 1561 365 1584 et
385 1556 513 1584 secundis
529 1556 611 1584 rebus
625 1560 721 1584 ornata
731 1561 784 1589 est.
805 1561 832 1584 et
856 1557 984 1585 didicilli-

203 1603 255 1631 mis
269 1603 438 1638 temporibus
452 1603 575 1635 defensa,
591 1603 694 1630 mutuis
713 1603 897 1631 seditionibus
926 1603 986 1631 bel-

202 1648 293 1683 lisque
308 1648 466 1676 labefactari
487 1648 662 1684 intelligeret,
681 1649 814 1684 ingemuit
839 1649 988 1677 vehemen-

205 1698 257 1725 ter.
268 1701 300 1722 ac
315 1702 364 1728 pro
378 1694 440 1721 boni
455 1694 574 1729 pasmris
597 1694 686 1722 oﬁicio
694 1694 868 1730 deligendum
882 1695 987 1729 statuit,

203 1739 251 1774 qui
266 1745 374 1774 gregem
389 1738 562 1767 Dominicum
577 1738 753 1766 dissidentem
767 1744 861 1766 mutua
874 1747 988 1775 compo-

204 1789 282 1812 neret
299 1791 365 1819 pace
382 1789 410 1812 et
425 1783 528 1819 quiete,
541 1791 576 1811 ne
588 1783 719 1819 impetum
731 1784 810 1812 faciat
823 1785 990 1814 sevissimus

204 1831 296 1866 lupus,
310 1829 354 1858 cui
369 1837 467 1857 nomen
483 1829 672 1858 Christianum
684 1830 787 1866 iamdiu
804 1837 845 1859 est
855 1831 987 1860 ludibrio.

205 1876 283 1905 Multi
313 1876 423 1911 quidem
445 1876 555 1912 ingenio
571 1881 599 1904 et
622 1876 759 1912 sapientia
786 1879 990 1912 praestantiores

205 1922 275 1950 mitti
294 1926 431 1957 poterant,
447 1922 493 1950 sed
517 1922 563 1957 qui
590 1930 633 1950 me
651 1923 790 1951 voluntate
814 1929 989 1958 superarent,

204 1974 233 1997 et
248 1968 341 1997 studio
355 1968 543 2001 conﬁciendae,
562 1969 655 2004 pauci.
674 1969 755 2001 Nam,
771 1974 802 1996 ut
817 1974 914 2000 caetera
928 1970 989 1998 aliis

205 2014 366 2048 concedam,
382 2014 522 2050 religionis
538 2021 633 2042 amore
647 2014 718 2043 vinci
731 2019 811 2051 turpe
826 2021 911 2049 esset,
926 2023 989 2044 cum

204 2064 336 2088 anteactae
363 2060 435 2093 vitae,
463 2062 520 2087 tum
546 2061 670 2095 praesenti
698 2061 782 2088 aetati.
798 2061 867 2089 Cum
896 2067 989 2090 autem

205 2107 280 2134 omni
293 2107 393 2134 itinere
407 2106 556 2133 admodum
570 2114 723 2142 suspensus
735 2112 764 2135 et
778 2109 914 2136 sollicitus
931 2108 990 2137 lue-

206 2153 268 2186 rim,
280 2156 309 2179 ut
321 2152 399 2187 prius
412 2152 535 2179 adessem
546 2160 627 2187 quam
644 2160 740 2180 manus
754 2159 968 2181 consererentur
979 2173 988 2187 ,

206 2204 279 2225 nuric
303 2195 420 2223 maxime
437 2204 522 2231 angor
539 2201 567 2224 et
584 2198 704 2231 crucior,
719 2199 791 2233 quod
817 2207 860 2226 me
879 2207 988 2235 quoque

206 2246 280 2269 tanta
294 2243 435 2270 celeritate
447 2243 520 2270 fesso
530 2248 558 2270 et
573 2251 642 2278 pene
657 2249 793 2279 praesente
806 2245 871 2272 belli
885 2246 988 2273 saevitia

206 2288 281 2316 nulla
294 2296 328 2315 ex
343 2293 420 2323 parte
440 2289 632 2324 conquiescit;
648 2287 753 2318 utinam
775 2298 829 2318 uno
848 2296 989 2320 momento

205 2333 278 2369 apud
304 2333 473 2370 Maiestatem
491 2335 598 2369 Tuam,
623 2336 877 2372 illustrissimosque
905 2338 990 2366 duces

205 2380 384 2415 Burgundum
401 2385 429 2409 et
440 2381 604 2409 Britannum
623 2382 691 2410 mihi
704 2383 801 2411 adesse
824 2383 929 2418 liceret,
945 2384 988 2412 di-

205 2425 263 2453 viso
279 2426 361 2453 etiam
386 2427 437 2454 boc
451 2427 615 2461 corpusculo
644 2427 670 2454 in
689 2432 743 2455 tres
757 2434 858 2463 partes,
880 2434 910 2457 ut
934 2437 989 2457 uno

204 2471 302 2499 ordine
317 2472 401 2498 armis
416 2472 550 2507 repressis
566 2472 600 2500 de
617 2474 759 2500 comtnuni
772 2474 918 2509 dignitate,
931 2484 990 2503 ain-

179 2543 191 2559 _.
205 2517 352 2552 plitndine,
375 2518 462 2545 salute
492 2523 629 2554 ageretur.
646 2519 675 2546 Id
701 2520 832 2554 quoniam
852 2521 910 2548 ﬁeri
931 2529 987 2549 non

205 2569 305 2598 potest,
331 2563 554 2592 molestissimum
583 2569 634 2592 est.
652 2563 717 2591 Sum
745 2573 841 2593 omnes
864 2567 989 2595 aditurlls

204 2609 333 2636 mandato
348 2609 515 2645 pontiticio;
533 2617 564 2637 ac
581 2610 709 2638 instituto
722 2611 819 2639 ordine
840 2612 989 2648 legationis

204 2656 321 2690 primum
334 2655 368 2682 ad
385 2659 409 2682 te
419 2656 509 2689 venio,
521 2655 754 2685 Christianissime
769 2658 906 2694 princeps,
919 2668 988 2694 quo-

202 2701 277 2729 niam
292 2707 345 2730 tua:
358 2701 529 2730 celsitudinis
540 2703 609 2730 ratio
626 2703 664 2730 ita
677 2704 781 2738 poscit;
795 2712 837 2732 me
847 2705 986 2733 conferam

203 2746 333 2781 deiucrps
346 2746 381 2774 ad
399 2747 614 2776 illustrissimum
627 2749 726 2777 ducem
747 2749 911 2778 Britannum
924 2738 986 2779 cum

233 2830 269 2867 (ᾳ)
287 2832 416 2867 Englomni
432 2833 557 2867 d'Areherii
574 2835 718 2867 Spirilegio,
732 2838 755 2861 in
772 2837 814 2863 tot.
834 2842 891 2862 tom.
912 2838 954 2863 lii.

1037 959 1155 994 rogabit,
1171 962 1346 994 exponetque
1371 957 1423 984 alia
1440 957 1574 984 nonnulla
1599 963 1706 984 coram.
1722 955 1781 982 Oro
1799 960 1831 982 ut

1035 1004 1132 1031 audias
1150 1003 1304 1036 hominem,
1324 1003 1460 1037 iidemque
1475 1001 1577 1029 habeas
1594 1008 1626 1028 ac
1640 1001 1707 1027 mihi
1731 1000 1786 1035 ipsi
1805 1001 1829 1028 si

1036 1050 1173 1084 adessem,
1188 1057 1204 1077 a
1222 1057 1266 1077 me
1274 1049 1348 1076 enim
1361 1048 1546 1084 proﬁciscitur
1561 1053 1589 1075 et
1605 1047 1737 1083 loquitur.
1751 1047 1830 1074 Felix

1036 1097 1072 1124 sit
1084 1096 1208 1132 Maiestas
1224 1096 1335 1127 Vestra,
1352 1095 1397 1124 cui
1415 1103 1460 1123 me
1475 1094 1647 1123 commendo.

1074 1143 1112 1170 Ex
1128 1143 1270 1175 Samurro,
1293 1143 1339 1172 die
1357 1143 1462 1170 decima
1480 1143 1576 1177 quinta
1592 1142 1719 1176 Augusti,
1736 1141 1828 1168 mille-

1039 1192 1110 1218 simo
1127 1191 1400 1226 quadringentesimo
1416 1190 1619 1226 septuagesimo
1638 1189 1774 1217 secundo.

1110 1237 1260 1272 Maiestatis
1279 1237 1389 1270 Vestrae,

1270 1282 1461 1311 Deditissimus
1477 1283 1506 1310 Β.
1521 1282 1669 1310 cardinalis
1687 1281 1828 1316 Nicmnus.

1303 1329 1458 1362 apostolica
1474 1327 1549 1356 sedis
1562 1328 1678 1362 legatus.

1397 1408 1467 1437 Xlll.

1038 1465 1080 1493 Ad
1093 1466 1233 1501 principem
1250 1471 1422 1501 senatumque
1434 1465 1617 1495 Venetiarum.
1637 1464 1827 1492 Bibliotltecam

1073 1500 1150 1528 suam
1166 1501 1238 1528 omni
1247 1500 1480 1536 libroruntgenere
1493 1500 1726 1527 instructissimum
1742 1501 1828 1528 eidem

1074 1536 1179 1564 senatui
1195 1536 1279 1571 defert
1299 1544 1329 1564 ac
1341 1537 1422 1563 donat
1439 1536 1480 1571 (ὁ)

1339 1592 1429 1627 (Anno
1443 1591 1537 1627 “69).

1075 1650 1263 1679 lllustrissimo
1274 1657 1307 1678 ac
1324 1649 1504 1677 invictissime
1518 1649 1637 1684 principi
1656 1649 1824 1678 Venetorum

1036 1699 1240 1735 Christophoro
1256 1698 1331 1726 Moro
1349 1697 1424 1732 duci,
1445 1703 1474 1726 et
1500 1696 1602 1736 inclyte
1629 1698 1752 1732 senatui,
1781 1706 1826 1727 sa-

1039 1745 1135 1772 lutem.

1076 1789 1211 1825 Equidem
1229 1796 1340 1825 semper
1360 1797 1374 1816 a
1390 1793 1486 1816 tenera
1503 1789 1659 1824 puerilique
1676 1794 1756 1818 aetate
1768 1798 1826 1818 om-

1040 1843 1103 1865 nem
1118 1843 1208 1864 meum
1224 1835 1347 1863 laborem
1371 1843 1538 1871 omnemque
1561 1844 1684 1871 operam,
1701 1837 1823 1866 studium

1039 1890 1190 1918 curamque
1205 1882 1330 1916 adhibui,
1357 1886 1387 1909 ut
1417 1889 1596 1917 quoscunque
1616 1890 1724 1918 possem
1741 1883 1825 1912 libros
1846 1895 1850 1906 ‹

1040 1929 1068 1956 in
1084 1929 1158 1956 omni
1174 1928 1382 1963 disciplinarum
1407 1934 1509 1964 genere
1532 1935 1722 1964 compararem
1738 1939 1745 1957 :
1764 1937 1825 1964 pro-

1040 1979 1103 2010 pter
1113 1975 1188 2010 quod
1205 1983 1261 2003 non
1285 1975 1367 2003 modo
1389 1976 1538 2011 plerosque
1559 1980 1586 2003 et
1603 1983 1672 2011 puer
1689 1981 1716 2004 et
1732 1977 1824 2004 adole-

1041 2028 1124 2049 scens
1146 2028 1228 2048 manu
1238 2021 1350 2056 propria
1363 2022 1514 2056 conscripsi
1530 2029 1538 2048 :
1560 2021 1608 2049 sed
1623 2019 1758 2058 quidquid
1777 2030 1824 2057 pe-

1040 2067 1129 2094 cunia:
1144 2073 1280 2101 seponere
1297 2066 1437 2093 interdum
1455 2073 1538 2101 parca
1563 2066 1706 2102 frugalitas
1726 2068 1822 2102 potuit,

1040 2111 1066 2138 in
1083 2111 1126 2139 his
1137 2111 1294 2140 coemendis
1310 2111 1577 2147 absumpsi.Nullam
1598 2114 1671 2139 enim
1686 2113 1771 2148 magis
1781 2113 1824 2140 d3-

1040 2165 1119 2193 gnam
1138 2157 1221 2193 atque
1238 2159 1399 2193 praeclaram
1412 2158 1625 2192 supellectilem,
1641 2159 1748 2186 nullum
1767 2154 1820 2187 uii-

1040 2203 1137 2231 liorem
1162 2205 1437 2239 prastantioremque
1459 2203 1620 2232 thesaurum
1644 2212 1741 2239 parare
1759 2206 1822 2233 mihi

1006 2269 1027 2296 Β
1041 2257 1121 2296 posse
1138 2250 1340 2296 existimabam.
1354 2250 1473 2296 Vocibus
1487 2249 1572 2284 pleni,
1590 2250 1662 2285 pleni
1675 2251 1820 2286 antiquita-

1043 2295 1078 2322 tis
1099 2295 1242 2330 excmplis,
1265 2295 1337 2330 pleni
1354 2295 1489 2328 moribus,
1510 2295 1583 2329 pleni
1609 2296 1725 2331 legibus.
1752 2297 1821 2332 pleni

1043 2341 1177 2376 religione
1199 2341 1307 2374 vivunt,
1338 2347 1549 2375 conversantur,
1568 2343 1717 2377 loquuntur
1733 2344 1837 2371 nobis-’

1044 2394 1118 2415 cum.
1136 2387 1239 2414 l‘nocent
1263 2395 1323 2420 nos,
1340 2388 1498 2420 instituunt,
1514 2390 1704 2421 consolantur,
1728 2398 1822 2425 resque

1042 2439 1059 2459 e
1075 2432 1207 2460 memoria
1234 2439 1328 2460 nostra
1353 2433 1553 2461 remotissimae
1569 2435 1646 2470 quasi
1678 2443 1822 2470 praesentes

1042 2477 1184 2510 exhibent,
1203 2483 1231 2506 et
1251 2483 1314 2506 ante
1328 2479 1425 2506 oculos
1446 2480 1525 2508 nobis
1547 2485 1664 2516 ponunt.
1686 2481 1770 2509 Tanta
1783 2488 1822 2510 cst

1041 2531 1135 2550 eorum
1165 2529 1301 2559 potestas,
1327 2530 1403 2553 tanta
1431 2526 1570 2562 dignitas,
1595 2532 1669 2554 tanta
1689 2529 1820 2563 maiestas,

1041 2573 1144 2596 tantum
1161 2570 1280 2605 (lenique
1291 2579 1404 2604 numen,
1419 2576 1461 2604 ut,
1480 2572 1532 2599 nisi
1549 2572 1611 2599 libri
1628 2571 1728 2605 fore-nt,
1746 2573 1821 2600 ruch

1040 2623 1139 2643 omnes
1152 2624 1276 2644 essemus
1291 2622 1320 2644 et
1335 2617 1457 2651 indocti;
1476 2618 1578 2645 nullam
1592 2618 1649 2646 fere
1668 2621 1818 2653 praeterita-

1015 2684 1027 2697 ,
1040 2669 1098 2688 rum
1118 2669 1212 2689 rerum
1229 2664 1403 2695 memoriam,
1419 2663 1524 2691 nullum
1541 2666 1709 2700 exemplum,
1722 2667 1818 2694 nullam

1038 2707 1158 2747 denique
1187 2715 1238 2735 nec.
1261 2708 1444 2736 humanarum
1469 2717 1519 2736 nec
1546 2710 1702 2738 divinarum
1732 2720 1817 2740 rerum

1038 2753 1221 2788 cognitionem
1234 2755 1410 2783 haberemus.
1426 2756 1526 2783 Eadem
1539 2765 1606 2784 urna
1615 2758 1818 2792 qualiomiuum

235 2861 600 2905 ifiﬂlﬁiiif'oaloiggfﬁr;_§p;st:‘£ti;
614 2861 1031 2905 tiranii}.'ItaimmsfeiiliiGoldasti,
1045 2875 1099 2901 post
1113 2872 1226 2897 Ricllardi
1237 2873 1268 2897 de
1284 2873 1349 2904 lluri,
1365 2873 1440 2905 Opfsc.
1456 2874 1639 2904 Duue'mrwsis,
1651 2874 1816 2901 Philobibiion.

204 2888 365 2921 Francot’urti,
378 2888 517 2925 i6l0,in|i2
