1916 3066
85 193 135 225 701

620 193 895 224 BlBLlOTlIECrE
909 194 1149 227 CATALOGUS.

1669 196 1723 228 ’102

84 258 203 286 corpora
215 249 348 285 contegit,
364 249 451 277 etiam
464 251 576 278 nomina
597 250 740 279 obrueret.
748 250 879 285 Quamvis
896 253 915 281 Α
930 249 996 277 dum
1011 258 1054 278 est
1066 251 1206 279 civitatem
1224 256 1354 286 vestram,
1372 251 1445 286 quod
1462 257 1600 287 optamus,
1620 253 1646 281 in
1662 252 1723 282 dies

85 302 178 325 autent
197 297 262 324 huic
275 298 314 324 rei
333 302 391 324 toto
402 297 495 324 anituo
511 304 622 332 semper
636 298 823 330 incubuerim,
836 307 880 326 ar-

86 344 209 371 dentiori
231 349 321 370 tamen
349 343 443 371 studio
459 348 522 378 post
548 343 661 371 Gracia:
685 344 835 375 excidium.
852 350 880 373 et

85 389 243 418 deflendam
272 389 396 424 Byzantii
416 390 617 424 captivitatem,
641 392 668 417 in
684 391 880 426 perquirendis

86 437 166 464 libris
182 435 285 464 Graecis
313 443 411 463 omnes
431 436 506 463 tricas
528 436 611 466 vires.
628 444 738 464 onmem
766 445 878 472 operam

86 490 255 518 omnemque
286 482 444 510 facultatem
467 481 689 518 industriamque
708 483 878 519 consumpsi.

88 530 211 558 Verebar
226 530 300 557 enim
318 534 346 556 et
367 529 608 557 vehementissime
624 529 807 558 formidabam
818 549 827 563 ,
844 538 879 558 ne

87 584 150 604 cum
166 577 276 604 caeteris
289 576 373 603 rebus
384 579 424 603 tot
437 575 660 603 excellentissimi
676 576 738 609 viri,
749 580 790 604 tot
801 584 878 605 sum-

87 631 197 650 morum
215 622 338 650 virorum
352 622 470 650 sudores
487 626 572 657 atque
589 621 700 658 vigiliae,
718 627 759 650 tot
772 623 878 652 lumina

85 668 163 696 cibis
181 672 261 696 terra:
277 668 502 703 periclitarentur
520 673 604 703 atque
629 670 761 704 perirent,
783 678 879 705 quent-

87 714 236 742 admodum
252 714 335 748 etiam
351 715 491 750 superiori
509 719 633 750 tempore
659 720 763 743 tantam
788 717 878 752 jactu-

89 767 147 788 ram
164 760 292 793 fecimus,
307 765 337 788 ut
353 768 388 788 ex
404 761 532 789 ducentis
546 762 644 798 viginti
660 762 783 790 millibus
796 760 879 791 libro-

90 815 173 840 rum,
204 814 275 842 quos
312 807 478 835 Plutarchus
512 808 600 836 refert
635 809 663 836 in
708 809 878 837 bibliotheca

88 854 281 888 Apamaeorum
298 852 394 885 fuisse,
410 853 454 880 vix
478 854 553 882 mille
572 859 653 882 attate
671 860 765 883 nostra
782 863 879 890 super-

89 899 155 926 sint.
169 898 269 926 Couati
281 903 375 926 autem
395 907 503 934 sumus,
515 905 650 935 quantum
665 901 692 928 in
717 902 797 930 nobis
814 901 877 934 fuit,

90 953 145 972 non
160 950 215 973 tam
233 946 334 973 multos
348 953 430 981 quam
450 947 570 981 optimos
590 947 676 975 libros
691 948 834 983 colligere,
851 954 879 976 et

88 991 262 1027 singulorum
278 1000 395 1027 operum
407 992 515 1027 singula
535 993 685 1026 volumina,
706 994 801 1030 sicque
811 1001 881 1022 cun-

88 1042 132 1065 eta
155 1038 214 1066 fere
238 1039 396 1073 sapientum
426 1038 585 1067 Graecorum
612 1048 706 1075 opera,
725 1042 879 1076 praesertim

88 1090 150 1118 qua
169 1090 230 1110 rara
258 1088 340 1111 erant
369 1084 539 1119 inventoque
565 1084 699 1119 difficilia,
726 1087 878 1122 coegimus.

89 1129 224 1156 (laetarum
242 1136 305 1157 cum
327 1129 380 1157 hoc
405 1137 478 1165 saepe
493 1137 584 1159 mente
600 1137 764 1167 repeterem,
782 1141 879 1168 parum

90 1175 230 1203 desiderio
258 1183 320 1203 meo
349 1176 517 1205 satisfecisse
541 1177 673 1211 videbar,
696 1179 749 1206 nisi
778 1181 882 1214 pariter

91 1221 279 1256 providerem,
297 1225 328 1248 ut
349 1221 425 1255 libri,
446 1230 517 1258 quos
535 1227 611 1250 tanto
636 1224 728 1252 studio
743 1229 772 1252 et
786 1225 881 1253 labore

90 1268 242 1303 coegerim,
258 1275 302 1295 me
318 1267 383 1295 vivo
403 1268 440 1296 ita
457 1269 673 1299 collocarentur.
689 1274 719 1297 ut
733 1271 816 1298 etiam
834 1271 881 1298 de-

91 1313 187 1341 functo
210 1313 340 1349 dissipari
358 1319 406 1342 aut
429 1315 545 1342 alienari
566 1323 620 1342 non
648 1321 772 1351 possent,
789 1318 836 1345 sed
853 1318 880 1345 in

90 1360 152 1388 loco
163 1360 257 1396 aliquo
274 1365 333 1388 tuto
350 1361 433 1388 simul
448 1368 480 1388 ac
497 1362 642 1390 commodo
657 1362 690 1390 ad
706 1370 881 1392 communem

91 1406 249 1440 hominum,
265 1411 319 1434 tam
336 1407 498 1435 Gmcorum
518 1416 598 1443 quam
613 1408 788 1442 Latinorum.
805 1408 882 1438 utili-

93 1455 177 1479 tatem
196 1456 384 1480 servarentur.
404 1452 461 1480 lloc
473 1453 558 1488 igitur
570 1454 701 1489 cogitanti
717 1455 797 1487 mihi,
812 1456 882 1483 ntul-

93 1503 190 1533 tasque
216 1498 301 1526 Italiae
331 1498 414 1526 urbes
430 1498 523 1526 animo
550 1499 683 1533 volventi,
709 1501 767 1529 sola
790 1504 882 1529 vestra

93 1543 196 1579 inclyta
213 1549 295 1579 atque
314 1544 483 1579 amplissima
510 1545 608 1574 civitas
627 1547 760 1579 occurrit,
781 1548 809 1575 in
830 1555 883 1583 qua

93 1590 203 1618 animus
219 1598 296 1618 meus
311 1592 386 1619 orrmi
409 1599 442 1619 ex
457 1598 536 1627 parte
553 1593 774 1628 conquiesceret.
791 1595 883 1623 Primo
896 1600 919 1634 ο

92 1635 167 1663 enim
187 1643 242 1663 non
266 1636 405 1670 videbam,
429 1645 512 1672 quem
540 1639 630 1666 locum
647 1640 749 1675 eligere
772 1648 882 1676 possem

95 1682 236 1715 tutiorem,
257 1690 339 1717 quam
349 1689 414 1711 cum
428 1684 475 1719 qui
495 1684 625 1720 aequitate
638 1686 756 1721 regitur,
774 1687 883 1723 legibus

95 1730 216 1760 tenetur,
243 1727 271 1754 in
290 1728 396 1755 unitate
425 1737 457 1757 ac
477 1730 612 1765 sapientia
631 1732 813 1766 gubernatur,
835 1733 881 1761 ubi

95 1773 184 1800 virtus
193 1773 382 1808 continentia},
396 1776 551 1810 grav-italis,
568 1777 695 1811 justiti-.e,
712 1777 776 1806 fidei
793 1779 884 1806 domi-

95 1815 190 1842 cilium
202 1821 245 1844 est
262 1825 271 1851 ;
290 1818 334 1845 ubi
351 1818 510 1854 imperium,
527 1826 557 1847 ut
577 1822 728 1849 ntaximum
743 1827 786 1851 est
801 1828 884 1858 atque

96 1862 307 1897 amplissimum,
322 1864 360 1892 ita
383 1866 519 1901 aequabile
532 1874 565 1895 ac
580 1867 753 1896 moderatum
767 1877 775 1903 ;
798 1870 883 1897 animi

97 1908 125 1936 in
150 1910 322 1939 consulendo
345 1912 440 1946 liberi,
469 1913 538 1940 nulli
553 1913 676 1948 libidini,
691 1916 760 1944 nulli
783 1916 885 1945 delicto

97 1955 209 1983 obnoxii
222 1964 230 1989 ;
247 1956 398 1991 prudentes
413 1957 522 1993 imperii
539 1958 646 1985 clavum
660 1963 765 1992 tenent,
780 1960 884 1988 et~boni

98 2002 178 2029 malis
200 2008 410 2038 praeponuntur,
430 2012 463 2032 ac
481 2005 654 2040 privatorum
672 2006 884 2034 commodorum

97 2046 188 2079 obliti,
208 2051 295 2075 totum
311 2056 412 2084 corpus
426 2050 586 2085 reipublicae
603 2051 726 2079 unanimi
748 2059 884 2080 consensu

97 2098 125 2122 et
138 2102 246 2123 summa
262 2095 419 2132 integritate
432 2102 590 2133 procurant.
603 2098 641 2127 Ex
656 2098 758 2134 quibus
772 2106 887 2134 sperati:

933 296 1019 332 magis
1041 301 1069 324 et
1097 297 1171 325 vires
1198 301 1226 324 et
1251 304 1352 325 nomen
1371 305 1597 333 propagaturam.
1619 299 1724 328 Dehinc

931 340 1120 376 intelligebam
1136 343 1242 370 nullum
1260 342 1352 370 locum
1371 351 1386 370 a
1402 351 1446 371 me
1464 344 1526 379 eligi
1550 353 1631 380 posse
1645 354 1723 373 com-

931 387 1086 415 modiorem
1113 396 1145 417 ac
1159 390 1262 417 nostris
1286 390 1438 425 praesertim
1464 390 1723 427 hominibusaptio-

931 440 1003 460 rem.
1019 433 1087 461 Cum
1102 435 1177 462 enim
1193 435 1219 462 in
1239 435 1380 463 civitatein
1407 442 1527 463 vestram
1553 444 1650 465 omnes
1666 437 1723 465 fere

930 479 1016 507 totius
1035 480 1113 507 orbis
1127 480 1255 508 nationes
1272 481 1392 509 maxime
1407 481 1562 516 conﬂuant,
1580 487 1636 509 tum
1654 491 1725 518 pra:-

931 524 1012 560 cipue
1023 525 1123 559 Graeci,
1140 526 1188 562 qui
1200 535 1215 554 e
1234 527 1292 554 suis
1312 527 1466 562 provinciis
1481 528 1591 563 navigio
1605 529 1723 556 venien-

931 575 983 603 tes,
1010 571 1133 601 Venetiis
1158 573 1276 608 primurn
1301 573 1473 601 descendunt
1491 583 1498 600 :
1518 582 1551 602 ea
1576 579 1724 610 propterea

930 617 1076 645 vobiscum
1096 619 1303 647 necessitudine
1323 620 1457 653 dcviucti,
1483 625 1514 648 ut
1542 621 1577 648 ad
1602 627 1722 648 veSIram

930 663 1037 698 appulsi
1057 664 1167 695 urbem.
1183 665 1262 698 quasi
1287 666 1404 693 alterum
1422 666 1586 701 Byzantium
1606 665 1724 694 introire

931 709 1089 737 videantur.
1108 710 1174 737 Post
1191 710 1250 738 ha:c
1276 712 1417 747 quontodo
1434 712 1537 747 poterit
1553 711 1606 738 hoc
1622 712 1724 739 benefl-

930 755 1003 782 cium
1020 763 1035 783 a
1055 756 1136 784 nobis
1149 757 1296 785 honestius
1311 758 1408 790 locari.
1425 766 1507 792 quam
1523 757 1596 792 apud
1612 765 1660 785 cos
1675 757 1726 784 ho-

931 803 1019 830 mines
1040 803 1142 838 quibus
1161 811 1213 839 ego
1238 804 1332 831 multis
1349 812 1446 831 eorum
1465 804 1491 831 in
1515 812 1558 832 me
1580 804 1725 831 beneﬁciis

930 847 1076 876 devinctus
1091 849 1298 884 obstrictusque
1318 857 1408 877 essent
1422 858 1430 882 ;
1446 855 1474 877 et
1492 850 1519 878 in
1544 858 1576 878 ca
1601 850 1724 883 civitate,

930 901 1012 928 quam
1027 895 1104 927 mihi,
1118 895 1263 930 subjugata
1275 896 1390 928 Graecia,
1402 904 1451 931 pro
1464 897 1552 931 patria
1566 897 1724 931 elcgisscm,

931 941 999 967 etin
1014 949 1096 975 quam
1115 942 1221 969 accitus
1237 951 1251 969 a
1263 943 1341 969 vobis
1350 947 1431 977 atque
1443 942 1724 970 hononficentissirm:

932 993 1062 1022 receptus
1073 987 1197 1015 fuissem.
1213 988 1308 1023 Itaque
1325 989 1455 1016 conscius
1471 990 1645 1017 mortalitatis
1657 998 1724 1017 mea:

932 1039 960 1060 et
977 1034 1214 1069 ingravescentem
1228 1035 1284 1070 jam
1301 1040 1409 1062 aetatem
1430 1035 1610 1071 diversos'que
1622 1035 1725 1070 quibus

932 1079 1080 1115 afﬂigimur
1095 1080 1220 1112 morbos,
1236 1086 1265 1108 et
1281 1085 1382 1108 cat-tera
1401 1088 1462 1115 qua:
1482 1082 1596 1108 evenire
1613 1087 1726 1116 possent

932 1127 1122 1159 considerans,
1138 1135 1236 1155 omnes
1256 1128 1342 1155 libros
1370 1136 1447 1155 meos
1466 1129 1610 1163 utriusque
1629 1129 1726 1164 lingua:

933 1174 1128 1201 Sacratissimae
1147 1174 1199 1200 aedi
1216 1174 1289 1201 beati
1306 1174 1388 1201 Marci
1409 1181 1505 1202 vestra:
1521 1174 1632 1210 inclytae
1655 1175 1726 1202 ciri-

935 1218 1000 1245 tatis
1013 1217 1088 1245 dono
1116 1219 1179 1246 dedi
1205 1223 1287 1254 atque
1315 1219 1417 1251 dicavi,
1444 1221 1568 1246 sentiens
1584 1219 1664 1246 talcut
1683 1227 1726 1247 mc

933 1264 1057 1291 anitnum
1079 1268 1109 1292 et
1123 1264 1294 1293 excellentia
1312 1270 1411 1293 vestrae
1428 1271 1456 1293 et
1475 1265 1638 1301 gratitudini
1659 1274 1726 1293 lucu:

933 1313 962 1337 et
973 1317 1056 1344 quam
1067 1309 1135 1338 mlhl
1149 1311 1330 1338 commnnem’
1343 1318 1403 1339 esse
1414 1311 1554 1344 voluistis,
1571 1311 1667 1346 patriae
1679 1313 1726 1339 de-

934 1356 1040 1389 buisse,
1064 1361 1152 1384 utvos
1167 1364 1200 1384 ac
1222 1357 1303 1384 liberi
1321 1358 1481 1393 posterique
1503 1358 1598 1391 vestri,
1619 1358 1666 1394 qui
1683 1366 1726 1386 mo

935 1402 1036 1430 virtute
1052 1411 1085 1430 ac
1097 1404 1231 1438 sapientia
1248 1410 1350 1437 vestra,
1368 1405 1517 1439 multisque
1529 1405 1556 1432 itt
1580 1413 1623 1432 me
1639 1406 1726 1433 bene-

936 1449 1006 1476 ficiis
1030 1449 1185 1481 addictum,
1212 1451 1336 1478 dcditunt
1363 1451 1584 1486 obstrictumque
1607 1452 1727 1485 habetis,

936 1495 1061 1523 ltaeredes
1077 1495 1205 1523 laborutn
1224 1504 1361 1531 meorum,
1378 1498 1488 1526 fructus
1502 1497 1602 1526 uberes
1618 1498 1729 1526 diutur-

936 1549 1043 1577 nosque
1061 1542 1196 1577 capiatis;
1220 1543 1322 1571 deinde
1337 1544 1431 1571 caeteri
1456 1544 1502 1579 qui
1520 1544 1655 1572 bonarum
1672 1545 1729 1572 dis-

936 1587 1104 1623 ciplinarum
1133 1588 1252 1616 studiosi
1274 1594 1368 1622 erunt,
1391 1593 1483 1617 vestra
1503 1597 1586 1617 causa
1607 1590 1727 1625 capiant.

937 1633 1111 1669 Quapropter
1124 1638 1153 1662 et
1172 1634 1352 1663 donationem
1379 1635 1478 1670 ipsam,
1495 1640 1523 1663 et
1535 1636 1669 1663 librorum
1686 1637 1729 1663 in.

937 1679 1040 1712 dicem,
1064 1683 1093 1707 et
1113 1679 1255 1715 pontificis
1272 1680 1385 1708 maximi
1401 1681 1544 1709 decretum
1569 1681 1603 1709 ad
1624 1689 1730 1710 vestras

937 1726 1116 1754 excellentias
1138 1726 1284 1760 mittimus,
1303 1732 1448 1762 precantes
1465 1727 1551 1755 Deum
1585 1733 1614 1756 ut
1639 1729 1732 1764 reipu-

938 1774 1017 1801 blicae
1042 1779 1144 1802 vestra;
1167 1773 1261 1801 omnia
1289 1774 1370 1808 bene,
1394 1775 1514 1803 feliciter
1542 1783 1730 1812 prOSpercquc

937 1821 1078 1853 eveniant,
1098 1825 1127 1849 et
1141 1828 1236 1856 pacem
1251 1821 1364 1854 habeat,
1385 1821 1626 1857 tranquillitatem,
1642 1823 1730 1850 otium

940 1867 1175 1902 concordiamque
1211 1873 1387 1903 perpetuam.
1416 1866 1532 1896 Valeant
1560 1869 1731 1898 excellentiae

940 1917 1038 1939 vestrm
1052 1912 1181 1940 feliciter.
1485 1920 1488 1923 ’

973 1958 1097 1992 Viterbli,
1113 1966 1139 1986 tv
1167 1958 1238 1987 Non.
1257 1959 1352 1988 Maias.

1355 2008 1518 2044 Bsssamou,

1049 2055 1209 2089 cardinalis,
1219 2055 1375 2090 patriarcha
1393 2055 1728 2093 Constantinopolitanus,

1078 2101 1199 2131 basilicae
1223 2101 1254 2129 Β.
1270 2101 1355 2130 Marci
1370 2101 1495 2130 Venetiis
1510 2102 1623 2130 dicavit.

131 2223 288 2259 Calalogum
300 2223 338 2260 (α)
356 2224 530 2253 bibliothecae
539 2226 711 2254 Bessarionis
721 2226 965 2263 praestantissimus
980 2227 1010 2255 Β.
1029 2227 1250 2256 Montfauconius
1265 2227 1370 2255 dudum
1386 2227 1511 2255 exhibuit
1527 2228 1555 2256 in
1572 2236 1620 2258 sua
1634 2228 1732 2257 Biblio-

98 2272 171 2298 theca
199 2272 415 2299 bibliothecarum
441 2273 560 2300 codicum
576 2282 640 2301 mss.
657 2275 710 2302 Sed
730 2282 794 2302 cum
810 2274 868 2310 ipse
880 2275 954 2302 hunc
970 2274 1129 2310 Cutalogum
1147 2273 1360 2301 luculentiorem
1379 2279 1408 2302 et
1424 2274 1590 2303 exactiorem
1613 2283 1647 2304 ex
1669 2276 1732 2304 Ric-

97 2319 225 2344 cardiana
243 2318 408 2346 bibliotheca
435 2323 558 2354 erutum,
581 2326 610 2348 et
630 2321 693 2356 ipsi,
710 2327 740 2348 ut
761 2321 884 2354 videtur,
901 2329 988 2357 prope
1015 2321 1171 2349 Bessarioni
1193 2321 1345 2356 σύγχρονον
1361 2320 1489 2354 habeam,
1514 2329 1572 2349 non
1595 2321 1731 2357 ingratam

83 2371 154 2408 ⁸ιόηι
169 2365 290 2393 eruditis
307 2373 350 2393 me
367 2365 506 2394 facturum
521 2367 655 2401 arbitror,
670 2367 694 2395 si
711 2368 790 2396 illum
808 2369 855 2396 hic
875 2369 976 2397 iterum
994 2369 1097 2405 publici
1114 2368 1185 2404 juris
1201 2368 1312 2396 faciam.
1331 2368 1380 2396 Est
1394 2376 1461 2396 vero
1473 2368 1521 2402 qui
1537 2369 1676 2404 sequitur.

98 2425 398 2469 "l'aimlaiibrorutp,
419 2429 481 2469 tam
499 2427 682 2469 graecorum
699 2437 792 2468 quam
815 2429 1009 2466 Latinorum,
1026 2437 1107 2469 quos
1130 2428 1411 2459 reverendissimus
1435 2428 1465 2458 in
1491 2427 1614 2469 Christo
1642 2428 1730 2469 Pater

137 2465 288 2513 dominus
306 2466 656 2513 cardinalistiCtenus,
680 2465 906 2513 ac_epi_seopus
925 2465 1127 2513 Albane-usis,
1148 2471 1232 2513 dono
1246 2469 1332 2513 dedit
1347 2467 1604 2513 serenissimoet
1626 2468 1730 2513 excel-

140 2504 314 2548 lentissimo
328 2505 453 2551 "(iugali
484 2507 686 2551 Venetiarum
708 2504 950 2551 dominio-equi
974 2509 1129 2540 reconditi
1148 2509 1253 2551 (prout
1270 2509 1369 2551 Roma
1389 2506 1728 2551 transmissifuerant)

139 2542 175 2592 in
200 2543 304 2592 capsis
325 2544 411 2588 XXX
433 2548 648 2592 commendati
666 2547 761 2592 fuere
783 2542 962 2586 magnificis
982 2553 1013 2579 et
1039 2542 1202 2592 generoSis
1218 2548 1356 2592 dominis
1371 2546 1640 2592 procuratoribus
1656 2542 1732 2578 tedis

141 2583 209 2613 Divi
236 2583 347 2631 Marci,
362 2585 516 2631 tantisper
534 2587 643 2631 quoad
665 2583 887 2631 instruatur'et
907 2583 1077 2631 esoruetur
1103 2589 1216 2631 domus
1231 2588 1351 2627 aliqua,
1369 2583 1599 2631 bibliotheca,
1620 2587 1652 2631 in
1670 2595 1731 2631 qua

139 2623 251 2666 reponi
269 2623 386 2666 debent
410 2623 469 2665 pro
485 2623 646 2657 communi
667 2628 863 2659 studentium
886 2629 1038 2666 utilitate,
1065 2636 1101 2660 ac
1127 2628 1243 2659 decore
1271 2623 1301 2659 et
1325 2630 1514 2658 ornamento
1532 2626 1619 2657 urbis
1637 2623 1731 2666 hujus

139 2662 366 2694 celeberrima).

100 2725 131 2754 In
148 2734 228 2763 capsa
247 2727 353 2765 signata
368 2729 465 2765 Arsen!
479 2730 580 2758 codices
601 2731 639 2762 Iu',
655 2739 769 2765 quarunt
787 2731 888 2759 inscri—

214 2764 316 2799 ptiones
330 2764 372 2791 hic
389 2764 462 2799 infra
481 2766 618 2794 adnotata:
634 2764 768 2794 videnlur.

136 2818 222 2846 Totus
236 2819 399 2848 Aristotcles
415 2825 515 2856 praeter
531 2821 660 2857 logicum,
673 2823 700 2850 in
719 2822 892 2858 pergamenis

102 2869 129 2893 et
143 2874 243 2894 novus.

136 2911 251 2948 Physica
266 2912 391 2948 ejusdem
405 2919 468 2940 cum
478 2913 648 2949 expositione
664 2922 749 2950 usque
763 2915 796 2942 ad
808 2924 885 2951 quar-

945 2737 1002 2760 tum
1019 2732 1120 2760 librutn
1137 2731 1279 2768 cujusdam
1293 2732 1420 2759 alterius.
1440 2731 1573 2764 Deinceps
1587 2730 1733 2766 Simplicii,

944 2778 972 2805 in
991 2778 1174 2814 pergamenis,
1191 2783 1219 2805 et
1231 2782 1274 2805 cst
1293 2778 1362 2805 liber
1377 2778 1504 2812 pulcher.

982 2824 1095 2860 Physica
1119 2823 1256 2859 ejusdem,
1272 2823 1524 2859 eum_expositione
1541 2822 1686 2858 Simplicii,
1707 2823 1735 2853 in

946 2871 1131 2906 pergamenis.

986 2917 1144 2952 Simplicius
1165 2925 1192 2944 tu
1211 2916 1422 2952 praedicamenta
1436 2915 1594 2944 Aristotelis
1613 2925 1619 2943 :
1637 2924 1669 2945 ac
1685 2923 1736 2944 (ιιι⁴

133 2971 170 3007 (α)
183 2972 257 2998 .foau.
270 2972 348 3004 Lami,
362 2971 461 3000 Deliciae
478 2973 644 3005 Erudilorum,
658 2977 707 3000 tam
730 2974 769 3006 lit,
785 2975 920 3001 Florentiae
937 2976 1004 3002 1710.
