1916 3066
174 135 229 170 703

173 240 209 268 de
228 241 332 272 anima,
351 240 377 267 in
392 241 579 275 pergamenis,
599 241 723 276 pulcher.

210 286 417 321 Theophrastus
432 286 466 313 de
483 286 600 321 plantis,
619 287 645 313 in
666 287 850 321 pcrgamenis.

214 333 383 367 Philoponus
408 333 435 360 in
453 333 555 360 librum
583 333 617 360 de
643 332 831 360 Gcnerationc
859 338 887 360 et
903 341 965 361 eor-

177 379 318 414 ruplione,
336 383 364 406 ct
381 378 534 407 Alexander
549 387 576 406 tn
590 383 723 411 meleora,
739 379 766 406 in
783 380 964 414 pergamenis.

214 424 313 461 Logica
339 425 495 453 Aristotelis
520 433 586 453 cum
600 425 820 460 expositionibus
843 426 877 453 ad
895 426 966 461 topi-

177 479 237 500 cam
254 478 352 506 usque,
369 471 395 498 in
413 471 533 507 papyris.

215 517 491 552 Pliysiognomonica,
507 516 655 551 paradoxa,
670 515 843 549 mechanica,
859 521 886 544 et
901 523 968 551 pro-

180 564 298 592 blemata
313 563 482 594 Aristotelis,
499 563 527 589 in
548 562 668 598 papyris.

216 609 361 636 Rhetorica
395 607 575 641 Aristotelis,
608 612 635 634 et
667 607 800 634 nonnulla
838 608 966 643 parallela

179 654 331 686 Plutarchi,
347 655 373 680 in
389 654 509 688 papyris.

215 700 362 727 Alexandri
376 700 543 734 quazstiones
562 699 716 733 naturales,
733 700 867 733 morales,
884 707 912 727 et
932 700 967 728 de

180 747 283 780 anima,
302 746 330 774 in
349 747 535 782 pergamenis.

217 792 346 826 Quasdam
380 792 578 828 epigrammata
608 798 636 820 et
665 793 781 820 moralia
810 792 969 820 Aristotelis

182 846 289 873 magna,
304 843 332 865 et
346 838 505 870 Eudemica,
520 841 620 873 partim
636 838 662 865 in
680 838 803 873 papyris,
821 837 925 873 partim
940 837 967 865 in

181 883 364 919 pergamenis.

217 930 292 958 Sexti
311 929 440 964 Empirici
457 929 483 956 in
505 929 726 962 mathematicos,
745 929 772 956 in
788 928 909 964 papyris.

218 976 410 1011 interpretatio
435 976 585 1003 multorum
602 977 630 1003 in
648 977 775 1011 logicum,
793 976 820 1002 in
844 975 968 1011 papyris.

217 1022 397 1058 Motaplirasis
415 1023 442 1049 in
458 1023 585 1058 logicam,
601 1023 627 1049 in
644 1031 756 1058 papyro.
826 1059 828 1062 ν

219 1070 393 1103 ριιςεςιίοηθε
406 1069 549 1105 cujusdam
564 1069 677 1096 Joannis
695 1069 780 1096 Italici
805 1068 834 1096 in
853 1068 969 1104 logicam

182 1121 212 1144 et
225 1117 355 1151 tnpicam,
378 1117 404 1143 in
420 1116 604 1150 pergamenis.

215 1161 354 1190 Annnonii
368 1161 396 1189 in
411 1161 622 1197 praedicamenta
638 1161 806 1189 Aristotelis.

218 1208 353 1242 Simplicii
379 1207 405 1235 in
425 1208 525 1235 librum
545 1208 579 1235 de
597 1208 667 1236 casio
686 1212 714 1236 et
731 1207 850 1239 mundo,
868 1206 968 1242 imper-

182 1253 272 1281 l’cctns
296 1257 326 1282 et
350 1253 544 1287 inordinatus;
575 1258 603 1281 et
626 1258 776 1282 erotemala
800 1253 971 1288 l’tochopro—

181 1301 284 1334 dromi,
303 1301 330 1328 in
345 1301 469 1336 papyris,
488 1305 541 1328 etc.

187 1358 190 1359 ν
217 1346 411 1374 Chortasmeni
436 1347 463 1374 in
484 1347 599 1383 logicam
617 1354 645 1375 et
670 1347 849 1381 rhetoricam,
873 1346 900 1374 in
920 1353 968 1381 pa-

183 1401 270 1429 pyris.

184 1472 216 1500 In
229 1481 309 1508 capsa
321 1473 447 1507 inscripta
461 1473 492 1505 Β,
505 1481 564 1508 qua:
575 1478 613 1500 est
631 1473 752 1508 ponderis
765 1472 894 1500 librarum
905 1472 969 1507 250,

366 1481 447 1507 cnpta
461 1481 492 1505 υ,
505 1481 564 1508 qua:
575 1481 613 1500 eu
649 1481 752 1500 onaeris
765 1481 777 1499 ιλ

366 1514 427 1536 sunt
441 1509 578 1536 volumina
596 1481 777 1544 inﬁascripta.

666 136 916 167 nassam-nis
933 136 962 166 ει
977 136 1010 166 n.
1036 118 1066 165 ιὲ.
1086 133 1318 164 (1AliDlN.\l.iS

172 194 278 232 iusdam
292 194 405 222 alterius
422 194 558 229 expos'lio
573 193 599 221 in
616 195 734 230 primum
753 200 781 222 et
808 195 959 221 secundum
975 195 998 224 Α

1748 136 1810 168 ’104

1052 193 1161 220 Homeri
1177 193 1249 225 llias,
1265 193 1292 219 in
1307 193 1491 228 pergamcnis,
1503 194 1573 222 lilner
1589 196 1812 226 ouleherrimns.

1052 239 1162 266 Homeri
1176 239 1308 275 Odyssea,
1324 240 1351 266 in
1367 240 1488 275 papyris.

1053 285 1188 313 Eustathii
1207 287 1233 313 in
1251 286 1412 321 Odysseam,
1431 287 1458 314 in
1473 289 1660 323 pergamenis.

1051 332 1188 359 Eustathii
1205 331 1232 359 in
1248 333 1352 367 primos
1365 340 1464 361 novem
1480 333 1567 361 libros
1585 335 1687 368 Iliadis,
1702 335 1730 362 in
1745 343 1813 370 pcr-

1015 386 1150 413 gameuts.

1051 423 1178 451 Carmina
1191 423 1315 460 Gregorii
1330 424 1506 458 Nazianzeni,
1525 426 1552 453 in
1569 428 1752 462 pergamenis.

1052 469 1126 496 Arati
1149 474 1235 504 poeta:
1260 469 1460 505 Lycophronis,
1484 471 1510 498 in
1535 475 1720 508 pergamenis,
1740 481 1809 501 cum

1017 515 1231 549 expositoribus.

1055 561 1213 588 l-jrotemata
1228 561 1355 596 antiqua,
1373 562 1401 590 in
1423 565 1606 598 pergamenis.

1053 606 1203 641 Euripidis,
1219 607 1246 634 in
1256 608 1376 642 papyris,
1394 609 1536 643 tragmdite
1551 615 1617 637 tres.
1634 617 1638 620 ‘

1053 652 1244 687 Aristophanis
1260 654 1403 683 commilito
1429 659 1496 688 tres,
1522 660 1551 684 et
1580 656 1728 691 Sophoclis
1755 662 1814 684 tra-

1019 699 1115 733 goediae
1129 703 1256 733 quatuor,
1275 699 1302 726 in
1319 701 1439 735 papyris.
1739 694 1750 698 ’

1056 745 1089 771 Et
1100 744 1229 772 Nicandri
1247 745 1380 779 theriaca,
1401 747 1427 773 in
1445 749 1628 783 pergamenis.

1038 824 1071 852 In
1093 834 1174 861 capsa
1192 825 1299 864 signan
1316 825 1351 864 1),
1370 827 1493 864 ponderis
1508 827 1636 856 librarum
1653 830 1716 864 9'25,
1731 837 1796 858 sunt

1247 860 1383 887 volumina
1397 863 1578 898 infrascrilila.

1054 925 1151 954 Omnia
1165 934 1248 961 opera
1266 927 1388 955 Platonis
1412 928 1438 955 in
1456 929 1554 957 eodem
1575 936 1604 958 ct
1618 931 1810 966 pulcherximo

1020 972 1170 1005 volumine,
1188 972 1215 998 in
1231 972 1415 1006 pergamenis.

1056 1018 1153 1047 Omnia
1174 1018 1286 1045 Moralia
1314 1019 1453 1048 Plutarchi
1482 1020 1508 1048 in
1535 1021 1632 1048 eodem
1654 1022 1809 1057 volumine,

1021 1066 1048 1092 In
1064 1065 1247 1099 pergamenis.

1055 1111 1163 1139 Proculi
1182 1112 1208 1140 in
1221 1103 1417 1141 Parmenidem
1432 1113 1563 1146 Platonis,
1580 1114 1607 1142 in
1624 1116 1811 1151 pergamenis,

1021 1165 1109 1185 novus
1124 1158 1194 1186 liber
1208 1165 1237 1187 et
1254 1159 1381 1194 pulcher.

1056 1203 1164 1232 Proculi
1183 1205 1210 1232 in
1237 1205 1400 1240 theologiam
1424 1206 1560 1239 Platonis,
1579 1211 1608 1235 et
1624 1207 1761 1237 Hieroclis
1782 1209 1811 1237 in

1020 1258 1104 1279 aurea
1127 1251 1250 1279 carmina
1273 1251 1443 1287 Pythagorae,
1471 1260 1560 1280 novus
1584 1253 1658 1280 liber
1689 1259 1719 1281 et
1746 1255 1811 1289 pul-

1021 1298 1098 1326 cher.

1057 1343 1166 1372 Proculi
1195 1345 1223 1373 in
1247 1346 1380 1374 Timaeum
1407 1346 1540 1379 Platonis,
1565 1347 1593 1374 in
1622 1354 1810 1383 pergaments,

1021 1396 1110 1417 novus
1126 1390 1206 1424 liber,
1225 1395 1254 1419 et
1269 1392 1399 1427 pulcher.

1057 1436 1178 1464 Platonis
1197 1437 1323 1466 nonnulli
1349 1438 1462 1474 dialogi,
1487 1444 1514 1467 et
1538 1439 1572 1468 de
1597 1447 1666 1475 rep.,
1698 1440 1725 1468 in
1748 1448 1812 1476 per.

1021 1482 1155 1518 gamenis.
1225 1482 1230 1486 '

1058 1527 1178 1556 Platonis
1205 1528 1304 1564 dialogi
1333 1537 1454 1569 xxxvm,
1490 1530 1517 1558 in
1547 1531 1668 1567 papyris,
1694 1536 1722 1560 et
1748 1531 1812 1560 Vita

219 1577 398 1613 Erangelium
419 1577 537 1604 Μαιηιωί
549 1584 612 1604 cum
629 1577 846 1612 expositoribus,
862 1578 890 1605 in
908 1585 969 1614 per—
983 1563 1004 1593 c
1023 1573 1108 1609 ἰρεῑυε
1120 1575 1147 1601 in
1167 1563 1313 1610 principio-

184 1631 320 1659 gamems.

220 1668 408 1706 Olympiodori
431 1668 460 1696 in
483 1667 617 1704 quosdam
639 1668 766 1704 dialogos
790 1668 924 1703 Platonis,
945 1669 972 1697 in

186 1716 375 1752 pergamenis.‘

225 1763 359 1790 Arrianus
375 1762 403 1790 in
417 1762 585 1798 Epictetum,
599 1762 628 1790 in
639 1761 761 1798 papyris.

223 1809 322 1837 Plotini
339 1809 476 1836 nonnullae
489 1809 640 1842 orationes,
657 1809 685 1836 in
702 1809 885 1844 pergamenis.

225 1854 334 1883 Maximi
351 1854 487 1883 Platonici
505 1854 657 1887 orationes,
677 1855 704 1882 in
721 1855 906 1890 pergamenis.

217 1901 358 1929 lamblichi
377 1901 404 1928 in
428 1901 572 1936 epistolam
596 1901 754 1937 Porphyrii,
777 1901 806 1929 in
831 1908 972 1936 pergame-

220 1994 366 2031 Porphyrii
381 1994 505 2031 dialogus
531 1994 558 2022 in
577 1995 788 2030 prtedicamcnta
804 1993 972 2026 Aristotelis,

183 2046 214 2071 et
230 2042 415 2074 dialecticam,
438 2047 465 2069 et
487 2041 702 2076 arithmeticam,
729 2041 920 2076 theologicam,
944 2040 972 2067 in

186 2089 369 2126 pergamenis.

220 2135 355 2170 Simplicii
373 2134 398 2162 in
415 2139 470 2162 tres
490 2134 575 2162 libros
590 2135 624 2162 de
646 2135 749 2166 anima,
765 2139 794 2161 et
808 2133 929 2166 Proculi,
944 2137 973 2161 et

184 2181 302 2214 llermte,
319 2182 346 2208 in
363 2181 496 2215 quosdam
518 2180 647 2217 Dialogus
662 2181 796 2212 Platonis.
822 2180 850 2207 in
875 2187 972 2215 perga-

186 2229 285 2256 meois.

222 2273 370 2302 llerodiani
393 2273 427 2302 de
443 2278 507 2302 octo
525 2273 690 2306 Caesaribus,
714 2277 744 2301 et
765 2272 868 2300 Zosimi
883 2272 971 2301 histo-

187 2320 248 2351 rici.
264 2320 290 2347 in
307 2319 492 2356 pergamenis.

221 2368 358 2396 lleliodori
373 2366 539 2402 IEthiopiea,
554 2367 583 2394 in
600 2366 784 2402 pergamenis.

219 2414 387 2450 Phocylidts,
408 2412 592 2448 Theognidis,
618 2412 758 2446 Pollucis,
775 2417 802 2440 et
820 2412 872 2440 alia
896 2419 971 2447 qua:-

184 2463 259 2497 dam,
277 2463 303 2490 in
319 2463 442 2498 papyris.

223 2510 341 2537 Historia
357 2507 544 2543 Pachymcris,
563 2507 590 2534 in
608 2506 730 2542 papyris.

219 2557 252 2584 Et
268 2555 456 2591 Xenophontis
469 2556 608 2582 Ascensus
621 2553 696 2588 Cyri,
712 2553 740 2580 in
757 2552 877 2589 papyris.

219 2603 343 2632 Philonis
356 2602 497 2629 orationes
514 2600 663 2632 nonnullas,
681 2600 708 2627 in
723 2599 909 2635 pergamenis.

182 2680 215 2708 In
236 2687 317 2714 capsa
338 2678 506 2715 εἱειηιιιαλῖ,Δ
520 2676 645 2715 ponderis
668 2676 799 2715 librarum
821 2675 888 2710 220,
903 2680 968 2703 sunt

446 2713 506 2740 libri
521 2713 696 2748 infrascripli.

219 2779 328 2806 llomeri
346 2779 419 2812 Ilias,
435 2778 567 2815 Odyssea,
583 2778 696 2814 Hymni,
724 2778 829 2807 Bellum
847 2780 968 2808 murium

183 2830 214 2853 et
229 2833 358 2852 ranarum
372 2834 379 2858 ;
395 2825 490 2858 Quinti
506 2826 729 2861 supplementum
743 2825 847 2859 Iliadis,
862 2825 889 2854 in
905 2833 969 2861 per-

183 2878 317 2907 guunt-ms.

1058 1621 1209 1653 lamblichi,
1241 1623 1275 1650 de
1289 1623 1345 1650 vita
1362 1623 1532 1660 Pythagorae,
1546 1625 1572 1653 in
1590 1627 1773 1662 pergamcnis.

1058 1667 1160 1695 Plotini
1177 1675 1258 1703 opera
1272 1670 1375 1703 omnia,
1396 1670 1424 1697 in
1441 1672 1565 1707 papyris.

1059 1713 1218 1741 Damasceni
1235 1715 1269 1743 de
1286 1715 1429 1751 principiis
1444 1716 1472 1744 in
1485 1717 1688 1752 Parmenidem,
1700 1719 1727 1746 in
1746 1727 1811 1755 per-

1023 1767 1156 1795 gamems.
1651 1774 1653 1776 ·

1059 1807 1166 1834 Proculi
1183 1807 1238 1835 duo
1254 1809 1317 1836 libri
1334 1809 1368 1837 de
1390 1809 1527 1846 theologia
1550 1811 1681 1846 Platonis,
1714 1819 1742 1841 et
1757 1815 1812 1842 elc-

1023 1853 1150 1881 mentalis
1163 1854 1286 1889 ejusdem
1301 1856 1449 1891 theologia.

1059 1899 1178 1928 Historia
1205 1900 1239 1928 de
1267 1901 1352 1929 rebus
1374 1902 1458 1937 gestis
1485 1902 1606 1931 Mauritii
1631 1904 1811 1940 lmperatoﬁs

1024 1945 1086 1973 libri
1100 1950 1174 1978 octo.
1188 1950 1216 1973 et
1232 1945 1381 1982 Esculapii
1398 1947 1702 1985 Tradaniexpositio-in
1718 1952 1811 1979 Arilli-

1024 1992 1161 2025 melicam,
1178 1993 1204 2020 in
1220 1994 1403 2028 pergamenis.

1058 2037 1205 2073 Nicephori
1222 2038 1360 2075 Gregorae,
1377 2039 1404 2066 in
1422 2042 1606 2076 pergamenis.

1029 2079 1036 2087 “
1058 2082 1250 2119 Xenophontis
1271 2089 1333 2120 post
1355 2085 1556 2121 Thucydidem,
1580 2086 1659 2114 etde
1675 2087 1760 2115 dictis
1783 2095 1810 2116 et

1022 2128 1102 2157 factis
1117 2129 1248 2165 Socratis,
1271 2135 1300 2159 et
1325 2131 1386 2159 alia:
1402 2133 1528 2167 quadam
1544 2135 1694 2166 orationes,
1715 2137 1742 2163 in
1761 2144 1810 2171 pa-

1023 2176 1107 2212 pyris.

987 2238 1010 2265 n
1057 2222 1170 2257 Josephi
1183 2223 1216 2251 de
1227 2225 1396 2259 captivitate,
1417 2225 1443 2252 in
1461 2227 1644 2262 pergamenis.

1057 2268 1167 2303 Josephi
1183 2270 1217 2297 de
1231 2270 1402 2305 captivitate,
1419 2272 1447 2298 in
1467 2274 1652 2308 pergamenis,
1672 2278 1700 2300 ct

1057 2313 1171 2343 Zonaras:
1182 2322 1210 2343 et
1224 2316 1366 2354 Choniata:
1384 2317 1519 2352 historiae,
1539 2319 1566 2346 in
1583 2320 1703 2354 papyris.

1052 2393 1082 2421 In
1098 2403 1178 2430 capsa
1193 2395 1298 2431 signala
1315 2396 1338 2423 E
1352 2397 1475 2432 ponderis
1492 2397 1621 2424 librarum
1639 2397 1703 2432 250,
1719 2404 1782 2425 sunt

1265 2433 1367 2458 codices
1383 2432 1560 2467 infrascripli.

1057 2497 1167 2525 Diodori
1183 2498 1308 2527 historici
1324 2507 1339 2526 a
1356 2507 1373 2526 x
1400 2499 1429 2526 in
1448 2507 1482 2526 xx
1504 2500 1617 2532 librum,
1642 2500 1668 2526 in
1688 2495 1808 2535 papyris.

1058 2545 1169 2572 Diodori
1185 2545 1220 2572 ab
1232 2553 1260 2573 xt
1275 2546 1307 2572 ad
1325 2553 1358 2572 xv
1373 2553 1472 2581 usque,
1486 2546 1514 2573 in
1528 2548 1713 2582 pergamenis.

1056 2591 1152 2626 Apiani
1170 2591 1347 2620 historiarum
1367 2592 1565 2625 Romanarum,
1582 2597 1610 2620 et
1631 2593 1760 2626 aliarum,
1783 2594 1808 2622 in

1021 2637 1141 2672 papyris.

1058 2684 1212 2719 Theogenis
1230 2689 1257 2712 et
1269 2684 1414 2718 Charielte,
1432 2685 1459 2712 in
1476 2687 1661 2721 pergamenis.

1056 2730 1167 2757 Diodori
1185 2731 1248 2758 libri
1265 2739 1281 2758 v
1299 2732 1395 2766 primi,
1411 2732 1438 2759 in
1455 2733 1576 2768 papyris.

1057 2776 1152 2804 Dionis
1169 2777 1353 2804 Romanarum
1369 2778 1558 2811 historiarum,
1578 2779 1606 2806 in
1627 2780 1748 2815 papyris.

1056 2823 1188 2852 Herodoti
1211 2824 1238 2852 in
1263 2825 1385 2860 papyris,
1410 2830 1438 2853 et
1463 2825 1564 2853 Juliani
1592 2827 1720 2862 qutt'dam
1749 2835 1808 2856 ora-

1024 2871 1119 2899 tiones.
