1916 3066
93 116 158 149 ἿΟΞ

135 172 274 198 Chronica
289 171 444 206 cujusdam,
464 172 490 199 iu
509 174 630 208 papyris.

135 217 331 245 Demosthenis
343 218 484 245 orationes
501 226 608 250 omnes,
626 218 652 244 iu
668 217 851 253 pergameuis.

134 262 282 289 Strabonis
302 263 336 289 ab
361 271 386 289 xr
406 271 493 298 usque
517 263 551 290 ad
578 263 671 296 ﬁnem,
691 271 753 290 cum
777 263 891 291 adnota-

97 309 225 336 tionibus
240 308 368 341 Gemisti,
384 309 411 335 iu
423 309 546 344 papyris.

137 355 278 382 Piutarchi
303 354 433 389 parallela
457 355 567 387 omnia,
589 355 661 382 liber
678 352 892 391 pulcherrimus.

137 401 270 429 Isocratis
288 403 428 429 orationes
443 409 498 434 ιω,
517 405 544 429 et
562 400 681 436 Dionysii
698 401 731 429 de
749 402 892 428 nominmu

97 445 316 480 compositione.

123 490 246 526 'Syriani
266 491 417 526 Sophistm,
428 496 456 518 et
470 491 585 518 aliorum
599 491 626 518 in
638 490 786 518 nonnullas
802 496 893 525 partes

99 538 270 568 Rhetorice,
292 538 319 564 in
336 538 521 573 pergamcois.

138 575 247 609 Libanii
262 582 489 615 declamationes,
503 583 529 609 in
546 582 666 618 papyris.

139 626 227 662 Lysize’
252 627 393 655 orationes
410 636 471 654 xxxx
487 622 501 662 ;“
518 629 652 664 Dionysii,
679 629 714 657 De
735 630 893 657 charactere

99 672 206 708 Lysim;
219 672 326 709 Gorgia:
339 674 366 701 in
382 674 491 701 laudem
506 674 627 702 Helenae.

138 718 330 746 Aladarnantis
349 719 491 747 orationes
508 720 567 747 duae
582 728 589 752 ;
607 720 780 748 Antisthcuis
793 721 894 748 oratio-

101 771 154 791 nes
167 764 228 792 dua:
241 774 248 798 ;
263 765 392 796 Demadis
406 767 495 793 oratio
512 775 576 794 una.

139 811 263 845 Agathize
286 811 409 838 historia:
430 811 553 846 quinque
571 812 659 845 libris,
682 818 708 840 ct
724 813 758 841 de
776 814 893 841 nomini-

101 856 156 883 bus
173 861 201 884 et
217 857 365 884 ordinibus
379 858 567 892 antiquorum.

139 903 309 938 Theognidis
321 908 410 938 poetae
423 912 430 936 ;
445 904 603 941 Phocylidis
617 914 624 940 ;
640 906 722 934 Aurci
737 913 832 934 versus
847 905 895 941 P’y-

103 947 226 983 thagora:
241 948 365 981 ;Moschi
382 949 478 978 Siculi.

139 994 233 1021 Musaei
257 995 330 1022 Hero
361 1001 388 1023 et
414 996 548 1030 Leander,
571 996 694 1032 Dionysii
719 995 834 1032 Longini
862 997 896 1024 de

108 1042 300 1077 magnitudine
316 1043 463 1075 orationis,
481 1043 507 1070 in
525 1043 709 1079 pergnmeuis,
721 1049 775 1070 etc.

138 1087 284 1114 Naucratis
299 1088 425 1115 convivia
439 1087 502 1115 libri
520 1093 592 1122 octo,
610 1088 637 1115 in
654 1088 841 1123 pergamcnis.

139 1132 310 1169 Thucydidis
329 1134 456 1167 historia,
479 1134 505 1161 in
524 1135 644 1170 papyris.

132 1213 165 1240 In
176 1222 254 1248 capsa
265 1215 371 1250 signata
382 1214 407 1242 F
416 1219 477 1241 sunt
492 1215 552 1242 libri
564 1215 635 1248 infra
649 1216 740 1249 scripti
749 1216 871 1251 pandrris

395 1250 525 1277 librarum
541 1251 604 1277 2w.

143 1319 236 1346 Dionis
252 1319 444 1355 Chrysostomi
460 1320 599 1347 orationes
617 1309 765 1355 Octoginta,
787 1320 813 1346 in
833 1327 889 1354 per—

105 1366 238 1401 gameuis.

145 1410 267 1446 Dionysii
296 1411 511 1442 Ilalicarnassei,
544 1410 678 1437 Demetrii
708 1408 895 1441 Phalerensis,

107 1457 268 1490 Alexandri,
294 1457 447 1490 Menandri,
477 1457 616 1488 Aristidis.
647 1456 769 1491 Apsinis,
795 1455 897 1482 Mouita

106 1510 247 1532 oratorum
264 1504 350 1531 multa
365 1509 394 1531 et
411 1503 543 1538 praeclara
559 1502 592 1530 de
611 1504 717 1529 ratione
728 1500 849 1528 dicendi.

142 1551 287 1579 Urationes
303 1549 422 1583 Libanii,
438 1550 464 1577 in
483 1549 604 1585 papyris.

144 1595 272 1630 Epistolas
287 1594 428 1630 cujusdam
446 1594 587 1621 Michaelis
599 1593 712 1624 GabraJ,
730 1593 756 1619 in
775 1593 896 1628 papyris.

142 1642 250 1670 Libauii
266 1641 495 1678 Declaruationes,
510 1641 536 1667 iu
555 1639 741 1674 pergamenis.

143 1689 251 1716 Libanii
268 1688 408 1723 Epistolar,
423 1688 450 1714 in
466 1686 587 1721 papyris.

143 1735 274 1768 Quaedam
293 1742 377 1768 opera
394 1733 546 1765 Aristidis;
563 1732 671 1760 Proculi
689 1732 823 1759 naturalis
839 1732 898 1760 cle-

110 1781 259 1812 ment-alio;
290 1780 387 1815 legalia
417 1779 543 1814 quiedam
573 1779 680 1806 Alcinoi
708 1780 741 1806 dc
773 1779 898 1814 dogmate

109 1828 241 1860 Platonis,
259 1828 286 1854 in
303 1827 426 1862 papyris.

144 1874 276 1902 Aristidis
292 1874 446 1905 orationes,
464 1872 491 1899 in
508 1871 693 1907 pergameuis.

145 1920 239 1947 Dionis
250 1919 436 1946 Romanarum
451 1919 631 1945 historiarum
649 1925 663 1943 ιι
682 1925 743 1944 XLIV
762 1917 797 1943 ad
820 1917 900 1952 quin-

111 1967 299 2002 quagesimum
319 1973 406 2000 usque
421 1972 535 1997 nonutn,
552 1964 579 1991 in
596 1964 781 1998 pergamenis.

146 2013 279 2041 Aristidis
292 2013 446 2043 orationes,
465 2011 490 2038 in
504 2011 626 2046 papyris.

146 2061 297 2088 Rhetorica
321 2059 513 2094 Hermogenis,
529 2057 712 2085 Aritlnnctica
727 2056 899 2089 Nicomachi,

114 2108 277 2136 Geumctrire
291 2106 353 2134 libri
371 2113 427 2137 sex,
444 2111 471 2132 et
484 2104 625 2132 Geodazsia
641 2097 668 2131 in
685 2104 806 2139 papyris.

146 2151 293 2178 Rhetorica
310 2150 503 2185 Hermogenis,
520 2151 548 2177 in
566 2149 687 2184 papyris.

825 111 1026 147 EPISTOLxE.

907 182 929 209 Δ

911 857 932 886 Β

1678 114 1732 153 70$

980 173 1145 206 (ilcoructlis,
1160 173 1187 200 in
1203 173 1322 208 papyris,
1340 175 1367 200 et

982 219 1119 246 l'tolcmazi
1152 218 1356 255 Quadripartita
1389 225 1451 246 cum
1480 218 1669 253 expositione,
1702 223 1731 245 et

946 263 1032 290 multa
1048 264 1099 291 alia
1114 264 1141 291 iu
1159 265 1372 298 Astronomiatn,
1387 264 1413 292 in
1427 263 1612 300 pergamenis.

945 329 976 356 In
998 337 1078 364 capsa
1098 330 1203 364 signata
1213 330 1233 359 G
1245 331 1366 365 ponderis
1381 331 1509 358 librarum
1525 331 1577 358 240
1592 335 1653 357 sunt
1674 331 1733 358 libri

1242 366 1313 401 infra
1330 367 1434 400 scripti.

980 415 1153 450 Ceometrica
1180 422 1313 454 Euclidis.
1329 428 1357 450 et
1376 422 1442 451 Data
1457 424 1594 459 ejusdem,
1619 423 1731 457 Spha-ra

945 468 1104 499 Theodosii.
1122 469 1291 504 Apparentia
1312 474 1340 497 et
1355 470 1495 498 Catholica
1527 470 1661 500 Euelidis,
1677 469 1732 496 Lo-

945 514 1003 549 gica
1019 514 1155 547 Barlaam,
1177 518 1205 542 et
1230 515 1380 550 Almagesti
1398 515 1552 547 Ptolomaei.
1567 515 1594 543 in
1612 516 1732 551 papyris.

980 560 1154 595 Almagestus
1171 560 1307 588 Ptolemzei
1331 569 1394 595 cum
1411 562 1732 598 expositioneTlieonis,

945 606 1017 633 liber
1031 607 1179 640 pretiosus,
1195 607 1222 634 in
1239 608 1360 643 papyris.
1598 600 1602 601 7

980 649 1138 678 Geometria
1161 650 1296 684 Euclidis,
1321 655 1350 679 et
1373 651 1491 679 aliorum
1515 652 1665 679 multorum
1685 660 1734 679 au-

946 701 988 724 ctc
995 704 1055 724 rum
1071 704 1186 724 numero
1200 705 1266 724 xvm
1281 697 1452 726 theoremata
1468 692 1646 734 geometrica,
1662 699 1734 727 liber

946 743 1096 777 pretiosus,
1117 743 1143 769 in
1159 744 1278 778 papyris.
1719 745 1725 750 '

981 788 1101 816 Albacus
1116 788 1221 821 Graece,
1248 788 1402 822 Geodaesia,
1429 789 1527 817 tabula:
1542 791 1668 823 Persica,
1694 796 1734 819 ta-

947 834 1020 862 bulae
1045 830 1177 866 Theonis,
1200 835 1311 862 Proculi
1336 835 1363 862 in
1389 835 1603 864 Astronomiam.
1619 836 1735 870 Quadri-

948 882 1048 916 partita
1063 880 1214 914 Ptolemati,
1237 886 1265 909 et
1282 881 1336 908 alia
1359 882 1388 908 in
1410 881 1626 915 Astronomiam,
1643 883 1669 910 in
1687 891 1734 919 pa-

947 928 1032 964 pyris.

983 973 1071 1008 Magni
1099 973 1258 1009 Logothetae
1280 974 1309 1001 in
1334 973 1552 1007 Astronomiam,
1569 974 1596 1002 in
1618 983 1733 1010 papyro.

948 1019 1018 1046 liber
1036 1027 1118 1046 unus.

983 1066 1085 1094 ilusica
1104 1065 1245 1093 Ptolemaei
1260 1073 1323 1094 cum
1342 1066 1514 1101 expositione
1531 1065 1685 1100 Laurentii,
1707 1068 1734 1095 in

949 1119 1062 1146 papyro.
1710 1107 1716 1113 ’

984 1157 1095 1185 Tabula:
1120 1157 1259 1186 Ptolemaei
1283 1159 1310 1185 in
1337 1158 1531 1193 compendium
1552 1158 1680 1191 redactae,
1707 1159 1735 1186 iu

950 1210 1065 1237 papyro.

983 1250 1112 1282 Quaedam
1131 1250 1230 1277 tabula:
1247 1251 1425 1286 Astr’ologicaa
1438 1258 1523 1286 parvo
1538 1251 1688 1284 volumine,
1709 1251 1736 1277 iu

948 1303 1096 1331 pergamen
1103 1298 1134 1323 is.

983 1342 1161 1370 Arithmetica
1173 1343 1347 1375 Nicomachi;
1364 1344 1439 1370 Arati
1454 1343 1647 1374 Pliaenomeua,
1659 1342 1738 1370 Cleo-

949 1387 1047 1419 medis,
1064 1393 1092 1415 et
1103 1395 1148 1415 sex
1164 1389 1225 1416 libri
1239 1389 1414 1420 Gcomclriaa,
1429 1390 1454 1415 in
1471 1388 1592 1424 papyris.

984 1433 1166 1461 Arithmctica
1192 1433 1352 1462 Nicomachi
1379 1435 1549 1469 Philosophi,
1569 1435 1595 1461 in
1618 1435 1736 1469 papyris.

985 1481 1141 1508 Cleomedis
1156 1488 1219 1507 cum
1236 1481 1421 1515 expOsitioue,
1434 1485 1462 1508 et
1476 1481 1657 1508 Arithmctica
1674 1489 1738 1508 cum

911 1528 932 1556 C
949 1526 1121 1560 expositione
1136 1526 1294 1561 Philoponi,
1311 1527 1337 1552 in
1351 1527 1472 1561 papyris.

983 1571 1149 1606 Cleomedis,
1167 1578 1195 1600 et
1207 1572 1386 1600 Arithmetica
1404 1573 1548 1608 Diophauti
1563 1573 1624 1602 libri
1640 1581 1686 1602 sex
1708 1575 1733 1602 in

947 1625 1063 1652 papyro.

985 1664 1066 1692 Liber
1082 1664 1178 1700 legalis
1203 1665 1399 1701 compendium
1422 1665 1612 1701 Armenopoli,
1633 1666 1661 1692 iu
1687 1673 1736 1702 pa-

937 1711 1036 1746 .pyris.

986 1757 1068 1785 Liber
1082 1758 1176 1794 legalis
1188 1760 1216 1786 in
1234 1759 1424 1794 alphabetum,
1441 1758 1470 1786 in
1485 1758 1668 1794 pergamenis.

985 1803 1100 1836 Similis,
1117 1805 1144 1830 in
1162 1805 1349 1838 pergamenis,
1364 1809 1392 1831 et

986 1850 1100 1882 Similis,
1119 1850 1146 1877 in
1164 1850 1349 1884 pergarnenis.

951 1915 982 1942 In
999 1924 1080 1951 capsa
1099 1917 1204 1951 signata
1216 1915 1240 1942 Il
1252 1916 1374 1950 ponderis
1391 1915 1520 1944 librarum
1534 1915 1588 1942 250
1603 1919 1665 1942 sunt
1680 1916 1740 1943 libri

1245 1952 1318 1985 infra
1333 1951 1438 1987 scripti.

986 2006 1113 2041 Epitoma
1137 2014 1171 2034 ιι
1201 2006 1455 2044 librorum'legum
1476 2015 1525 2042 per
1550 2007 1738 2042 alphabetum,

952 2054 980 2080 in
996 2053 1179 2088 pergamenis.

987 2098 1177 2126 lnstitutiones
1190 2097 1301 2131 Grzecae,
1318 2098 1345 2126 in
1364 2099 1547 2134 pergamenis.

986 2145 1070 2173 Liber
1084 2145 1190 2180 legalis,
1209 2144 1384 2179 Compilatio,
1398 2150 1426 2172 et
1439 2146 1639 2175 collactaueum
1656 2149 1739 2176 trium

146 2196 339 2224 Demosthenis
359 2201 499 2223 orationes
523 2194 734 2230 quinquaginta,
759 2200 788 2221 et
812 2194 899 2230 epita-
915 2203 940 2232 υ
955 2192 1167 2226 imperatorum.
1185 2191 1211 2217 in
1226 2191 1346 2227 papyris.

113 2241 174 2275 phia
191 2241 290 2276 Lysiae,
311 2242 337 2268 in
356 2242 478 2276 papyris.

150 2287 342 2314 Demosthenis
359 2287 498 2313 orationes
512 2293 580 2318 nn,
598 2287 732 2321 prommia
753 2286 900 2313 conciona-

115 2338 192 2365 Iona,
211 2334 252 2360 vel
269 2333 456 2367 demegorica,
483 2338 511 2359 et
527 2332 657 2367 Epistulae
673 2340 732 2364 sex,
754 2333 781 2363 in
803 2340 900 2367 μαι-κει-

114 2379 210 2406 utenis.

147 2425 269 2453 Euclidis
283 2424 450 2458 Geometria,
471 2425 500 2452 in
514 2425 635 2460 papyris.

146 2471 302 2499 Cleomedis
323 2471 422 2498 tabula:
435 2470 553 2498 Persica),
569 2479 577 2503 ;
592 2470 743 2498 Erisocina:
763 2470 901 2498 Arithmc-

117 2519 176 2550 lica,
194 2524 222 2545 et
237 2518 374 2553 imagines
390 2517 561 2546 Philostrati.

149 2564 230 2592 Liber
245 2565 271 2591 in
284 2571 339 2591 ouo
352 2564 568 2599 suutjudicialia
581 2564 733 2599 complura,
749 2565 777 2592 in
791 2565 902 2600 papyris

115 2611 188 2638 corio
202 2611 300 2638 rubea.

149 2657 225 2684 Alter
241 2657 350 2688 similis,
367 2657 444 2684 corio
459 2658 548 2693 nigro.

151 2702 262 2730 Tabula:
279 2703 395 2730 Persica:
409 2712 415 2736 ;
431 2709 457 2730 et
473 2703 623 2739 descriptio
639 2704 787 2732 Astrolabii
809 2704 837 2732 iu
854 2711 903 2738 pa-

119 2750 199 2786 pyris.

152 2796 291 2824 Ptolemti
306 2796 457 2831 Almegisti,
470 2796 497 2823 in
512 2797 694 2831 pergamcnis.

153 2840 291 2870 Ptolemaei
306 2841 491 2877 G‘eographia,
508 2842 534 2869 in
552 2842 735 2878 pergamcnis.

238 2893 375 2922 Parnm.
393 2894 450 2924 Gn.
481 2892 551 2921 CLX
561 2892 581 2921 Ι.

990 2237 1116 2264 Meletius
1132 2237 1164 2264 de
1183 2241 1281 2264 natura
1299 2237 1433 2271 hominis,
1452 2239 1479 2266 in
1498 2240 1620 2276 papyris.

993 2284 1032 2311 De
1049 2292 1114 2310 cura
1130 2291 1263 2318 equorqu
1281 2283 1432 2312 multorum
1456 2290 1611 2319 auctorum,
1627 2286 1654 2313 in
1679 2294 1740 2321 per-

953 2331 1088 2364 gamenis.

990 2377 1029 2404 De
1053 2377 1184 2404 varietate
1218 2382 1245 2405 et
1268 2377 1369 2406 virtute
1394 2378 1608 2412 elementorum,
1632 2379 1660 2407 in
1692 2388 1740 2415 pa-

953 2422 1038 2457 pyris,

994 2469 1167 2496 Dioscorides
1184 2468 1210 2495 in
1227 2469 1403 2503 medicinam,
1421 2476 1448 2496 in
1468 2471 1651 2505 pergamenis.

990 2515 1106 2544 Oribasii
1121 2516 1149 2543 in
1167 2515 1343 2548 medicinam,
1357 2517 1383 2542 in
1400 2516 1510 2551 papyris
1526 2512 1590 2544 libri
1606 2522 1737 2552 quatuor,

953 2568 983 2589 et
1013 2562 1046 2590 de
1074 2562 1242 2596 agricultura
1269 2562 1441 2590 diversorum
1462 2566 1618 2596 auctorum,
1645 2564 1673 2590 in
1695 2571 1742 2598 pa-

954 2609 1039 2645 pyris.

991 2654 1114 2682 Actuarii
1129 2654 1161 2681 de
1179 2653 1275 2686 urinis,
1295 2653 1323 2681 iu
1337 2654 1457 2689 papyris.

990 2701 1066 2728 Pauli
1078 2700 1200 2735 Aiginetae
1213 2700 1323 2732 medici,
1343 2701 1370 2726 in
1387 2701 1570 2735 pergamenis.

992 2746 1105 2774 Eusebii
1123 2746 1156 2773 de
1170 2746 1344 2773 Constantini
1365 2746 1435 2780 Vita,
1455 2747 1482 2773 in
1500 2747 1622 2783 papyris,

993 2793 1094 2828 Legum
1121 2793 1258 2828 epitonia,
1290 2797 1316 2819 et
1345 2791 1470 2821 Cauoues
1493 2795 1688 2830 conciliorum,
1714 2794 1744 2822 in

955 2840 1140 2877 pergamenis.

1469 2886 1525 2916 .23
