1916 3066
150 110 203 144 ’ἵύἹ

184 166 266 193 Liber
281 167 375 202 lega!is
397 169 479 204 trium
497 170 706 205 imperatorum,
722 173 749 200 in
763 174 885 209 papyris.

183 212 273 239 Pltotii
298 215 417 241 narratio
443 216 539 242 eorum
564 225 625 251 qua:
650 218 764 253 legerat,
787 220 815 246 itt
838 227 935 255 ρει-ἕω

149 258 247 285 menis.

183 303 259 330 Alter
274 304 383 337 similis,
399 305 425 332 itt
444 308 629 342 pergamenis.

149 371 180 399 In
192 381 272 408 capsa
289 375 397 408 signata
413 375 426 402 I
441 377 562 411 ponderis
581 372 711 406 librarum
727 380 780 407 250
796 385 857 407 sunt
873 381 933 408 libri

441 413 512 447 infra
527 414 629 447 scripti.

184 464 319 494 Climacus
336 475 397 495 cum
416 469 597 504 expositione,
617 470 645 498 in
660 472 782 508 papyris.

186 510 296 539 Eusebii
309 513 472 549 Evangelica
487 515 663 550 praeparatio,
681 517 708 543 in
724 517 845 553 papyris.

184 556 250 583 Acta
270 559 360 591 quarti
379 560 500 591 concilii,
516 560 542 587 in
558 561 679 596 papyris.

184 603 252 629 Acta
270 604 359 637 quinti
376 606 497 637 concilii,
514 607 539 633 itt
558 609 743 643 pergamenis.

184 650 250 674 Acta
264 649 360 683 syttodi
375 655 469 677 contra
488 652 624 687 l’hotium,
649 659 676 681 et
691 655 805 683 alterius
819 664 892 690 pars,
907 657 933 683 in

148 693 271 727 papyris,
285 700 448 730 consumpta
465 697 491 722 in
509 699 696 732 pergatncnis.

185 742 250 767 Acta
266 741 374 768 concilii
395 742 558 772 lr'lorcntini.

184 785 279 813 Sancti
295 787 413 822 Dionysii
431 788 601 825 Areopagitas
615 792 706 818 omnia
724 799 807 826 opera
825 795 852 821 in
872 802 936 829 per-

150 832 282 866 gamcnis,
300 833 370 860 liber
383 835 599 868 pulcherrimus.

185 878 361 913 Philosophia
381 884 408 907 et
432 880 581 917 Theologia
611 882 790 917 Damasceni,
814 886 840 913 in
867 895 931 922 per-

151 924 285 958 gamenis.

184 969 259 996 Alter
273 969 344 996 ltber
358 970 468 1004 similis,
485 971 512 998 in
529 975 714 1007 pergamenis.

187 1015 266 1042 Alter
282 1015 353 1042 liber
368 1016 478 1048 similis,
496 1018 525 1044 in
540 1021 662 1054 papyris.

187 1061 281 1087 Sancti
298 1061 408 1088 Thomas
422 1064 527 1096 primus
553 1069 581 1091 et
594 1066 732 1093 secundus
749 1072 843 1095 centra
864 1068 937 1097 Gen-

151 1107 213 1134 tiles
224 1107 328 1140 Grtece,
349 1108 376 1134 in
393 1110 515 1143 papyris.

188 1153 314 1187 Ejusdem
329 1154 362 1180 ad
387 1154 545 1182 Sanctorem
563 1159 787 1192 Atttrochcrium,
803 1166 830 1188 et
847 1163 935 1196 prima

151 1199 246 1233 prima:
263 1198 367 1232 Graece,
386 1201 414 1227 itt
430 1204 551 1236 papyris.

183 1245 318 1280 Acyndini
334 1247 458 1280 quaedam
488 1256 590 1283 opera;
612 1255 638 1277 et
654 1251 784 1280 Prochori
807 1253 840 1281 de
859 1255 935 1282 attri-

152 1289 236 1320 butis,
255 1290 281 1316 itt
296 1292 479 1326 pergamenis.

186 1335 288 1362 Nicolai
304 1335 436 1364 Cab’asilte
449 1338 483 1365 de
503 1338 572 1372 Vita,
593 1340 620 1367 in
636 1343 757 1378 papyris,
775 1345 800 1371 in
819 1352 845 1372 x.

188 1380 279 1408 Sancti
303 1381 394 1410 Basilii
423 1384 572 1417 orationes,
599 1386 627 1413 in
652 1396 817 1424 pcrgamcno
840 1399 937 1419 mona-

151 1427 230 1456 sticc.

186 1475 316 1510 Ejusdem
332 1475 474 1508 de,eadem
489 1485 529 1511 re,
543 1478 570 1506 in
589 1481 771 1516 pergamenis,
787 1486 814 1510 et

187 1521 317 1555 Ejusdem
331 1521 365 1548 de
378 1524 472 1550 eadem
488 1531 528 1556 re,
543 1525 568 1551 in
581 1527 767 1561 pergamenis.

185 1567 264 1594 Ctnoi
289 1568 327 1595 De
349 1569 525 1602 processione
551 1570 671 1605 Spiritus
698 1573 796 1607 sancti,
821 1575 849 1601 in
875 1581 936 1610 per-

151 1613 284 1648 gamenis.

152 1678 183 1706 In
199 1687 279 1714 capsa
293 1681 399 1716 signata
412 1682 437 1709 Κ
449 1682 571 1720 ponderis
583 1682 716 1720 librarum
735 1684 788 1711 240
801 1690 862 1712 sunt
878 1686 938 1720 libri

451 1718 521 1751 infra
538 1718 639 1752 scripti.

188 1770 299 1798 Zonaras
312 1771 434 1799 historici
446 1781 467 1813 a‘
477 1774 571 1801 mundi
586 1774 724 1803 creatione
738 1775 773 1803 ad
790 1776 937 1811 imperium

154 1823 242 1850 usque
256 1817 356 1850 Alexi,
372 1818 400 1844 in
416 1819 538 1854 papyris.
555 1819 638 1849 Deest
651 1827 761 1855 parum,
777 1827 804 1849 et
822 1823 848 1850 in
863 1823 939 1857 prin-

153 1862 235 1896 cipio,
253 1863 319 1890 etin
338 1864 402 1891 line.

191 1909 339 1936 Alexandri
354 1913 383 1937 et
403 1910 558 1939 Aristotelis
574 1913 758 1947 problemata,
773 1915 800 1942 in
819 1916 936 1950 papyris.

188 1954 283 1982 Galeni
300 1955 393 1983 decem
410 1961 553 1990 tractatus,
569 1957 596 1985 itt
615 1961 799 1994 pergamenis.

189 2000 311 2029 Theonis
325 2002 353 2029 in
371 2002 514 2030 Platonem
527 2003 562 2031 de
576 2006 789 2039 mathematicis,
802 2007 830 2033 in
843 2014 940 2042 perga-

155 2048 255 2075 menis.

189 2093 317 2122 Aristidis
335 2096 484 2130 orationes,
503 2097 531 2125 in
549 2100 670 2135 papyris.

190 2139 302 2167 Moralia
316 2141 468 2175 Plutarchi,
486 2143 514 2170 in
528 2147 714 2180 pergamenis.

191 2185 305 2214 Luciani
322 2188 472 2222 orationes,
493 2190 520 2217 in
536 2189 656 2226 papyris.

190 2234 255 2259 Acta
273 2233 343 2259 sexti
358 2238 385 2260 et
401 2234 510 2269 septimi
528 2237 648 2270 concilii,
671 2238 697 2264 in
713 2238 834 2273 papyris.

192 2277 302 2305 Moralia
320 2278 472 2314 Plutarchi,
492 2286 521 2309 et
535 2282 664 2311 Aristidis
680 2285 830 2318 orationes,
847 2285 874 2312 in
891 2293 941 2321 pa-

154 2324 240 2358 pyris.

190 2369 319 2405 Epistolaa
335 2372 487 2399 multorum
505 2373 627 2408 pulchra:
643 2375 670 2401 in
686 2376 804 2411 papyris.

190 2416 320 2452 Dialogus
346 2417 478 2446 Planudis
499 2420 526 2446 in
550 2419 770 2455 Grammaticos,
800 2427 829 2451 et
852 2423 941 2452 Ovidii

157 2462 395 2498 Metamorphoses
411 2464 518 2499 Graece,
536 2465 563 2492 in
578 2467 698 2502 papyris.

190 2509 284 2536 Flores
299 2516 332 2536 ex
347 2509 465 2538 diversis
480 2512 640 2540 auctoribus
656 2520 704 2547 per
718 2514 863 2548 quemdam
887 2515 942 2543 Ma-

155 2555 274 2587 carium,
293 2555 320 2582 in
336 2557 460 2591 papyris,

190 2600 275 2628 Multa
293 2601 319 2628 itt
333 2601 530 2635 Grammatica,
546 2603 572 2630 in
589 2612 701 2640 papyro.

189 2647 314 2683 Gregorii
331 2649 499 2677 Nazianteni
515 2652 552 2677 de
561 2651 682 2684 homine,
699 2658 727 2680 et
742 2653 834 2681 Basilii
849 2660 944 2682 contra

159 2693 337 2727 Euttomium,
360 2696 386 2721 in
404 2698 592 2732 pergamcnis.

195 2795 233 2827 (i)
262 2794 310 2822 llic
328 2802 379 2829 est,
398 2803 427 2824 ut
444 2799 564 2831 videtur,
583 2800 698 2827 duartttn
718 2802 871 2829 litterarum
889 2804 945 2830 hia-

159 2833 212 2865 tus,
232 2838 295 2858 naut
318 2833 408 2860 littera
435 2835 456 2861 Ν
474 2835 604 2864 Ιιιιειυέυ
618 2842 804 2872 postponitur,
821 2839 945 2874 adeoque

623 117 872 149 BESSARIONlS
901 121 933 151 S.
956 120 992 150 Π.
1015 122 1048 152 Ε.
1067 122 1297 153 CARDlNALiS

1717 129 1771 160 ’108

950 179 971 206 Α
1022 175 1114 204 Basilii
1127 176 1325 212 Hexaemeron,
1337 184 1364 207 et
1375 185 1470 208 contra
1484 181 1658 216 Eunomium,
1672 183 1699 210 itt
1712 191 1776 218 per-

987 221 1119 255 gamcnis.

1022 269 1115 297 Basilii
1132 269 1158 296 iit
1176 269 1285 304 lsaiam,
1301 272 1328 299 in
1343 275 1529 309 pergamcnis.

1022 315 1152 350 Epistula:
1169 318 1246 346 Pauli
1262 318 1366 352 Graece,
1381 324 1408 347 et
1425 319 1531 354 Latine,
1548 325 1576 348 et
1591 320 1735 351 Hebraice.

1022 362 1178 397 Dogtnatica
1194 369 1343 397 armatura,
1361 365 1388 392 in
1411 367 1535 401 papyris.

1022 407 1153 442 Excerpta
1174 409 1209 436 de
1226 410 1330 437 sanctis
1346 410 1518 443 doctoribus,
1542 412 1568 439 in
1586 414 1773 448 pergamenis.

1022 453 1151 485 Quaedam
1166 455 1304 483 orationes
1319 455 1518 492 ChrySOStOmi,
1540 459 1568 486 in
1584 461 1774 495 pergatnenis.

1021 499 1103 526 Liber
1118 499 1286 528 Monasticus
1299 501 1438 536 Antiochi,
1458 504 1484 530 in
1499 506 1683 540 pergamenis.

1022 544 1148 579 Origenis
1165 546 1324 579 Philucalia,
1341 548 1368 575 in
1386 551 1558 584 pergamenis
1575 559 1603 579 et

1021 590 1225 619 Commentario
1254 594 1378 628 ancdam
1411 596 1438 623 in
1466 597 1621 625 orationem
1649 598 1777 635 Gregorii

986 636 1164 675 Nazianzeni,
1182 639 1208 664 in
1222 644 1405 675 pergamrnis.

988 714 1020 741 In
1041 723 1120 751 capsa
1136 716 1281 757 signaiano
1297 717 1345 757 _(l_),
1356 720 1483 757 ponderis
1495 719 1628 757 librarum
1640 721 1703 757 250,
1713 727 1776 749 sunt

1242 752 1301 779 libri
1316 754 1389 787 infra
1409 755 1511 789 scripti.

1024 818 1148 854 Gregorii
1175 820 1341 849 Nazianzeni
1360 829 1503 851 sermones
1531 831 1593 851 cum
1619 825 1776 860 glossis,it|

955 848 974 878 Β
989 848 1107 900 papyris.

1024 910 1108 946 Leges
1124 911 1152 939 in
1171 913 1365 948 compendittnt
1381 915 1508 950 redactae,
1525 921 1552 944 ct
1574 925 1694 946 canones
1709 926 1776 946 con-

987 956 1125 989 ciliorum,
1144 959 1171 984 in
1185 960 1372 993 pergamenis.

1023 1002 1108 1037 Leges
1131 1006 1242 1031 navales
1260 1004 1429 1034 Rhodiorum
1447 1015 1478 1034 ex
1506 1007 1539 1034 Η
1563 1008 1635 1036 libro
1649 1009 1780 1050 Digesto:

989 1056 1050 1076 rnm
1063 1069 1070 1082 ,
1086 1054 1113 1077 ct
1130 1050 1199 1083 alite,
1216 1051 1244 1078 in
1259 1055 1442 1088 pergamenis.

1022 1095 1165 1124 Orationes
1181 1098 1305 1134 Gregorii
1324 1099 1502 1132 Nazianzeni.
1531 1102 1558 1129 in
1587 1103 1776 1138 pergamcnis.

1024 1141 1114 1168 Prima
1137 1150 1201 1176 pars
1230 1144 1317 1170 sancti
1337 1145 1449 1173 'l‘homae
1467 1146 1571 1179 Grmcc,
1588 1147 1616 1174 in
1632 1155 1778 1184 pergame-

990 1195 1043 1214 IIIS.

1023 1231 1210 1267 Chrysostomi
1244 1234 1366 1263 homilize
1399 1236 1426 1263 in
1450 1237 1573 1264 diversas
1598 1238 1778 1266 auctoritates

988 1278 1127 1314 Evangelii
1148 1281 1279 1314 pulchrae,
1296 1282 1324 1309 in
1340 1284 1524 1318 pergamenis.

1023 1324 1152 1360 Ejusdem
1169 1326 1331 1361 Margarilm,
1351 1329 1378 1356 in
1395 1332 1581 1364 pergamenis.

1023 1371 1151 1405 Ejusdem
1174 1373 1200 1399 itt
1226 1373 1374 1408 Epistolam
1399 1376 1432 1402 ad
1460 1371 1599 1411 Hebraeos,
1620 1379 1654 1405 ad
1671 1377 1777 1415 Philip-

988 1423 1096 1450 penses,
1112 1417 1138 1444 in
1150 1419 1336 1452 pergamenis.

1024 1462 1152 1497 Ejusdem
1177 1465 1204 1491 in
1229 1465 1361 1493 Joannem
1386 1467 1476 1502 prima
1492 1476 1568 1503 pars,
1587 1470 1614 1496 in
1631 1477 1775 1506 pergama:

949 1514 971 1543 ο
989 1508 1042 1540 nis,
1056 1513 1083 1536 ct

1026 1554 1151 1584 Homilies
1169 1556 1358 1592 Chrysostomi
1377 1566 1410 1586 ex
1431 1558 1518 1595 ipsius
1539 1560 1704 1589 Sermonum
1721 1563 1774 1590 ﬂo-

989 1600 1065 1628 ribus
1079 1602 1248 1636 compositae.

988 1679 1020 1707 In
1036 1689 1116 1714 capsa
1131 1681 1239 1715 signata
1255 1681 1282 1709 Ν
1292 1683 1413 1717 ponderis
1428 1683 1554 1710 librarum
1569 1684 1623 1712 2‘50
1637 1689 1699 1712 sunt
1715 1685 1777 1712 libri

1289 1717 1361 1751 infra
1377 1719 1479 1753 scripti.

1024 1780 1142 1816 Cyrillus
1158 1782 1185 1808 in
1198 1781 1346 1815 Joannem,
1362 1783 1388 1810 in
1407 1785 1530 1819 papyris.

1024 1825 1212 1862 Chrysostomi
1227 1827 1254 1854 in
1269 1828 1386 1862 primam
1399 1836 1505 1863 partem
1523 1830 1654 1864 Matthxi,
1670 1831 1699 1858 in
1714 1839 1779 1866 per-

990 1873 1123 1907 gatttenis,
1140 1873 1248 1900 initittm
1266 1881 1281 1901 a
1296 1882 1331 1902 xv
1349 1875 1481 1903 Homilia.

1025 1918 1152 1953 Ejusdem
1177 1920 1205 1945 in
1223 1915 1364 1954 eumdém,
1390 1921 1417 1947 in
1436 1918 1620 1956 pergamehis,
1638 1923 1748 1950 initium
1763 1931 1779 1951 a

992 1966 1070 1991 tertia
1092 1964 1221 1992 llotnilia.

1026 2011 1120 2038 Sancti
1150 2012 1241 2045 Basilii
1266 2012 1456 2042 Hexaemeron
1476 2020 1504 2042 et
1526 2016 1649 2049 moralia,
1670 2015 1698 2043 in
1716 2025 1780 2052 per-

991 2056 1124 2091 gatnedis.

1024 2103 1213 2139 Chrysostomi
1240 2105 1267 2131 in
1292 2105 1443 2132 secundam
1471 2111 1575 2141 partem
1603 2107 1729 2142 Joannis,
1751 2110 1781 2137 in

993 2150 1174 2184 pcrgamenis.
1190 2150 1290 2184 Incipit
1305 2159 1318 2177 a
1336 2158 1368 2178 LV
1384 2150 1512 2180 Homilia.

955 2183 978 2210 θ
1029 2194 1123 2221 Samii
1141 2183 1262 2230 Dionysii
1279 2197 1449 2233 Areopagitas
1464 2198 1556 2225 omnia
1571 2205 1664 2233 opera,
1679 2199 1706 2226 in
1719 2208 1781 2235 per-

993 2242 1126 2273 gatncnis.

1030 2287 1122 2312 Sancti
1140 2287 1230 2314 Basilii
1249 2288 1276 2314 in
1294 2287 1404 2321 Isaiam,
1420 2289 1446 2315 in
1469 2291 1650 2324 pcrgamenis.

1028 2331 1128 2359 Contra
1149 2334 1288 2367 Agarenos
1306 2334 1488 2368 per-Judwos,
1505 2336 1531 2362 in
1550 2338 1671 2372 papyris.

1029 2377 1218 2412 Cltrysostomi
1235 2378 1411 2411 Andriantes,
1432 2380 1458 2406 in
1481 2383 1666 2415 pergamenis.

1031 2424 1219 2459 Chrysostomi
1239 2425 1365 2452 llomilite
1380 2427 1515 2460 quaedam,
1538 2428 1609 2454 inter
1636 2436 1704 2462 qttas
1719 2434 1784 2456 sunt

998 2470 1121 2505 quinque
1137 2471 1164 2497 in
1180 2471 1251 2498 beati
1271 2471 1347 2498 Pauli
1361 2471 1468 2506 laudes,
1488 2474 1514 2500 in
1535 2476 1719 2509 pergamenis.

1031 2514 1219 2550 Chrysostonti
1238 2516 1265 2543 in
1279 2516 1414 2544 Joannem
1437 2518 1559 2546 secunda
1582 2527 1654 2554 pars.
1674 2521 1700 2546 in
1722 2529 1784 2555 per-

988 2561 1125 2595 gamenis,
1143 2566 1171 2588 et

1032 2607 1162 2640 Quasdam
1192 2597 1318 2645 Gregorii
1347 2610 1475 2645 Nysseni,
1498 2611 1623 2643 Eusebii,
1645 2611 1784 2647 Origettis,

997 2654 1146 2688 Zacharias,
1176 2655 1268 2689 Eneaa,
1286 2655 1431 2691 Theophili
1453 2663 1480 2684 et
1503 2658 1661 2693 Epiphanii,
1680 2659 1706 2684 itt
1723 2666 1786 2693 pct-

997 2709 1130 2736 gantents.

1000 2805 1059 2832 dum
1082 2805 1179 2833 litterae
1205 2806 1314 2837 desunt,
1341 2807 1382 2834 \‘cl
1413 2807 1516 2834 librarii
1544 2807 1648 2835 incuria
1667 2807 1788 2839 omissae,

1003 2842 1045 2868 \cl
1060 2841 1113 2868 alia
1131 2842 1165 2869 de
1177 2849 1260 2870 causa
1277 2843 1346 2870 milii
1361 2844 1463 2877 ignota.
