1916 3066
136 125 186 159 “ill

616 120 867 150 Bli’ﬁililONaS
941 121 973 152 l’t.
1057 120 1284 150 ῗΛιὶΙΗΝᾹΙΛΒ

1711 119 1764 141 τίη

1716 135 1766 149 Διὰ

171 178 359 216 Cht'ysostouti
373 178 508 215 expositio
525 177 550 204 in
569 177 685 212 primam
702 177 734 204 atl
751 177 921 209 Corinthios,
937 179 961 208 Α
1012 177 1173 204 Psalterium
1192 184 1254 203 cum
1272 176 1444 211 expositione
1463 175 1642 208 Theodoreti,
1661 175 1686 202 in
1701 184 1764 211 per-

135 228 162 254 in
182 225 364 262 pergameuis.

170 273 262 300 Sancti
279 269 371 297 Basilii
389 268 513 300 Moralia,
534 268 561 294 in
579 268 763 302 pergamenis.

169 316 294 352 Gregorii
311 314 477 343 Nazianzcni
503 313 649 341 Orationes
665 313 798 346 diversa‘,
816 313 842 340 itt
861 321 922 348 per-

135 364 266 399 Hannonis.

168 409 290 444 Gregorii
303 407 467 435 Nazianzeni
483 406 638 438 Orationes,
658 406 684 433 in
704 406 825 441 papyris.

168 455 358 491 Chrysostomi
383 454 411 481 in
427 453 602 485 Psalterium,
620 457 648 480 et
670 452 794 488 ejusdem
813 451 849 478 De
865 450 922 478 vir-

134 504 258 539 ginitate,
275 507 304 529 et
316 501 375 528 alim
390 500 531 527 orationes
546 499 677 535 pulchrae,
696 499 722 525 in
738 498 921 533 pergamcnis.

169 548 261 576 Sancti
274 547 397 581 Gregorii
413 545 578 574 Nazianzeni
596 546 739 572 orationes
758 551 842 571 xxvnt
859 550 921 570 eum

134 594 315 630 expositione,
332 593 358 620 itt
373 593 493 628 papyris.

170 663 200 689 In
217 670 298 696 capsa
316 661 424 696 signata
440 661 483 688 ΛΑ
502 659 625 693 ponderis
648 659 776 686 librarum
791 658 843 686 230
861 664 922 686 sunt

393 696 452 722 libri
469 696 540 731 infra
556 696 659 730 scripti.

167 754 355 791 Chrysostonti
368 753 568 786 Hexaemeron,
584 751 611 779 in
630 751 814 787 pergamenis.

167 800 354 836 Cttrysostomi
380 799 568 827 Hexaemeron
583 798 671 834 prima
686 805 762 834 pars,
779 798 806 825 in
826 805 923 833 perga-

133 851 231 872 lliClllS.

167 890 283 916 Sanetus
293 888 441 924 Gregorius
456 887 606 924 Nyssenus,
625 888 651 915 in
668 889 851 924 pergamcnis.

166 936 289 972 Gregorii
312 936 428 971 Nysscni
446 940 542 962 contra
559 934 736 967 Eunomiutn,
756 935 783 961 in
797 935 918 970 papyris.

167 983 359 1017 Metaphrasta:
374 982 477 1008 tnensis
491 980 675 1015 Septembris,
690 981 718 1008 itt
735 980 918 1016 pergamenis.

167 1029 333 1056 Sanctorum
349 1027 488 1057 Dorothei,
509 1027 593 1058 Isaia},
610 1026 704 1060 Marci,
720 1031 748 1054 et
766 1026 868 1063 llialogi
886 1026 919 1054 de
947 1032 956 1037 ”

131 1076 186 1102 vita
207 1075 370 1106 tnonastica,
387 1074 413 1100 in
431 1073 616 1108 pergamcnis.

167 1120 260 1148 Sancti
287 1120 341 1147 Nili
373 1120 513 1147 orationes
540 1119 655 1146 diverste
681 1123 708 1146 et
739 1119 865 1154 optimae,
891 1119 917 1146 in

130 1167 314 1202 pergatucnis.

167 1213 259 1240 Sancti
283 1213 404 1247 Ephrem
420 1213 559 1240 orationes
583 1211 616 1239 de
632 1211 787 1239 monastica
808 1211 873 1242 vita,
891 1210 917 1237 in

130 1259 303 1294 pergamenis

166 1305 329 1331 Sanctorum
347 1304 457 1331 Patrum
475 1303 541 1331 Vitae
556 1312 604 1339 per
614 1303 790 1331 Theodorum
806 1302 868 1339 Cyri
884 1303 917 1329 ad

130 1351 282 1378 Palladium
301 1350 437 1383 clausum,
462 1355 492 1378 et
513 1350 547 1378 de
564 1350 753 1382 Brachmanis,
771 1350 798 1377 itt
822 1357 917 1384 perga-

130 1397 230 1424 tucnis.

167 1442 306 1469 Erimachi
323 1446 351 1469 et
367 1442 434 1473 lsac,
451 1441 478 1468 in
495 1441 680 1476 pergatnenis.

166 1489 331 1515 Sanctorum
352 1487 463 1515 Patrum
487 1493 639 1515 memoratu
662 1487 757 1522 digna,
780 1487 807 1514 in
823 1494 918 1522 perga-

132 1535 231 1562 ntcnis.

164 1580 283 1608 Sanctus
298 1580 414 1612 Marcus,
430 1579 456 1606 in
474 1579 656 1614 pergamcnis.

131 1649 162 1676 In
182 1657 262 1683 capsa
276 1648 382 1683 signata
395 1648 412 1675 9
426 1647 550 1682 ponderis
569 1646 698 1673 librarum
713 1646 765 1674 250
779 1650 840 1672 sunt
854 1646 916 1673 libri

427 1684 497 1718 infra
519 1683 619 1716 scripti.

168 1741 331 1768 Psalterium
349 1748 411 1767 cum
428 1739 647 1774 (xpositionibus
667 1737 847 1773 plurimorum
865 1737 915 1764 do-

131 1794 239 1815 ctorum
257 1787 403 1821 optimum,
419 1787 445 1812 in
467 1785 647 1821 pergatnenis.

169 1834 253 1860 Vetus
282 1833 508 1864 Testamentum,
542 1832 655 1859 Genesis
684 1831 735 1864 Vl,
766 1838 851 1866 usque
882 1830 916 1858 ad

132 1879 255 1912 Horam,
276 1880 301 1906 in
317 1878 501 1913 pergatnenis.

975 232 1108 259 gamemo.

1013 268 1095 295 Vetus
1118 268 1335 301 Testamentum,
1357 267 1472 295 Genesis
1489 274 1575 296 usque
1599 266 1633 293 ad
1653 267 1763 300 Esther,

975 314 1001 341 in
1021 314 1205 350 pergamenis.

1011 361 1135 394 Quatttor
1156 361 1305 396 Evangelia
1321 369 1382 388 cum
1398 360 1631 396 expositionibus,
1652 360 1679 387 itt
1702 366 1765 394 per-

975 407 1107 442 gamenis.

975 487 1006 513 lu
1024 494 1106 522 capsa
1126 487 1232 521 signata
1256 486 1354 547 timum!
1370 485 1518 547 libgsgtfra
1538 485 1629 520 scripti
1643 484 1766 520 ponderis

1277 530 1284 547 π
1305 529 1395 547 rarum
1468 540 1474 547 .

1277 529 1367 548 ποῖαι-ιι
1373 529 1395 546 ΙΙΙ
1411 529 1474 547 Ζῡυ.

1014 589 1139 623 Procopii
1156 588 1292 622 expositio
1309 595 1392 621 super
1409 586 1518 619 lsaiam,
1536 587 1561 613 in
1578 585 1765 621 pergamenis.

1011 634 1103 661 Sancti
1129 633 1247 668 Ephrem
1272 633 1370 660 multa;
1389 632 1536 659 Orationes
1561 632 1594 658 tle
1624 633 1680 657 vita
1707 640 1766 657 tno-

975 680 1089 712 nastiea,
1109 679 1135 706 itt
1151 679 1333 714 pergttttleuls.

1010 725 1179 753 Theodoreti
1194 726 1221 752 in
1236 724 1376 760 Epistolas
1392 724 1481 756 Pauli,
1496 724 1522 750 in
1541 723 1725 758 pergamenis.

1011 770 1204 806 Expositioncs
1222 771 1249 797 in
1265 770 1352 798 libros
1366 769 1521 796 Salomonis
1542 774 1569 796 et
1581 769 1642 801 Job,
1659 769 1686 796 itt
1701 777 1765 803 per—

975 818 1108 852 gamcnis.

940 857 961 887 Β
1010 864 1149 892 Climacus
1175 871 1237 891 cum
1261 862 1437 898 expositione
1463 862 1529 889 Elia:
1556 861 1707 894 Cretensis,
1735 861 1764 887 in

976 918 1097 946 papyrts.

1009 957 1072 989 Job,
1094 955 1257 987 Proverbia,
1281 954 1480 988 Ecclesiastes,
1503 954 1617 982 Cantica
1643 954 1764 981 canticu-

975 1011 1046 1037 rum,
1062 1003 1202 1038 Sapientia
1217 1002 1382 1036 Salomonis,
1397 1003 1478 1030 Jesus
1486 1002 1596 1034 Sirach,
1608 1002 1763 1038 Propltctar,

973 1051 1083 1084 Tobias,
1107 1050 1213 1084 Judith,
1232 1049 1451 1077 Machabteorum
1489 1050 1551 1077 libri
1578 1055 1645 1084 tres,
1665 1054 1693 1076 et
1715 1050 1763 1077 Jo-

973 1097 1051 1132 sephi
1069 1097 1141 1132 qttod
1160 1096 1231 1124 ratio
1247 1096 1282 1124 sit
1303 1096 1471 1124 moderatrix
1492 1096 1642 1124 allectuum
1660 1096 1762 1128 animi,

974 1144 1001 1171 in
1019 1142 1203 1178 pergamenis.

1011 1189 1193 1217 Ecclesiastes
1205 1191 1233 1215 et
1245 1187 1358 1216 Cantica
1370 1193 1433 1214 cum
1455 1186 1637 1221 expositione,
1656 1187 1682 1213 in
1696 1194 1760 1221 per-

973 1235 1108 1270 gatnenis.

1009 1281 1167 1312 Proverbia,
1187 1280 1367 1308 Ecclesiastes
1383 1285 1413 1307 et
1437 1279 1550 1307 Cantica
1572 1287 1634 1306 cum
1650 1280 1762 1314 exposi-

974 1328 1060 1360 tione,
1074 1331 1103 1353 et
1113 1326 1214 1354 Justini
1226 1327 1261 1353 de
1276 1326 1340 1353 Fide
1353 1325 1508 1358 Catholica,
1527 1330 1555 1353 et
1566 1327 1653 1353 sancti
1669 1326 1763 1354 Basilii

972 1374 1044 1408 quod
1071 1381 1125 1400 tton
1150 1372 1281 1411 sit_idem
1309 1371 1463 1400 substantia
1487 1376 1515 1399 et
1538 1372 1704 1407 bypostasis,
1734 1373 1764 1399 in

973 1420 1157 1454 pergamcnis.

1008 1465 1168 1491 Psalterium
1186 1470 1250 1490 cum
1274 1463 1445 1497 expositione
1470 1464 1618 1500 Zygabeni,
1641 1465 1667 1491 in
1694 1472 1759 1500 pcr-

972 1517 1003 1544 ga
1008 1509 1105 1536 menis.

1006 1555 1131 1588 Quatuor
1144 1555 1310 1590 Evangeliaa
1328 1556 1517 1590 pulcherrimo
1551 1557 1693 1585 volumine
1707 1565 1740 1584 co
1750 1572 1762 1577 -

975 1607 1073 1637 operto
1093 1609 1155 1629 cum
1172 1602 1273 1634 serico,
1291 1602 1318 1629 in
1334 1604 1518 1637 pergamenis.

1007 1647 1126 1679 Melissa,
1140 1646 1291 1675 Cassianus
1316 1651 1344 1674 et
1363 1648 1508 1681 Maximus,
1529 1649 1556 1676 in
1573 1651 1759 1685 pergameuis.

1007 1694 1130 1727 Quatuor
1153 1694 1301 1730 Evangelia
1325 1703 1410 1728 parvo
1429 1696 1581 1729 volumine,
1608 1697 1634 1723 in
1661 1704 1760 1731 perga-

973 1748 1073 1767 ments.

1007 1785 1205 1817 Octateucltus,
1222 1786 1325 1822 Regum
1350 1787 1413 1814 libri
1437 1792 1567 1823 quatuor,
1590 1788 1762 1816 Machabrco-

973 1839 1034 1858 runt
1053 1831 1115 1858 libri
1135 1832 1200 1864 duo,
1219 1833 1246 1859 in
1268 1834 1452 1868 pergatncnis.

167 1961 200 1987 Et
218 1968 281 1987 ecce
298 1960 445 1994 Catalogus
467 1959 512 1986 ille
528 1958 699 1986 Bibliotheca:
719 1958 896 1991 Bessurionis,
923 1961 970 1994 qui
993 1960 1020 1986 in
1041 1959 1210 1988 Bibliotheca
1229 1960 1411 1989 Riccardiatta
1432 1969 1591 1991 asservatur
1614 1964 1707 1991 Pluteo
1727 1963 1757 1991 S.

129 2009 221 2034 ordine
237 2007 264 2034 ΙΙ
276 2015 349 2034 nunt.
365 2012 393 2033 ct
408 2014 490 2040 quem
507 2013 561 2033 non
576 2006 628 2032 alia
644 2006 677 2032 de
696 2013 780 2032 causa
797 2005 996 2032 lutulentiorem
1018 2011 1042 2032 et
1058 2007 1231 2039 exactiorem,
1245 2016 1326 2041 quatit
1343 2008 1376 2037 is,
1391 2017 1472 2042 quem
1488 2008 1518 2036 B.
1537 2009 1760 2036 Montfauronius

129 2054 260 2088 vulgavit,
276 2053 343 2083 dixi.
359 2060 440 2087 quant
454 2052 518 2087 quia
536 2057 564 2079 et
581 2051 754 2087 synchronos
771 2051 943 2084 Bessarimti,
963 2056 993 2078 ut
1007 2051 1101 2085 innui,
1119 2059 1180 2079 esse
1199 2053 1307 2080 videtur
1320 2061 1328 2085 ;
1341 2057 1369 2080 et
1388 2055 1411 2080 is
1429 2062 1511 2088 quem
1537 2054 1603 2081 dum
1625 2054 1711 2081 libros
1729 2055 1757 2080 in

129 2100 218 2134 capsis
232 2099 400 2127 collocarent
427 2098 631 2125 concinnaruttt
648 2097 700 2129 illi,
727 2097 773 2132 qui
794 2096 858 2123 huic
879 2097 991 2130 negotio
1009 2101 1145 2131 praeerant
1163 2107 1170 2124 :
1186 2097 1223 2124 ita
1243 2102 1272 2124 ut
1297 2106 1352 2125 non
1370 2099 1407 2124 sit
1427 2098 1622 2133 dubitandum,
1640 2100 1707 2134 quin
1728 2097 1757 2125 bi

129 2147 202 2177 ltbri,
226 2146 273 2181 qui
289 2150 483 2176 recensentur.
499 2143 539 2171 illi
557 2144 607 2178 ipsi
621 2145 688 2175 sint,
706 2151 776 2177 quos
790 2142 903 2171 Venetis
917 2142 1045 2170 Bessario
1061 2143 1183 2171 donavit.
1210 2144 1303 2176 Certe,
1319 2152 1400 2179 quem
1419 2144 1643 2173 Montfauconius
1658 2146 1756 2178 edidit,

129 2203 181 2222 non
197 2195 248 2222 hoc
262 2194 380 2229 simplici
399 2199 428 2221 et
447 2194 626 2220 tumultuario
641 2194 754 2227 adgestu
772 2192 943 2226 compositus
958 2198 1011 2224 est,
1029 2193 1076 2220 sed
1094 2192 1248 2220 secundum
1263 2193 1465 2220 elementorum
1482 2193 1608 2220 ordinem
1625 2202 1631 2220 :
1650 2202 1682 2220 ex
1701 2203 1757 2229 quo

127 2244 200 2269 forte
218 2242 306 2268 multo
330 2241 469 2275 posterior
486 2247 546 2267 esse
569 2240 750 2274 intelligatur.
767 2239 807 2265 illi
825 2245 928 2271 autent,
954 2239 1056 2274 quibus
1079 2244 1168 2272 vacat,
1194 2244 1342 2274 utrumque
1358 2239 1519 2274 Catalogum
1537 2240 1664 2268 conferre
1680 2247 1759 2275 pote—

128 2297 203 2321 runt,
220 2295 302 2324 atque
314 2290 351 2316 ita
364 2296 531 2324 cognoscere
548 2295 582 2314 an
599 2294 695 2314 omnes
713 2286 754 2313 illi
767 2286 819 2321 ipsi
838 2287 901 2313 libri
916 2287 1018 2314 servati
1033 2287 1090 2315 ciet
1101 2308 1109 2320 ,
1127 2295 1161 2314 an
1174 2287 1221 2313 alii
1234 2286 1334 2314 deinde
1349 2286 1454 2315 fuerint
1468 2287 1566 2318 additi,
1589 2296 1623 2315 an
1637 2290 1691 2316 ulla
1703 2290 1758 2317 alia

127 2337 284 2364 ttit‘terentia
302 2336 374 2367 inter
399 2343 448 2363 eos
472 2333 638 2362 intercedat.
663 2331 814 2368 Catalogus
834 2338 921 2367 certe,
937 2340 1018 2368 quem
1036 2334 1094 2368 ipse
1110 2333 1208 2368 prodo,
1222 2334 1256 2360 ab
1271 2333 1384 2361 homine
1409 2333 1501 2361 minus
1527 2335 1616 2369 perito
1637 2338 1759 2371 scriptus

107 2388 109 2390 '
129 2384 248 2416 videtur,
266 2387 294 2409 et
312 2381 425 2416 quidem
439 2381 546 2409 Graeco.
563 2379 589 2405 id
606 2378 679 2412 quod
696 2378 801 2404 evincit
817 2378 876 2412 ipsa
892 2379 1047 2406 Graecarum
1066 2379 1200 2406 vocalium
1219 2380 1412 2414 pronuntiatio
1426 2388 1433 2412 ;
1448 2386 1476 2408 et
1494 2381 1587 2410 minus
1601 2383 1758 2410 litterarum

127 2431 287 2458 Latinarum
308 2427 430 2458 erudito,
448 2425 522 2460 quod
537 2423 752 2464 orthographica
771 2423 870 2449 menda
886 2428 1014 2458 arguunt
1028 2432 1035 2457 ;
1055 2428 1081 2450 et
1097 2424 1179 2458 paulo
1192 2423 1352 2458 indoctiori,
1365 2426 1438 2458 quod
1455 2427 1599 2454 nominum
1614 2430 1758 2463 cotruptio

128 2478 236 2514 passiva
256 2476 440 2504 demonstrat.
457 2471 513 2499 Nos
534 2475 624 2498 tamen
642 2471 773 2505 pleraque
790 2470 901 2502 menda,
918 2470 1007 2505 quoad
1032 2470 1091 2497 lieri
1114 2471 1214 2505 potuit,
1234 2471 1430 2505 substulimus,
1444 2476 1471 2499 et
1486 2473 1520 2499 ad
1538 2474 1759 2502 emendatiorem

126 2523 304 2559 scriptionem
333 2520 498 2555 redegimus,
520 2517 584 2545 licet
600 2517 684 2544 tnnlta
699 2518 799 2543 intacta
818 2516 1025 2551 reliquerimus,
1045 2516 1092 2543 ubi
1114 2524 1213 2544 sensus
1229 2525 1262 2545 ex
1277 2525 1362 2552 pravo
1377 2518 1460 2545 etiam
1478 2519 1569 2553 positu
1588 2519 1758 2555 deprehendi

126 2572 301 2606 aliquatenus
319 2571 437 2603 poterat.
461 2565 600 2593 Caeterum
623 2565 650 2590 in
668 2563 720 2591 hoc
737 2563 866 2598 Catalogo
885 2563 1048 2599 perlegenda
1067 2564 1200 2592 nonnulla
1216 2565 1374 2599 observavi,
1392 2572 1453 2600 qua:
1473 2565 1518 2593 hic
1536 2573 1681 2595 recensere
1703 2568 1756 2595 Le-

127 2617 196 2645 t'tori
213 2616 324 2643 erudito
341 2615 478 2649 ingratum
493 2620 548 2639 non
566 2611 661 2645 fuerit,
680 2616 706 2638 et
726 2616 790 2639 sttnt
803 2619 864 2646 quae
882 2616 1048 2645 sequuntur.

160 2697 245 2724 exesa
268 2697 301 2723 Α.
314 2696 432 2723 Joannes
447 2695 557 2722 ltalirus
575 2696 600 2721 in
617 2694 754 2730 Logicam,
774 2699 798 2721 et
817 2694 912 2729 Topica
930 2720 951 2733 Π
965 2694 1120 2729 discipulus
1134 2695 1196 2727 luit,
1216 2695 1295 2730 cujus
1310 2703 1420 2731 quoque
1444 2699 1535 2723 exstat
1552 2695 1692 2723 Methodus
1715 2705 1759 2733 5y.

127 2743 287 2770 Aristotelis.
308 2741 377 2769 Phil.
393 2741 519 2769 Labbeus
533 2745 731 2768 commemorat
747 2745 852 2768 tanttttn
865 2741 914 2768 ltu-

123 2791 168 2822 jus
180 2788 408 2814 connucntarium
422 2788 448 2814 itt
462 2788 561 2814 librum
578 2787 645 2822 Περὶ
658 2787 822 2822 ἑρμηνείαῆ
837 2786 915 2813 Lam-

130 2835 224 2862 becius
242 2841 318 2868 vero,
339 2835 422 2861 alium
439 2835 464 2861 in
483 2835 594 2870 Topica.
612 2834 660 2861 llic
679 2834 817 2861 Michaelis
833 2833 914 2861 Pselli

970 2742 1077 2775 noptica
1089 2742 1240 2768 rhetorices.

1004 2787 1088 2814 CAPS\
1115 2795 1210 2814 manu.
1239 2787 1395 2815 Erotemata
1423 2787 1664 2822 Ptochoprodomi;
1680 2789 1759 2823 cujus

971 2834 1054 2860 multa
1075 2833 1126 2860 alia
1151 2842 1244 2868 opera,
1272 2840 1298 2862 et
1322 2834 1446 2870 quaedam
1473 2835 1539 2863 alias
1565 2835 1666 2870 ignota,
1684 2844 1759 2862 cont-
