1918 3067
122 154 179 185 ’145
551 156 751 186 ΟΕΟΠΘΙΗΞ
770 156 905 186 ΤΠΑΡΕΞ

966 156 1082 186 i'l‘iUS.
1101 168 1134 174 -
1157 155 1322 185 ΝΟΤΙΤῐᾹς
1482 194 1489 202 ι
1697 153 1762 184 7;6“

121 213 216 240 «eum;
233 211 384 245 ἑκάστους,
415 213 461 239 καὶ
480 214 600 248 πατράσι
626 214 673 240 καὶ
693 214 808 249 ἄρχουσι
830 213 936 245 τούτοις
962 213 1072 240 ὁτουοῦν
1088 213 1156 243 ὅλως
1173 212 1285 247 ἀγα.θοῖ
1298 211 1390 246 asiam
1410 211 1548 246 ὺπὰρξισι
1562 232 1568 244 ,
1590 212 1749 246 νενόμισται

121 270 157 295 γε
176 269 183 275 ·
207 262 255 288 καὶ
270 261 341 289 πάνυ
356 260 483 292 δικαίως.
500 261 607 289 Desinit
626 271 632 289 :
651 263 700 289 καὶ
715 262 778 294 τοὺς
789 261 905 288 ἐνταῦθα

966 270 1019 293 ὀυς
1044 261 1116 296 ὑπὲρ
1132 261 1210 296 ὑμῶν
1227 261 1319 296 ἔργοις
1339 260 1430 290 αὐτοῖς
1451 259 1625 293 βεϐαιώσετε.

165 309 229 336 lla-0
248 309 421 336 Bessarionis
436 309 524 335 oratio
541 316 594 335 non
611 307 693 336 modo
710 309 781 343 typis
795 314 838 336 est
854 308 969 340 intacta.
985 308 1031 336 sed
1049 308 1077 335 in
1096 316 1163 335 mss.
1179 308 1261 335 etiam
1276 303 1453 334 bibliothecis
1469 306 1646 341 infrequens:
1663 307 1748 334 Vcnc~

121 355 170 382 tiis
186 358 276 381 tamen
290 358 382 381 exstat
396 353 422 380 in
439 353 532 381 Gratca
544 354 576 380 D.
595 353 678 380 Marci
702 353 868 381 bibliotheca
888 354 1015 381 codicum
1034 361 1100 381 mss.
1115 353 1177 380 cod.
1197 352 1426 386 CCCCCXXXIII,
1443 354 1516 380 inter
1531 353 1606 380 varia
1620 353 1742 388 ejusdem

123 401 276 430 cardinalis
300 409 382 436 opera
394 421 403 434 ,
425 401 478 428 hoc
495 401 575 428 titulo
591 408 646 428 non
669 400 737 428 satis
755 406 883 429 accurato
900 411 907 428 :
923 401 1080 429 Encomium
1099 401 1127 428 in
1151 401 1355 435 Trapezuntium
1368 421 1375 433 ,
1397 401 1437 432 εἰς
1456 400 1663 435 Τραπεζοῦντι.
1682 400 1745 426 Eam

120 456 192 476 vero
208 448 254 475 hic
267 455 432 483 apponerem
448 447 549 481 libens,
568 448 620 475 nisi
636 448 770 483 prolixior
788 448 880 481 foret;
902 448 996 483 implet
1011 449 1084 476 enim
1102 447 1219 483 amplius
1232 447 1286 474 duo
1301 452 1327 475 ct
1341 447 1451 482 triginta
1469 446 1532 474 folia
1550 438 1654 473 minute
1672 454 1749 473 com-

119 495 310 529 tendioseque
327 498 436 535 exarata
451 493 501 528 (a).

153 552 190 583 (a)
204 552 311 582 Yriarte.
324 551 434 583 Calaiog.
446 552 500 576 cod.
512 552 553 577 Gr.
573 551 663 576 Matrit.
678 558 701 582 p.
723 553 778 577 288.

342 623 1496 851 inﬂammatum
1718 733 1722 735 ·

819 917 1068 989 NOTlTlA

408 1017 456 1049 (Ex
469 1018 542 1044 Allat.
556 1017 592 1044 De
608 1019 722 1050 Georgii:
732 1026 757 1043 n.
776 1018 803 1044 L.
815 1025 855 1049 ap.
868 1016 1041 1043 Fabric..Iiibl.
1054 1017 1096 1043 Gr.
1109 1017 1150 1043 ed.
1164 1017 1262 1048 tiaries,
1276 1016 1412 1047 tom..Xil.)

121 608 1747 623 mw

157 1168 196 1195 De
212 1167 322 1204 Georgii
334 1167 511 1204 Trapezuutii
526 1168 626 1204 patria,
643 1168 698 1196 vita
714 1173 742 1196 et
768 1169 867 1196 studiis
879 1169 949 1197 habe
967 1168 1016 1196 tibi
1030 1168 1089 1196 huc
1105 1175 1138 1195 ex
1153 1167 1251 1203 elogiis
1262 1165 1340 1194 Pauli
1350 1164 1421 1193 ,ιονἰί
1436 1174 1443 1192 :
1457 1165 1601 1193 Paternam
1614 1164 1747 1200 originem

119 1222 135 1241 α
151 1215 264 1242 Pontica
280 1215 381 1243 celebri
398 1216 466 1243 urbe
482 1217 581 1249 traxit;
603 1216 668 1244 licet
689 1217 717 1244 in
734 1215 815 1244 Creta
834 1221 916 1243 natus
931 1215 972 1251 (a)
989 1220 1074 1248 esset.
1094 1214 1272 1250 Trapezuntii
1303 1213 1356 1241 sibi
1371 1219 1484 1245 nomen,
1500 1212 1565 1246 quia
1582 1211 1615 1238 ad
1642 1211 1748 1246 Trape-

120 1265 234 1287 zuntem
252 1261 434 1296 Cappadocia:
452 1263 547 1295 urbem
564 1270 652 1298 genus
676 1267 820 1298 paternum
840 1263 988 1294 referebat,
1011 1261 1141 1294 adscivit,
1156 1266 1186 1288 ut
1205 1260 1342 1296 Gyraldus
1359 1259 1395 1296 (ὁ)
1419 1263 1508 1294 putat,
1525 1259 1631 1286 veritus
1648 1258 1749 1285 veteris

124 1312 212 1339 poeta!
230 1307 400 1342 Epimenidis
423 1308 458 1343 (ε)
474 1309 652 1341 versiculum.
668 1317 750 1344 quem
768 1314 795 1336 et
807 1310 952 1337 mmulatus
965 1314 1007 1336 est
1021 1308 1090 1336 alter
1102 1311 1183 1343 poeta
1193 1307 1378 1334 Callimachus
1396 1305 1444 1340 (Δ).
1461 1304 1529 1332 Cum
1546 1304 1667 1332 fcliciore
1678 1305 1749 1341 stylo

125 1353 219 1381 Caeca
234 1355 262 1381 in
278 1354 405 1382 Latinum
418 1361 602 1389 verterentur,
621 1357 715 1383 Romae
732 1356 788 1383 fere
802 1356 907 1391 primus
920 1355 1077 1383 Graecorum
1094 1355 1205 1382 habitus
1221 1358 1274 1387 est,
1291 1353 1371 1389 piura
1384 1352 1458 1380 enim
1479 1359 1512 1380 ex
1530 1352 1631 1379 Graecis
1643 1351 1748 1378 .Latina

123 1402 199 1434 fecit,
211 1410 261 1429 nec
276 1403 434 1431 infeliciter.
453 1404 564 1439 Ingenio
581 1404 632 1431 fuit
645 1405 715 1437 acri,
732 1403 835 1436 vivido,
848 1404 913 1431 licet
925 1405 952 1432 in
967 1404 1036 1431 alios
1051 1403 1199 1438 iniquiore.
1216 1402 1249 1429 Et
1261 1408 1360 1436 prater
1371 1408 1456 1428 unum
1469 1399 1656 1431 Aristotelem,
1666 1407 1748 1434 quem

124 1448 185 1482 ipse
198 1448 283 1475 veiuti
299 1456 402 1476 numen
419 1449 615 1482 venerabatur,
629 1455 743 1477 caeteros
760 1457 865 1484 omnes,
884 1449 932 1477 sed
949 1449 1092 1477 Platonem
1110 1448 1261 1483 praecipue,
1276 1447 1333 1475 acri
1348 1455 1381 1475 ac
1397 1447 1531 1474 maledico
1544 1446 1626 1474 dente
1648 1446 1749 1474 dilace-

125 1496 206 1524 ravit.
223 1496 292 1524 [line
317 1497 467 1525 munitorum
489 1497 561 1529 odia,
577 1498 625 1525 sed
652 1498 821 1525 Bessarionis
846 1497 1018 1532 potissimum
1036 1497 1071 1532 (ε)
1088 1497 1223 1524 calamum
1249 1496 1276 1523 in
1298 1504 1327 1523 se
1344 1495 1504 1528 concitavit,
1522 1499 1550 1522 et
1576 1503 1638 1523 cum
1652 1502 1748 1521 eorum

125 1545 256 1578 impetum
271 1545 331 1579 ipse
349 1545 486 1572 sustinere
507 1553 562 1572 non
585 1550 689 1580 posset,
706 1545 844 1580 przesidiis
867 1545 906 1572 illi
927 1545 1049 1580 undique
1064 1545 1097 1572 ad
1122 1544 1206 1572 vitam
1222 1542 1430 1571 sustentandam
1445 1551 1460 1570 a
1481 1543 1684 1577 potentioribus
1700 1543 1750 1570 ho-

125 1592 213 1618 stibus
226 1591 396 1623 interclusis,
411 1592 509 1619 miSere
525 1592 608 1625 vitam
623 1599 704 1626 agere
717 1598 829 1618 coactus
844 1596 896 1619 est.
914 1591 946 1618 Et
958 1599 1025 1618 sane
1041 1595 1176 1618 tantarum
1200 1590 1370 1618 simultatum
1389 1589 1499 1617 turbine
1514 1597 1663 1625 oppressus
1679 1598 1749 1625 pene

126 1641 312 1671 occubuisset,
331 1639 358 1666 ni
373 1647 418 1666 rex
435 1640 594 1674 Aphonsus,
610 1640 683 1675 quod
696 1640 819 1668 Andreas
835 1641 908 1668 illius
925 1640 996 1668 (ilius
1013 1641 1039 1667 in
1053 1640 1211 1675 praefatione
1238 1639 1401 1668 Ptolemaica
1413 1639 1445 1666 ad
1460 1638 1566 1666 Sixtum
1593 1638 1748 1673 pontificem

125 1690 218 1720 refert,
232 1687 373 1721 Neapolim
387 1687 557 1717 advocusset,
576 1691 604 1713 et
625 1687 652 1714 in
668 1695 756 1714 annos
771 1688 894 1723 singulos
914 1689 1049 1722 desponsa
1067 1687 1186 1722 pecunia
1199 1694 1253 1714 non
1267 1685 1411 1717 mediocri,
1436 1685 1553 1713 comiter
1576 1685 1748 1721 benigneque

125 1735 302 1770 suscepisset.
320 1734 348 1761 lu
364 1738 459 1760 exacta
475 1737 617 1760 senectute
634 1740 845 1767 repuerascens,
858 1739 887 1761 et
903 1734 1036 1762 memoria
1049 1738 1186 1770 tantarum
1202 1741 1295 1760 rerum
1311 1732 1465 1768 deperdita,
1485 1738 1514 1760 ut
1535 1733 1569 1760 de
1590 1740 1624 1760 eo
1639 1739 1749 1768 quoque

127 1782 209 1810 refert
225 1781 345 1815 Raphael
363 1780 568 1812 Volaterranus,
581 1780 629 1807 lib.
644 1788 699 1812 XXI,
712 1781 759 1815 qui
772 1786 836 1808 ante
851 1781 1011 1808 memoriam
1022 1780 1149 1808 amissam
1163 1781 1219 1816 jam
1233 1787 1328 1807 senem
1347 1787 1417 1815 puer
1428 1778 1572 1806 audiverat
1586 1779 1743 1811 docentem,

127 1830 152 1856 in
172 1829 241 1855 urbe
258 1829 334 1855 solus
347 1827 448 1855 detrito
465 1827 491 1854 in
511 1827 605 1861 pallio,
621 1827 747 1861 pilcalus,
760 1831 791 1854 ‘et
809 1827 914 1854 nodoso
942 1827 1066 1862 scipione
1084 1828 1195 1862 jamjam
1213 1828 1313 1855 ruituri
1330 1826 1455 1862 corporis
1475 1826 1596 1853 membra
1609 1827 1749 1855 sustinens

125 1875 291 1907 oberrabat;
310 1874 384 1909 juxta
401 1873 529 1900 Minervae
543 1873 682 1901 habitasse
707 1873 809 1906 ferunt,
826 1874 853 1900 in
869 1881 922 1908 qua
941 1878 970 1901 et
989 1880 1114 1902 mortuus
1137 1874 1292 1909 sepelitur;
1307 1879 1333 1901 et
1353 1881 1387 1901 ne
1403 1875 1470 1902 tanti
1492 1874 1543 1902 viri
1567 1881 1666 1901 nomen
1693 1882 1748 1901 una

127 1929 187 1949 eum
208 1923 269 1956 ipso
287 1925 410 1956 tempore
424 1920 593 1953 elaberetur,
608 1928 762 1948 marmorea
779 1920 957 1955 inscriptione
990 1920 1091 1956 figitur.
1105 1920 1172 1951 Sed,
1187 1921 1239 1946 heu
1265 1927 1363 1947 rerum.
1384 1920 1449 1947 fatal
1467 1920 1536 1954 lapis
1558 1920 1602 1947 ille
1621 1919 1743 1946 omnium

131 1970 218 1998 oculis
241 1969 306 1997 dum
320 1977 336 1997 e
348 1967 581 2003 St'cvopltylaceio
596 1967 743 1995 ecclesiam
762 1967 964 2002 ingrediuntur,
980 1971 1095 2002 prostat.
1114 1967 1260 2001 Inscriptio
1280 1967 1374 1993 attritu
1396 1966 1494 2001 pedum
1508 1965 1745 1993 ohamhulantium

127 2017 265 2044 hominum
279 2016 387 2046 abrasa,
409 2019 542 2049 tempore,
557 2019 585 2041 et
599 2022 632 2041 eo
646 2022 700 2041 non
717 2014 753 2041 ita
771 2015 855 2049 longo
871 2014 987 2048 aufugit,
1006 2014 1075 2042 adeo
1097 2018 1130 2040 ut
1152 2018 1251 2048 praeter
1268 2013 1350 2040 unius
1371 2013 1550 2048 Trapezuntii
1564 2012 1683 2040 nominis
1700 2020 1748 2039 ve-

127 2064 216 2098 stigia,
245 2070 316 2090 caeca
342 2062 486 2097 inscriptio
507 2061 610 2089 sensim
635 2068 814 2093 evanescens,
848 2060 974 2089 avolarit.
997 2061 1125 2088 Extrema
1148 2064 1291 2088 senectute
1317 2061 1472 2088 doctrinam
1490 2067 1567 2088 suam
1589 2059 1745 2086 universam

126 2110 257 2137 oblivioni
273 2109 419 2136 tradidisse
436 2110 469 2144 (fi
485 2114 510 2135 et
521 2116 594 2136 anno
613 2107 681 2135 1486
699 2107 854 2134 decessisse
873 2106 1070 2135 Genebrardus
1085 2107 1112 2134 in
1130 2107 1208 2134 Sixto
1225 2107 1258 2134 ιν
1278 2110 1306 2134 et
1328 2106 1476 2134 Gnaiterus
1496 2106 1529 2134 ad
1555 2106 1685 2134 saeculum
1701 2114 1746 2139 xv,

126 2162 236 2185 narrant
250 2157 299 2191 (g).
316 2155 434 2183 Jawbus
458 2155 626 2190 Gordonius,
644 2155 671 2182 in
691 2161 774 2190 opere
791 2154 999 2190 chronologico,
1027 2162 1100 2182 anno
1118 2153 1187 2182 “54
1204 2153 1289 2181 fuisse
1312 2152 1405 2181 Romae
1421 2153 1562 2189 gymnasio
1574 2151 1745 2189 praefectum,

160 2238 198 2272 (a)
229 2237 261 2265 Δ.
288 2238 365 2267 1596.
386 2239 444 2274 [aut
467 2241 558 2274 potius
591 2238 671 2266 1595.
693 2247 721 2265 v.
745 2239 810 2266 Zeni
843 2239 910 2266 diss.

127 2273 254 2343 Vosetgaite
282 2282 342 2301 mox
362 2273 509 2309 citaltd.'p.
526 2275 554 2307 5,
570 2280 598 2301 ct
614 2274 737 2301 Niceron.
758 2276 776 2302 Ι.
801 2274 912 2302 citando

129 2317 155 2343 p.
208 2328 215 2335 .

129 2317 297 2379 “(minus
314 2343 446 2379 Gyraldns
460 2343 493 2370 de
510 2344 598 2378 poetis
613 2344 655 2371 sui
673 2343 804 2379 temporis
819 2344 867 2371 lib.
883 2344 910 2370 2.

127 2387 151 2414 p.
164 2379 206 2405 65.
223 2378 258 2414 [ε.
277 2378 342 2407 dial.
358 2387 376 2409 ι,
391 2378 460 2412 Opp.
478 2383 544 2406 tum.
562 2379 593 2410 ιι.
615 2387 642 2413 p.
658 2379 718 2406 5.33.

160 2415 191 2447 (ε)
209 2413 316 2448 Κρῆτες
339 2414 383 2441 ἀεὶ
395 2413 523 2447 ψεῦσται,
537 2413 609 2448 quod
626 2422 659 2441 ex
688 2413 847 2448 Epimenide
868 2423 911 2443 re-

127 2449 191 2485 petit
207 2448 389 2485 Callimachus
405 2450 550 2485 hymlioin
565 2448 659 2485 Jovem
680 2457 706 2476 ν,
723 2451 750 2478 8.
766 2451 807 2479 Ob
830 2459 908 2479 eant-

126 2483 185 2511 ilem
203 2491 313 2510 causam
326 2483 448 2511 Andreas
463 2483 609 2510 Eudaemon
622 2483 741 2512 Joannes
767 2486 908 2514 Cretensis

127 2519 179 2556 dici
196 2519 295 2556 noluit,
308 2518 355 2545 sed
372 2518 510 2553 Cydonius
525 2527 532 2550 ;
546 2526 611 2550 non,
630 2519 704 2553 quod
720 2521 836 2556 Cydonii
850 2529 903 2548 non

128 2554 181 2589 sint
197 2552 353 2589 Cretenses,
374 2552 469 2589 verum
493 2561 527 2580 ne
541 2552 644 2587 probro
660 2552 777 2588 pateret,
791 2556 864 2589 quod
879 2556 905 2584 ei

127 2588 220 2622 objicit
234 2587 531 2620 Casaubonus,_Exerc.
548 2596 567 2615 ι,
579 2589 611 2614 ad
627 2587 725 2617 Barca.
744 2598 767 2618 e.
779 2587 824 2618 IV.

160 2623 197 2658 (ιλ)
211 2622 282 2658 Cum
298 2623 409 2658 nomine
431 2627 519 2650 tamen
537 2624 577 2657 (ut
592 2624 684 2650 verbis
698 2629 760 2652 utar
775 2625 903 2653 Boemert‘

128 2666 153 2692 ρ,
172 2657 223 2684 112
249 2657 312 2696 libri
331 2657 410 2696 paulo
432 2662 493 2696 post
518 2658 617 2696 citati),
641 2666 729 2693 neque
748 2661 901 2696 ingenium,

127 2701 173 2731 nec
183 2699 281 2731 _ui_ores
296 2692 432 2731 deposuit_
443 2693 533 2731 facile,
548 2692 642 2731 _va_fer,
663 2692 768 2731 siquid
779 2692 900 2731 'jndico,

127 2727 264 2759 subdolus,
280 2732 308 2753 et
331 2735 393 2766 cum
408 2728 522 2766 alterius
539 2727 673 2756 dedecore
686 2727 803 2766 decoris'
817 2739 902 2766 appe—

129 2768 193 2800 tens,
211 2762 376 2800 lacessendis
390 2763 460 2793 aliis,
476 2763 575 2800 _iisque
597 2764 724 2800 suminis,
748 2762 902 2800 promptus,

128 2798 225 2835 nimius
249 2797 302 2828 sui.
333 2805 431 2832 parcus
459 2797 576 2835 aliorum
601 2797 767 2835 admirator]
793 2797 902 2835 cuncta,

130 2833 205 2860 modo
220 2840 336 2865 summa,
350 2837 479 2867 expertus
501 2834 571 2860 ultra
586 2833 670 2860 vires.
689 2834 792 2871 (Πανί.)

1004 2242 1038 2276 (ο)
1054 2240 1208 2276 Cardinalis
1226 2236 1407 2276 Bessarionis,
1426 2236 1615 2276 _Valla_.ju_diee_,
1634 2235 1744 2276 Latino-

965 2270 1201 2304 runt'Crwcissimi
1215 2279 1239 2301 et
1251 2273 1402 2301 Gram-orum
1421 2270 1585 2298 Latinistimi
1602 2271 1628 2297 in
1644 2271 1746 2298 calum-

964 2311 1099 2339 niatorem
1128 2310 1250 2337 Platonis
1271 2308 1333 2335 libri
1359 2311 1478 2341 qtutuor
1502 2307 1589 2333 lucem
1615 2306 1744 2333 viderunt

964 2346 1086 2374 Venetiis
1100 2345 1172 2375 apud
1191 2344 1290 2372 Aldum
1318 2343 1397 2372 i5l6.
1414 2341 1461 2369 fol.
1475 2349 1527 2368 uua
1539 2348 1602 2367 cum
1614 2341 1674 2375 eius
1683 2348 1746 2367 cor-

967 2353 1086 2374 Venetus
1100 2353 1115 2372 a
1137 2353 1172 2372 uu
1191 2353 1290 2372 Attium
1318 2353 1397 2372 toto.
1415 2353 1461 2369 ιυι.
1475 2353 1527 2368 llllil
1539 2353 1602 2367 cum
1614 2353 1674 2375 υμιδ
1683 2353 1746 2367 cur-

964 2381 1088 2408 rectioue
1098 2353 1232 2407 liﬁroruin
1242 2378 1362 2406 Platonis
1378 2377 1412 2404 de
1426 2376 1552 2411 legibusa
1563 2375 1747 2411 'l‘rapezuntio

966 2423 1118 2445 versarum.
1149 2420 1177 2442 et
1201 2414 1272 2441 libro
1297 2413 1331 2440 de
1354 2410 1460 2439 natura
1478 2415 1507 2438 et
1529 2415 1589 2437 arte
1602 2410 1746 2445 fadversus

963 2450 1090 2478 eumdem
1101 2449 1315 2484 Trapezuntium
1325 2452 1352 2474 et
1365 2445 1528 2484 _Plethonem
1539 2444 1757 2484 pron'l'heodoro.

964 2485 1046 2512 Gaza.
1073 2485 1102 2511 lu
1126 2480 1207 2520 hujus
1228 2484 1289 2511 libri
1311 2482 1401 2516 capite
1419 2480 1520 2520 tertio,'
1531 2481 1569 2507 ait
1588 2480 1744 2520 Bessarion.

963 2520 1056 2547 odium
1077 2520 1112 2547 ab
1133 2515 1171 2547 eo'
1188 2525 1310 2553 tempore
1335 2515 1497 2553 conceptum
1515 2515 1547 2543 in.
1566 2523 1596 2553 se
1624 2515 1708 2553 fuisse
1730 2524 1745 2542 a

962 2553 1159 2590 Trapezuntio,
1178 2549 1745 2590 quo'Theodoruntgazautnimdoctrina

960 2584 1224 2625 pra-ponendum'ei
1242 2587 1405 2625 censuisset.
1428 2584 1535 2625 (Fourt)
1550 2584 1639 2625 Gonf._
1650 2592 1745 2625 supra.

958 2620 1077 2655 vah-XI,
1093 2633 1120 2660 p.
1137 2625 1190 2652 4'22
1206 2632 1266 2659 sqq.
1283 2631 1311 2658 p.
1331 2620 1472 2660 suanm.
1490 2620 1534 2660 liii.
1552 2623 1578 2647 In
1599 2620 1743 2660 pr_i|nis_p.

957 2660 1020 2692 452,
1038 2655 1106 2688 sect’.
1126 2659 1169 2693 18,
1193 2665 1220 2687 et
1229 2655 1308 2686 intra
1326 2657 1456 2684 Allatinin
1474 2656 1507 2683 ad
1526 2660 1594 2684 sect.
1620 2656 1636 2683 ὃ
1660 2655 1744 2682 e120.

969 2695 1058 2722 Har“
1133 2714 1138 2720 .

956 2695 1120 2766 (μῦςιόυού
1133 2714 1228 2757 tamen
1242 2729 1277 2757 ab
1292 2727 1412 2766 inimicis
1428 2726 1519 2755 fictum
1532 2734 1604 2760 esse,
1621 2726 1741 2754 Niceron

958 2763 1062 2800 aliique
1077 2766 1264 2800 suspicantur.
1283 2763 1385 2800 (υᾳι-Ι.)

996 2796 1033 2836 (ά)
1055 2796 1136 2836 [cuni
1153 2809 1178 2828 a.
1199 2800 1268 2836 uss
1287 2796 1492 2827 'diem'obiisse
1511 2804 1682 2836 supremum.
1704 2796 1744 2836 at-

960 2833 1068 2863 unum
1084 2836 1222 2869 Petavius,
1237 2835 1341 2874 Ration.
1360 2839 1439 2869 tcmp.
1457 2839 1526 2870 part.
1545 2833 1564 2869 i,
1580 2834 1598 2861 Ι.
1617 2840 1654 2867 rx,
1666 2841 1690 2861 c.
1705 2833 1721 2860 9
1735 2841 1750 2866 λ

1618 2881 1627 2896 9
