1916 3066
187 123 241 152 759

225 176 270 202 30.
290 176 416 211 Dialogus
429 178 458 204 tle
477 178 541 205 Fide
556 178 597 214 (t).

228 221 309 248 Addit
321 222 472 253 Gcsnerus.
489 224 535 257 5|,
549 224 584 251 De
596 225 686 252 diuina
704 226 852 254 substantia
869 228 1013 255 secundum
1026 228 1174 256 Aristotelis
1189 229 1350 255 doctrinam.

223 265 268 292 52.
288 267 325 293 De
341 268 451 294 veritate
463 268 525 302 ﬁdei
546 269 718 298 Christiania.

223 311 268 338 55.
299 312 433 348 Epistolas
457 316 483 343 in
517 315 652 344 Paulinum
682 326 745 345 xuv
777 327 891 354 quarum
922 319 1043 354 quaedam
1070 323 1175 347 exstant
1204 319 1318 347 Venetiis
1329 319 1364 346 ad
1382 318 1411 346 S.
1431 317 1669 350 Antonium.Qu:e
1683 315 1817 351 quamvis

190 358 285 386 Latina
315 360 479 395 habeantur,
511 363 606 391 nullus
631 369 720 392 tamen
739 365 846 396 dubito.
860 366 1032 401 potissimam
1052 374 1147 394 eorum
1166 370 1269 402 partem
1279 366 1372 394 Graece
1384 365 1468 392 etiam
1484 364 1518 391 ab
1530 364 1624 391 eodem
1642 363 1726 390 fuisse
1742 369 1815 390 con-

189 404 330 439 scriptam,
359 411 389 433 ut
411 408 495 440 infra.
522 409 587 436 dum
610 410 671 446 eius
688 416 820 439 tractatus
833 412 945 440 Graeos
960 412 1196 445 enumerabimus.
1213 412 1322 440 abunde
1338 411 1451 447 patebit.
1468 411 1506 437 Eo
1518 417 1637 445 namque
1651 417 1709 436 :evo
1729 408 1810 435 cele-

192 450 255 478 bres
280 452 308 479 in
341 458 458 488 utraque
485 455 640 483 litteratura
654 457 719 489 viri.
735 462 762 485 et
781 458 808 485 in
829 458 974 493 utriusque
988 459 1154 493 eloquentiae
1166 459 1294 486 facultate
1310 458 1416 488 eximii.
1433 462 1463 484 ut
1476 457 1622 491 utriusque
1639 456 1734 491 primis
1755 463 1808 481 ua-

191 495 313 524 tionibus
337 499 538 532 satisfacerent.
570 502 739 538 gloriamque
763 504 815 532 sibi
841 512 874 532 ex
901 510 1018 539 utraque
1042 505 1135 540 lingua
1150 513 1241 533 veram
1255 510 1409 540 captarent,
1427 513 1459 532 ac
1479 504 1606 534 solidam.
1622 503 1694 538 quod
1711 501 1811 529 Graece

191 543 268 576 prius
294 545 475 579 scripserant,
504 547 600 576 Latine
628 551 799 583 postmodum
818 551 1010 582 enuntiabant.
1021 551 1200 586 vicissimque
1214 551 1317 585 Graece,
1337 551 1410 586 quod
1428 550 1535 577 Latine.
1552 548 1660 576 Dictum
1678 555 1813 581 compro-

191 589 255 616 lxant
273 589 485 625 Trapetuutius.
502 593 631 621 Bessario
643 595 801 628 cardinalis.
817 595 980 623 Theodorus
995 595 1079 629 Gaza.
1095 597 1294 632 Argyropulus,
1306 604 1333 624 et
1353 597 1412 623 alii.

225 635 268 662 34.
284 636 411 666 Carmina
427 640 510 668 etiam
523 640 618 668 Latina
635 649 688 668 non
704 634 851 669 infeliciter
863 643 1051 677 composuisse
1062 642 1149 670 habeo
1164 650 1196 669 ex
1213 642 1322 678 Gyraldi
1336 642 1443 677 dialogo
1456 650 1477 675 ι,
1491 642 1525 669 de
1541 641 1628 677 poetis
1645 641 1687 668 sui
1705 645 1816 674 tempo—

191 681 238 708 ris.
255 682 330 710 Docti
340 683 470 719 plerique,
488 685 629 721 Georgium
644 695 741 720 meum,
763 688 890 722 fatentur.
903 697 992 716 uersus
1004 689 1193 724 composuisse.
1208 689 1276 724 quod
1291 688 1333 716 uel
1345 688 1438 724 palam
1449 695 1602 724 cognoscere
1617 687 1724 722 potestis
1736 694 1768 713 ea:
1780 686 1815 712 iis

190 738 249 763 quae
274 731 306 758 de
339 731 451 768 Orpheo,
478 733 588 767 Musaeo.
602 734 679 768 Lino.
694 740 718 763 et
733 736 794 764 aliis
808 736 928 772 pluribus
944 735 1040 764 Grecis
1055 737 1137 772 poetis
1149 737 1177 764 in
1192 736 1317 763 Latinum
1332 737 1459 764 conuertit
1474 735 1546 771 apud
1566 734 1708 762 Eusebium
1725 733 1813 760 Pam-

191 778 266 812 pltili.

747 128 946 158 GEOllGlUS
969 129 1275 159 TllAPEZUNTlUS.
1303 171 1306 173 Ι

227 825 271 853 55.
285 826 324 853 Ex
341 826 373 854 iis
386 835 464 860 vero.
482 837 543 864 quae
556 829 650 858 Graece
677 831 845 865 composuit.
865 830 987 866 Epistola
1003 831 1038 858 ad
1051 830 1181 858 Joannem
1200 829 1391 864 Palmologum,
1407 830 1590 858 Romanorum
1608 828 1811 862 imperatorem.

193 881 247 907 qua
280 883 342 902 eum
367 876 530 904 cohortatur
554 882 584 904 ut
597 878 623 904 in
639 878 743 906 Italiam
761 878 794 906 ad
811 879 946 914 synodum
965 878 1003 912 (ιι)
1020 879 1142 913 naviget.
1156 871 1317 905 'concilium
1343 878 1504 905 Basiliense.
1519 884 1581 903 cum
1596 875 1630 902 ab
1643 874 1812 901 auctoritate

193 921 307 948 Romani
334 922 472 956 pontiﬁcis
495 923 653 956 desciverit.
671 924 864 959 parvipendat.
877 933 928 952 nec
945 925 979 952 ad
996 925 1063 952 illud
1076 925 1198 952 animum
1211 925 1347 954 advcrtat,
1361 924 1434 951 edita
1451 927 1494 950 est
1508 922 1543 956 (υ)
1559 922 1652 948 Graece
1665 926 1692 948 et
1709 920 1809 948 Latine

192 971 255 992 cum
279 966 442 1001 Simocatta,
456 972 484 994 et
496 968 631 995 Phrantza
645 976 659 995 τι
673 968 776 996 Jacobo
791 970 914 997 Pontano
925 969 1085 1004 lngolstadii
1100 969 1172 1005 apud
1186 969 1320 996 Adamum
1337 968 1491 996 Sartoriutn
1508 966 1587 998 1640.
1601 967 1627 994 in
1644 967 1671 994 4.
1688 967 1813 994 liabetur

193 1019 245 1038 ms.
271 1011 301 1040 in
326 1012 493 1041 bibliotheca
506 1014 579 1046 regis
593 1014 733 1042 Gallorum
756 1015 805 1048 (τε),
822 1015 964 1046 Bavarica.
983 1015 1155 1050 Auguslaua,
1167 1015 1316 1047 Vaticana;
1333 1019 1446 1048 eratque
1466 1014 1536 1048 apud
1551 1013 1701 1040 Antonium
1718 1013 1814 1048 Augu—

193 1059 295 1086 stinum
323 1060 375 1087 sub
404 1059 456 1087 hoc
488 1060 578 1092 titulo,
606 1059 712 1096 Georgii
732 1061 902 1097 Trapezuntii
913 1062 1028 1096 defensio
1042 1062 1123 1088 missa
1139 1061 1173 1088 ad
1191 1062 1378 1096 imperatorem
1390 1060 1537 1088 Romanum
1552 1059 1683 1087 Joannem
1699 1060 1807 1087 Palwo-

194 1104 294 1140 logum.
327 1105 363 1131 De
393 1106 559 1141 navigatione
582 1107 638 1139 eius
655 1108 682 1134 in
701 1107 820 1141 Italiam.
837 1108 900 1136 eod.
925 1108 986 1136 160.
1011 1107 1050 1135 Ex
1077 1108 1158 1135 dictis
1172 1113 1261 1135 tamen
1277 1115 1356 1135 error
1379 1107 1521 1134 manifeste
1536 1107 1763 1142 deprehenditur.
1779 1107 1813 1134 Et

194 1151 263 1178 forte
281 1160 334 1180 non
351 1152 424 1179 aliud
445 1157 497 1186 est,
515 1154 588 1188 quod
604 1154 631 1181 in
645 1154 803 1190 Augustaua
821 1162 1011 1183 conservatur.
1036 1156 1119 1183 lndcx
1135 1155 1341 1190 manuscriptus
1363 1155 1468 1190 Georgii
1496 1154 1667 1188 Trapezuntii
1683 1160 1814 1189 autogra-

193 1201 285 1235 phnm.
298 1204 326 1226 ut
341 1201 442 1228 videtur
456 1200 487 1227 de
508 1200 632 1228 Manuele
649 1210 718 1236 rege.
952 1200 966 1210 ’ί
1360 1192 1364 1195 ⁵

228 1247 273 1274 56.
291 1247 385 1275 Gneca
405 1256 470 1276 vero
485 1249 586 1276 inedita
604 1254 679 1282 sunt,
694 1250 842 1286 Εἱσαγωγὴ
860 1251 900 1282 είς
911 1251 959 1286 τὴν
974 1259 988 1285 μ

1040 1251 1095 1286 ιλην
1112 1251 1158 1278 τοῦ
1172 1251 1337 1285 Πτολεμαίου
1355 1251 1492 1285 σύνταξιν.
1516 1250 1680 1278 lntroductio
1698 1249 1724 1276 in
1740 1254 1814 1283 mag'

195 1303 258 1321 nam
278 1294 414 1322 Plolemtt'i
437 1298 668 1331 constructionem,
697 1298 725 1325 in
752 1298 878 1326 biblioth.
895 1300 1063 1334 Augustam,
1085 1304 1112 1326 et
1125 1298 1245 1326 Scoriaci
1263 1300 1409 1327 catholica.
1427 1299 1535 1332 (Allat.)
1553 1299 1588 1325 De
1603 1297 1663 1325 cod.
1676 1296 1811 1324 Escorial.

196 1342 222 1367 V.
252 1342 342 1369 Pliter.
372 1342 500 1370 Itinerar.
529 1351 574 1377 per
602 1336 714 1378 llispan.
735 1345 835 1379 p.170.
856 1345 946 1372 Indice
957 1345 1077 1372 Gotlloh.
1097 1343 1187 1370 Kranz
1201 1345 1227 1371 in
1240 1345 1409 1372 Metuorahil.
1425 1345 1491 1372 bibl.
1508 1344 1583 1380 publ.
1612 1344 1815 1372 Elisabethau-‘L‘

194 1388 353 1416 Wratislau.
383 1388 403 1416 f.
419 1390 637 1423 llehdigeriante.
655 1398 682 1425 p.
696 1391 731 1418 85
744 1400 751 1424 ;
764 1396 827 1418 sunt
845 1393 871 1418 in
887 1392 931 1418 illa
948 1391 1014 1419 hihl.
1033 1400 1098 1418 mss.
1116 1391 1258 1418 Ptolemmi
1276 1391 1462 1426 Almagestum
1487 1396 1515 1418 et
1527 1390 1733 1426 quadripartitze
1749 1399 1816 1418 eon-

195 1435 356 1463 strurtiouis
386 1443 467 1469 opus,
494 1441 576 1470 atque
587 1436 697 1470 Georgii
713 1437 828 1471 Trapez.
847 1437 874 1464 in
894 1437 1070 1465 Ptolemzeum
1091 1441 1162 1464 uotae
1176 1441 1203 1464 et
1220 1435 1380 1464 Theoricam
1402 1437 1629 1471 planetarum.—
1642 1435 1712 1462 Add.
1732 1444 1814 1471 supra

195 1481 269 1507 adn.
286 1481 313 1512 8,
330 1485 355 1508 et
372 1480 475 1508 Zenntn
491 1482 509 1508 Ι.
526 1489 551 1508 c.
570 1489 596 1516 p.
617 1481 659 1509 l5.
674 1482 778 1517 (Ilarl.)

231 1528 276 1554 57.
307 1528 345 1554 Ad
373 1527 480 1554 Esaiam
506 1529 682 1558 monachum.
700 1528 792 1556 Utrum
822 1535 919 1556 natura
937 1538 988 1556 con;

1040 1539 1045 1556 ι
1060 1518 1134 1565 agat,
1148 1530 1181 1557 Εἰ
1197 1529 1277 1564 φύσις
1290 1528 1461 1562 βουλεύεται,
1476 1529 1606 1563 epistola.
1623 1528 1767 1556 Mediolani
1786 1529 1813 1556 in

196 1573 362 1601 bibliotheca
380 1575 570 1602 Ambrosiaua.
597 1575 662 1602 Eam
677 1574 772 1602 Latine
794 1567 993 1610 interpretatus
1021 1581 1063 1603 est
1078 1576 1203 1603 Bessarie
1221 1573 1425 1602 cardinalislib.
1442 1574 1457 1601 ι
1482 1574 1531 1609 (y).
1548 1575 1680 1601 adversus
1708 1575 1813 1601 calora-

195 1619 331 1646 uiatorcm
358 1620 491 1649 Platonis,
513 1625 607 1647 contra
626 1628 708 1654 quam
727 1625 753 1648 et
775 1621 897 1655 scripsit.
927 1621 956 1649 P.
978 1621 988 1648 '.

1040 1631 1096 1657 ισω,
1118 1619 1140 1649 ὦ
1156 1622 1216 1656 φίλε
1249 1620 1358 1652 Ἦσαῖα,
1374 1619 1478 1654 γράψαι
1510 1629 1551 1647 σοι
1577 1620 1614 1652 ὡς
1629 1617 1684 1646 οἷόν
1713 1629 1743 1646 τε
1771 1621 1814 1647 διὰ

197 1665 332 1699 βραχέων.
359 1665 412 1693 Sed
433 1673 495 1693 cum
519 1673 619 1693 nomen
647 1666 769 1694 auctoris
792 1666 817 1693 in
847 1667 986 1694 nonnullis
1012 1668 1153 1695 codicibus
1180 1667 1377 1701 confundatur,
1407 1667 1484 1695 multi
1498 1666 1713 1701 namquelibelli
1727 1666 1812 1701 illius,

183 1710 333 1738 'Naturam
357 1711 472 1745 alicujus
493 1713 580 1746 gratia
606 1712 697 1738 omnia
725 1719 812 1747 agere.
827 1716 967 1747 parentem
991 1713 1167 1740 Theodorum
1180 1713 1291 1744 Gazam.
1309 1712 1387 1740 multi
1401 1712 1596 1740 Bessarionent
1608 1711 1722 1744 faciunt.
1739 1712 1812 1740 unde

195 1768 274 1786 error
291 1760 441 1793 irrepserit,
455 1766 487 1786 ex
500 1759 596 1786 eodem
613 1758 774 1786 Bessarione
789 1759 838 1786 lib.
856 1767 893 1790 vt.
913 1766 971 1794 cap.
988 1759 1005 1786 5
1016 1779 1022 1790 ,
1048 1759 1234 1787 addiscamns.
1251 1759 1319 1786 Cum
1335 1759 1408 1786 enim
1423 1759 1545 1786 Bessario
1560 1758 1588 1786 in
1603 1758 1655 1786 hoc
1668 1767 1815 1794 argumen-

197 1813 254 1834 tum
281 1805 402 1832 breviter
424 1805 548 1839 quzedam
580 1804 613 1831 ad
632 1804 818 1832 ‘Theodorum
837 1805 1054 1839 perscripsisset.
1075 1806 1211 1841 Georgius
1221 1805 1434 1840 Trapezuntius,
1449 1805 1502 1832 illis
1516 1806 1654 1839 perlectis,
1669 1811 1699 1832 ut
1723 1806 1815 1832 odium

196 1855 270 1890 quod
300 1855 327 1882 in
363 1853 564 1886 Bcssarioncm,
588 1853 622 1881 ab
652 1861 685 1881 eo
709 1858 832 1888 tempore
848 1861 902 1889 quo
918 1854 942 1882 ei
956 1854 1131 1883 Theodorum
1149 1855 1175 1881 in
1187 1854 1314 1882 doctrina
1339 1859 1536 1889 pratposuerat.
1565 1860 1742 1888 conceperat,
1764 1856 1798 1882 ali

196 1901 306 1937 quando
338 1908 456 1936 pareret.
483 1901 614 1928 adversus
642 1909 673 1928 ea
697 1901 818 1934 scripsit.
846 1900 899 1928 Sed
924 1905 954 1928 ut
981 1902 1127 1929 honestius
1149 1902 1337 1929 Bessarionem
1360 1902 1516 1936 impeteret.
1537 1901 1615 1928 tinxit
1631 1909 1660 1929 se
1686 1902 1814 1936 ignorare

197 1950 323 1984 quisnam
337 1950 397 1984 ejus
410 1949 495 1977 libelli
508 1953 605 1976 auctor
615 1953 700 1977 esset.
721 1953 747 1976 et
760 1949 910 1979 Theodori.
929 1957 981 1976 non
997 1949 1167 1977 Bessariouis
1179 1949 1391 1983 disputationem
1407 1948 1480 1976 illam
1499 1957 1570 1982 esse.
1581 1950 1817 1984 seque'l‘heodoro

198 1998 388 2026 contradicere
405 1996 556 2024 simulavit.
576 1995 693 2023 Ostendit
708 2001 846 2029 prtelerca,
863 1996 961 2023 scribit
974 1996 1110 2028 Bcssario,
1126 1996 1302 2023 Athanasium
1319 1996 1409 2030 fuisse.
1423 1997 1468 2031 qui
1485 1997 1540 2023 htcc
1550 1997 1649 2031 scripta
1663 1999 1687 2025 ei
1700 2000 1818 2026 tradide-

199 2050 254 2077 rat.
279 2053 336 2072 cum
367 2048 454 2070 tamen
480 2043 577 2074 Isaias,
606 2051 657 2069 non
682 2043 844 2069 Athanasius
859 2043 960 2077 fuisset.
977 2041 1054 2069 Solus
1068 2044 1136 2070 enim
1152 2043 1240 2070 Isaica
1255 2043 1353 2078 scripta
1370 2051 1386 2069 a
1398 2043 1474 2070 nobis
1489 2043 1629 2071 habuerat.
1654 2044 1703 2072 Hic
1715 2050 1816 2077 tamen.

199 2093 274 2126 quasi
288 2096 378 2118 nostra
395 2091 542 2120 interesset.
555 2098 571 2116 α
586 2097 636 2124 quo
653 2097 684 2115 ea
696 2090 847 2121 accepisset.
864 2088 1001 2123 epistolam
1013 2089 1047 2115 ad
1074 2097 1120 2115 nos
1140 2089 1255 2122 scripsit.
1270 2097 1323 2124 qua
1339 2088 1454 2115 oblatum
1468 2089 1518 2115 sibi
1535 2089 1567 2116 ab
1577 2089 1724 2117 Athanasio
1739 2091 1819 2126 fuisse

202 2140 357 2176 opusculum
384 2137 554 2174 signiﬁcavit.
585 2137 679 2164 Plures
692 2145 758 2172 ergo
774 2137 806 2164 de
822 2137 917 2164 eodem
934 2142 1098 2172 argumento
1113 2136 1314 2172 Trapezuntius
1328 2135 1459 2171 epistolas
1474 2135 1597 2170 dederat,
1610 2137 1710 2171 quibus
1728 2137 1819 2166 Bessa-

202 2215 250 2240 cit.
268 2221 294 2246 τι.
316 2212 358 2240 19.
375 2221 402 2239 n.
423 2212 481 2249 57.]
507 2213 540 2249 de
554 2212 666 2240 Guariui
682 2212 818 2249 luvrectira
835 2211 863 2249 _iu
880 2211 983 2249 Trape-

1040 2215 1063 2238 ει
1076 2211 1179 2249 lenu_n_t
1195 2211 1213 2238 l.
1228 2218 1294 2249 e._p.
1310 2210 1353 2243 19,
1370 2209 1572 2249 πηῃλίιιανι.)

201 2244 336 2276 zuntium.
362 2255 441 2277 quam
469 2244 579 2281 scripsit
591 2249 642 2275 sub
660 2248 771 2274 nomine
784 2246 898 2275 Andreae
915 2244 984 2279 Aua-
1073 2247 1113 2280 (ιι)
1145 2245 1332 2281 Florentinam
1348 2253 1373 2273 a.
1401 2245 1487 2281 1348.7
1497 2250 1558 2280 post
1572 2244 1726 2281 Rasileetisc
1743 2246 1819 2274 habi-

201 2286 286 2310 sonis.
315 2282 419 2316 (Fabr.)
449 2283 478 2310 lu
510 2283 571 2309 cod.
588 2283 648 2309 Lat.
666 2283 779 2309 Tauriu.
795 2281 859 2317 601.
875 2281 922 2308 fol.
938 2281 982 2309 58.
1036 2285 1093 2317 tum
1118 2288 1161 2317 a."
1176 2281 1240 2317 Mil
1257 2280 1319 2317 rlvel
1351 2280 1490 2317 potiusad
1514 2280 1614 2307 concil.
1631 2280 1817 2315 Fcrrarieuse,

201 2318 245 2359 ϐ..
263 2318 377 2351 Trapez.
405 2317 514 2358 Littera;
539 2317 572 2343 ad
599 2317 757 2357 Leouellum
782 2316 941 2357 Esteuscm,
956 2317 984 2343 in
1037 2316 1127 2343 indice
1143 2316 1240 2346 Hodio.
1257 2315 1276 2343 ΙΙ
1293 2324 1318 2343 c.
1334 2315 1456 2377 p._ii8_.1
1564 2349 1570 2355 _

202 2353 300 2377 tllltltlh‘
313 2353 346 2377 de
367 2351 481 2377 Guartnt
499 2361 525 2377 In
540 2359 569 2377 se
585 2352 736 2377 maledicus
751 2356 986 2377 conauorttur:et
1071 2351 1108 2377 tu)
1121 2350 1216 2377 Grzece
1230 2355 1319 2377 exstat
1334 2351 1370 2377 tht
1386 2359 1413 2377 ι).
1426 2358 1441 2376 ο
1463 2352 1495 2377 7:
1512 2350 1570 2377 Lall

202 2353 300 2387 quibus
313 2350 346 2380 de
367 2351 481 2378 Guariui
499 2353 525 2378 in
540 2359 569 2378 se
585 2352 736 2378 maledictis
751 2351 986 2387 conqueritur;et
1071 2351 1108 2387 (ιι)
1121 2350 1216 2387 Graece
1226 2355 1320 2387 exstat
1334 2351 1371 2387 ibi
1385 2359 1413 2384 p.
1426 2350 1495 2387 517;
1512 2350 1742 2387 Latine._p.4325.

203 2384 249 2416 fol.
264 2388 310 2418 40,
326 2387 414 2421 ejusd.
433 2387 643 2413 Rhetoricorum
659 2394 772 2421 suorum
794 2384 917 2420 apologia
929 2386 985 2421 rad-
1041 2419 1048 2421 Α
1061 2386 1112 2421 μ)
1139 2384 1231 2413 Paris;
1258 2386 1286 2412 in
1316 2385 1383 2421 bibl.
1413 2385 1489 2419 pubi.
1505 2386 1587 2412 codd.
1603 2385 1683 2416 l3l6.
1701 2394 1731 2413 ιι.
1751 2386 1778 2419 5.
1793 2392 1819 2413 et

201 2431 298 2450 vorsus
318 2419 481 2451 Charinum.
506 2422 653 2448 \‘eroaeus.
690 2421 720 2448 V.
752 2419 906 2448 Caucodd.
925 2420 984 2448 Lat.
1037 2419 1118 2447 2965.
1136 2435 1170 2440 -—
1186 2421 1224 2447 De
1247 2421 1308 2448 cod.
1335 2420 1433 2447 Barar.
1458 2421 1516 2454 (qui
1544 2425 1704 2447 numeratur
1726 2421 1771 2450 27.
1796 2427 1819 2448 et

204 2458 286 2485 Taur.
301 2458 402 2491 p.160.
420 2456 522 2489 (ΗιινΙ.)
687 2490 693 2491 7

1040 2455 1092 2482 ine.
1103 2456 1160 2489 Οὐχ
1173 2455 1213 2481 ὅτι
1228 2464 1256 2481 σε
1272 2455 1363 2491 κατᾲ’)
1381 2462 1407 2482 v.
1422 2455 1457 2482 cl.
1489 2454 1580 2491 liardtr
1594 2455 1623 2491 in
1639 2456 1745 2491 Aretini
1754 2455 1819 2490 Beg-

240 2494 272 2528 (t)
299 2489 403 2519 llotlius
472 2499 499 2528 c.
518 2498 543 2525 p.
559 2491 612 2528 >179
629 2501 636 2518 :
651 2500 660 2516 ι
680 2490 838 2528 orationes,
853 2491 903 2528 ait.
918 2498 986 2528 quas
1038 2491 1143 2528 ιτᾷει-ειιἰ
1158 2495 1254 2528 etc._a.
1272 2490 1350 2521 1805.
1366 2495 1446 2528 _pa__r_t._
1468 2498 1505 2522 tv.
1520 2497 1548 2528 ρ.
1570 2489 1603 2516 16
1626 2497 1668 2528 sq.
1686 2505 1720 2528 :—
1740 2489 1818 2528 [εικ-

203 2524 400 2556 commemorat
431 2524 612 2561 Trithrtnius.
638 2532 665 2553 ct
695 2525 820 2561 Dialogus
848 2527 880 2553 de
912 2524 985 2559 ﬁde,

205 2569 296 2590 utrum
322 2570 353 2589 ea
377 2561 471 2588 διξερε
494 2567 541 2587 aut
551 2560 646 2588 Latine
670 2562 822 2593 conscripta
846 2561 913 2592 siut.
933 2568 987 2587 non

204 2599 270 2624 satis
297 2598 392 2629 ιίειιιρι.
423 2596 563 2628 Dialogum
594 2601 684 2623 autem
710 2596 746 2622 De
765 2596 826 2629 ﬁde,
839 2596 989 2623 verisimile

205 2638 258 2665 cst.
273 2632 400 2659 eumdem
418 2637 480 2657 esse
494 2639 555 2657 cum
584 2631 734 2658 assertione
750 2630 812 2657 ﬁdei
826 2631 990 2658 Chrisﬁaua

205 2671 301 2694 contra
327 2666 440 2693 Turcas.
473 2675 481 2691 ι
509 2666 599 2693 Zenus
625 2665 643 2692 l.
677 2673 701 2692 c.
717 2673 744 2698 p.
764 2665 799 2692 ‘25
813 2674 854 2700 sq.
869 2674 896 2692 ιι.
911 2666 945 2692 52
962 2670 989 2692 et

209 2702 251 2733 5c.
264 2701 467 2732 animadvertit,
483 2709 497 2727 a
513 2701 653 2727 Gumneuo
675 2700 839 2735 Papadopol.
858 2701 890 2727 de
906 2700 990 2735 Gym-

210 2736 287 2763 nasio
308 2737 448 2765 Patavina.
480 2741 547 2763 tom.
576 2735 610 2767 ll,
643 2743 671 2770 p.
694 2735 896 2767 18!;Gesuero
909 2737 988 2766 duce.

210 2772 293 2797 citare
317 2771 415 2804 Georg.
444 2769 559 2803 'l‘rapez.
595 2771 632 2797 De
654 2770 705 2803 [ille
723 2775 747 2796 et
761 2771 912 2797 substantia
933 2770 988 2802 Dei,

213 2805 353 2831 secundant
381 2805 527 2832 Aristotelis
556 2805 715 2837 doctrinam,
744 2810 825 2838 atque
845 2804 991 2839 opusc.Dc

216 2839 310 2865 uirtute
337 2840 397 2873 ﬁdei
424 2840 591 2867 Christiania.
618 2839 687 2868 Add.
719 2841 799 2875 paulo
816 2845 884 2875 post,
902 2849 928 2867 ιι.
945 2840 988 2872 42,

1040 2525 1082 2551 tiis
1095 2525 1121 2551 in
1139 2525 1205 2552 bibl.
1222 2525 1304 2552 Marc.
1321 2525 1383 2552 cod.
1399 2524 1459 2554 589.
1477 2533 1502 2551 ι’.
1517 2525 1575 2551 (lat.
1589 2525 1669 2551 codd.
1681 2525 1729 2552 Gr.
1740 2526 1818 2553 Marc.

1040 2568 1067 2593 p.
1096 2560 1157 2587 509.
1189 2560 1260 2587 Adii.
1287 2567 1369 2594 supra
1383 2560 1436 2595 vol.
1453 2559 1522 2592 Vill,
1539 2567 1599 2595 pag.
1614 2559 1647 2586 76
1674 2568 1717 2594 sq.
1732 2566 1760 2586 et
1773 2560 1819 2587 Ze-

1040 2602 1105 2622 num
1130 2595 1150 2622 Ι.
1177 2602 1201 2621 c.
1216 2603 1275 2629 pag.
1290 2595 1332 2626 l5.
1352 2602 1380 2620 ιι.
1394 2594 1440 2623 21.
1465 2594 1593 2629 idemque
1617 2603 1645 2621 ιι.
1660 2595 1712 2626 L2‘2;
1734 2596 1818 2629 suspi-

1040 2635 1127 2660 catur.
1145 2629 1179 2656 ab
1194 2629 1238 2657 illa
1254 2629 1369 2664 epistola
1385 2629 1455 2656 haud
1474 2629 1613 2656 diversum
1628 2637 1688 2656 esse
1715 2630 1817 2656 Protre—

1040 2665 1138 2698 pticnm
1168 2665 1201 2690 ad
1223 2664 1250 2691 Ι.
1264 2665 1387 2696 insperat.
1415 2664 1530 2691 Cra-cor.
1549 2671 1630 2699 quem
1645 2664 1779 2696 Labbeus.
1795 2673 1818 2699 p.

1041 2699 1218 2767 ῗῇὶνῗῗῑιιιέ
1247 2699 1359 2734 scripsit
1383 2699 1411 2727 in
1443 2699 1505 2727 cod.
1538 2699 1624 2726 Paris.
1654 2699 1721 2734 Reg.
1755 2699 1819 2727 1253

1083 2743 1134 2760 ανι.

1044 2768 1221 2838 “gmﬂkihm
1240 2778 1278 2802 γι,
1301 2769 1345 2797 cd.
1358 2769 1419 2797 Ald.
1439 2774 1507 2798 teste
1524 2770 1665 2798 Boerncro
1680 2768 1698 2796 l.
1716 2776 1741 2797 c.
1762 2777 1818 2804 pag.
