1916 3057
193 125 245 156 753
402 144 405 145 ν
739 124 937 155 GEORGIUS

1075 123 1199 154 iZUNTl
1206 123 1260 154 US.
1771 122 1831 154 764

191 183 314 217 corporis
330 182 417 214 dotes,
431 189 478 218 pro
493 183 619 218 corporis
646 188 675 210 et
691 181 774 210 animi
787 182 883 209 dotes?
900 180 947 209 Ubi
961 179 1128 213 conferrem,
1144 189 1203 216 pro,
1220 179 1295 207 utilis
1307 186 1406 213 essein,
1423 180 1496 207 nullo
1512 187 1573 221 casu
1590 180 1740 214 adjuncto?
1757 178 1829 210 Ubi,

190 233 322 254 internum
337 229 373 256 illi
392 236 491 256 nomen
507 229 540 256 ad
554 236 661 262 omnes,
675 229 722 263 qui
739 228 840 255 Latine
854 229 956 261 sciunt,
971 228 1113 259 alienum,
1129 235 1176 262 pro
1190 232 1323 253 aeternum
1352 226 1391 253 illi
1409 234 1509 253 nomen
1541 227 1614 262 apud
1636 232 1746 258 omnes,
1775 225 1828 260 qui

191 274 286 302 Latina
302 275 392 311 lingua
406 281 532 308 utuntur,
550 275 600 308 uel,
617 277 663 310 qui
676 275 800 302 Latinam
813 274 934 309 linguam
966 282 1021 301 non
1050 275 1185 308 ignorant,
1201 272 1412 307 compararem?
1426 272 1478 299 Sed
1494 271 1554 299 nolo
1568 273 1595 298 in
1609 280 1637 300 re
1651 273 1825 306 manifestis-

190 322 259 348 sima
279 322 378 349 diutius
394 324 542 353 immorari.
559 325 593 353 Et
605 330 773 360 postremum
788 322 925 358 quidquid
941 327 983 350 est
997 324 1024 350 in
1038 323 1104 349 orbe
1120 321 1332 353 maledicentia,
1348 321 1374 347 itl
1394 325 1480 348 totum
1499 321 1526 346 in
1557 328 1641 347 unum
1659 321 1832 356 Trapezun-

192 369 260 396 tium
272 370 432 396 cumulavit.
448 371 542 406 Neque
557 372 631 399 enim
644 376 754 399 veretur
765 377 829 397 eum
847 370 1014 405 compellare
1034 369 1161 402 belluam,
1192 368 1307 404 putrida:
1334 368 1423 394 carnis
1449 366 1543 394 inutile
1564 368 1689 401 frustum,
1723 371 1832 395 nostra:

192 417 279 444 aetolis
297 416 457 451 prarclarum
477 418 627 452 Nestorem,
643 418 719 453 cujus
730 424 762 444 ex
773 425 818 445 ore
838 417 899 453 felle
914 417 1034 443 amarior
1050 417 1110 452 ﬂuit
1125 418 1224 448 oratio,
1253 416 1369 447 asinum,
1388 412 1623 440 sceleratissimum
1644 412 1742 443 virum,
1761 420 1832 439 car-

192 465 306 497 nificem,
323 465 499 498 perniciosam
514 471 623 500 pestem,
641 467 752 492 dedecus
765 466 912 496 hominum,
925 465 1026 496 turpitu
1037 464 1115 490 .iiiem
1129 463 1230 494 seculi,
1249 467 1347 490 nostrw
1362 460 1516 496 reipublica:
1529 458 1742 493 sterquiliiiium,
1761 467 1824 486 sce-

193 510 362 538 lestissimum
376 532 384 544 ,
401 512 547 547 impurum,
564 514 685 548 impium,
703 512 847 547 inﬁdelem,
861 511 1017 542 barbarum,
1033 511 1178 542 sordidam,
1194 511 1356 546 proditorem
1383 508 1480 535 diuina:
1496 505 1640 542 rcligionls,
1657 505 1830 538 hcereticum,

192 562 288 585 tetrum
302 562 326 584 et
344 558 497 585 detestabile
516 565 673 591 monstrum,
689 558 783 589 scelus,
796 559 942 593 ﬂagitium,
957 559 1035 587 luem,
1051 557 1147 587 tabem,
1164 556 1496 591 prodigium,portentuin,
1515 550 1773 579 truculentissimam
1791 552 1831 588 fe-

191 613 261 638 ram,
278 605 388 633 humani
403 608 505 640 generis
523 607 675 641 infamiam,
691 605 880 634 miserrimum,
898 605 1014 630 omnium
1029 603 1216 629 avarissintum
1237 607 1334 629 nostra:
1350 603 1446 631 wtatts.
1466 601 1638 638 pra-clarum,
1658 601 1831 628 immanissi-

191 660 273 684 mum,
292 659 398 687 tetrum,
430 654 599 688 {mitissimum
612 659 643 679 ac
656 651 809 678 detestabile
825 655 984 683 monstrum,
998 650 1127 682 Turcum,
1141 650 1194 676 imo
1210 648 1296 676 Tui-co
1307 649 1458 682 turcioreni,
1471 650 1677 680 sceleratiorem,
1687 649 1740 674 lino
1759 647 1839 674 Tur--

190 707 280 728 corum
294 704 411 730 omnium
427 702 617 733 tnrcissiinum,
628 701 744 726 omnium
761 708 820 735 qua,
841 699 1043 726 memoravimus
1060 697 1216 733 turpiorem,
1227 700 1251 724 et
1261 699 1285 724 si
1296 697 1359 732 quid
1374 698 1425 724 dici
1437 698 1529 724 tetrius
1546 701 1642 732 potest.
1660 696 1753 728 Addit,
1778 695 1832 722 Ni-

190 749 273 773 mium
291 748 371 775 creuit
387 749 511 780 audacia,
526 753 551 774 et
566 749 703 774 temeritas
716 747 837 774 dominii.
851 747 899 773 Ter
912 748 983 773 intra
996 754 1080 772 annos
1098 746 1246 781 quindecim
1258 753 1391 771 carcerein
1405 750 1442 772 est
1454 749 1596 780 expertus;
1610 743 1696 780 primo
1714 743 1830 770 iracun-

190 793 247 825 dia,
267 795 380 819 secundo
399 793 489 826 libido,
512 795 589 820 tertio
600 793 788 829 perduellionis
800 793 900 820 crimen
915 800 974 819 eum
989 793 1016 819 in
1028 791 1132 819 rincula
1149 791 1344 826 compulerunt.
1362 791 1443 818 Auxit
1469 798 1571 827 semper
1587 790 1716 826 furorem,
1732 795 1757 816 et
1777 791 1831 816 im—

189 839 294 872 punitas
309 847 367 865 cuni
381 840 417 866 ad
432 840 531 874 quavis
545 839 650 875 ﬂagitia
666 840 828 875 praecipitem
848 839 917 874 fecit.
934 838 1086 866 Praeterea:
1100 837 1169 865 Nam
1184 839 1262 874 quia,
1274 846 1336 865 casu
1360 837 1444 864 nescio
1463 844 1526 872 quo,
1539 837 1661 872 opinione
1676 836 1738 862 olim
1761 844 1829 870 qua-

189 887 252 911 dam
266 885 415 912 doctrinam
429 891 583 912 consecutus
602 887 629 912 in
644 885 725 913 Italia
742 886 841 920 fuerat,
855 885 948 920 primis
965 883 1018 911 illis
1037 884 1208 919 temporibus,
1229 883 1322 919 quibus
1350 882 1468 909 revocari
1483 883 1510 909 in
1526 882 1620 915 lucem,
1639 890 1698 917 qua:
1722 881 1767 908 diu
1782 890 1829 909 se-

189 930 265 964 pulta
280 931 397 965 fuerant,
411 927 574 966 optiin'arum
591 930 795 966 disciplinarum
814 931 904 957 studia
920 938 1036 965 clepere,
1060 936 1199 966 posti/aunt
1224 930 1338 956 adventu
1367 929 1579 955 doctissimorum
1607 928 1725 955 virorum
1761 936 1829 964 quos

193 975 320 1003 Nicoluus
336 977 451 1010 Quintus
463 978 581 1012 pontifex
596 979 766 1013 undecunque
781 987 808 1004 in
823 977 917 1005 Urbem
934 978 1038 1010 accivit,
1050 978 1204 1012 ignorantia
1223 981 1269 1004 tua
1296 978 1397 1003 detecta
1416 981 1466 1008 est,
1483 976 1630 1009 prwsertim
1659 977 1825 1010 interpreta-

191 1023 260 1048 tione
276 1022 477 1051 Problematum
493 1023 655 1057 Aristotelis,
674 1032 731 1059 qua:
747 1024 893 1052 Theodorus
909 1022 1148 1051 Thessalonicensis
1164 1024 1301 1058 utriusque
1316 1021 1413 1059 linguai
1446 1022 1613 1049 doctissimus
1641 1021 1744 1048 edidit:
1766 1027 1829 1048 mox

194 1075 219 1096 te
235 1069 321 1096 rabies
334 1071 454 1104 quwdam
469 1071 590 1098 immensi
608 1071 706 1106 furoris
721 1073 829 1104 invasit,
846 1081 877 1098 ac
891 1072 970 1099 ueluti
986 1071 1110 1098 draconis
1124 1076 1198 1106 epoto
1214 1070 1296 1097 calice
1310 1070 1440 1102 insanire,
1456 1077 1487 1096 ac
1501 1069 1592 1102 palam
1606 1068 1695 1103 furere
1725 1070 1830 1103 cwpisti

189 1118 276 1144 instar
288 1117 373 1144 rabidi
387 1118 471 1151 canis,
484 1119 532 1144 huc
548 1123 627 1152 atque
643 1118 707 1146 illuc
723 1119 821 1146 anxius
830 1119 1008 1154 circumferri.
1023 1116 1135 1152 Jamque
1152 1126 1205 1144 non
1220 1117 1298 1143 modo
1313 1117 1398 1152 ipsum
1423 1114 1597 1147 Theodorum,
1616 1115 1661 1142 sed
1691 1121 1828 1157 quascun-

190 1163 321 1190 Theodbro
333 1165 422 1198 facere
436 1165 606 1199 iiitelligeres,
619 1173 708 1192 omnes
721 1171 811 1192 autem
827 1165 850 1191 ei
863 1164 982 1199 palmam
995 1166 1058 1200 jure
1074 1165 1172 1199 optimo
1190 1163 1296 1194 debent,
1315 1164 1342 1188 in
1359 1170 1419 1188 eum
1445 1161 1588 1195 genuinum
1600 1166 1731 1190 exercere.
1752 1160 1821 1189 Hinc

189 1215 214 1237 te
222 1218 324 1245 semper
338 1211 416 1245 furia:
430 1212 542 1246 agitare,
560 1211 619 1238 liinc
638 1212 772 1246 superbia,
789 1211 948 1245 indignatio,
969 1212 1068 1238 inuidia
1085 1210 1246 1245 prcecipitem
1274 1210 1351 1243 ferre.
1372 1207 1439 1234 Hinc
1459 1213 1487 1234 tu
1514 1206 1660 1235 maudictis
1682 1209 1710 1235 in
1730 1217 1824 1236 omnes

189 1257 284 1287 invehi.
300 1265 351 1284 non
383 1259 556 1293 principibus,
585 1267 637 1286 non
660 1259 855 1290 cardinalibus,
881 1267 933 1285 non
945 1259 1055 1286 summis
1082 1257 1248 1293 pontificibus
1263 1264 1380 1291 parcere.
1395 1256 1428 1283 Et
1440 1257 1498 1284 haec
1516 1257 1629 1292 quidem
1648 1257 1778 1285 Perottus
1795 1259 1824 1285 in

189 1303 417 1340 Trapezuntiuin,
443 1305 557 1338 oblitus,
583 1312 612 1334 ut
630 1307 748 1341 ingenue
765 1307 862 1340 fatear,
879 1307 1019 1334 modestia:
1033 1327 1040 1338 ,
1056 1307 1210 1340 gravitatis,
1228 1309 1311 1339 atque
1330 1304 1395 1332 liciti
1429 1304 1478 1331 viri
1497 1303 1590 1337 ollicii,
1608 1313 1668 1339 quae
1682 1310 1827 1340 tantopere

188 1351 349 1380 laudaverat
383 1361 433 1388 pro
461 1354 620 1381 eodcmmet
639 1351 825 1391 Trapeluntio
840 1352 866 1380 iu
888 1350 1059 1380 Bessarione.
1073 1351 1135 1378 iict'c
1145 1352 1247 1384 omnia,
1267 1351 1368 1384 ait-but,
1387 1355 1412 1377 et
1431 1351 1510 1386 plura
1525 1352 1651 1385 potuisset
1668 1351 1696 1378 in
1710 1352 1826 1378 medium

188 1401 284 1435 afferre
298 1401 431 1433 Bessario,
452 1402 474 1428 si
489 1402 629 1434 valuisset;
644 1402 690 1429 sed
704 1402 774 1429 dedit
787 1403 835 1428 hoc
850 1402 948 1436 partim
962 1401 1087 1436 gravitati
1104 1408 1169 1433 sum,
1186 1408 1217 1427 ne
1230 1392 1326 1426 castas
1337 1404 1362 1426 et
1378 1401 1487 1435 pudicas
1505 1403 1583 1426 aures
1596 1404 1672 1426 tanta
1687 1400 1826 1427 verborum

188 1449 352 1482 impuritate,
366 1455 442 1476 tanta
461 1450 630 1477 obscoenitate
645 1450 785 1482 orationis,
800 1455 855 1476 tam
870 1449 1004 1476 horrenda
1021 1454 1100 1483 atque
1127 1448 1282 1475 exsecrabili
1297 1447 1427 1475 scelerum
1445 1448 1697 1474 commemoratione
1707 1468 1715 1481 ,
1733 1457 1825 1475 macu-

188 1495 256 1521 laret
275 1501 355 1530 atque
370 1497 487 1530 inﬁceret
500 1505 508 1529 ,'
522 1497 621 1531 partim
637 1497 833 1523 mansuetudini
846 1500 869 1522 et
885 1495 1000 1526 linitate,
1015 1504 1046 1521 ne
1060 1500 1083 1521 te
1095 1495 1214 1530 quamvis
1230 1496 1426 1522 atrocissimum
1439 1496 1550 1526 hostem,
1562 1493 1615 1521 Deo
1629 1493 1826 1531 hominibuqu

189 1542 303 1568 invisum
321 1542 452 1575 redderet,
470 1546 494 1568 et
507 1542 620 1569 salutem
649 1551 680 1569 ac
695 1543 777 1569 vitam
792 1549 864 1568 tuam
876 1542 902 1569 in
917 1541 1164 1576 periculoﬁpoiteret.
1178 1541 1260 1569 Vides
1270 1549 1336 1577 ergo
1351 1541 1596 1576 praestantissimos
1608 1549 1733 1576 quosque
1751 1537 1826 1568 illius

182 1588 277 1614 aetatis
291 1588 365 1615 viros
386 1589 488 1615 acriter
499 1589 571 1616 dicta
588 1589 763 1623 ’l‘rupezunlii
776 1588 958 1619 examinasse,
973 1589 1200 1624 reprobusseque.
1218 1589 1291 1623 quod
1308 1596 1362 1614 non
1373 1589 1434 1615 leve
1450 1594 1492 1616 est
1505 1590 1579 1617 illius
1594 1589 1728 1617 doctrinae
1741 1597 1825 1624 argu-

188 1640 310 1661 lncntum
327 1642 334 1666 ;
352 1640 449 1668 graves
466 1633 645 1661 nihilominus
659 1634 812 1660 Bessurioni
831 1641 893 1660 cum
913 1641 946 1660 eu
963 1634 1117 1661 ἱηίιυὶεἰιὶιε
1130 1632 1219 1667 luere,
1241 1640 1268 1662 ct
1281 1642 1385 1670 magna:
1398 1634 1436 1662 rei
1454 1634 1595 1671 litterariae
1611 1635 1824 1669 controversia,

187 1681 246 1715 lugu
258 1681 428 1709 Bt-ssuriouis
442 1690 501 1716 cap.
522 1681 549 1714 4,
566 1682 616 1708 lib.
631 1689 655 1708 Vl
669 1682 696 1708 in
710 1681 946 1708 Calumiiiatorem
966 1681 1098 1708 Platonis.

224 1727 293 1760 Quid
311 1734 402 1756 autent
420 1729 540 1764 Angelus
557 1727 710 1756 Politianus
726 1728 792 1756 oliui
817 1729 850 1756 de
866 1729 990 1756 doctrinm
1011 1730 1200 1762 existimaverit,
1217 1730 1383 1766 ingenioque
1403 1731 1514 1767 Georgii
1540 1731 1728 1767 Trapezuntii,
1758 1731 1819 1759 fuse

187 1775 337 1802 lllisccllnn.
350 1784 410 1811 cap.
427 1775 472 1809 90,
489 1782 604 1805 testatus
617 1782 660 1803 est.
674 1787 678 1802 λ
697 1776 772 1803 Illud
787 1778 814 1803 in
831 1776 967 1803 Theodoro
984 1777 1078 1804 mirari
1094 1785 1134 1804 me
1150 1779 1245 1812 fateor,
1271 1779 1333 1813 quid
1354 1780 1390 1805 ita
1413 1779 1544 1813 scripserit
1570 1780 1598 1805 in
1614 1778 1772 1814 priefatione
1790 1778 1822 1805 ii-

189 1824 293 1851 ‘Jroruin
310 1825 347 1851 De
363 1825 522 1851 animalibus
539 1824 698 1858 Aristotelis,
716 1825 809 1860 quibus
822 1826 880 1852 unis
889 1826 1021 1861 prwcipue
1032 1826 1241 1858 commendatur,
1256 1826 1379 1860 adjutum
1389 1834 1446 1853 sese
1456 1835 1472 1853 a
1487 1827 1573 1861 nullo,
1583 1835 1629 1853 nec
1643 1832 1746 1854 certare
1757 1827 1822 1854 adeo

189 1879 249 1898 cum
266 1872 368 1898 cwtcris
388 1870 588 1905 interpretibus,
609 1879 685 1905 quos,
702 1871 799 1905 inquit,
814 1872 916 1898 vincere
936 1871 1038 1896 nullum
1055 1872 1187 1906 negotium
1200 1876 1247 1903 est,
1261 1880 1319 1898 cum
1332 1871 1409 1898 libros
1422 1875 1534 1904 eosdem,
1551 1873 1589 1898 sic
1608 1872 1732 1908 Georgius
1759 1873 1823 1900 Tra-

188 1917 325 1950 pezuiitius
341 1922 404 1943 ante
419 1916 505 1951 ipsum
523 1914 653 1942 luculente
668 1915 785 1955 uerterit,
805 1920 832 1942 ut
848 1916 887 1941 vel
903 1915 1022 1945 redditis,
1037 1923 1095 1949 qum
1124 1917 1194 1951 apud
1210 1921 1307 1942 veteres
1326 1917 1473 1948 invenerat,
1485 1917 1525 1944 vel
1547 1925 1594 1952 per
1608 1926 1636 1944 se
1652 1919 1738 1945 denuo
1752 1919 1820 1953 ﬁctis

188 1965 395 1999 excogitatisque
406 1963 549 1995 vocabulis,
564 1962 688 1989 Latinam
705 1971 812 1997 prorsus
825 1962 944 1989 indolth
960 1963 1148 1996 referentibus,
1166 1964 1228 1990 vitio
1245 1964 1344 1998 factum
1360 1969 1459 1997 nostra,
1474 1966 1587 1999 primus,
1615 1964 1720 2001 opinor,
1733 1966 1821 2000 junio-

188 2019 248 2037 ruin
263 2011 392 2043 docuerit,
409 2018 457 2036 cur
471 2011 522 2045 ipsi
534 2010 619 2036 minus
637 2009 744 2042 multas,
760 2017 841 2045 quam
867 2010 963 2042 Graeci,
979 2017 1068 2036 rerum
1083 2009 1274 2045 appellationes
1289 2011 1445 2038 habeamus.
1468 2011 1523 2037 Ηοδ
1541 2011 1623 2046 igitur
1635 2013 1658 2038 si
1669 2013 1726 2046 quis
1742 2012 1819 2040 libros

186 2059 328 2092 diligenter
344 2058 446 2093 legerit,
469 2059 554 2084 minus
568 2058 686 2092 profecto
701 2057 804 2084 Gazam
829 2057 960 2089 laudabit,
988 2065 1053 2092 pene
1068 2056 1142 2084 illius
1157 2059 1273 2093 vestigiis
1285 2059 1458 2092 insistentem,
1472 2061 1537 2094 quin
1554 2060 1577 2087 si
1590 2060 1668 2087 homo
1683 2061 1734 2087 erit
1749 2061 1820 2096 inge-

188 2114 268 2138 nitus,
283 2107 372 2138 credo,
388 2107 598 2133 stomachabitur
610 2107 648 2133 sic
663 2115 679 2133 α
700 2106 832 2133 Theodoro
843 2106 1052 2138 dissimulatum,
1073 2115 1120 2142 per
1137 2115 1214 2142 quem
1231 2109 1346 2134 maxime
1368 2108 1530 2142 profecerat,
1550 2109 1588 2135 sic
1608 2109 1728 2136 habitans
1755 2118 1819 2145 pene

188 2155 351 2189 contemptui
380 2154 556 2188 ludibrioque,
575 2155 651 2187 cuius
666 2153 832 2188 potissimum
845 2153 977 2180 laboribus
991 2155 1180 2187 insidiabatur,
1199 2155 1272 2181 nobis
1285 2163 1344 2181 vero
1354 2155 1435 2182 etiam
1453 2156 1565 2190 fortasse
1578 2155 1681 2183 habebit
1693 2157 1819 2191 gratiam,

188 2202 260 2236 quod
277 2203 328 2228 ista
356 2202 466 2228 reddere
482 2203 536 2228 suis
553 2201 760 2228 auctoritatibus
774 2201 976 2228 contendamus.
991 2201 1062 2228 Nam
1075 2209 1205 2237 quantum
1218 2203 1270 2229 sibi
1290 2202 1418 2237 Georgius
1433 2203 1461 2229 in
1475 2211 1504 2229 so
1520 2203 1650 2238 placuerit
1663 2211 1752 2238 opere,
1781 2205 1820 2231 vel

186 2247 235 2275 illa
248 2249 280 2274 de
295 2247 457 2282 ΡνιινῙαιὶοηε
491 2249 568 2274 verba
601 2247 766 2282 signiﬁcant,
781 2248 874 2281 quibus
887 2256 943 2274 sese
961 2248 1041 2275 libros
1059 2257 1101 2275 eos
1120 2248 1233 2281 Latinis,
1249 2250 1299 2280 ait,
1321 2256 1373 2276 non
1393 2250 1478 2276 minus
1503 2249 1636 2285 elegantes
1654 2253 1819 2278 emendatos-

188 2302 238 2327 que
254 2294 328 2326 dare,
341 2303 420 2329 quam
433 2294 506 2329 apud
522 2293 625 2320 ercos
641 2294 800 2321 habeantur.
816 2293 867 2320 Sed
883 2298 907 2320 et
918 2295 965 2320 hoc
987 2296 1021 2320 ad
1032 2301 1060 2320 se
1073 2295 1178 2321 trahere
1193 2294 1340 2321 Theodorus
1353 2300 1477 2327 conatur,
1494 2299 1522 2321 ut
1537 2297 1610 2328 item,
1627 2304 1686 2330 qua!
1701 2296 1734 2323 de
1749 2305 1819 2323 men-

183 2341 257 2366 sibus
269 2339 358 2366 (ἐι-ωδε
389 2339 516 2374 prodidit,
532 2347 563 2365 es:
578 2339 656 2370 huius
670 2339 847 2372 potissimum,
862 2339 894 2365 de
910 2347 964 2374 qua
976 2339 1119 2373 loquimur,
1133 2340 1361 2375 interpretationis
1375 2342 1501 2375 prooemio
1510 2341 1693 2376 subiugantur.
1705 2343 1739 2368 At
1751 2343 1817 2370 enim

184 2388 274 2422 ,fucre,
284 2388 350 2414 sicut
366 2391 488 2422 apparet,
506 2386 681 2414 acerbissima:
695 2388 764 2414 inter
775 2387 821 2414 hoc
837 2388 941 2415 Gi‘wcos
954 2388 1111 2419 inimicitiae,
1125 2390 1193 2415 sicut
1211 2389 1238 2415 iii
1249 2392 1426 2424 grammatico
1443 2398 1547 2424 quoque
1557 2398 1604 2417 suo
1619 2390 1816 2418 Commentario

187 2436 338 2462 Theodorus
356 2434 497 2470 Georgium
508 2440 582 2461 vocat
599 2434 667 2461 hunc
686 2435 879 2467 l’ornoboscon,
892 2435 962 2470 quod
978 2435 1092 2462 alentem
1105 2441 1224 2463 scortum
1238 2438 1297 2471 sign
1310 2437 1382 2471 ﬁcat,
1394 2437 1526 2469 ulludens,
1541 2437 1667 2470 arbitror,
1683 2439 1719 2464 ad
1738 2437 1817 2465 Geor-

183 2485 261 2519 gium
277 2488 388 2510 veterem
409 2483 632 2516 brainmaticum,
650 2484 692 2510 cui
701 2489 901 2518 cognomentum
918 2483 1005 2511 Gnaei
1021 2484 1211 2511 Gliterolioscon
1226 2485 1326 2511 dicere.
1344 2484 1446 2511 Cretera
1465 2492 1554 2520 porro,
1583 2492 1642 2520 qua:
1673 2485 1818 2512 Theodotus

185 2531 229 2556 hic
245 2530 335 2560 edidit.
352 2531 394 2557 ubi
409 2531 484 2557 modo
500 2539 550 2557 non
570 2531 776 2566 repetundarum
788 2531 823 2557 sit
838 2532 1012 2564 accusandus,
1028 2532 1095 2558 sicut
1123 2531 1272 2557 eruditione
1288 2531 1479 2566 diligentiaque
1496 2539 1548 2558 non
1579 2536 1682 2565 carent,
1712 2532 1760 2565 ita,
1789 2537 1814 2558 ut

190 2578 252 2605 mihi
267 2578 373 2612 quidem
389 2579 503 2609 videtur,
522 2577 556 2604 ad
569 2586 680 2604 etamen
692 2578 824 2612 quoddam
845 2579 962 2605 strictius
987 2578 1167 2612 curiosiusque
1183 2578 1341 2605 revocanda.
1363 2578 1416 2605 Nos
1432 2579 1479 2604 hoc
1496 2578 1551 2605 loco
1561 2587 1607 2605 nec
1618 2579 1756 2605 doctorum
1781 2579 1817 2604 ni-

183 2623 245 2649 sida
263 2622 369 2649 nomina
394 2627 525 2649 tentamus
549 2623 620 2658 apud
643 2623 824 2658 imperitorum
850 2623 1004 2651 decolorore
1032 2625 1155 2659 judicia,
1183 2631 1228 2650 nec
1257 2628 1344 2650 tamen
1367 2624 1548 2657 dissimulare,
1568 2627 1637 2660 quod
1661 2627 1689 2651 in
1719 2631 1817 2658 quoque

187 2670 376 2701 desideremus,
410 2674 458 2696 aut
483 2671 674 2698 inhonoratum
705 2671 820 2698 transire
852 2671 991 2705 volumus,
1026 2673 1068 2698 cui
1099 2673 1194 2699 ueritas
1220 2672 1412 2706 patrociuetur.
1443 2672 1476 2699 Ut
1507 2678 1597 2699 autem
1638 2673 1734 2700 habire
1767 2676 1816 2708 stg-

189 2716 255 2747 luin,
270 2717 469 2750 quummaxime
485 2717 641 2752 ingenuum,
656 2722 834 2752 paratumque
849 2717 980 2751 volumus,
997 2718 1035 2745 ita
1047 2726 1127 2752 quam
1144 2719 1251 2745 miniata
1262 2719 1469 2751 accusatoriam,
1486 2727 1566 2752 quam
1579 2719 1688 2746 minime
1701 2718 1816 2746 licentio-

187 2771 259 2794 sum,
273 2769 297 2790 et
310 2766 428 2792 noxium.
445 2765 498 2792 Nec
517 2767 584 2792 enim
599 2771 655 2792 tam
676 2766 815 2800 vafririam
829 2768 999 2801 profitentur,
1015 2775 1096 2799 quam
1111 2767 1261 2793 exhibemus
1273 2767 1444 2793 industriam.
1463 2768 1574 2795 Vossius
1589 2774 1679 2795 tamen
1702 2767 1816 2796 lnstitut.

189 2815 289 2834 orator.
305 2811 351 2838 tilr.
370 2819 407 2839 ιν.
424 2819 486 2845 cap.
504 2812 530 2843 3,
549 2812 781 2846 quemadmodum
810 2818 839 2840 et
851 2813 977 2840 Bcssario
993 2813 1212 2847 Trapezuntium
1231 2812 1309 2840 Galil:
1326 2814 1477 2848 postponit.
1499 2814 1617 2846 Minime,
1644 2816 1744 2849 inquit,
1764 2825 1819 2849 pro-

192 2856 258 2884 feco
272 2856 383 2888 conferri
402 2858 494 2883 inci-uit
510 2866 568 2884 cum
587 2858 718 2884 Theodoro
741 2858 826 2891 Casa,
846 2861 887 2886 cui
909 2867 968 2886 eum
1001 2859 1178 2894 a’quiparauit
1197 2860 1310 2894 Angelus
1328 2859 1488 2887 Politianus.
1507 2860 1602 2895 Itaque
1612 2861 1674 2895 jure
1692 2862 1818 2896 politissi-
