1916 3057
97 124 151 154 76.3
817 125 984 156 norma.
1665 131 1680 161 7
1698 132 1715 161 δ

97 180 133 205 ηιί
145 179 243 214 ingenii
260 179 345 205 virum
361 178 408 205 liae
421 180 526 206 nomine
535 180 699 214 reprehendit
716 180 879 208 Parrhasius
893 181 919 207 in
934 180 1060 215 epistolis.
1073 180 1162 216 Neque
1177 184 1267 218 ignora
1282 183 1485 219 Trapezuntium
1499 194 1601 214 errores
1613 187 1714 223 aliquot

94 227 248 253 observasse
264 227 290 252 in
307 226 528 253 translationibus
544 226 632 259 Gazw,
652 235 716 262 quos
729 228 770 254 hic
787 228 900 254 monitus
911 228 1063 261 correxerit,
1075 233 1103 254 ut
1125 234 1148 254 et
1166 231 1296 257 memoria:
1307 231 1421 265 prodidit
1439 232 1568 260 Erasmus
1585 233 1715 268 Catalogo

95 273 335 300 Lucubrationum
348 281 476 300 suarum.
496 273 590 300 Verum
604 278 627 300 et
642 274 707 302 illud
721 276 774 301 scio
793 274 868 307 longe
880 274 959 309 plura
974 282 1028 302 esse
1041 276 1069 302 in
1085 275 1267 311 Trapeztttttio,
1293 286 1352 312 quae
1363 279 1435 306 Gaza
1449 281 1562 313 potuerit
1593 281 1714 315 culpare.

100 319 171 346 Nam
187 324 211 346 et
226 319 252 346 in
265 328 294 346 eo
309 320 461 346 desiderare
478 320 561 354 potuit
576 320 638 353 ﬁdei
652 320 709 355 plus
726 321 752 346 in
769 320 965 354 transferendis
981 329 994 347 e
1005 321 1096 349 Gra‘co
1108 324 1270 356 auctoribus,
1291 329 1316 351 et
1335 333 1465 360 majorem
1487 326 1583 362 linguae
1610 327 1714 354 Latinus

95 366 230 400 peritiam.
244 366 277 393 Et
291 366 339 392 lib.
352 374 370 392 ιι
387 365 424 392 De
435 365 538 392 Hister.
558 365 620 392 Lat.
635 374 695 400 cap.
709 367 742 394 8:
759 365 861 393 Filium
879 367 983 401 reliquit
999 368 1131 395 Andream
1144 369 1358 404 Trapezuntinm.
1371 373 1416 406 qui
1437 374 1521 407 patris
1536 373 1711 406 defensionem

92 413 200 447 scripsit
215 413 339 439 adversus
355 412 521 438 Theodorum
539 411 658 443 Gazam;
675 420 706 438 ac
718 412 902 447 pra’futionem
918 412 952 438 ad
974 412 1078 439 Sixtum
1094 414 1247 448 ponti/iacnt
1261 417 1388 449 praemisit
1404 417 1576 445 translationi
1590 422 1710 454 paternae

95 457 252 485 Ptotentaici
267 459 353 493 operis
368 457 404 484 De
416 465 512 492 magna
522 457 722 484 constructione.
739 457 851 484 Andrea:
861 457 919 491 [ilia
933 458 1021 492 nupsit
1038 457 1141 485 Fausto
1157 459 1322 494 Magdalemz
1334 460 1452 489 Romano
1467 467 1562 497 peetus,
1574 465 1618 498 qui
1631 464 1712 490 Leoni

94 510 234 540 pergratus
251 509 319 537 erat,
333 508 411 539 atque
423 511 493 530 anno
516 502 583 530 1527
602 502 686 530 Roma
706 503 738 530 ab
754 504 869 530 exercitu
883 503 973 530 Caroli
995 500 1024 536 ν,
1041 507 1130 539 capta,
1150 514 1181 532 ac
1198 506 1297 538 diruta,
1309 506 1384 534 Iovio
1398 513 1460 535 teste
1470 510 1559 544 periit.
1575 510 1635 537 Non
1650 519 1711 538 sum

95 557 190 580 tamen
205 559 219 578 a
235 551 324 579 Vossii
336 551 484 582 sententia,
495 550 542 584 qui
556 549 660 577 ibidcm‘
672 550 850 576 secretarium
864 549 1044 583 pontiﬁcium,
1058 551 1181 579 maxima:
1205 552 1418 582 existimationis
1436 562 1468 581 ac
1482 555 1624 589 dignitatis
1641 556 1712 584 inter

92 598 297 626 ecclesiasticos
312 598 413 631 virum,
427 606 490 625 cum
503 596 593 624 scriba
618 603 666 622 seu
681 595 855 627 anianuensi,
868 595 960 622 servili
975 596 1121 631 mancipio,
1139 602 1169 624 ut
1183 598 1219 625 ita
1233 599 1332 631 dicam,
1345 600 1498 628 confundit.
1510 601 1576 633 Quis
1590 601 1711 634 tandem,

94 649 126 672 ut
143 645 170 672 id
183 652 292 679 quoque
307 645 396 672 obiter
410 644 581 674 admoneam,
599 642 663 669 sine
694 640 835 669 stomacho
853 641 924 676 leget
936 640 1067 668 Thomam
1083 643 1192 670 Rivium
1212 644 1239 671 in
1256 644 1402 672 Justiniani
1440 646 1599 675 defensione
1614 653 1710 675 contra

93 694 287 728 Alcmannum,
304 694 350 728 qui
366 694 503 721 Vaticana:
517 687 692 719 bibliothecae
706 687 859 721 custodem,
876 696 975 717 munus
992 695 1021 716 et
1036 690 1169 725 dignitate
1190 699 1249 722 sua.
1267 698 1295 719 et
1323 693 1469 719 custodum
1495 693 1608 726 virtute,
1628 699 1711 729 atque

91 741 222 768 doctrina
239 741 437 776 amplissimum
455 738 726 775 pulcherrimumque
755 735 872 771 maligne
900 736 1059 770 admodum,
1075 738 1107 764 de
1121 738 1317 772 pulverizandis
1338 740 1504 767 Bibliotheca:
1527 739 1660 768 Vaticana:
1677 741 1709 767 li-

96 789 150 816 bris
165 796 271 823 cperant
288 796 385 815 navare
400 787 516 815 scribit?

639 1013 893 1064 ΝΟἹΊΤΙΛ
928 1018 1176 1061 ALTERA.

203 1131 302 1163 (Christ.
318 1130 383 1156 Frid.
399 1129 549 1160 liuet-erus,
564 1130 596 1156 De
606 1129 685 1155 doctis
698 1127 833 1155 hominum
846 1127 938 1153 ercis
956 1127 1092 1153 litterarum
1103 1129 1243 1154 Graecam»
1255 1129 1280 1152 in
1293 1126 1368 1152 italia
1380 1126 1604 1159 inuauratoriou.)

129 1329 274 1365 Georgius,
285 1336 299 1355 a
311 1327 483 1362 Trapezunte
494 1324 639 1356 oriundus,
653 1328 734 1351 natus
757 1329 798 1351 est
818 1323 845 1350 in
871 1323 951 1350 Creta
972 1329 1044 1350 anno
1058 1322 1149 1349 saeculi
1166 1321 1255 1356 quarti
1271 1320 1377 1348 decimo
1392 1325 1468 1348 sexto
1482 1326 1508 1349 et
1523 1323 1711 1357 nonagesimo.

95 1377 201 1410 Relicta
217 1375 315 1410 patria,
328 1375 356 1402 in
370 1374 477 1401 Italiam
492 1372 568 1400 venit
584 1379 618 1399 eo
633 1371 746 1398 circiter
762 1375 896 1403 tempore,
912 1377 967 1403 quo
982 1369 1117 1404 Eugeniae
1136 1369 1169 1396 IV
1188 1368 1285 1396 inierat
1302 1368 1500 1403 pontiﬁcatum.
1524 1370 1590 1396 Nam
1606 1370 1714 1405 aliquot

94 1408 131 1452 ibi
146 1408 276 1459 cum-jam
291 1426 413 1450 moratus
427 1425 499 1448 esset
515 1424 612 1452 annos,
627 1419 659 1454 ad
675 1419 807 1446 Joannem
822 1417 1014 1452 Palaeologurn,
1039 1417 1230 1450 imperatorem
1243 1416 1572 1451 Constantinopolitanum
1595 1419 1628 1446 de
1647 1427 1711 1454 pro-

95 1473 216 1501 iectione
231 1471 264 1500 ad
281 1470 427 1501 concilium
443 1468 628 1499 Ferraricnse,
644 1470 735 1501 spreto
748 1465 905 1497 liasileensi,
921 1463 1102 1498 suscipienda,
1119 1462 1224 1489 litteras
1240 1463 1324 1491 dedit.

130 1519 240 1554 Linguae
268 1518 370 1544 Latina:
400 1516 529 1552 magistro
560 1521 625 1541 usus
653 1513 794 1540 Victorino
820 1510 964 1543 Feltrensi,
999 1509 1108 1537 scholas
1132 1509 1320 1554 compluribus
1349 1510 1418 1538 locis
1444 1511 1552 1545 aperuit
1580 1512 1711 1547 quidem,

95 1553 228 1597 nusquam
244 1561 367 1595 gentium
383 1564 473 1587 autem
487 1558 593 1586 ﬁrmam
609 1563 641 1584 ac
658 1555 782 1583 stabilem
799 1555 966 1582 fortunarum
988 1558 1084 1580 nactus
1099 1557 1141 1580 est
1160 1553 1264 1580 sedem.
1280 1553 1400 1581 Venetiis
1413 1555 1530 1588 primum
1541 1576 1549 1588 ,
1567 1557 1710 1585 conatibus

96 1607 182 1641 ipsius
208 1605 316 1632 favente
345 1603 444 1631 illustri
468 1607 595 1629 senatore
621 1599 766 1626 Fraucisco
798 1599 928 1630 Barbara,
962 1605 1031 1632 quas
1059 1597 1220 1625 Franciscus
1243 1598 1403 1633 Philelphus
1431 1607 1462 1626 ea
1493 1600 1520 1627 in
1541 1601 1610 1628 urbe
1630 1602 1712 1635 paulo

94 1659 157 1682 ante
175 1654 318 1684 decuerat,
330 1653 437 1679 litteras
455 1650 596 1686 professus
610 1652 651 1676 est
666 1647 782 1675 Grutcas.
980 1679 983 1681 _

130 1697 189 1731 Quo
214 1697 304 1724 oﬁicio
329 1703 391 1723 cum
415 1695 519 1729 aliquot
538 1693 647 1720 iunctus
668 1695 742 1719 esset
774 1697 871 1720 annos,
900 1688 1019 1716 Venetiis
1047 1688 1160 1716 Romam
1190 1687 1364 1723 demigravit,
1394 1688 1499 1724 ibique,
1535 1689 1651 1725 Eugenii
1675 1690 1707 1718 IV

95 1746 126 1772 ιι.
145 1745 173 1772 Ρ.
187 1744 326 1778 auspiciis,
346 1743 478 1770 doctrinae
494 1748 550 1768 sua:
561 1740 666 1774 copiam
681 1738 743 1765 fecit
759 1738 828 1769 aliis,
841 1736 972 1763 tradendo
987 1741 1073 1763 artem
1091 1735 1198 1763 dicendi
1213 1740 1240 1763 et
1250 1736 1458 1772 philosophandi
1472 1737 1612 1765 scientiam
1628 1738 1710 1774 idque

96 1799 149 1820 tam
167 1792 239 1819 felici
255 1791 356 1818 laboris
369 1797 498 1818 successu
521 1793 550 1815 ut
564 1786 714 1822 permultos
728 1785 841 1812 haberet
856 1784 1014 1817 auditores,
1037 1790 1063 1811 et
1078 1792 1111 1811 ex
1126 1785 1184 1820 ejus
1207 1784 1352 1818 disciplina
1373 1785 1423 1812 viri
1444 1785 1595 1814 doctissimi
1619 1789 1712 1822 prodi-

95 1844 166 1867 rent.
195 1839 249 1866 llos
276 1838 385 1872 Georgii
416 1841 530 1864 conatus
550 1835 607 1869 qui‘
628 1834 660 1860 ad
687 1833 794 1867 ingenia
820 1831 952 1859 doctrinis
981 1827 1131 1859 excolenda
1159 1832 1361 1867 referebantur,
1380 1833 1492 1869 Eugenii
1515 1842 1577 1871 post
1604 1837 1708 1865 obitum

93 1887 219 1915 Nic-aluus
234 1887 254 1914 ν
275 1886 394 1921 pontifex
408 1884 537 1914 sullectus
549 1901 556 1914 ,
574 1880 709 1916 stipendio
726 1880 876 1907 liberaliter
890 1878 1039 1906 constituto
1050 1899 1059 1912 ,
1078 1879 1162 1913 juvit,
1177 1884 1202 1907 et
1227 1880 1315 1914 ipsum
1331 1882 1461 1916 dignitate
1475 1889 1585 1912 auctum
1600 1885 1634 1911 ab
1649 1887 1711 1920 epi~

91 1931 169 1957 sloiis
184 1938 244 1957 esse
272 1930 376 1961 voluit;
395 1933 451 1954 tttm
487 1933 550 1952 vero
569 1925 594 1951 id
614 1923 752 1959 negotium
774 1923 800 1950 ci
830 1922 906 1949 dedit
934 1926 964 1948 ut
991 1923 1228 1957 prmstantissiluos
1250 1924 1336 1951 libros
1355 1925 1463 1953 Graecos
1483 1927 1579 1954 Latina
1598 1928 1709 1956 civitate

91 1975 216 2000 deiraret.
234 1974 298 2006 Qua:
311 1979 400 2000 tamen
412 1969 519 2004 Georgii
533 1969 642 1995 fortuna
663 1973 759 2001 parum
779 1964 829 1993 sibi
846 1965 977 1997 constitit,
991 1970 1019 1992 et
1032 1965 1121 1992 subita
1137 1973 1229 1993 rerum
1248 1969 1426 1996 conversione
1438 1970 1548 2003 deiecit,
1564 1971 1668 2000 oﬁensa
1681 1973 1711 2000 in

90 2025 153 2044 eum
168 2025 223 2043 non
236 2018 274 2045 ita
288 2016 371 2043 multo
391 2012 595 2049 pestpontilicis
613 2010 764 2038 voluntate.
780 2008 857 2044 Quod
877 2010 898 2036 si
913 2006 1003 2043 ipsius
1029 2009 1184 2036 testimonio
1213 2011 1340 2038 standum
1373 2012 1455 2045 foret,
1474 2015 1608 2048 pontiﬁcis
1626 2017 1706 2044 iram

90 2061 116 2087 in
135 2068 164 2088 se
182 2060 338 2091 concitavit,
354 2064 382 2086 et
411 2057 523 2092 gratiam
538 2063 618 2089 quam
637 2053 710 2088 apud
732 2060 793 2080 eum
815 2053 913 2079 inierat
934 2052 1031 2079 ell‘udit
1057 2060 1165 2079 onmem
1193 2060 1226 2080 eo
1250 2054 1322 2088 quod
1344 2055 1481 2084 confectas
1508 2065 1523 2085 a
1548 2065 1577 2086 se
1597 2059 1709 2088 Patrum-

89 2106 270 2142 quorumdam
297 2113 324 2134 et
350 2106 575 2148 philosophorum
606 2107 763 2134 Graecorum
789 2104 1031 2139 interpretationes
1053 2104 1163 2132 Latinas
1178 2105 1212 2132 ad
1238 2105 1307 2133 alios
1324 2092 1457 2141 quosdam
1475 2109 1571 2136 referri
1588 2111 1709 2137 noluerit

88 2162 225 2184 auctores.
243 2158 276 2183 At
288 2157 429 2184 enimvero
457 2156 533 2182 nullo
549 2153 680 2182 credibile
696 2159 738 2181 est
757 2153 849 2184 modo.
868 2153 920 2180 tale
935 2153 1000 2188 quid
1021 2152 1173 2187 postulasse
1190 2152 1365 2188 pontiﬁcem;
1385 2155 1450 2189 quin
1468 2156 1558 2190 potius
1572 2158 1706 2191 pontifex,

89 2205 134 2232 ubi
152 2203 365 2239 Trapezuntium
390 2202 482 2230 minus
499 2202 593 2229 dextre
612 2201 697 2228 libros
716 2201 777 2227 illos
793 2200 902 2227 Grascos
926 2199 1021 2226 Latine
1040 2199 1221 2232 convertisse,
1237 2207 1270 2226 ex
1289 2199 1394 2228 idoneis
1409 2202 1543 2236 comperit
1565 2203 1705 2230 existima-

89 2252 221 2283 tionibus,
251 2252 469 2286 arrogantia-que
502 2253 529 2276 et
567 2249 661 2277 livoris
688 2239 798 2284 plenum
826 2247 913 2282 ipsius
942 2247 1082 2283 ingenium
1110 2247 1248 2282 cognovit,
1274 2247 1366 2275 odium
1391 2248 1418 2275 in
1452 2256 1514 2276 eum
1545 2251 1711 2285 concepisse

86 2299 204 2327 videtur.

120 2345 243 2372 Emulos
257 2344 484 2379 adversariosque
499 2345 654 2379 complures
669 2338 802 2377 Georgius
817 2341 912 2369 habuit
928 2342 1031 2372 Romre,
1049 2348 1099 2368 nec
1111 2348 1173 2367 eum
1186 2340 1331 2368 Theodoro
1341 2342 1412 2370 Gaza
1424 2343 1524 2376 solum,
1543 2345 1590 2379 qui
1608 2345 1706 2373 huma-

86 2395 171 2421 nitate
186 2394 365 2428 doctrinaquc
381 2392 469 2428 ipsum
483 2392 640 2427 priestabat,
659 2391 686 2417 in
700 2390 838 2417 simultate
859 2390 921 2422 luit,
937 2389 985 2416 sed
1003 2396 1066 2416 cum
1091 2388 1239 2415 Laurentio
1268 2389 1343 2416 Valla
1366 2390 1460 2422 etiam,
1476 2397 1656 2427 posteaquam
1682 2395 1708 2422 is-

85 2440 248 2475 Quintiiiaui
262 2439 629 2475 susceperatdefensionem,
645 2445 677 2464 eo
691 2437 801 2464 nomine
816 2435 967 2463 contendit.
983 2435 1130 2470 Aliquanto
1145 2439 1209 2461 ante
1230 2443 1311 2469 quam
1328 2436 1399 2464 Urbe
1417 2437 1537 2471 cederet,
1554 2439 1581 2465 in
1598 2440 1710 2467 theatro

85 2487 220 2522 Pompeii,
239 2494 300 2514 cum
312 2487 409 2514 tabula:
427 2485 572 2521 pUIlliﬁCla:
589 2489 799 2512 recenserentur
810 2488 839 2510 et
852 2484 948 2511 scribat
965 2482 1034 2510 adeo
1054 2481 1192 2518 pontiﬁcis
1207 2490 1303 2510 omnes
1320 2485 1461 2518 adessent,
1477 2485 1534 2520 ipse
1546 2491 1573 2514 et
1587 2488 1708 2524 Poggius

86 2534 261 2563 Florentinus
274 2533 400 2560 illiberali
415 2532 540 2566 exemplo
561 2531 632 2558 inter
653 2539 681 2558 se
706 2530 893 2557 decertarunt.
912 2529 981 2556 Cum
1000 2528 1116 2564 Poggius
1131 2529 1221 2556 verbis
1240 2530 1319 2557 valde
1338 2533 1544 2560 contumeliosis
1558 2534 1705 2562 lacesseret

85 2581 310 2617 Trapezuntiuin,
327 2581 372 2608 hic
384 2579 547 2607 verberibus
559 2579 770 2606 conviciatorcm
789 2578 971 2605 coercendum
987 2578 1102 2611 putavit,
1121 2577 1254 2612 illumque
1267 2579 1382 2614 colapho
1396 2581 1480 2607 semel
1503 2587 1586 2616 atque
1603 2582 1703 2610 iterum

86 2630 234 2666 percussit.
260 2627 354 2655 Mirant
383 2628 530 2654 verborum
552 2633 613 2653 cum
646 2627 806 2653 Verberibus
836 2626 1078 2653 commutationem
1106 2630 1239 2653 memorat
1262 2626 1380 2660 Jovius,
1398 2628 1577 2665 eamdemque
1602 2630 1707 2666 Poggii)

85 2677 231 2713 exprobrat
244 2675 324 2702 Laur.
335 2674 421 2702 Valla.
437 2674 470 2700 At
485 2673 558 2700 enim
575 2673 689 2708 Poggius
708 2672 947 2707 exprobrationem
962 2672 1032 2700 hanc
1050 2672 1077 2699 in
1104 2673 1223 2699 ludibria
1238 2674 1332 2706 vertit,
1357 2681 1445 2708 neque
1462 2675 1550 2702 solum
1566 2677 1703 2712 eolaplris,

86 2724 132 2752 sed
148 2723 281 2755 calcibus,
300 2721 429 2752 fustibus,
447 2721 530 2752 ferro,
549 2727 604 2746 rem
626 2725 710 2746 actam
729 2719 824 2751 fuisse,
840 2723 943 2750 narrat,
964 2724 991 2746 et
1008 2718 1121 2753 Vallem,
1137 2724 1264 2754 tanquam
1281 2719 1450 2754 manipulum
1464 2720 1556 2748 furum
1572 2730 1626 2757 quo
1640 2727 1701 2750 vul-

86 2778 149 2797 uera
162 2768 343 2803 abstergeret,
359 2767 392 2794 ad
412 2772 550 2794 certamen
567 2771 620 2793 tant
637 2771 713 2792 atrox
726 2773 778 2792 non
795 2764 945 2792 accurrisse
963 2765 1087 2792 miratur.

119 2815 196 2849 Saepe
211 2816 380 2848 multumque
400 2812 598 2847 Trapezuntius
616 2812 708 2840 Romae
723 2812 748 2838 in
766 2810 870 2838 (edibus
884 2810 1052 2837 Bessarionis
1070 2811 1241 2844 versabatur,
1263 2817 1290 2838 et
1303 2812 1329 2838 in
1354 2813 1458 2840 circulo
1475 2813 1700 2843 doctissimorum
