1916 3057
193 141 244 172 7ῦῖ
778 137 942 168 GEORGII
966 137 1227 168 TRAPEZUNTII
1763 138 1815 169 768

193 199 348 226 hontittttttt,
364 199 418 222 tant
435 194 591 222 Graecorum
609 201 690 229 quant
701 193 871 226 Latinorum,
890 194 935 228 qui
956 193 988 220 ad
1009 194 1079 220 lianc
1097 200 1236 220 musarum
1253 192 1344 220 sedem
1362 193 1459 228 quovis
1477 193 1520 221 die
1539 200 1647 228 semper
1663 194 1817 229 conspicie-

193 244 285 270 batur.
302 242 496 270 Verumtamen
523 241 623 267 summi
640 239 703 273 viri,
722 245 750 267 et
771 240 928 267 communis
940 238 1098 266 Gnecorutn
1124 239 1250 266 exsulum
1272 239 1390 274 patroni,
1412 239 1533 266 animum
1547 239 1626 274 plane
1656 239 1739 267 rebus
1759 241 1818 268 suis

195 288 370 321 abalienavit,
384 295 446 315 cunt
467 288 568 314 librum
587 287 718 314 edidisset
737 286 849 321 plenum
873 285 1037 320 probrorum
1066 290 1148 320 atque
1176 285 1419 317 contumeliarum,
1447 285 1548 320 quibus
1572 285 1692 313 Platonis
1717 286 1820 313 ramum

194 337 343 368 lacerabat.
361 341 399 368 ut,
415 336 544 370 depressa
561 336 628 363 tanti
648 335 780 370 sapientis
793 335 970 366 auctoritate,
987 333 1141 365 Aristoteli,
1154 333 1232 369 cujus
1244 341 1305 361 sese
1320 334 1453 361 asseclam
1468 333 1656 371 proﬁtebatur,
1681 338 1819 361 assereret

198 383 393 419 principatum.
406 382 474 410 Cum
489 386 579 410 autent
595 382 738 409 Bessarion
759 381 954 416 philosophum
970 388 1052 415 quem
1069 381 1096 407 in
1113 381 1201 407 oculis
1218 380 1334 412 ferebat,
1349 380 1483 407 conviciis
1497 380 1569 407 illius
1581 380 1718 415 proscindi
1736 381 1821 407 intel-

195 429 304 464 ligeret,
330 430 370 457 rei
392 435 481 456 mutus
503 429 676 464 indignitate,
697 428 782 455 libros
801 427 906 462 aliquot
924 435 973 462 pro
1000 427 1164 454 vindicanda
1189 427 1311 454 Platonis
1324 427 1411 462 gloria
1426 427 1559 454 adversus
1587 427 1816 454 calumniatorem

199 477 258 511 ejus
273 484 353 511 quem
383 476 491 503 vocavit
519 475 747 510 Trapezuntium,
761 474 882 509 scripsit.
898 473 975 506 Quos
991 473 1102 508 quidem
1123 473 1204 508 plane
1224 473 1348 507 egregios
1369 477 1396 500 et
1414 477 1443 499 ut
1459 473 1484 500 itt
1497 477 1590 500 nostra
1605 473 1639 500 de
1660 472 1822 500 Bcssarione

199 525 320 551 diximus
346 523 590 555 commentatione,
617 530 724 550 omnem
750 522 872 549 Platonis
891 522 1058 554 doctrinam,
1079 521 1175 549 Iitttato
1201 520 1406 548 commentandi
1430 527 1540 555 genere,
1572 519 1730 554 complexos
1759 527 1822 547 cum

201 580 308 603 omnes,
329 573 429 607 quibus
454 572 512 599 hac
524 571 637 598 ﬂorebat
650 577 728 602 aetas,
743 570 845 598 eruditi
859 569 1050 597 collattdarent
1063 569 1173 601 exintie,
1186 574 1214 595 et
1230 567 1470 596 vehementissime
1486 568 1710 602 comprobarent,
1726 574 1825 602 graves

197 617 399 651 Trapeluntius
416 617 577 644 temeritatis
591 624 647 643 suae
664 624 758 651 pinnas
772 616 859 648 dedit,
874 621 902 642 et
920 616 1036 650 publica
1051 616 1161 644 invidiae
1174 616 1304 644 incendio
1317 617 1506 651 conﬂagravit.

232 665 374 700 Georgius,
392 670 535 700 postquam
559 664 586 691 in
604 664 708 695 odium,
731 664 914 691 oﬁ‘ensioncm
933 664 1070 698 pontiﬁcis
1098 664 1243 696 inciderat,
1270 665 1410 699 Neapolim
1431 672 1491 692 sese
1513 664 1642 695 contulit,
1664 663 1821 698 perfugium

197 711 337 746 prabente
352 711 503 745 Alphonso,
519 712 687 746 Arragonum
703 711 914 745 Siculorumque
929 718 1002 745 rege,
1015 711 1060 745 qtti
1072 711 1202 738 doctrina:
1214 718 1295 746 quant
1310 713 1430 742 amabat,
1442 711 1534 738 studio
1545 710 1708 737 conciliatus
1723 710 1825 740 CKS'JII.

198 757 271 792 ejus,
289 757 315 784 in
334 757 413 783 Iidem
426 756 636 790 clientelamque
656 756 771 792 recepti,
790 757 909 791 inopiam
928 757 1096 792 perbenigne
1120 757 1285 789 sublevavit,
1315 763 1344 785 et
1367 758 1482 785 Itonesto
1506 756 1658 784 constituto
1683 756 1822 791 stipendio

198 802 286 837 ipsum
301 807 329 830 et
357 803 488 830 familiam
517 810 627 830 omnem
650 803 718 830 aluit
743 810 776 830 ac
801 803 977 830 sustentavit.
1005 802 1152 831 Francisco
1172 803 1315 838 Philelpbo
1337 804 1408 838 apud
1426 802 1568 831 Nicolaum
1583 802 1742 837 pontiﬁcetn
1774 808 1826 836 pro

151 863 153 867 τ
199 852 260 885 ipso
280 850 467 878 intercedente
478 870 486 883 ,
503 850 617 876 Rotnatn
633 851 696 877 inde
715 849 848 877 redeundi
864 849 889 876 ei
907 849 977 877 facta
991 855 1033 877 est
1051 855 1180 885 potestas.

234 896 314 923 Anno
341 898 433 924 saeculi
449 897 536 932 quittii
552 897 650 925 decimi
673 897 771 931 quinto
786 901 814 924 et
837 896 1020 931 sexagesimo,
1038 896 1240 931 Trapezuntius
1255 897 1282 925 in
1306 898 1412 925 Cretam
1439 896 1557 932 indeque
1575 894 1734 932 Byzantium
1761 894 1825 922 navi

200 942 339 974 profectus
359 947 402 971 est
418 948 445 971 et
461 944 574 979 trajecto
595 942 661 970 mari
677 942 793 969 Romam
811 947 963 975 revertens,
979 943 1038 978 ejus
1054 942 1159 970 itineris
1172 944 1278 978 insigne
1298 944 1390 978 posuit
1405 947 1623 970 monumentum.
1644 941 1742 968 Paucis
1752 941 1826 968 enim

200 991 340 1017 mensibus
358 995 422 1018 attte
440 999 526 1026 quam
546 991 651 1018 Novam
668 990 742 1017 illam
764 990 877 1016 Romam
899 989 990 1021 iniret,
1009 998 1035 1016 tv
1049 989 1184 1017 Kalendas
1196 991 1291 1018 lunias
1308 991 1335 1017 in
1351 990 1397 1020 illa
1417 990 1484 1017 urbe
1499 988 1609 1024 juvenis
1633 987 1759 1023 quidam,
1783 987 1827 1014 cui

199 1042 299 1063 nomen
318 1037 434 1065 Δηὼ-εκ
448 1042 518 1070 eiat,
533 1038 621 1072 patria
639 1037 739 1068 Chius,
758 1036 934 1063 acerbissimo
948 1037 1088 1063 cruciatus
1104 1044 1202 1071 genere
1218 1037 1344 1069 allectus,
1362 1036 1523 1066 necabatur,
1540 1036 1610 1068 quod
1630 1043 1645 1061 a
1670 1034 1828 1062 Christiana

200 1084 334 1118 religione
348 1083 381 1111 ad
395 1080 669 1110 Muhammedismum
683 1083 835 1110 desciscere
850 1083 943 1110 nollet.
956 1082 1032 1115 Quod
1048 1083 1093 1109 ubi
1111 1083 1312 1117 Trapezuntius
1322 1091 1337 1110 a
1349 1083 1440 1110 ttautis
1453 1082 1609 1118 Byzantinis
1625 1082 1739 1109 rclatunt
1753 1089 1831 1110 accc—

203 1132 301 1166 pissct,
316 1130 459 1164 ipsumque
475 1134 568 1164 postea
584 1129 705 1155 hominis
723 1127 860 1155 interfecti
875 1135 975 1162 corpus
993 1128 1130 1163 integrum
1143 1129 1233 1156 adhuc
1249 1134 1275 1156 et
1292 1129 1482 1164 incorruptum
1505 1128 1606 1156 Galatae
1622 1129 1828 1164 conspexisset,

199 1178 349 1209 cruciatus,
370 1186 440 1212 quos
466 1177 523 1209 ille,
548 1177 617 1204 nihil
634 1181 736 1204 ntutata
759 1184 822 1212 erga
846 1176 1019 1204 Servatorem
1040 1177 1173 1211 optimum
1200 1177 1263 1210 nde,
1287 1185 1449 1213 summaque
1465 1174 1640 1210 constantia,
1666 1177 1830 1212 pertulerat,

199 1227 283 1253 redux
301 1226 397 1255 factus,
417 1225 444 1251 in
458 1229 616 1259 perpetuatn
638 1224 675 1251 rei
693 1229 775 1258 gestae
795 1223 968 1256 memoriam,
981 1223 1082 1251 litteris
1099 1224 1280 1259 consignavit.

234 1274 440 1309 Ingravescente
465 1278 554 1305 male,
579 1273 678 1300 accidit
696 1272 890 1306 Trapezuntio,
921 1271 995 1306 quod
1015 1272 1110 1300 multis
1130 1273 1290 1301 clarissimis
1309 1273 1384 1304 viris.
1401 1281 1434 1301 ex
1460 1274 1561 1309 priscis
1578 1273 1696 1301 maxime
1713 1273 1831 1306 OrbiIio,

199 1321 301 1350 celebri
318 1321 495 1355 gramtnatii-o
511 1319 642 1351 Messalae,
658 1327 765 1347 summo
781 1320 882 1347 oratori
898 1325 927 1346 et
945 1321 1172 1354 prmslantissiino
1184 1322 1222 1348 illi
1234 1322 1375 1357 sopitistze,
1390 1322 1564 1358 IIermogcni,
1586 1327 1626 1354 ut,
1645 1322 1715 1349 facta
1729 1329 1833 1350 memo-

201 1371 249 1394 rize
264 1369 381 1402 jactura,
405 1368 570 1397 litterarum,
607 1367 747 1401 ipsiusque
779 1367 897 1395 nominis
925 1367 966 1394 sui
986 1368 1097 1402 penitus
1124 1368 1342 1396 oblivisceretur.
1361 1369 1419 1396 Etsi
1441 1370 1469 1396 in
1489 1375 1608 1397 ntetttcm
1629 1369 1714 1400 venit,
1731 1369 1833 1397 subve-

201 1414 266 1446 reri,
287 1422 320 1441 tte
334 1413 406 1449 quod
421 1413 500 1441 Cave
513 1412 624 1440 evenire
638 1413 835 1446 comperimus,
850 1413 918 1439 vitio
935 1413 1086 1444 memoriae.
1097 1413 1214 1448 Georgio
1229 1414 1383 1448 tribuatur;
1395 1419 1460 1442 sunt
1475 1420 1577 1446 tamen,
1590 1416 1636 1450 qui
1649 1416 1833 1449 cotttendunt,

199 1468 292 1488 senem
310 1465 443 1492 nostrum,
461 1467 522 1486 cum
550 1467 599 1493 pro
620 1459 721 1492 ingenii
739 1466 789 1484 suo
810 1458 996 1491 monimentis,
1017 1466 1066 1493 spe
1088 1459 1207 1494 ingentis
1237 1461 1353 1495 prainiii,
1374 1469 1482 1488 summo
1502 1461 1624 1496 pontiﬁci
1651 1463 1832 1498 nuncupatis,

200 1509 234 1535 ab
252 1507 303 1534 hoc
319 1507 391 1534 solos
406 1511 518 1534 centum
543 1513 670 1533 nummos
687 1512 788 1531 aureos
809 1506 971 1539 accepisset,
987 1505 1094 1540 ingrato
1108 1506 1188 1534 istius
1209 1508 1301 1534 aninto
1314 1507 1461 1541 oII‘ensum,
1488 1508 1561 1537 illico
1578 1517 1674 1536 aurum
1694 1517 1728 1536 ex
1745 1514 1832 1545 ponte

200 1556 272 1584 Ailio
289 1557 314 1584 Ill
331 1556 454 1583 Tiberim
469 1555 614 1590 abjccisse,
631 1559 661 1582 et
672 1554 753 1580 simul
770 1553 1007 1588 indignabundum
1026 1554 1127 1582 dixisse
1144 1563 1151 1581 :
1168 1554 1278 1583 Periere
1294 1555 1412 1589 labores,
1436 1562 1531 1592 pereat
1553 1562 1580 1585 et
1603 1565 1700 1586 eorum
1727 1558 1834 1594 ingrata

201 1612 322 1637 merces;
341 1603 495 1638 aﬂ‘ectoquo
514 1610 573 1630 eam
585 1603 620 1630 ob
633 1609 690 1628 rem
711 1602 803 1629 animo
820 1602 846 1628 itt
864 1603 1002 1629 iniseriam
1018 1603 1097 1630 istam
1114 1603 1256 1631 incidisse.
1283 1604 1290 1609 ³
1519 1630 1522 1632 .

236 1653 274 1679 Ita
285 1660 349 1679 vero
364 1651 574 1686 Trapezuntius,
590 1651 676 1678 fracto
689 1650 772 1676 animi
790 1650 889 1677 robore
902 1650 1111 1684 elangueseens,
1124 1659 1157 1678 eo
1168 1653 1333 1692 calamitatis.
1346 1653 1533 1689 redigebatur,
1548 1659 1578 1681 ut
1588 1655 1718 1683 ontnibus
1734 1662 1835 1690 repue-

200 1696 309 1725 πωροι-ε
323 1699 473 1724 videretur.
488 1696 564 1731 Saepe
577 1696 759 1731 multumque,
775 1704 838 1733 cuin
855 1695 947 1723 Romae
966 1696 1000 1723 ad
1016 1697 1102 1724 aedem
1120 1698 1248 1726 Minerva:
1277 1699 1424 1733 habitaret,
1450 1701 1524 1728 solus
1539 1709 1587 1736 per
1602 1702 1698 1729 urbem
1720 1701 1835 1730 sordido

200 1750 229 1771 et
244 1745 338 1771 attrito
356 1745 464 1780 palliolo
486 1744 602 1771 amictus
622 1744 832 1779 geniculatoque
859 1744 984 1779 scipione
1007 1745 1053 1779 qui
1077 1746 1230 1774 vacillantis
1257 1747 1358 1781 gradus
1374 1748 1535 1781 sustineret,
1552 1749 1662 1777 innixus
1678 1749 1834 1777 inambula-

201 1791 250 1818 vit.
264 1791 384 1818 Tandem
415 1799 490 1824 vero,
517 1790 612 1818 multis
644 1791 794 1825 arduisque
819 1791 980 1826 perfunctus
1013 1792 1146 1820 molestiis
1173 1799 1201 1821 et
1229 1795 1440 1828 certaminibus,
1456 1805 1543 1824 annos
1565 1798 1714 1832 nonaginta
1741 1802 1834 1829 natus,

201 1844 279 1867 sexto
290 1844 317 1867 ct
334 1840 500 1874 octogesimo
510 1839 598 1874 quinti
621 1838 720 1866 decimi
734 1839 826 1866 saaculi
839 1847 921 1871 anno,
935 1840 1086 1874 acquievit.

236 1887 330 1923 Neque
348 1887 499 1922 ingenium,
514 1895 565 1914 nec
578 1887 743 1920 doctrinam,
764 1895 813 1914 nec
833 1887 966 1920 studium,
981 1888 1200 1924 industriamque
1215 1889 1242 1917 in
1259 1890 1443 1925 Trapezuntio
1459 1891 1598 1925 desidero;
1613 1899 1731 1926 agnosco
1744 1896 1834 1919 tamen

201 1934 303 1969 aliquid
317 1935 387 1968 quod
405 1935 431 1960 in
448 1932 572 1960 Cretensi
592 1941 688 1968 parum
707 1942 802 1960 miror.
818 1934 904 1962 Vetus
923 1939 965 1961 est
981 1935 1092 1962 verbum
1103 1936 1175 1970 quod
1190 1935 1259 1963 dixit
1274 1937 1451 1972 Epimenides
1461 1943 1489 1965 et
1513 1938 1547 1965 ab
1570 1940 1622 1966 ltoc
1637 1941 1749 1974 repetiit
1772 1939 1830 1974 ipse

202 1979 312 2006 (Ιίγὶιιιιε
334 1979 454 2014 gentium
485 1979 592 2011 doctor,
621 1980 730 2014 Κρῆτες
747 1980 791 2006 ἀεὶ
816 1980 958 2014 ψεῦσται)

1077 1981 1133 2009 Etsi
1150 1981 1350 2017 Trapezuntius
1367 1989 1428 2011 ortu
1457 1984 1595 2012 Cretensis
1611 1985 1665 2012 dici
1691 1985 1833 2014 Cretensis

204 2028 303 2060 noluit,
326 2027 436 2059 malam,
456 2026 528 2061 quod
556 2026 607 2053 Lil.
635 2027 769 2062 Gyra'dus
792 2027 924 2062 opinatur
950 2032 978 2055 ct
998 2028 1176 2056 inveteratam
1206 2030 1302 2064 patria:
1329 2031 1428 2058 famam
1443 2039 1498 2058 non
1515 2040 1611 2066 parum
1626 2030 1751 2067 veritus;
1773 2041 1835 2061 eam

203 2077 313 2104 nomine
339 2081 442 2108 tamen,
463 2083 551 2110 neque
570 2076 720 2110 ingenium,
746 2083 797 2103 nec
824 2084 914 2104 mores
932 2075 1059 2111 deposuit
1082 2078 1161 2105 facile
1177 2086 1185 2110 ;
1204 2079 1290 2111 vafer,
1305 2079 1328 2106 si
1344 2080 1410 2114 quid
1427 2080 1534 2114 judico,
1558 2081 1703 2115 subdolus,
1719 2088 1747 2109 et
1763 2091 1827 2110 cum

205 2124 321 2152 alterius
333 2123 468 2151 dedecore
484 2123 593 2151 det-oris
603 2130 745 2159 appetens,
755 2124 924 2152 lacessendis
936 2124 1008 2158 aliis,
1023 2125 1111 2160 iisque
1127 2126 1254 2159 suminis,
1268 2132 1421 2162 promptus,
1433 2129 1534 2156 nimius
1550 2130 1604 2163 sui,
1614 2138 1710 2165 parcus
1718 2131 1835 2159 alioruut

204 2172 364 2203 admirator,
383 2175 481 2198 cuncta
497 2171 579 2197 tnodo
594 2179 700 2198 summa
716 2177 846 2206 expertus
862 2173 934 2198 ultra
952 2173 1034 2199 vires.

240 2215 339 2242 Filium
356 2216 466 2250 reliquit
482 2215 618 2243 Andream
633 2215 858 2251 Trapezuntinm,
875 2218 923 2244 sed
939 2217 1063 2244 doctrina
1085 2224 1161 2253 patre
1179 2219 1258 2254 longe
1273 2219 1441 2248 inferiorem.
1464 2221 1491 2248 Id
1503 2222 1575 2257 quod
1596 2222 1677 2251 facile
1701 2224 1834 2252 omnibus

205 2263 333 2298 apparuit
356 2269 417 2289 cuin
434 2263 522 2297 patris
545 2263 588 2290 sui
613 2263 844 2290 existimationem
868 2264 927 2298 ipso
950 2263 1040 2292 adhuc
1061 2266 1211 2299 superstite
1235 2266 1368 2294 adversus
1385 2267 1560 2296 Theodorum
1585 2270 1684 2298 Gazam
1705 2271 1836 2299 tuendam

204 2308 379 2343 suscepisset.
392 2309 486 2343 Neque
499 2309 571 2336 enim
592 2309 674 2342 Gaza,
698 2309 947 2337 transmarinorutn
963 2310 1116 2343 hominum,
1132 2311 1180 2345 qui
1201 2320 1215 2338 e
1232 2311 1335 2340 Graecia
1358 2314 1548 2349 profugerant.
1573 2315 1762 2349 doctissimus,
1786 2319 1838 2345 nti-

205 2358 260 2386 seri
276 2358 392 2391 hujusce
403 2357 554 2384 adversarii
571 2357 682 2391 scriptis
700 2357 804 2384 moveri
819 2365 848 2384 se
861 2364 958 2392 passus
974 2362 1027 2390 est,
1045 2358 1094 2385 sed
1111 2358 1184 2385 illius
1195 2359 1336 2387 libidinem
1353 2361 1519 2389 criminandi
1532 2363 1642 2397 penitus
1657 2365 1836 2399 contempsit.

213 2405 328 2432 Andreae
342 2404 408 2436 ﬁlia,
428 2409 496 2431 teste
510 2403 600 2436 levio,
616 2403 748 2431 collocata
762 2408 805 2430 est
821 2404 920 2430 Fausto
935 2403 1109 2438 lllagdalettic,
1126 2404 1260 2438 Romano,
1279 2411 1365 2440 poetae
1387 2398 1490 2442 lepido,
1508 2409 1556 2443 qui
1569 2410 1705 2444 elegantia
1721 2398 1824 2446 ingenii

207 2453 290 2480 Leoni
311 2453 346 2485 Χ,
360 2453 394 2479 R.
409 2452 438 2479 P.
460 2451 626 2486 percltarus,
650 2452 683 2478 dc
695 2450 804 2486 Georgii
825 2451 965 2485 prosoceri
981 2452 1106 2479 doctrina
1117 2457 1145 2479 ct
1162 2452 1251 2480 Iitiunt
1268 2454 1417 2482 acerbitate
1434 2456 1519 2483 multa
1535 2464 1649 2484 narrare
1668 2445 1767 2486 solitus
1785 2445 1837 2489 est:

208 2500 337 2526 miscrqu
352 2504 442 2526 autetu
457 2498 518 2525 vitae
532 2498 635 2525 exitum
649 2498 755 2530 ltabuit,
769 2498 795 2526 in
810 2499 1016 2534 expugnatione
1034 2499 1121 2532 urbis,
1140 2507 1211 2527 anno
1222 2501 1314 2528 saeculi
1324 2503 1391 2529 sexti
1409 2502 1509 2530 decimi
1526 2505 1645 2539 septimo
1659 2511 1687 2533 et
1706 2506 1837 2535 vicesimo

206 2547 428 2574 cotttrucidatus.

242 2608 354 2643 Ignotus
370 2608 479 2643 quidam
493 2613 589 2644 auctor
606 2609 770 2643 ἐπιταφίους
798 2609 848 2636 ltos
881 2610 907 2636 in
931 2610 1148 2645 'l‘rapezuntiunt
1179 2621 1275 2642 versus
1295 2615 1414 2650 scripsit,
1433 2623 1503 2650 quos
1523 2615 1624 2643 Bovius
1648 2616 1738 2652 elogio
1755 2616 1841 2652 ipsius

207 2657 350 2694 subjunxit
365 2666 372 2686 :

735 2694 792 2730 ljao
804 2703 871 2730 urna
887 2693 1060 2730 Trapezutttii
1071 2695 1208 2730 quiescunt

731 2729 836 2763 Georgii
849 2737 920 2760 ossa,
939 2738 1034 2765 parum
1048 2729 1100 2757 diis
1117 2732 1206 2762 amici,

730 2765 805 2802 Quod
819 2765 874 2791 acri
891 2771 915 2791 et
932 2767 1043 2791 nimium
1064 2767 1169 2798 procaci
1184 2767 1274 2802 lingua

735 2800 882 2832 Platonem,
896 2801 995 2836 superis
1008 2808 1109 2835 parem.
1125 2802 1224 2834 petivit.
