  <div class='ocr_page' id='page_1' title='image "/cluster/home/n/w/nwhite01/storage/ocr_20150623/161/njp.32101077773255/506.png"; bbox 0 0 1916 3057; ppageno 0'>
   <div class='ocr_carea' id='block_1_1' title="bbox 564 139 1259 173">
    <p class='ocr_par' dir='ltr' id='par_1_1' title="bbox 564 139 1259 173">
     <span class='ocr_line' id='line_1_1' title="bbox 564 139 1259 173; baseline -0.001 0"><span class='ocrx_word' id='word_1_1' title='bbox 564 142 614 173; x_wconf 87' lang='lat' dir='ltr'><strong>DE</strong></span> <span class='ocrx_word' id='word_1_2' title='bbox 635 139 895 172; x_wconf 72' lang='lat' dir='ltr'><strong>PROCESSIONE</strong></span> <span class='ocrx_word' id='word_1_3' title='bbox 913 141 1092 173; x_wconf 75' lang='lat' dir='ltr'><strong>SPIRITUS</strong></span> <span class='ocrx_word' id='word_1_4' title='bbox 1111 141 1259 173; x_wconf 78' lang='lat' dir='ltr'><strong>SANCTI.</strong></span> 
     </span>
    </p>
   </div>
   <div class='ocr_carea' id='block_1_2' title="bbox 1673 140 1726 172">
    <p class='ocr_par' dir='ltr' id='par_1_2' title="bbox 1673 140 1726 172">
     <span class='ocr_line' id='line_1_2' title="bbox 1673 140 1726 172; baseline 0.019 -1"><span class='ocrx_word' id='word_1_5' title='bbox 1673 140 1726 172; x_wconf 70' lang='grc' dir='ltr'><strong>Π)</strong></span> 
     </span>
    </p>
   </div>
   <div class='ocr_carea' id='block_1_3' title="bbox 107 215 1718 233">
    <p class='ocr_par' dir='ltr' id='par_1_3' title="bbox 107 215 1718 233">
     <span class='ocr_line' id='line_1_3' title="bbox 107 215 1718 233; baseline -0.002 -2"><span class='ocrx_word' id='word_1_6' title='bbox 107 215 1718 233; x_wconf 58' lang='lat' dir='ltr'><strong>———————A————————————————</strong></span> 
     </span>
    </p>
   </div>
   <div class='ocr_carea' id='block_1_4' title="bbox 620 308 1238 468">
    <p class='ocr_par' dir='ltr' id='par_1_4' title="bbox 620 308 1238 468">
     <span class='ocr_line' id='line_1_4' title="bbox 620 308 1238 468; baseline 0.002 -73"><span class='ocrx_word' id='word_1_7' title='bbox 620 308 1238 468; x_wconf 50' lang='lat' dir='ltr'><strong>I‘EQFI‘IOY</strong></span> 
     </span>
    </p>
   </div>
   <div class='ocr_carea' id='block_1_5' title="bbox 544 528 1295 591">
    <p class='ocr_par' dir='ltr' id='par_1_5' title="bbox 544 528 1295 591">
     <span class='ocr_line' id='line_1_5' title="bbox 544 528 1295 591; baseline 0 -5"><span class='ocrx_word' id='word_1_8' title='bbox 544 528 1295 591; x_wconf 89' lang='grc' dir='ltr'><strong>ΤΡΑΠΕΖΟΥΝΤΙΟΥ</strong></span> 
     </span>
    </p>
   </div>
   <div class='ocr_carea' id='block_1_6' title="bbox 383 641 1462 690">
    <p class='ocr_par' dir='ltr' id='par_1_6' title="bbox 383 641 1462 690">
     <span class='ocr_line' id='line_1_6' title="bbox 383 641 1462 690; baseline -0.005 0"><span class='ocrx_word' id='word_1_9' title='bbox 383 644 531 690; x_wconf 90' lang='grc' dir='ltr'>ΠΡΟΣ</span> <span class='ocrx_word' id='word_1_10' title='bbox 569 641 823 689; x_wconf 88' lang='grc' dir='ltr'><strong>ΙΩΑΝΝΗΝ</strong></span> <span class='ocrx_word' id='word_1_11' title='bbox 861 645 976 688; x_wconf 83' lang='grc' dir='ltr'><strong>ΤΟΝ</strong></span> <span class='ocrx_word' id='word_1_12' title='bbox 1013 642 1462 687; x_wconf 82' lang='grc' dir='ltr'><strong>ΚΟΥΒΩΚΛΗΣΙΟΝ</strong></span> 
     </span>
    </p>
   </div>
   <div class='ocr_carea' id='block_1_7' title="bbox 452 736 1386 766">
    <p class='ocr_par' dir='ltr' id='par_1_7' title="bbox 452 736 1386 766">
     <span class='ocr_line' id='line_1_7' title="bbox 452 736 1386 766; baseline 0 -2"><span class='ocrx_word' id='word_1_13' title='bbox 452 736 544 764; x_wconf 81' lang='grc' dir='ltr'><strong>ΠΕΡΙ</strong></span> <span class='ocrx_word' id='word_1_14' title='bbox 564 737 634 766; x_wconf 82' lang='grc' dir='ltr'><strong>ΤΗΣ</strong></span> <span class='ocrx_word' id='word_1_15' title='bbox 651 736 911 765; x_wconf 78' lang='grc' dir='ltr'><strong>ΕΚΠΟΡΕΥΣΕΩΣ</strong></span> <span class='ocrx_word' id='word_1_16' title='bbox 932 738 1004 764; x_wconf 84' lang='grc' dir='ltr'><strong>ΤΟΥ</strong></span> <span class='ocrx_word' id='word_1_17' title='bbox 1019 737 1132 765; x_wconf 81' lang='grc' dir='ltr'><em>ΑῙἾΟΥ</em></span> <span class='ocrx_word' id='word_1_18' title='bbox 1149 736 1386 764; x_wconf 82' lang='grc' dir='ltr'><strong>ΠΝΕΥΜΑΤΟΣ.</strong></span> 
     </span>
    </p>
   </div>
   <div class='ocr_carea' id='block_1_8' title="bbox 368 894 1472 986">
    <p class='ocr_par' dir='ltr' id='par_1_8' title="bbox 368 894 1472 986">
     <span class='ocr_line' id='line_1_8' title="bbox 368 894 1472 986; baseline -0.004 -1"><span class='ocrx_word' id='word_1_19' title='bbox 368 894 768 985; x_wconf 81' lang='lat' dir='ltr'><strong>GEORGII</strong></span> <span class='ocrx_word' id='word_1_20' title='bbox 825 907 1472 986; x_wconf 80' lang='lat' dir='ltr'><strong>TRAPEZUNTII</strong></span> 
     </span>
    </p>
   </div>
   <div class='ocr_carea' id='block_1_9' title="bbox 492 1050 1356 1098">
    <p class='ocr_par' dir='ltr' id='par_1_9' title="bbox 492 1050 1356 1098">
     <span class='ocr_line' id='line_1_9' title="bbox 492 1050 1356 1098; baseline -0.003 0"><span class='ocrx_word' id='word_1_21' title='bbox 492 1053 568 1098; x_wconf 91' lang='lat' dir='ltr'><strong>AD</strong></span> <span class='ocrx_word' id='word_1_22' title='bbox 605 1050 891 1098; x_wconf 87' lang='lat' dir='ltr'><strong>JOANNEM</strong></span> <span class='ocrx_word' id='word_1_23' title='bbox 934 1051 1260 1096; x_wconf 84' lang='lat' dir='ltr'><strong>CUBOCLESI</strong></span> <span class='ocrx_word' id='word_1_24' title='bbox 1275 1051 1356 1097; x_wconf 91' lang='lat' dir='ltr'><strong>UM</strong></span> 
     </span>
    </p>
   </div>
   <div class='ocr_carea' id='block_1_10' title="bbox 541 1152 1315 1185">
    <p class='ocr_par' dir='ltr' id='par_1_10' title="bbox 541 1152 1315 1185">
     <span class='ocr_line' id='line_1_10' title="bbox 541 1152 1315 1185; baseline 0.001 -2"><span class='ocrx_word' id='word_1_25' title='bbox 541 1153 601 1183; x_wconf 88' lang='lat' dir='ltr'><strong>DE</strong></span> <span class='ocrx_word' id='word_1_26' title='bbox 622 1152 917 1185; x_wconf 78' lang='lat' dir='ltr'><strong>PROCESSIONE</strong></span> <span class='ocrx_word' id='word_1_27' title='bbox 935 1153 1130 1185; x_wconf 83' lang='lat' dir='ltr'><strong>SPIRITUS</strong></span> <span class='ocrx_word' id='word_1_28' title='bbox 1148 1152 1315 1185; x_wconf 79' lang='lat' dir='ltr'><strong>SANCTI.</strong></span> 
     </span>
    </p>
   </div>
   <div class='ocr_carea' id='block_1_11' title="bbox 570 1227 1261 1270">
    <p class='ocr_par' dir='ltr' id='par_1_11' title="bbox 570 1227 1261 1270">
     <span class='ocr_line' id='line_1_11' title="bbox 570 1227 1261 1270; baseline 0.001 -8"><span class='ocrx_word' id='word_1_29' title='bbox 570 1237 610 1268; x_wconf 84' lang='lat' dir='ltr'><strong>(L.</strong></span> <span class='ocrx_word' id='word_1_30' title='bbox 624 1237 714 1263; x_wconf 81' lang='lat' dir='ltr'><strong>Allallo</strong></span> <span class='ocrx_word' id='word_1_31' title='bbox 727 1227 866 1270; x_wconf 83' lang='lat' dir='ltr'><strong>interprete</strong></span> <span class='ocrx_word' id='word_1_32' title='bbox 885 1239 909 1263; x_wconf 93' lang='lat' dir='ltr'><strong>in</strong></span> <span class='ocrx_word' id='word_1_33' title='bbox 921 1238 1017 1265; x_wconf 62' lang='lat' dir='ltr'><strong>Gra’cia</strong></span> <span class='ocrx_word' id='word_1_34' title='bbox 1028 1237 1134 1268; x_wconf 83' lang='lat' dir='ltr'><strong>orlhod.,</strong></span> <span class='ocrx_word' id='word_1_35' title='bbox 1158 1242 1216 1265; x_wconf 84' lang='lat' dir='ltr'><strong>tom.</strong></span> <span class='ocrx_word' id='word_1_36' title='bbox 1229 1236 1261 1266; x_wconf 85' lang='grc' dir='ltr'><strong>Ι.)</strong></span> 
     </span>
    </p>
   </div>
   <div class='ocr_carea' id='block_1_12' title="bbox 138 1367 929 1430">
    <p class='ocr_par' dir='ltr' id='par_1_12' title="bbox 138 1367 929 1430">
     <span class='ocr_line' id='line_1_12' title="bbox 138 1367 929 1430; baseline -0.003 -8"><span class='ocrx_word' id='word_1_37' title='bbox 138 1390 175 1422; x_wconf 66' lang='grc' dir='ltr'><strong>α’.</strong></span> <span class='ocrx_word' id='word_1_38' title='bbox 190 1394 304 1421; x_wconf 80' lang='grc' dir='ltr'>Ὠκνουν</span> <span class='ocrx_word' id='word_1_39' title='bbox 319 1394 370 1430; x_wconf 72' lang='grc' dir='ltr'>μὲν</span> <span class='ocrx_word' id='word_1_40' title='bbox 383 1393 517 1430; x_wconf 79' lang='grc' dir='ltr'>πρότερον</span> <span class='ocrx_word' id='word_1_41' title='bbox 532 1394 647 1430; x_wconf 64' lang='grc' dir='ltr'>πρὸςίσὲ</span> <span class='ocrx_word' id='word_1_42' title='bbox 663 1367 790 1428; x_wconf 42' lang='grc' dir='ltr'>γράφειν.</span> <span class='ocrx_word' id='word_1_43' title='bbox 805 1394 854 1428; x_wconf 75' lang='grc' dir='ltr'><strong>τήν</strong></span> <span class='ocrx_word' id='word_1_44' title='bbox 867 1402 896 1420; x_wconf 80' lang='grc' dir='ltr'>τε</span> <span class='ocrx_word' id='word_1_45' title='bbox 913 1399 929 1427; x_wconf 70' lang='grc' dir='ltr'><strong>Α</strong></span> 
     </span>
    </p>
   </div>
   <div class='ocr_carea' id='block_1_13' title="bbox 952 1367 1740 1430">
    <p class='ocr_par' dir='ltr' id='par_1_13' title="bbox 985 1390 1740 1428">
     <span class='ocr_line' id='line_1_13' title="bbox 985 1390 1740 1428; baseline -0.004 -8"><span class='ocrx_word' id='word_1_46' title='bbox 985 1393 1011 1419; x_wconf 90' lang='lat' dir='ltr'><strong>l.</strong></span> <span class='ocrx_word' id='word_1_47' title='bbox 1026 1393 1140 1428; x_wconf 77' lang='lat' dir='ltr'><strong>Pigebat</strong></span> <span class='ocrx_word' id='word_1_48' title='bbox 1158 1391 1289 1427; x_wconf 86' lang='lat' dir='ltr'><strong>equidem</strong></span> <span class='ocrx_word' id='word_1_49' title='bbox 1307 1395 1336 1418; x_wconf 88' lang='lat' dir='ltr'><strong>et</strong></span> <span class='ocrx_word' id='word_1_50' title='bbox 1357 1395 1449 1422; x_wconf 83' lang='lat' dir='ltr'><strong>antea,</strong></span> <span class='ocrx_word' id='word_1_51' title='bbox 1465 1395 1493 1419; x_wconf 88' lang='lat' dir='ltr'><strong>te</strong></span> <span class='ocrx_word' id='word_1_52' title='bbox 1512 1390 1618 1418; x_wconf 89' lang='lat' dir='ltr'><strong>ercbris</strong></span> <span class='ocrx_word' id='word_1_53' title='bbox 1636 1390 1740 1418; x_wconf 85' lang='lat' dir='ltr'><strong>obtun-</strong></span> 
     </span>
    </p>
   </div>
   <div class='ocr_carea' id='block_1_14' title="bbox 105 1439 894 1476">
    <p class='ocr_par' dir='ltr' id='par_1_14' title="bbox 105 1439 894 1476">
     <span class='ocr_line' id='line_1_14' title="bbox 105 1439 894 1476; baseline -0.001 -10"><span class='ocrx_word' id='word_1_54' title='bbox 105 1440 156 1476; x_wconf 84' lang='grc' dir='ltr'>σὴν</span> <span class='ocrx_word' id='word_1_55' title='bbox 169 1441 231 1476; x_wconf 71' lang='grc' dir='ltr'>περὶ</span> <span class='ocrx_word' id='word_1_56' title='bbox 243 1440 277 1467; x_wconf 81' lang='grc' dir='ltr'><strong>τὰ</strong></span> <span class='ocrx_word' id='word_1_57' title='bbox 289 1440 348 1467; x_wconf 68' lang='lat' dir='ltr'><strong>Gaia</strong></span> <span class='ocrx_word' id='word_1_58' title='bbox 362 1440 482 1475; x_wconf 79' lang='grc' dir='ltr'>σπουδὴν</span> <span class='ocrx_word' id='word_1_59' title='bbox 495 1440 584 1472; x_wconf 83' lang='grc' dir='ltr'>εἰδὼς,</span> <span class='ocrx_word' id='word_1_60' title='bbox 596 1441 644 1468; x_wconf 74' lang='grc' dir='ltr'>καὶ</span> <span class='ocrx_word' id='word_1_61' title='bbox 656 1440 704 1474; x_wconf 80' lang='grc' dir='ltr'><strong>τὴν</strong></span> <span class='ocrx_word' id='word_1_62' title='bbox 718 1439 788 1475; x_wconf 76' lang='grc' dir='ltr'>ἐμὴν</span> <span class='ocrx_word' id='word_1_63' title='bbox 799 1440 827 1466; x_wconf 79' lang='grc' dir='ltr'>ὲν</span> <span class='ocrx_word' id='word_1_64' title='bbox 838 1440 894 1471; x_wconf 75' lang='grc' dir='ltr'>τοῖς</span> 
     </span>
    </p>
   </div>
   <div class='ocr_carea' id='block_1_15' title="bbox 103 1485 894 1522">
    <p class='ocr_par' dir='ltr' id='par_1_15' title="bbox 103 1485 894 1522">
     <span class='ocr_line' id='line_1_15' title="bbox 103 1485 894 1522; baseline -0.001 -9"><span class='ocrx_word' id='word_1_65' title='bbox 103 1487 210 1521; x_wconf 83' lang='grc' dir='ltr'>γηῖνοις</span> <span class='ocrx_word' id='word_1_66' title='bbox 223 1485 350 1521; x_wconf 79' lang='grc' dir='ltr'><strong>ἀσχολίαν</strong></span> <span class='ocrx_word' id='word_1_67' title='bbox 360 1493 368 1502; x_wconf 83' lang='grc'>⁹</span> <span class='ocrx_word' id='word_1_68' title='bbox 380 1485 428 1513; x_wconf 86' lang='grc' dir='ltr'>νῦν</span> <span class='ocrx_word' id='word_1_69' title='bbox 438 1485 467 1513; x_wconf 71' lang='grc' dir='ltr'>δὲ</span> <span class='ocrx_word' id='word_1_70' title='bbox 477 1487 490 1513; x_wconf 77' lang='grc' dir='ltr'><strong><em>ὁ</em></strong></span> <span class='ocrx_word' id='word_1_71' title='bbox 501 1487 567 1522; x_wconf 74' lang='grc' dir='ltr'>ὲμδς</span> <span class='ocrx_word' id='word_1_72' title='bbox 578 1485 658 1521; x_wconf 84' lang='grc' dir='ltr'>δεῦρο</span> <span class='ocrx_word' id='word_1_73' title='bbox 670 1485 790 1517; x_wconf 81' lang='grc' dir='ltr'><strong>πλεύσας</strong></span> <span class='ocrx_word' id='word_1_74' title='bbox 802 1485 894 1521; x_wconf 81' lang='grc' dir='ltr'>πατὴρ</span> 
     </span>
    </p>
   </div>
   <div class='ocr_carea' id='block_1_16' title="bbox 103 1531 892 1568">
    <p class='ocr_par' dir='ltr' id='par_1_16' title="bbox 103 1531 892 1568">
     <span class='ocr_line' id='line_1_16' title="bbox 103 1531 892 1568; baseline 0 -9"><span class='ocrx_word' id='word_1_75' title='bbox 103 1531 236 1568; x_wconf 81' lang='grc' dir='ltr'>ὰνήγειρέ</span> <span class='ocrx_word' id='word_1_76' title='bbox 251 1541 281 1559; x_wconf 86' lang='grc' dir='ltr'>τε</span> <span class='ocrx_word' id='word_1_77' title='bbox 297 1532 344 1559; x_wconf 74' lang='grc' dir='ltr'><strong>καὶ</strong></span> <span class='ocrx_word' id='word_1_78' title='bbox 361 1531 521 1567; x_wconf 79' lang='grc' dir='ltr'><strong>παρώξυνεν</strong></span> <span class='ocrx_word' id='word_1_79' title='bbox 532 1552 540 1564; x_wconf 85' lang='grc'><strong>,</strong></span> <span class='ocrx_word' id='word_1_80' title='bbox 557 1532 626 1559; x_wconf 82' lang='grc' dir='ltr'>ἄλλα</span> <span class='ocrx_word' id='word_1_81' title='bbox 641 1541 670 1559; x_wconf 83' lang='grc' dir='ltr'>τε</span> <span class='ocrx_word' id='word_1_82' title='bbox 687 1531 773 1559; x_wconf 85' lang='grc' dir='ltr'>πολλὰ</span> <span class='ocrx_word' id='word_1_83' title='bbox 789 1532 892 1565; x_wconf 86' lang='grc' dir='ltr'>είπὼν,</span> 
     </span>
    </p>
   </div>
   <div class='ocr_carea' id='block_1_17' title="bbox 103 1578 893 1615">
    <p class='ocr_par' dir='ltr' id='par_1_17' title="bbox 103 1578 893 1615">
     <span class='ocr_line' id='line_1_17' title="bbox 103 1578 893 1615; baseline 0.001 -10"><span class='ocrx_word' id='word_1_84' title='bbox 103 1580 151 1606; x_wconf 79' lang='grc' dir='ltr'><strong>καὶ</strong></span> <span class='ocrx_word' id='word_1_85' title='bbox 167 1579 208 1605; x_wconf 83' lang='grc' dir='ltr'><strong>ὅτι</strong></span> <span class='ocrx_word' id='word_1_86' title='bbox 223 1578 256 1605; x_wconf 82' lang='grc' dir='ltr'>σὺ</span> <span class='ocrx_word' id='word_1_87' title='bbox 272 1578 407 1614; x_wconf 72' lang='grc' dir='ltr'>γράψειας</span> <span class='ocrx_word' id='word_1_88' title='bbox 421 1578 454 1606; x_wconf 81' lang='grc' dir='ltr'>ἄν</span> <span class='ocrx_word' id='word_1_89' title='bbox 467 1579 549 1611; x_wconf 82' lang='grc' dir='ltr'>εὐθὺς</span> <span class='ocrx_word' id='word_1_90' title='bbox 564 1579 632 1615; x_wconf 86' lang='grc' dir='ltr'>πρός</span> <span class='ocrx_word' id='word_1_91' title='bbox 648 1588 683 1614; x_wconf 88' lang='grc' dir='ltr'><strong>με</strong></span> <span class='ocrx_word' id='word_1_92' title='bbox 699 1578 826 1614; x_wconf 77' lang='grc' dir='ltr'>περὶτῆς</span> <span class='ocrx_word' id='word_1_93' title='bbox 838 1579 893 1606; x_wconf 85' lang='grc' dir='ltr'><strong>τῶν</strong></span> 
     </span>
    </p>
   </div>
   <div class='ocr_carea' id='block_1_18' title="bbox 110 1624 897 1660">
    <p class='ocr_par' dir='ltr' id='par_1_18' title="bbox 110 1624 897 1660">
     <span class='ocr_line' id='line_1_18' title="bbox 110 1624 897 1660; baseline -0.001 -8"><span class='ocrx_word' id='word_1_94' title='bbox 110 1624 282 1660; x_wconf 78' lang='grc' dir='ltr'>Ἐκκλησιῶν</span> <span class='ocrx_word' id='word_1_95' title='bbox 294 1624 439 1659; x_wconf 71' lang='grc' dir='ltr'>διαφορᾶς,</span> <span class='ocrx_word' id='word_1_96' title='bbox 454 1624 481 1650; x_wconf 78' lang='grc' dir='ltr'><strong>εί</strong></span> <span class='ocrx_word' id='word_1_97' title='bbox 493 1624 519 1658; x_wconf 82' lang='grc' dir='ltr'>γ’</span> <span class='ocrx_word' id='word_1_98' title='bbox 531 1624 586 1659; x_wconf 74' lang='grc' dir='ltr'><strong>ἐγὼ</strong></span> <span class='ocrx_word' id='word_1_99' title='bbox 599 1625 677 1652; x_wconf 74' lang='grc' dir='ltr'>τοῦτο</span> <span class='ocrx_word' id='word_1_100' title='bbox 691 1625 799 1659; x_wconf 78' lang='grc' dir='ltr'>πρῶτος</span> <span class='ocrx_word' id='word_1_101' title='bbox 814 1625 897 1651; x_wconf 77' lang='grc' dir='ltr'>ποιοῖ-</span> 
     </span>
    </p>
   </div>
   <div class='ocr_carea' id='block_1_19' title="bbox 105 1671 895 1707">
    <p class='ocr_par' dir='ltr' id='par_1_19' title="bbox 105 1671 895 1707">
     <span class='ocr_line' id='line_1_19' title="bbox 105 1671 895 1707; baseline 0 -9"><span class='ocrx_word' id='word_1_102' title='bbox 105 1681 146 1707; x_wconf 90' lang='grc' dir='ltr'>μι.</span> <span class='ocrx_word' id='word_1_103' title='bbox 162 1671 233 1706; x_wconf 80' lang='grc' dir='ltr'>Πρὸς</span> <span class='ocrx_word' id='word_1_104' title='bbox 247 1671 352 1703; x_wconf 78' lang='grc' dir='ltr'><strong>τούτοις</strong></span> <span class='ocrx_word' id='word_1_105' title='bbox 367 1671 456 1698; x_wconf 77' lang='grc' dir='ltr'><strong>δοκεῖν</strong></span> <span class='ocrx_word' id='word_1_106' title='bbox 472 1671 547 1706; x_wconf 85' lang='grc' dir='ltr'>αὐτῷ</span> <span class='ocrx_word' id='word_1_107' title='bbox 557 1691 565 1703; x_wconf 87' lang='grc'><strong>,</strong></span> <span class='ocrx_word' id='word_1_108' title='bbox 581 1671 664 1706; x_wconf 75' lang='grc' dir='ltr'>φησὶν</span> <span class='ocrx_word' id='word_1_109' title='bbox 675 1691 682 1703; x_wconf 86' lang='grc'><strong>,</strong></span> <span class='ocrx_word' id='word_1_110' title='bbox 699 1672 733 1698; x_wconf 78' lang='grc' dir='ltr'>ἂν</span> <span class='ocrx_word' id='word_1_111' title='bbox 747 1671 895 1706; x_wconf 83' lang='grc' dir='ltr'>γράμμασι</span> 
     </span>
    </p>
   </div>
   <div class='ocr_carea' id='block_1_20' title="bbox 104 1713 896 1754">
    <p class='ocr_par' dir='ltr' id='par_1_20' title="bbox 104 1713 896 1754">
     <span class='ocr_line' id='line_1_20' title="bbox 104 1713 896 1754; baseline -0.004 -9"><span class='ocrx_word' id='word_1_112' title='bbox 104 1717 242 1754; x_wconf 85' lang='grc' dir='ltr'>συνομιλῶ</span> <span class='ocrx_word' id='word_1_113' title='bbox 258 1727 310 1751; x_wconf 88' lang='grc' dir='ltr'>σοι,</span> <span class='ocrx_word' id='word_1_114' title='bbox 326 1717 494 1753; x_wconf 77' lang='grc' dir='ltr'><strong>μεταμαθεῖν</strong></span> <span class='ocrx_word' id='word_1_115' title='bbox 507 1718 557 1752; x_wconf 84' lang='grc' dir='ltr'><strong>τὴν</strong></span> <span class='ocrx_word' id='word_1_116' title='bbox 570 1717 713 1752; x_wconf 77' lang='grc' dir='ltr'>ἀλήθειαν,</span> <span class='ocrx_word' id='word_1_117' title='bbox 728 1713 762 1752; x_wconf 79' lang='grc' dir='ltr'>ἧς</span> <span class='ocrx_word' id='word_1_118' title='bbox 775 1716 838 1752; x_wconf 76' lang='grc' dir='ltr'>ἐμοὶ</span> <span class='ocrx_word' id='word_1_119' title='bbox 851 1717 896 1743; x_wconf 83' lang='grc' dir='ltr'><strong>οὑ-</strong></span> 
     </span>
    </p>
   </div>
   <div class='ocr_carea' id='block_1_21' title="bbox 104 1762 898 1800">
    <p class='ocr_par' dir='ltr' id='par_1_21' title="bbox 104 1762 898 1800">
     <span class='ocr_line' id='line_1_21' title="bbox 104 1762 898 1800; baseline -0.004 -8"><span class='ocrx_word' id='word_1_120' title='bbox 104 1765 149 1792; x_wconf 80' lang='grc' dir='ltr'>δὲν</span> <span class='ocrx_word' id='word_1_121' title='bbox 161 1764 336 1800; x_wconf 80' lang='grc' dir='ltr'>τιμιώτερον.</span> <span class='ocrx_word' id='word_1_122' title='bbox 350 1764 397 1791; x_wconf 78' lang='grc' dir='ltr'><strong>Διὸ</strong></span> <span class='ocrx_word' id='word_1_123' title='bbox 409 1763 448 1799; x_wconf 80' lang='grc' dir='ltr'><strong>τῷ</strong></span> <span class='ocrx_word' id='word_1_124' title='bbox 459 1772 489 1790; x_wconf 83' lang='grc' dir='ltr'>τε</span> <span class='ocrx_word' id='word_1_125' title='bbox 503 1763 586 1798; x_wconf 68' lang='grc' dir='ltr'>πατρὶ.</span> <span class='ocrx_word' id='word_1_126' title='bbox 599 1763 638 1798; x_wconf 85' lang='grc' dir='ltr'><strong>τῷ</strong></span> <span class='ocrx_word' id='word_1_127' title='bbox 651 1762 711 1798; x_wconf 79' lang='grc' dir='ltr'><strong>ὲμῴ</strong></span> <span class='ocrx_word' id='word_1_128' title='bbox 724 1763 797 1798; x_wconf 79' lang='grc' dir='ltr'><strong>ὅρκῳ</strong></span> <span class='ocrx_word' id='word_1_129' title='bbox 811 1772 898 1790; x_wconf 82' lang='grc' dir='ltr'>συνω-</span> 
     </span>
    </p>
   </div>
   <div class='ocr_carea' id='block_1_22' title="bbox 105 1809 896 1846">
    <p class='ocr_par' dir='ltr' id='par_1_22' title="bbox 105 1809 896 1846">
     <span class='ocr_line' id='line_1_22' title="bbox 105 1809 896 1846; baseline -0.003 -8"><span class='ocrx_word' id='word_1_130' title='bbox 105 1811 244 1846; x_wconf 78' lang='grc' dir='ltr'>μολόγησα</span> <span class='ocrx_word' id='word_1_131' title='bbox 255 1830 263 1843; x_wconf 89' lang='grc'><strong>,</strong></span> <span class='ocrx_word' id='word_1_132' title='bbox 280 1810 326 1837; x_wconf 79' lang='grc' dir='ltr'>καί</span> <span class='ocrx_word' id='word_1_133' title='bbox 343 1819 385 1837; x_wconf 89' lang='grc' dir='ltr'><strong>σοι</strong></span> <span class='ocrx_word' id='word_1_134' title='bbox 400 1809 448 1836; x_wconf 81' lang='grc' dir='ltr'>νῦν</span> <span class='ocrx_word' id='word_1_135' title='bbox 464 1809 586 1844; x_wconf 73' lang='grc' dir='ltr'>ὄμνυμι,</span> <span class='ocrx_word' id='word_1_136' title='bbox 604 1809 733 1843; x_wconf 83' lang='grc' dir='ltr'>μάρτυρα</span> <span class='ocrx_word' id='word_1_137' title='bbox 749 1809 896 1836; x_wconf 73' lang='grc' dir='ltr'>ἐπικαλού-</span> 
     </span>
    </p>
   </div>
   <div class='ocr_carea' id='block_1_23' title="bbox 105 1852 896 1893">
    <p class='ocr_par' dir='ltr' id='par_1_23' title="bbox 105 1852 896 1893">
     <span class='ocr_line' id='line_1_23' title="bbox 105 1852 896 1893; baseline -0.005 -9"><span class='ocrx_word' id='word_1_138' title='bbox 105 1865 186 1893; x_wconf 84' lang='grc' dir='ltr'>μενος</span> <span class='ocrx_word' id='word_1_139' title='bbox 200 1856 318 1892; x_wconf 77' lang='grc' dir='ltr'>Χριστὸν</span> <span class='ocrx_word' id='word_1_140' title='bbox 332 1855 448 1891; x_wconf 83' lang='grc' dir='ltr'>Ἰησοῦν,</span> <span class='ocrx_word' id='word_1_141' title='bbox 461 1855 494 1882; x_wconf 88' lang='grc' dir='ltr'><strong>ἃν</strong></span> <span class='ocrx_word' id='word_1_142' title='bbox 508 1855 563 1890; x_wconf 81' lang='grc' dir='ltr'>ἄρα</span> <span class='ocrx_word' id='word_1_143' title='bbox 575 1854 630 1881; x_wconf 70' lang='grc' dir='ltr'>τισὶ</span> <span class='ocrx_word' id='word_1_144' title='bbox 643 1854 744 1888; x_wconf 80' lang='grc' dir='ltr'>λόγοις,</span> <span class='ocrx_word' id='word_1_145' title='bbox 759 1852 800 1886; x_wconf 78' lang='grc' dir='ltr'>οἷς</span> <span class='ocrx_word' id='word_1_146' title='bbox 813 1855 896 1886; x_wconf 73' lang='grc' dir='ltr'>αὐτὸς</span> 
     </span>
    </p>
   </div>
   <div class='ocr_carea' id='block_1_24' title="bbox 107 1899 897 1937">
    <p class='ocr_par' dir='ltr' id='par_1_24' title="bbox 107 1899 897 1937">
     <span class='ocr_line' id='line_1_24' title="bbox 107 1899 897 1937; baseline -0.004 -7"><span class='ocrx_word' id='word_1_147' title='bbox 107 1902 191 1935; x_wconf 72' lang='grc' dir='ltr'>οἶδας,</span> <span class='ocrx_word' id='word_1_148' title='bbox 205 1903 239 1929; x_wconf 75' lang='grc' dir='ltr'>τὰ</span> <span class='ocrx_word' id='word_1_149' title='bbox 253 1902 301 1937; x_wconf 81' lang='grc' dir='ltr'><strong>τῆς</strong></span> <span class='ocrx_word' id='word_1_150' title='bbox 316 1901 370 1929; x_wconf 86' lang='grc' dir='ltr'><strong>τῶν</strong></span> <span class='ocrx_word' id='word_1_151' title='bbox 386 1900 513 1936; x_wconf 80' lang='grc' dir='ltr'>Γραικῶν</span> <span class='ocrx_word' id='word_1_152' title='bbox 532 1900 695 1935; x_wconf 83' lang='grc' dir='ltr'>Ἐκκλησίας</span> <span class='ocrx_word' id='word_1_153' title='bbox 710 1899 834 1933; x_wconf 79' lang='grc' dir='ltr'><strong>δόγματα</strong></span> <span class='ocrx_word' id='word_1_154' title='bbox 849 1901 897 1935; x_wconf 78' lang='grc' dir='ltr'><strong>τῆς</strong></span> 
     </span>
    </p>
   </div>
   <div class='ocr_carea' id='block_1_25' title="bbox 109 1944 898 1984">
    <p class='ocr_par' dir='ltr' id='par_1_25' title="bbox 109 1944 898 1984">
     <span class='ocr_line' id='line_1_25' title="bbox 109 1944 898 1984; baseline -0.008 -7"><span class='ocrx_word' id='word_1_155' title='bbox 109 1948 238 1984; x_wconf 68' lang='grc' dir='ltr'>ἀληθείας</span> <span class='ocrx_word' id='word_1_156' title='bbox 252 1947 363 1982; x_wconf 70' lang='grc' dir='ltr'>ἔχεσθαι</span> <span class='ocrx_word' id='word_1_157' title='bbox 375 1946 530 1981; x_wconf 81' lang='grc' dir='ltr'>ἀποδείξῃς,</span> <span class='ocrx_word' id='word_1_158' title='bbox 544 1945 580 1976; x_wconf 79' lang='grc' dir='ltr'><strong>ὡς</strong></span> <span class='ocrx_word' id='word_1_159' title='bbox 595 1944 664 1977; x_wconf 74' lang='grc' dir='ltr'>ἕξεις</span> <span class='ocrx_word' id='word_1_160' title='bbox 678 1945 816 1979; x_wconf 83' lang='grc' dir='ltr'>Γεώργιον</span> <span class='ocrx_word' id='word_1_161' title='bbox 829 1947 898 1980; x_wconf 77' lang='grc' dir='ltr'>μετὰ</span> 
     </span>
    </p>
   </div>
   <div class='ocr_carea' id='block_1_26' title="bbox 110 1989 896 2029">
    <p class='ocr_par' dir='ltr' id='par_1_26' title="bbox 110 1989 896 2029">
     <span class='ocr_line' id='line_1_26' title="bbox 110 1989 896 2029; baseline -0.004 -7"><span class='ocrx_word' id='word_1_162' title='bbox 110 1996 157 2022; x_wconf 84' lang='grc' dir='ltr'>σοῦ</span> <span class='ocrx_word' id='word_1_163' title='bbox 167 2015 175 2029; x_wconf 90' lang='grc'><strong>,</strong></span> <span class='ocrx_word' id='word_1_164' title='bbox 192 1995 239 2022; x_wconf 75' lang='grc' dir='ltr'>καὶ</span> <span class='ocrx_word' id='word_1_165' title='bbox 253 1994 405 2026; x_wconf 82' lang='grc' dir='ltr'>ἀποδώσεις</span> <span class='ocrx_word' id='word_1_166' title='bbox 418 1994 452 2028; x_wconf 79' lang='grc' dir='ltr'><strong>τῇ</strong></span> <span class='ocrx_word' id='word_1_167' title='bbox 471 1992 621 2028; x_wconf 72' lang='grc' dir='ltr'>Ἐκκλησία</span> <span class='ocrx_word' id='word_1_168' title='bbox 635 1992 761 2027; x_wconf 85' lang='grc' dir='ltr'>Γραικῶν</span> <span class='ocrx_word' id='word_1_169' title='bbox 771 2012 780 2024; x_wconf 93' lang='lat'><strong>,</strong></span> <span class='ocrx_word' id='word_1_170' title='bbox 828 1992 896 2019; x_wconf 81' lang='grc' dir='ltr'><strong>ἀπε-</strong></span> 
     </span>
    </p>
   </div>
   <div class='ocr_carea' id='block_1_27' title="bbox 109 2037 898 2078">
    <p class='ocr_par' dir='ltr' id='par_1_27' title="bbox 109 2037 898 2078">
     <span class='ocr_line' id='line_1_27' title="bbox 109 2037 898 2078; baseline -0.008 -9"><span class='ocrx_word' id='word_1_171' title='bbox 109 2042 212 2078; x_wconf 76' lang='grc' dir='ltr'><strong>τάχθην</strong></span> <span class='ocrx_word' id='word_1_172' title='bbox 226 2041 376 2071; x_wconf 78' lang='grc' dir='ltr'>πιστεύσας</span> <span class='ocrx_word' id='word_1_173' title='bbox 388 2039 479 2070; x_wconf 82' lang='grc' dir='ltr'>καλῶς</span> <span class='ocrx_word' id='word_1_174' title='bbox 494 2039 591 2070; x_wconf 79' lang='grc' dir='ltr'>ποιεῖν,</span> <span class='ocrx_word' id='word_1_175' title='bbox 605 2038 653 2065; x_wconf 79' lang='grc' dir='ltr'><strong>καὶ</strong></span> <span class='ocrx_word' id='word_1_176' title='bbox 667 2037 802 2064; x_wconf 79' lang='grc' dir='ltr'>πιστεύων</span> <span class='ocrx_word' id='word_1_177' title='bbox 817 2037 898 2073; x_wconf 75' lang='grc' dir='ltr'>μέχρι</span> 
     </span>
    </p>
   </div>
   <div class='ocr_carea' id='block_1_28' title="bbox 947 1437 1737 1471">
    <p class='ocr_par' dir='ltr' id='par_1_28' title="bbox 947 1437 1737 1471">
     <span class='ocr_line' id='line_1_28' title="bbox 947 1437 1737 1471; baseline -0.003 -5"><span class='ocrx_word' id='word_1_178' title='bbox 947 1439 1014 1467; x_wconf 80' lang='lat' dir='ltr'><strong>dere</strong></span> <span class='ocrx_word' id='word_1_179' title='bbox 1032 1439 1141 1471; x_wconf 89' lang='lat' dir='ltr'><strong>litteris,</strong></span> <span class='ocrx_word' id='word_1_180' title='bbox 1166 1443 1223 1466; x_wconf 88' lang='lat' dir='ltr'><strong>tum</strong></span> <span class='ocrx_word' id='word_1_181' title='bbox 1242 1444 1320 1466; x_wconf 92' lang='lat' dir='ltr'><strong>tuum</strong></span> <span class='ocrx_word' id='word_1_182' title='bbox 1341 1438 1414 1465; x_wconf 89' lang='lat' dir='ltr'><strong>circa</strong></span> <span class='ocrx_word' id='word_1_183' title='bbox 1428 1445 1473 1466; x_wconf 90' lang='lat' dir='ltr'><strong>res</strong></span> <span class='ocrx_word' id='word_1_184' title='bbox 1488 1437 1597 1465; x_wconf 84' lang='lat' dir='ltr'><strong>divinas</strong></span> <span class='ocrx_word' id='word_1_185' title='bbox 1614 1437 1737 1465; x_wconf 89' lang='lat' dir='ltr'><strong>studium</strong></span> 
     </span>
    </p>
   </div>
   <div class='ocr_carea' id='block_1_29' title="bbox 949 1484 1740 1520">
    <p class='ocr_par' dir='ltr' id='par_1_29' title="bbox 949 1484 1740 1520">
     <span class='ocr_line' id='line_1_29' title="bbox 949 1484 1740 1520; baseline -0.001 -8"><span class='ocrx_word' id='word_1_186' title='bbox 949 1485 1029 1520; x_wconf 83' lang='lat' dir='ltr'><strong>plane</strong></span> <span class='ocrx_word' id='word_1_187' title='bbox 1046 1493 1173 1517; x_wconf 83' lang='lat' dir='ltr'><strong>noscens,</strong></span> <span class='ocrx_word' id='word_1_188' title='bbox 1189 1489 1246 1512; x_wconf 91' lang='lat' dir='ltr'><strong>tum</strong></span> <span class='ocrx_word' id='word_1_189' title='bbox 1264 1492 1352 1512; x_wconf 97' lang='lat' dir='ltr'><strong>meam</strong></span> <span class='ocrx_word' id='word_1_190' title='bbox 1371 1485 1399 1512; x_wconf 90' lang='lat' dir='ltr'><strong>in</strong></span> <span class='ocrx_word' id='word_1_191' title='bbox 1418 1484 1501 1512; x_wconf 80' lang='lat' dir='ltr'><strong>rebus</strong></span> <span class='ocrx_word' id='word_1_192' title='bbox 1520 1485 1638 1512; x_wconf 87' lang='lat' dir='ltr'><strong>terrenis</strong></span> <span class='ocrx_word' id='word_1_193' title='bbox 1653 1492 1740 1512; x_wconf 87' lang='lat' dir='ltr'><strong>occu-</strong></span> 
     </span>
    </p>
   </div>
   <div class='ocr_carea' id='block_1_30' title="bbox 950 1531 1740 1568">
    <p class='ocr_par' dir='ltr' id='par_1_30' title="bbox 950 1531 1740 1568">
     <span class='ocr_line' id='line_1_30' title="bbox 950 1531 1740 1568; baseline 0 -10"><span class='ocrx_word' id='word_1_194' title='bbox 950 1532 1098 1566; x_wconf 88' lang='lat' dir='ltr'><strong>pationem.</strong></span> <span class='ocrx_word' id='word_1_195' title='bbox 1119 1533 1153 1559; x_wconf 78' lang='lat' dir='ltr'><strong>At</strong></span> <span class='ocrx_word' id='word_1_196' title='bbox 1169 1539 1242 1559; x_wconf 87' lang='lat' dir='ltr'><strong>nunc</strong></span> <span class='ocrx_word' id='word_1_197' title='bbox 1266 1536 1343 1567; x_wconf 85' lang='lat' dir='ltr'><strong>pater</strong></span> <span class='ocrx_word' id='word_1_198' title='bbox 1361 1539 1438 1559; x_wconf 86' lang='lat' dir='ltr'><strong>meus</strong></span> <span class='ocrx_word' id='word_1_199' title='bbox 1452 1531 1684 1568; x_wconf 78' lang='lat' dir='ltr'><strong>liucadnavigans</strong></span> <span class='ocrx_word' id='word_1_200' title='bbox 1698 1532 1740 1558; x_wconf 86' lang='lat' dir='ltr'><strong>in-</strong></span> 
     </span>
    </p>
   </div>
   <div class='ocr_carea' id='block_1_31' title="bbox 949 1574 1739 1613">
    <p class='ocr_par' dir='ltr' id='par_1_31' title="bbox 949 1574 1739 1613">
     <span class='ocr_line' id='line_1_31' title="bbox 949 1574 1739 1613; baseline 0 -7"><span class='ocrx_word' id='word_1_201' title='bbox 949 1578 1054 1610; x_wconf 85' lang='lat' dir='ltr'><strong>citavit,</strong></span> <span class='ocrx_word' id='word_1_202' title='bbox 1063 1577 1305 1613; x_wconf 82' lang='lat' dir='ltr'><strong>inﬂatnmavitque,</strong></span> <span class='ocrx_word' id='word_1_203' title='bbox 1315 1578 1398 1606; x_wconf 84' lang='lat' dir='ltr'><strong>multa</strong></span> <span class='ocrx_word' id='word_1_204' title='bbox 1414 1579 1439 1604; x_wconf 90' lang='lat' dir='ltr'><strong>in</strong></span> <span class='ocrx_word' id='word_1_205' title='bbox 1455 1574 1575 1606; x_wconf 87' lang='lat' dir='ltr'><strong>medium</strong></span> <span class='ocrx_word' id='word_1_206' title='bbox 1586 1578 1739 1613; x_wconf 75' lang='lat' dir='ltr'><strong>proferens.</strong></span> 
     </span>
    </p>
   </div>
   <div class='ocr_carea' id='block_1_32' title="bbox 948 1623 1742 1658">
    <p class='ocr_par' dir='ltr' id='par_1_32' title="bbox 948 1623 1742 1658">
     <span class='ocr_line' id='line_1_32' title="bbox 948 1623 1742 1658; baseline 0 -6"><span class='ocrx_word' id='word_1_207' title='bbox 948 1629 977 1652; x_wconf 89' lang='lat' dir='ltr'><strong>et</strong></span> <span class='ocrx_word' id='word_1_208' title='bbox 989 1625 1062 1652; x_wconf 84' lang='lat' dir='ltr'><strong>inter</strong></span> <span class='ocrx_word' id='word_1_209' title='bbox 1076 1625 1140 1658; x_wconf 78' lang='lat' dir='ltr'><strong>alia,</strong></span> <span class='ocrx_word' id='word_1_210' title='bbox 1153 1629 1180 1652; x_wconf 89' lang='lat' dir='ltr'><strong>te</strong></span> <span class='ocrx_word' id='word_1_211' title='bbox 1203 1625 1295 1652; x_wconf 83' lang='lat' dir='ltr'><strong>statim</strong></span> <span class='ocrx_word' id='word_1_212' title='bbox 1311 1624 1344 1651; x_wconf 88' lang='lat' dir='ltr'><strong>ad</strong></span> <span class='ocrx_word' id='word_1_213' title='bbox 1366 1632 1410 1652; x_wconf 72' lang='lat' dir='ltr'><strong>nne</strong></span> <span class='ocrx_word' id='word_1_214' title='bbox 1429 1623 1464 1652; x_wconf 86' lang='lat' dir='ltr'><strong>de</strong></span> <span class='ocrx_word' id='word_1_215' title='bbox 1477 1624 1663 1652; x_wconf 87' lang='lat' dir='ltr'><strong>Ecclesiarum</strong></span> <span class='ocrx_word' id='word_1_216' title='bbox 1682 1625 1742 1652; x_wconf 83' lang='lat' dir='ltr'><strong>dis-</strong></span> 
     </span>
    </p>
   </div>
   <div class='ocr_carea' id='block_1_33' title="bbox 949 1670 1742 1706">
    <p class='ocr_par' dir='ltr' id='par_1_33' title="bbox 949 1670 1742 1706">
     <span class='ocr_line' id='line_1_33' title="bbox 949 1670 1742 1706; baseline -0.001 -7"><span class='ocrx_word' id='word_1_217' title='bbox 949 1672 1020 1699; x_wconf 75' lang='lat' dir='ltr'><strong>sidio</strong></span> <span class='ocrx_word' id='word_1_218' title='bbox 1035 1671 1234 1706; x_wconf 86' lang='lat' dir='ltr'><strong>rescripturum</strong></span> <span class='ocrx_word' id='word_1_219' title='bbox 1248 1690 1255 1703; x_wconf 87' lang='lat'><strong>,</strong></span> <span class='ocrx_word' id='word_1_220' title='bbox 1283 1671 1305 1698; x_wconf 97' lang='lat' dir='ltr'><strong>si</strong></span> <span class='ocrx_word' id='word_1_221' title='bbox 1331 1671 1389 1706; x_wconf 89' lang='lat' dir='ltr'><strong>ipse</strong></span> <span class='ocrx_word' id='word_1_222' title='bbox 1416 1671 1521 1706; x_wconf 91' lang='lat' dir='ltr'><strong>primus</strong></span> <span class='ocrx_word' id='word_1_223' title='bbox 1538 1670 1565 1698; x_wconf 89' lang='lat' dir='ltr'><strong>id</strong></span> <span class='ocrx_word' id='word_1_224' title='bbox 1586 1675 1742 1706; x_wconf 59' lang='lat' dir='ltr'><strong>pertentatu-</strong></span> 
     </span>
    </p>
   </div>
   <div class='ocr_carea' id='block_1_34' title="bbox 950 1716 1743 1752">
    <p class='ocr_par' dir='ltr' id='par_1_34' title="bbox 950 1716 1743 1752">
     <span class='ocr_line' id='line_1_34' title="bbox 950 1716 1743 1752; baseline -0.003 -6"><span class='ocrx_word' id='word_1_225' title='bbox 950 1726 1025 1746; x_wconf 86' lang='lat' dir='ltr'><strong>sem:</strong></span> <span class='ocrx_word' id='word_1_226' title='bbox 1043 1725 1152 1745; x_wconf 88' lang='lat' dir='ltr'><strong>necnon</strong></span> <span class='ocrx_word' id='word_1_227' title='bbox 1178 1717 1230 1744; x_wconf 83' lang='lat' dir='ltr'><strong>sibi</strong></span> <span class='ocrx_word' id='word_1_228' title='bbox 1256 1717 1354 1749; x_wconf 87' lang='lat' dir='ltr'><strong>videri,</strong></span> <span class='ocrx_word' id='word_1_229' title='bbox 1380 1716 1532 1751; x_wconf 83' lang='lat' dir='ltr'><strong>inquiebat,</strong></span> <span class='ocrx_word' id='word_1_230' title='bbox 1550 1717 1573 1744; x_wconf 80' lang='lat' dir='ltr'><strong>si</strong></span> <span class='ocrx_word' id='word_1_231' title='bbox 1590 1717 1743 1752; x_wconf 65' lang='lat' dir='ltr'><strong>saepissime</strong></span> 
     </span>
    </p>
   </div>
   <div class='ocr_carea' id='block_1_35' title="bbox 951 1764 1741 1800">
    <p class='ocr_par' dir='ltr' id='par_1_35' title="bbox 951 1764 1741 1800">
     <span class='ocr_line' id='line_1_35' title="bbox 951 1764 1741 1800; baseline 0.001 -9"><span class='ocrx_word' id='word_1_232' title='bbox 951 1764 1052 1792; x_wconf 83' lang='lat' dir='ltr'><strong>litteris</strong></span> <span class='ocrx_word' id='word_1_233' title='bbox 1069 1769 1160 1792; x_wconf 86' lang='lat' dir='ltr'><strong>tecum</strong></span> <span class='ocrx_word' id='word_1_234' title='bbox 1177 1764 1363 1799; x_wconf 84' lang='lat' dir='ltr'><strong>colloquerer,</strong></span> <span class='ocrx_word' id='word_1_235' title='bbox 1388 1765 1530 1792; x_wconf 74' lang='lat' dir='ltr'><strong>veritatem</strong></span> <span class='ocrx_word' id='word_1_236' title='bbox 1557 1772 1610 1797; x_wconf 87' lang='lat' dir='ltr'><strong>me,</strong></span> <span class='ocrx_word' id='word_1_237' title='bbox 1628 1772 1682 1800; x_wconf 85' lang='lat' dir='ltr'><strong>qua</strong></span> <span class='ocrx_word' id='word_1_238' title='bbox 1702 1765 1741 1792; x_wconf 91' lang='lat' dir='ltr'><strong>nil</strong></span> 
     </span>
    </p>
   </div>
   <div class='ocr_carea' id='block_1_36' title="bbox 951 1812 1744 1847">
    <p class='ocr_par' dir='ltr' id='par_1_36' title="bbox 951 1812 1744 1847">
     <span class='ocr_line' id='line_1_36' title="bbox 951 1812 1744 1847; baseline 0.004 -9"><span class='ocrx_word' id='word_1_239' title='bbox 951 1812 1019 1839; x_wconf 86' lang='lat' dir='ltr'><strong>mihi</strong></span> <span class='ocrx_word' id='word_1_240' title='bbox 1034 1812 1146 1839; x_wconf 89' lang='lat' dir='ltr'><strong>charius</strong></span> <span class='ocrx_word' id='word_1_241' title='bbox 1160 1816 1212 1845; x_wconf 87' lang='lat' dir='ltr'><strong>est,</strong></span> <span class='ocrx_word' id='word_1_242' title='bbox 1226 1812 1395 1847; x_wconf 78' lang='lat' dir='ltr'><strong>agniturum.</strong></span> <span class='ocrx_word' id='word_1_243' title='bbox 1411 1812 1501 1845; x_wconf 84' lang='lat' dir='ltr'><strong>Quare</strong></span> <span class='ocrx_word' id='word_1_244' title='bbox 1513 1813 1666 1847; x_wconf 65' lang='lat' dir='ltr'><strong>{conceptis</strong></span> <span class='ocrx_word' id='word_1_245' title='bbox 1683 1821 1744 1841; x_wconf 83' lang='lat' dir='ltr'><strong>ver—</strong></span> 
     </span>
    </p>
   </div>
   <div class='ocr_carea' id='block_1_37' title="bbox 951 1856 1742 1892">
    <p class='ocr_par' dir='ltr' id='par_1_37' title="bbox 951 1856 1742 1892">
     <span class='ocr_line' id='line_1_37' title="bbox 951 1856 1742 1892; baseline 0.004 -9"><span class='ocrx_word' id='word_1_246' title='bbox 951 1856 994 1884; x_wconf 89' lang='lat' dir='ltr'><strong>bis</strong></span> <span class='ocrx_word' id='word_1_247' title='bbox 1016 1857 1210 1892; x_wconf 82' lang='lat' dir='ltr'><strong>jusjurandum</strong></span> <span class='ocrx_word' id='word_1_248' title='bbox 1235 1857 1306 1892; x_wconf 85' lang='lat' dir='ltr'><strong>patri</strong></span> <span class='ocrx_word' id='word_1_249' title='bbox 1335 1856 1410 1889; x_wconf 84' lang='lat' dir='ltr'><strong>dedi,</strong></span> <span class='ocrx_word' id='word_1_250' title='bbox 1439 1861 1468 1884; x_wconf 89' lang='lat' dir='ltr'><strong>et</strong></span> <span class='ocrx_word' id='word_1_251' title='bbox 1494 1865 1569 1885; x_wconf 88' lang='lat' dir='ltr'><strong>nunc</strong></span> <span class='ocrx_word' id='word_1_252' title='bbox 1584 1857 1633 1884; x_wconf 89' lang='lat' dir='ltr'><strong>tibi</strong></span> <span class='ocrx_word' id='word_1_253' title='bbox 1660 1865 1742 1892; x_wconf 85' lang='lat' dir='ltr'><strong>quam</strong></span> 
     </span>
    </p>
   </div>
   <div class='ocr_carea' id='block_1_38' title="bbox 952 1903 1744 1937">
    <p class='ocr_par' dir='ltr' id='par_1_38' title="bbox 952 1903 1744 1937">
     <span class='ocr_line' id='line_1_38' title="bbox 952 1903 1744 1937; baseline 0.003 -8"><span class='ocrx_word' id='word_1_254' title='bbox 952 1907 1044 1929; x_wconf 82' lang='lat' dir='ltr'><strong>sancte</strong></span> <span class='ocrx_word' id='word_1_255' title='bbox 1057 1903 1130 1937; x_wconf 88' lang='lat' dir='ltr'><strong>juro,</strong></span> <span class='ocrx_word' id='word_1_256' title='bbox 1158 1906 1255 1930; x_wconf 78' lang='lat' dir='ltr'><strong>testem</strong></span> <span class='ocrx_word' id='word_1_257' title='bbox 1274 1903 1414 1930; x_wconf 79' lang='lat' dir='ltr'><strong>advocatis</strong></span> <span class='ocrx_word' id='word_1_258' title='bbox 1434 1903 1574 1930; x_wconf 83' lang='lat' dir='ltr'><strong>Christum</strong></span> <span class='ocrx_word' id='word_1_259' title='bbox 1589 1903 1695 1936; x_wconf 83' lang='lat' dir='ltr'><strong>Jesum,</strong></span> <span class='ocrx_word' id='word_1_260' title='bbox 1722 1905 1744 1932; x_wconf 77' lang='lat' dir='ltr'><strong>si</strong></span> 
     </span>
    </p>
   </div>
   <div class='ocr_carea' id='block_1_39' title="bbox 952 1947 1746 1985">
    <p class='ocr_par' dir='ltr' id='par_1_39' title="bbox 952 1947 1746 1985">
     <span class='ocr_line' id='line_1_39' title="bbox 952 1947 1746 1985; baseline 0.004 -12"><span class='ocrx_word' id='word_1_261' title='bbox 952 1947 1117 1979; x_wconf 82' lang='lat' dir='ltr'><strong>rationibus,</strong></span> <span class='ocrx_word' id='word_1_262' title='bbox 1129 1955 1198 1981; x_wconf 66' lang='lat' dir='ltr'><strong>quas</strong></span> <span class='ocrx_word' id='word_1_263' title='bbox 1211 1947 1269 1981; x_wconf 89' lang='lat' dir='ltr'><strong>ipse</strong></span> <span class='ocrx_word' id='word_1_264' title='bbox 1285 1948 1398 1980; x_wconf 82' lang='lat' dir='ltr'><strong>calleas,</strong></span> <span class='ocrx_word' id='word_1_265' title='bbox 1414 1947 1516 1975; x_wconf 64' lang='lat' dir='ltr'><strong>Graecae</strong></span> <span class='ocrx_word' id='word_1_266' title='bbox 1535 1948 1664 1976; x_wconf 72' lang='lat' dir='ltr'><strong>Ecclesia:</strong></span> <span class='ocrx_word' id='word_1_267' title='bbox 1678 1950 1746 1985; x_wconf 77' lang='lat' dir='ltr'><strong>dog-</strong></span> 
     </span>
    </p>
   </div>
   <div class='ocr_carea' id='block_1_40' title="bbox 953 1992 1746 2027">
    <p class='ocr_par' dir='ltr' id='par_1_40' title="bbox 953 1992 1746 2027">
     <span class='ocr_line' id='line_1_40' title="bbox 953 1992 1746 2027; baseline 0.003 -7"><span class='ocrx_word' id='word_1_268' title='bbox 953 1997 1024 2020; x_wconf 83' lang='lat' dir='ltr'><strong>mata</strong></span> <span class='ocrx_word' id='word_1_269' title='bbox 1046 1993 1188 2020; x_wconf 78' lang='lat' dir='ltr'><strong>veritatem</strong></span> <span class='ocrx_word' id='word_1_270' title='bbox 1223 1992 1382 2027; x_wconf 75' lang='lat' dir='ltr'><strong>praesel‘erre</strong></span> <span class='ocrx_word' id='word_1_271' title='bbox 1404 1995 1665 2022; x_wconf 79' lang='lat' dir='ltr'><strong>comnionstraveris</strong></span> <span class='ocrx_word' id='word_1_272' title='bbox 1679 2013 1686 2027; x_wconf 88' lang='lat'><strong>,</strong></span> <span class='ocrx_word' id='word_1_273' title='bbox 1704 2003 1746 2022; x_wconf 61' lang='grc' dir='ltr'><strong>ηιμ</strong></span> 
     </span>
    </p>
   </div>
   <div class='ocr_carea' id='block_1_41' title="bbox 953 2037 1746 2074">
    <p class='ocr_par' dir='ltr' id='par_1_41' title="bbox 953 2037 1746 2074">
     <span class='ocr_line' id='line_1_41' title="bbox 953 2037 1746 2074; baseline 0.004 -9"><span class='ocrx_word' id='word_1_274' title='bbox 953 2039 1012 2073; x_wconf 76' lang='lat' dir='ltr'><strong>pies</strong></span> <span class='ocrx_word' id='word_1_275' title='bbox 1028 2046 1080 2066; x_wconf 92' lang='lat' dir='ltr'><strong>una</strong></span> <span class='ocrx_word' id='word_1_276' title='bbox 1093 2043 1188 2066; x_wconf 86' lang='lat' dir='ltr'><strong>tecum</strong></span> <span class='ocrx_word' id='word_1_277' title='bbox 1200 2037 1347 2073; x_wconf 80' lang='lat' dir='ltr'><strong>Georgium</strong></span> <span class='ocrx_word' id='word_1_278' title='bbox 1359 2058 1366 2069; x_wconf 92' lang='lat'><strong>,</strong></span> <span class='ocrx_word' id='word_1_279' title='bbox 1385 2038 1601 2074; x_wconf 66' lang='lat' dir='ltr'><strong>Graecorumque</strong></span> <span class='ocrx_word' id='word_1_280' title='bbox 1618 2040 1746 2068; x_wconf 75' lang='lat' dir='ltr'><strong>Ecclesiae</strong></span> 
     </span>
    </p>
   </div>
   <div class='ocr_carea' id='block_1_42' title="bbox 107 2083 929 2124">
    <p class='ocr_par' dir='ltr' id='par_1_42' title="bbox 107 2083 929 2124">
     <span class='ocr_line' id='line_1_42' title="bbox 107 2083 929 2124; baseline -0.005 -8"><span class='ocrx_word' id='word_1_281' title='bbox 107 2089 158 2123; x_wconf 79' lang='grc' dir='ltr'><strong>τῆς</strong></span> <span class='ocrx_word' id='word_1_282' title='bbox 174 2088 305 2124; x_wconf 78' lang='grc' dir='ltr'>σήμερον.</span> <span class='ocrx_word' id='word_1_283' title='bbox 320 2086 367 2122; x_wconf 86' lang='grc' dir='ltr'><strong>Μὴ</strong></span> <span class='ocrx_word' id='word_1_284' title='bbox 381 2086 502 2122; x_wconf 78' lang='grc' dir='ltr'>ὀκνήσῃς</span> <span class='ocrx_word' id='word_1_285' title='bbox 513 2083 561 2111; x_wconf 79' lang='grc' dir='ltr'>οὖν</span> <span class='ocrx_word' id='word_1_286' title='bbox 573 2085 703 2120; x_wconf 63' lang='grc' dir='ltr'>γράφειν,</span> <span class='ocrx_word' id='word_1_287' title='bbox 717 2084 765 2111; x_wconf 74' lang='grc' dir='ltr'>καὶ</span> <span class='ocrx_word' id='word_1_288' title='bbox 779 2092 901 2118; x_wconf 67' lang='grc' dir='ltr'>μετακαο</span> <span class='ocrx_word' id='word_1_289' title='bbox 917 2084 929 2112; x_wconf 68' lang='grc' dir='ltr'><strong>Ξ</strong></span> 
     </span>
    </p>
   </div>
   <div class='ocr_carea' id='block_1_43' title="bbox 952 2083 1745 2124">
    <p class='ocr_par' dir='ltr' id='par_1_43' title="bbox 953 2084 1745 2120">
     <span class='ocr_line' id='line_1_43' title="bbox 953 2084 1745 2120; baseline 0.001 -8"><span class='ocrx_word' id='word_1_290' title='bbox 953 2084 1093 2117; x_wconf 85' lang='lat' dir='ltr'><strong>restitues,</strong></span> <span class='ocrx_word' id='word_1_291' title='bbox 1116 2091 1132 2112; x_wconf 81' lang='lat' dir='ltr'><strong>a</strong></span> <span class='ocrx_word' id='word_1_292' title='bbox 1160 2091 1214 2118; x_wconf 89' lang='lat' dir='ltr'><strong>qua</strong></span> <span class='ocrx_word' id='word_1_293' title='bbox 1245 2084 1357 2111; x_wconf 83' lang='lat' dir='ltr'><strong>avulsus</strong></span> <span class='ocrx_word' id='word_1_294' title='bbox 1383 2091 1456 2117; x_wconf 85' lang='lat' dir='ltr'><strong>sum,</strong></span> <span class='ocrx_word' id='word_1_295' title='bbox 1472 2084 1499 2112; x_wconf 93' lang='lat' dir='ltr'><strong>id</strong></span> <span class='ocrx_word' id='word_1_296' title='bbox 1515 2086 1618 2120; x_wconf 89' lang='lat' dir='ltr'><strong>optime</strong></span> <span class='ocrx_word' id='word_1_297' title='bbox 1642 2086 1745 2113; x_wconf 75' lang='lat' dir='ltr'><strong>factum</strong></span> 
     </span>
    </p>
   </div>
   <div class='ocr_carea' id='block_1_44' title="bbox 106 2130 900 2169">
    <p class='ocr_par' dir='ltr' id='par_1_44' title="bbox 106 2130 900 2169">
     <span class='ocr_line' id='line_1_44' title="bbox 106 2130 900 2169; baseline -0.008 -7"><span class='ocrx_word' id='word_1_298' title='bbox 106 2135 211 2162; x_wconf 76' lang='grc' dir='ltr'>λςῖσθαι</span> <span class='ocrx_word' id='word_1_299' title='bbox 231 2134 300 2169; x_wconf 76' lang='grc' dir='ltr'>πρὸς</span> <span class='ocrx_word' id='word_1_300' title='bbox 319 2133 353 2169; x_wconf 74' lang='grc' dir='ltr'>ἢν</span> <span class='ocrx_word' id='word_1_301' title='bbox 370 2133 421 2159; x_wconf 72' lang='grc' dir='ltr'>οῐιι</span> <span class='ocrx_word' id='word_1_302' title='bbox 440 2133 514 2167; x_wconf 73' lang='grc' dir='ltr'>ἡμᾶς</span> <span class='ocrx_word' id='word_1_303' title='bbox 534 2131 675 2167; x_wconf 79' lang='grc' dir='ltr'>ἀλήθειαν.</span> <span class='ocrx_word' id='word_1_304' title='bbox 691 2131 761 2166; x_wconf 81' lang='grc' dir='ltr'><strong>Ἤδη</strong></span> <span class='ocrx_word' id='word_1_305' title='bbox 784 2130 838 2166; x_wconf 87' lang='grc' dir='ltr'><strong>γάρ</strong></span> <span class='ocrx_word' id='word_1_306' title='bbox 858 2138 900 2156; x_wconf 83' lang='grc' dir='ltr'><strong>σοι</strong></span> 
     </span>
    </p>
   </div>
   <div class='ocr_carea' id='block_1_45' title="bbox 107 2175 899 2218">
    <p class='ocr_par' dir='ltr' id='par_1_45' title="bbox 107 2175 899 2218">
     <span class='ocr_line' id='line_1_45' title="bbox 107 2175 899 2218; baseline -0.008 -9"><span class='ocrx_word' id='word_1_307' title='bbox 107 2181 237 2218; x_wconf 76' lang='grc' dir='ltr'>πρότεροι</span> <span class='ocrx_word' id='word_1_308' title='bbox 256 2179 400 2215; x_wconf 78' lang='grc' dir='ltr'>γράφομεν</span> <span class='ocrx_word' id='word_1_309' title='bbox 411 2198 420 2212; x_wconf 84' lang='grc'><strong>,</strong></span> <span class='ocrx_word' id='word_1_310' title='bbox 437 2179 486 2204; x_wconf 71' lang='grc' dir='ltr'><strong>καὶ</strong></span> <span class='ocrx_word' id='word_1_311' title='bbox 505 2176 735 2213; x_wconf 76' lang='grc' dir='ltr'>προσχαλούμεθα</span> <span class='ocrx_word' id='word_1_312' title='bbox 757 2175 817 2211; x_wconf 75' lang='grc' dir='ltr'>μετ’</span> <span class='ocrx_word' id='word_1_313' title='bbox 830 2177 899 2210; x_wconf 79' lang='grc' dir='ltr'><strong>ἀγά-</strong></span> 
     </span>
    </p>
   </div>
   <div class='ocr_carea' id='block_1_46' title="bbox 106 2222 898 2263">
    <p class='ocr_par' dir='ltr' id='par_1_46' title="bbox 106 2222 898 2263">
     <span class='ocr_line' id='line_1_46' title="bbox 106 2222 898 2263; baseline -0.009 -9"><span class='ocrx_word' id='word_1_314' title='bbox 106 2236 160 2263; x_wconf 79' lang='grc' dir='ltr'>πης</span> <span class='ocrx_word' id='word_1_315' title='bbox 178 2226 285 2260; x_wconf 79' lang='grc' dir='ltr'>πάσης,</span> <span class='ocrx_word' id='word_1_316' title='bbox 301 2223 459 2259; x_wconf 81' lang='grc' dir='ltr'>ποιούμενοι</span> <span class='ocrx_word' id='word_1_317' title='bbox 475 2224 521 2250; x_wconf 75' lang='grc' dir='ltr'>τὸν</span> <span class='ocrx_word' id='word_1_318' title='bbox 535 2223 614 2257; x_wconf 86' lang='grc' dir='ltr'>λόγον</span> <span class='ocrx_word' id='word_1_319' title='bbox 633 2222 716 2258; x_wconf 83' lang='grc' dir='ltr'>χωρὶς</span> <span class='ocrx_word' id='word_1_320' title='bbox 731 2222 898 2257; x_wconf 83' lang='grc' dir='ltr'>πεισμονῆς,</span> 
     </span>
    </p>
   </div>
   <div class='ocr_carea' id='block_1_47' title="bbox 106 2268 900 2310">
    <p class='ocr_par' dir='ltr' id='par_1_47' title="bbox 106 2268 900 2310">
     <span class='ocr_line' id='line_1_47' title="bbox 106 2268 900 2310; baseline -0.009 -9"><span class='ocrx_word' id='word_1_321' title='bbox 106 2276 191 2310; x_wconf 74' lang='grc' dir='ltr'>χωρὶς</span> <span class='ocrx_word' id='word_1_322' title='bbox 207 2273 365 2308; x_wconf 78' lang='grc' dir='ltr'>φιλοτιμίας</span> <span class='ocrx_word' id='word_1_323' title='bbox 375 2292 383 2305; x_wconf 88' lang='grc'><strong>,</strong></span> <span class='ocrx_word' id='word_1_324' title='bbox 399 2270 430 2297; x_wconf 80' lang='grc' dir='ltr'><strong>τὸ</strong></span> <span class='ocrx_word' id='word_1_325' title='bbox 444 2269 492 2297; x_wconf 83' lang='grc' dir='ltr'><strong>τοῦ</strong></span> <span class='ocrx_word' id='word_1_326' title='bbox 508 2269 589 2303; x_wconf 86' lang='grc' dir='ltr'>λόγου</span> <span class='ocrx_word' id='word_1_327' title='bbox 606 2269 724 2303; x_wconf 80' lang='grc' dir='ltr'>μέγεθος</span> <span class='ocrx_word' id='word_1_328' title='bbox 740 2268 786 2296; x_wconf 80' lang='grc' dir='ltr'>καὶ</span> <span class='ocrx_word' id='word_1_329' title='bbox 802 2269 900 2303; x_wconf 70' lang='grc' dir='ltr'>γρῖφον</span> 
     </span>
    </p>
   </div>
   <div class='ocr_carea' id='block_1_48' title="bbox 107 2314 901 2356">
    <p class='ocr_par' dir='ltr' id='par_1_48' title="bbox 107 2314 901 2356">
     <span class='ocr_line' id='line_1_48' title="bbox 107 2314 901 2356; baseline -0.009 -8"><span class='ocrx_word' id='word_1_330' title='bbox 107 2319 308 2356; x_wconf 76' lang='grc' dir='ltr'>ἀφαιροῦντες,</span> <span class='ocrx_word' id='word_1_331' title='bbox 321 2317 358 2350; x_wconf 83' lang='grc' dir='ltr'>ὡς</span> <span class='ocrx_word' id='word_1_332' title='bbox 373 2315 429 2344; x_wconf 78' lang='grc' dir='ltr'>οἷόν</span> <span class='ocrx_word' id='word_1_333' title='bbox 443 2325 484 2344; x_wconf 76' lang='grc' dir='ltr'><strong>τε.</strong></span> <span class='ocrx_word' id='word_1_334' title='bbox 500 2316 538 2343; x_wconf 83' lang='grc' dir='ltr'><strong>οὐ</strong></span> <span class='ocrx_word' id='word_1_335' title='bbox 554 2316 608 2351; x_wconf 84' lang='grc' dir='ltr'><strong>γὰρ</strong></span> <span class='ocrx_word' id='word_1_336' title='bbox 623 2316 667 2342; x_wconf 85' lang='grc' dir='ltr'><strong>ῐνα</strong></span> <span class='ocrx_word' id='word_1_337' title='bbox 681 2315 765 2342; x_wconf 80' lang='grc' dir='ltr'>δεινοὶ</span> <span class='ocrx_word' id='word_1_338' title='bbox 780 2314 901 2349; x_wconf 81' lang='grc' dir='ltr'>δόξωμεν</span> 
     </span>
    </p>
   </div>
   <div class='ocr_carea' id='block_1_49' title="bbox 108 2361 902 2403">
    <p class='ocr_par' dir='ltr' id='par_1_49' title="bbox 108 2361 902 2403">
     <span class='ocr_line' id='line_1_49' title="bbox 108 2361 902 2403; baseline -0.009 -9"><span class='ocrx_word' id='word_1_339' title='bbox 108 2368 233 2403; x_wconf 71' lang='grc' dir='ltr'>ῥήτορες,</span> <span class='ocrx_word' id='word_1_340' title='bbox 247 2365 264 2401; x_wconf 79' lang='grc' dir='ltr'>ἢ</span> <span class='ocrx_word' id='word_1_341' title='bbox 277 2364 370 2392; x_wconf 86' lang='grc' dir='ltr'>πολλοι</span> <span class='ocrx_word' id='word_1_342' title='bbox 381 2372 453 2395; x_wconf 84' lang='grc' dir='ltr'>τινες</span> <span class='ocrx_word' id='word_1_343' title='bbox 467 2363 530 2394; x_wconf 75' lang='grc' dir='ltr'>τοὺς</span> <span class='ocrx_word' id='word_1_344' title='bbox 544 2361 652 2397; x_wconf 85' lang='grc' dir='ltr'>λόγους,</span> <span class='ocrx_word' id='word_1_345' title='bbox 665 2361 724 2389; x_wconf 82' lang='grc' dir='ltr'>ἀλλ’</span> <span class='ocrx_word' id='word_1_346' title='bbox 735 2362 778 2389; x_wconf 79' lang='grc' dir='ltr'>ἵνα</span> <span class='ocrx_word' id='word_1_347' title='bbox 791 2361 807 2397; x_wconf 84' lang='grc' dir='ltr'>ἢ</span> <span class='ocrx_word' id='word_1_348' title='bbox 821 2362 902 2398; x_wconf 80' lang='grc' dir='ltr'>ἡμεῖς</span> 
     </span>
    </p>
   </div>
   <div class='ocr_carea' id='block_1_50' title="bbox 107 2407 903 2448">
    <p class='ocr_par' dir='ltr' id='par_1_50' title="bbox 107 2407 903 2448">
     <span class='ocr_line' id='line_1_50' title="bbox 107 2407 903 2448; baseline -0.005 -8"><span class='ocrx_word' id='word_1_349' title='bbox 107 2414 157 2447; x_wconf 82' lang='grc' dir='ltr'><strong>τὴν</strong></span> <span class='ocrx_word' id='word_1_350' title='bbox 174 2412 306 2448; x_wconf 71' lang='grc' dir='ltr'>ἀλήθειαν</span> <span class='ocrx_word' id='word_1_351' title='bbox 325 2409 550 2447; x_wconf 81' lang='grc' dir='ltr'>μεταμάθωμεν,</span> <span class='ocrx_word' id='word_1_352' title='bbox 571 2409 587 2444; x_wconf 87' lang='grc' dir='ltr'><strong>ῆ</strong></span> <span class='ocrx_word' id='word_1_353' title='bbox 611 2409 643 2436; x_wconf 84' lang='grc' dir='ltr'>σὺ</span> <span class='ocrx_word' id='word_1_354' title='bbox 663 2408 767 2442; x_wconf 77' lang='grc' dir='ltr'><strong>ταύτην</strong></span> <span class='ocrx_word' id='word_1_355' title='bbox 784 2407 836 2435; x_wconf 76' lang='grc' dir='ltr'>κᾶν</span> <span class='ocrx_word' id='word_1_356' title='bbox 854 2408 903 2436; x_wconf 84' lang='grc' dir='ltr'>νῦν</span> 
     </span>
    </p>
   </div>
   <div class='ocr_carea' id='block_1_51' title="bbox 109 2453 902 2493">
    <p class='ocr_par' dir='ltr' id='par_1_51' title="bbox 109 2453 902 2493">
     <span class='ocr_line' id='line_1_51' title="bbox 109 2453 902 2493; baseline -0.006 -8"><span class='ocrx_word' id='word_1_357' title='bbox 109 2458 259 2493; x_wconf 83' lang='grc' dir='ltr'>γνωρίσαις</span> <span class='ocrx_word' id='word_1_358' title='bbox 270 2476 278 2489; x_wconf 85' lang='lat'><strong>,</strong></span> <span class='ocrx_word' id='word_1_359' title='bbox 293 2456 348 2483; x_wconf 80' lang='grc' dir='ltr'>δεῖν</span> <span class='ocrx_word' id='word_1_360' title='bbox 365 2455 499 2492; x_wconf 80' lang='grc' dir='ltr'><strong>ᾠήθημεν</strong></span> <span class='ocrx_word' id='word_1_361' title='bbox 516 2454 585 2490; x_wconf 71' lang='grc' dir='ltr'>πρὸς</span> <span class='ocrx_word' id='word_1_362' title='bbox 603 2453 634 2482; x_wconf 71' lang='grc' dir='ltr'>σὲ</span> <span class='ocrx_word' id='word_1_363' title='bbox 651 2454 777 2488; x_wconf 83' lang='grc' dir='ltr'>γράφειν.</span> <span class='ocrx_word' id='word_1_364' title='bbox 793 2453 902 2481; x_wconf 80' lang='grc' dir='ltr'>Γένοιτο</span> 
     </span>
    </p>
   </div>
   <div class='ocr_carea' id='block_1_52' title="bbox 108 2499 902 2538">
    <p class='ocr_par' dir='ltr' id='par_1_52' title="bbox 108 2499 902 2538">
     <span class='ocr_line' id='line_1_52' title="bbox 108 2499 902 2538; baseline -0.005 -8"><span class='ocrx_word' id='word_1_365' title='bbox 108 2505 137 2532; x_wconf 77' lang='grc' dir='ltr'>δὲ</span> <span class='ocrx_word' id='word_1_366' title='bbox 159 2505 189 2532; x_wconf 76' lang='grc' dir='ltr'><strong>τὸ</strong></span> <span class='ocrx_word' id='word_1_367' title='bbox 211 2503 317 2538; x_wconf 67' lang='grc' dir='ltr'>ἕτερον,</span> <span class='ocrx_word' id='word_1_368' title='bbox 338 2502 440 2537; x_wconf 81' lang='grc' dir='ltr'>Χριστὲ</span> <span class='ocrx_word' id='word_1_369' title='bbox 463 2500 587 2537; x_wconf 81' lang='grc' dir='ltr'>βασιλεῦ,</span> <span class='ocrx_word' id='word_1_370' title='bbox 608 2499 656 2527; x_wconf 72' lang='grc' dir='ltr'><strong>καὶ</strong></span> <span class='ocrx_word' id='word_1_371' title='bbox 679 2501 785 2535; x_wconf 81' lang='grc' dir='ltr'>γένοιτο</span> <span class='ocrx_word' id='word_1_372' title='bbox 806 2501 836 2526; x_wconf 82' lang='grc' dir='ltr'><strong>τὸ</strong></span> <span class='ocrx_word' id='word_1_373' title='bbox 859 2499 902 2526; x_wconf 76' lang='grc' dir='ltr'>σοὶ</span> 
     </span>
    </p>
   </div>
   <div class='ocr_carea' id='block_1_53' title="bbox 107 2547 902 2585">
    <p class='ocr_par' dir='ltr' id='par_1_53' title="bbox 107 2547 902 2585">
     <span class='ocr_line' id='line_1_53' title="bbox 107 2547 902 2585; baseline -0.005 -7"><span class='ocrx_word' id='word_1_374' title='bbox 107 2551 268 2585; x_wconf 74' lang='grc' dir='ltr'>εὐάρεστον.</span> <span class='ocrx_word' id='word_1_375' title='bbox 291 2548 361 2576; x_wconf 77' lang='grc' dir='ltr'>Ἀλλ’</span> <span class='ocrx_word' id='word_1_376' title='bbox 375 2548 418 2575; x_wconf 83' lang='grc' dir='ltr'>ἵνα</span> <span class='ocrx_word' id='word_1_377' title='bbox 437 2548 475 2583; x_wconf 86' lang='grc' dir='ltr'>μὴ</span> <span class='ocrx_word' id='word_1_378' title='bbox 493 2547 579 2575; x_wconf 81' lang='grc' dir='ltr'>πολὺν</span> <span class='ocrx_word' id='word_1_379' title='bbox 595 2547 624 2574; x_wconf 70' lang='grc' dir='ltr'>ιν</span> <span class='ocrx_word' id='word_1_380' title='bbox 642 2547 799 2582; x_wconf 84' lang='grc' dir='ltr'>προοιμίοις</span> <span class='ocrx_word' id='word_1_381' title='bbox 816 2555 902 2574; x_wconf 82' lang='grc' dir='ltr'>κατα-</span> 
     </span>
    </p>
   </div>
   <div class='ocr_carea' id='block_1_54' title="bbox 107 2593 903 2634">
    <p class='ocr_par' dir='ltr' id='par_1_54' title="bbox 107 2593 903 2634">
     <span class='ocr_line' id='line_1_54' title="bbox 107 2593 903 2634; baseline -0.006 -9"><span class='ocrx_word' id='word_1_382' title='bbox 107 2597 195 2634; x_wconf 77' lang='grc' dir='ltr'>τρίσω</span> <span class='ocrx_word' id='word_1_383' title='bbox 210 2596 318 2632; x_wconf 85' lang='grc' dir='ltr'>χρόνον,</span> <span class='ocrx_word' id='word_1_384' title='bbox 333 2595 452 2631; x_wconf 77' lang='grc' dir='ltr'>ἄρξομαι</span> <span class='ocrx_word' id='word_1_385' title='bbox 465 2594 524 2626; x_wconf 82' lang='grc' dir='ltr'>νῦν,</span> <span class='ocrx_word' id='word_1_386' title='bbox 539 2593 605 2621; x_wconf 78' lang='grc' dir='ltr'><strong>αὐτὸ</strong></span> <span class='ocrx_word' id='word_1_387' title='bbox 620 2594 651 2621; x_wconf 75' lang='grc' dir='ltr'><strong>τὸ</strong></span> <span class='ocrx_word' id='word_1_388' title='bbox 668 2594 801 2628; x_wconf 77' lang='grc' dir='ltr'>πανάγιον</span> <span class='ocrx_word' id='word_1_389' title='bbox 817 2593 903 2620; x_wconf 74' lang='grc' dir='ltr'><strong>Πνεῦο</strong></span> 
     </span>
    </p>
   </div>
   <div class='ocr_carea' id='block_1_55' title="bbox 110 2639 901 2678">
    <p class='ocr_par' dir='ltr' id='par_1_55' title="bbox 110 2639 901 2678">
     <span class='ocr_line' id='line_1_55' title="bbox 110 2639 901 2678; baseline -0.003 -8"><span class='ocrx_word' id='word_1_390' title='bbox 110 2653 166 2678; x_wconf 86' lang='grc' dir='ltr'><strong>μα,</strong></span> <span class='ocrx_word' id='word_1_391' title='bbox 183 2644 247 2678; x_wconf 77' lang='grc' dir='ltr'>περὶ</span> <span class='ocrx_word' id='word_1_392' title='bbox 262 2641 292 2669; x_wconf 80' lang='grc' dir='ltr'>οὗ</span> <span class='ocrx_word' id='word_1_393' title='bbox 307 2642 322 2668; x_wconf 82' lang='grc' dir='ltr'>ὁ</span> <span class='ocrx_word' id='word_1_394' title='bbox 339 2641 416 2675; x_wconf 81' lang='grc' dir='ltr'>λόγος</span> <span class='ocrx_word' id='word_1_395' title='bbox 428 2660 435 2673; x_wconf 87' lang='grc'><strong>,</strong></span> <span class='ocrx_word' id='word_1_396' title='bbox 451 2640 686 2676; x_wconf 78' lang='grc' dir='ltr'>ἐπικαλεσάμενος</span> <span class='ocrx_word' id='word_1_397' title='bbox 704 2641 743 2671; x_wconf 82' lang='grc' dir='ltr'><strong>είς</strong></span> <span class='ocrx_word' id='word_1_398' title='bbox 761 2639 901 2676; x_wconf 84' lang='grc' dir='ltr'>βοήθειαν.</span> 
     </span>
    </p>
   </div>
   <div class='ocr_carea' id='block_1_56' title="bbox 955 2131 1746 2166">
    <p class='ocr_par' dir='ltr' id='par_1_56' title="bbox 955 2131 1746 2166">
     <span class='ocr_line' id='line_1_56' title="bbox 955 2131 1746 2166; baseline 0.001 -6"><span class='ocrx_word' id='word_1_399' title='bbox 955 2137 1041 2164; x_wconf 88' lang='lat' dir='ltr'><strong>ratus,</strong></span> <span class='ocrx_word' id='word_1_400' title='bbox 1067 2136 1095 2159; x_wconf 91' lang='lat' dir='ltr'><strong>et</strong></span> <span class='ocrx_word' id='word_1_401' title='bbox 1114 2131 1142 2159; x_wconf 91' lang='lat' dir='ltr'><strong>in</strong></span> <span class='ocrx_word' id='word_1_402' title='bbox 1159 2131 1223 2165; x_wconf 85' lang='lat' dir='ltr'><strong>lide,</strong></span> <span class='ocrx_word' id='word_1_403' title='bbox 1240 2139 1321 2165; x_wconf 84' lang='lat' dir='ltr'><strong>quam</strong></span> <span class='ocrx_word' id='word_1_404' title='bbox 1347 2131 1491 2166; x_wconf 81' lang='lat' dir='ltr'><strong>amplexus</strong></span> <span class='ocrx_word' id='word_1_405' title='bbox 1514 2139 1587 2164; x_wconf 88' lang='lat' dir='ltr'><strong>sum,</strong></span> <span class='ocrx_word' id='word_1_406' title='bbox 1610 2133 1643 2159; x_wconf 87' lang='lat' dir='ltr'><strong>ad</strong></span> <span class='ocrx_word' id='word_1_407' title='bbox 1671 2133 1746 2161; x_wconf 76' lang='lat' dir='ltr'><strong>hunc</strong></span> 
     </span>
    </p>
   </div>
   <div class='ocr_carea' id='block_1_57' title="bbox 954 2177 1745 2214">
    <p class='ocr_par' dir='ltr' id='par_1_57' title="bbox 954 2177 1745 2214">
     <span class='ocr_line' id='line_1_57' title="bbox 954 2177 1745 2214; baseline 0 -8"><span class='ocrx_word' id='word_1_408' title='bbox 954 2178 1027 2206; x_wconf 84' lang='lat' dir='ltr'><strong>diem</strong></span> <span class='ocrx_word' id='word_1_409' title='bbox 1044 2178 1207 2214; x_wconf 82' lang='lat' dir='ltr'><strong>perdurans.</strong></span> <span class='ocrx_word' id='word_1_410' title='bbox 1224 2177 1264 2205; x_wconf 86' lang='lat' dir='ltr'><strong>Ne</strong></span> <span class='ocrx_word' id='word_1_411' title='bbox 1282 2177 1389 2213; x_wconf 77' lang='lat' dir='ltr'><strong>pigrere</strong></span> <span class='ocrx_word' id='word_1_412' title='bbox 1405 2177 1490 2213; x_wconf 79' lang='lat' dir='ltr'><strong>igitur</strong></span> <span class='ocrx_word' id='word_1_413' title='bbox 1500 2179 1534 2206; x_wconf 89' lang='lat' dir='ltr'><strong>ad</strong></span> <span class='ocrx_word' id='word_1_414' title='bbox 1549 2187 1599 2207; x_wconf 84' lang='lat' dir='ltr'><strong>nos</strong></span> <span class='ocrx_word' id='word_1_415' title='bbox 1611 2179 1745 2213; x_wconf 78' lang='lat' dir='ltr'><strong>scribere,</strong></span> 
     </span>
    </p>
   </div>
   <div class='ocr_carea' id='block_1_58' title="bbox 951 2225 1748 2260">
    <p class='ocr_par' dir='ltr' id='par_1_58' title="bbox 951 2225 1748 2260">
     <span class='ocr_line' id='line_1_58' title="bbox 951 2225 1748 2260; baseline 0.001 -7"><span class='ocrx_word' id='word_1_416' title='bbox 951 2229 980 2253; x_wconf 86' lang='lat' dir='ltr'><strong>et</strong></span> <span class='ocrx_word' id='word_1_417' title='bbox 998 2225 1031 2252; x_wconf 90' lang='lat' dir='ltr'><strong>ad</strong></span> <span class='ocrx_word' id='word_1_418' title='bbox 1044 2232 1117 2257; x_wconf 85' lang='lat' dir='ltr'><strong>eam,</strong></span> <span class='ocrx_word' id='word_1_419' title='bbox 1135 2232 1217 2260; x_wconf 84' lang='lat' dir='ltr'><strong>quam</strong></span> <span class='ocrx_word' id='word_1_420' title='bbox 1235 2229 1262 2252; x_wconf 88' lang='lat' dir='ltr'><strong>tu</strong></span> <span class='ocrx_word' id='word_1_421' title='bbox 1283 2225 1428 2257; x_wconf 81' lang='lat' dir='ltr'><strong>veritatem</strong></span> <span class='ocrx_word' id='word_1_422' title='bbox 1452 2233 1515 2254; x_wconf 87' lang='lat' dir='ltr'><strong>esse</strong></span> <span class='ocrx_word' id='word_1_423' title='bbox 1532 2227 1685 2260; x_wconf 79' lang='lat' dir='ltr'><strong>existimas,</strong></span> <span class='ocrx_word' id='word_1_424' title='bbox 1701 2236 1748 2255; x_wconf 60' lang='lat' dir='ltr'><strong>re-</strong></span> 
     </span>
    </p>
   </div>
   <div class='ocr_carea' id='block_1_59' title="bbox 953 2270 1745 2306">
    <p class='ocr_par' dir='ltr' id='par_1_59' title="bbox 953 2270 1745 2306">
     <span class='ocr_line' id='line_1_59' title="bbox 953 2270 1745 2306; baseline 0.005 -10"><span class='ocrx_word' id='word_1_425' title='bbox 953 2277 1062 2298; x_wconf 86' lang='lat' dir='ltr'><strong>vocare.</strong></span> <span class='ocrx_word' id='word_1_426' title='bbox 1078 2270 1138 2298; x_wconf 86' lang='lat' dir='ltr'><strong>Jam</strong></span> <span class='ocrx_word' id='word_1_427' title='bbox 1151 2270 1224 2298; x_wconf 89' lang='lat' dir='ltr'><strong>enim</strong></span> <span class='ocrx_word' id='word_1_428' title='bbox 1245 2278 1296 2299; x_wconf 88' lang='lat' dir='ltr'><strong>nos</strong></span> <span class='ocrx_word' id='word_1_429' title='bbox 1316 2271 1397 2306; x_wconf 88' lang='lat' dir='ltr'><strong>primi</strong></span> <span class='ocrx_word' id='word_1_430' title='bbox 1414 2271 1449 2299; x_wconf 88' lang='lat' dir='ltr'><strong>ad</strong></span> <span class='ocrx_word' id='word_1_431' title='bbox 1468 2275 1494 2299; x_wconf 89' lang='lat' dir='ltr'><strong>te</strong></span> <span class='ocrx_word' id='word_1_432' title='bbox 1516 2272 1622 2300; x_wconf 76' lang='lat' dir='ltr'><strong>litteras</strong></span> <span class='ocrx_word' id='word_1_433' title='bbox 1637 2273 1745 2305; x_wconf 82' lang='lat' dir='ltr'><strong>damus,</strong></span> 
     </span>
    </p>
   </div>
   <div class='ocr_carea' id='block_1_60' title="bbox 953 2316 1747 2355">
    <p class='ocr_par' dir='ltr' id='par_1_60' title="bbox 953 2316 1747 2355">
     <span class='ocr_line' id='line_1_60' title="bbox 953 2316 1747 2355; baseline 0.004 -12"><span class='ocrx_word' id='word_1_434' title='bbox 953 2321 981 2343; x_wconf 80' lang='lat' dir='ltr'><strong>et</strong></span> <span class='ocrx_word' id='word_1_435' title='bbox 995 2324 1152 2344; x_wconf 87' lang='lat' dir='ltr'><strong>sermonem</strong></span> <span class='ocrx_word' id='word_1_436' title='bbox 1168 2316 1274 2352; x_wconf 78' lang='lat' dir='ltr'><strong>absque</strong></span> <span class='ocrx_word' id='word_1_437' title='bbox 1291 2317 1443 2351; x_wconf 85' lang='lat' dir='ltr'><strong>pertinacia</strong></span> <span class='ocrx_word' id='word_1_438' title='bbox 1459 2322 1487 2345; x_wconf 90' lang='lat' dir='ltr'><strong>et</strong></span> <span class='ocrx_word' id='word_1_439' title='bbox 1505 2318 1656 2346; x_wconf 88' lang='lat' dir='ltr'><strong>ambitione</strong></span> <span class='ocrx_word' id='word_1_440' title='bbox 1669 2319 1747 2355; x_wconf 70' lang='lat' dir='ltr'><strong>dige-</strong></span> 
     </span>
    </p>
   </div>
   <div class='ocr_carea' id='block_1_61' title="bbox 954 2363 1747 2400">
    <p class='ocr_par' dir='ltr' id='par_1_61' title="bbox 954 2363 1747 2400">
     <span class='ocr_line' id='line_1_61' title="bbox 954 2363 1747 2400; baseline 0.003 -10"><span class='ocrx_word' id='word_1_441' title='bbox 954 2367 1058 2395; x_wconf 87' lang='lat' dir='ltr'><strong>rentes,</strong></span> <span class='ocrx_word' id='word_1_442' title='bbox 1078 2370 1185 2390; x_wconf 89' lang='lat' dir='ltr'><strong>necnon</strong></span> <span class='ocrx_word' id='word_1_443' title='bbox 1204 2363 1338 2391; x_wconf 85' lang='lat' dir='ltr'><strong>orationis</strong></span> <span class='ocrx_word' id='word_1_444' title='bbox 1354 2363 1538 2398; x_wconf 78' lang='lat' dir='ltr'><strong>prolixitatem</strong></span> <span class='ocrx_word' id='word_1_445' title='bbox 1556 2369 1584 2392; x_wconf 91' lang='lat' dir='ltr'><strong>et</strong></span> <span class='ocrx_word' id='word_1_446' title='bbox 1597 2372 1747 2400; x_wconf 75' lang='lat' dir='ltr'><strong>argumen-</strong></span> 
     </span>
    </p>
   </div>
   <div class='ocr_carea' id='block_1_62' title="bbox 957 2409 1747 2446">
    <p class='ocr_par' dir='ltr' id='par_1_62' title="bbox 957 2409 1747 2446">
     <span class='ocr_line' id='line_1_62' title="bbox 957 2409 1747 2446; baseline 0.005 -10"><span class='ocrx_word' id='word_1_447' title='bbox 957 2409 1074 2438; x_wconf 85' lang='lat' dir='ltr'><strong>tationes</strong></span> <span class='ocrx_word' id='word_1_448' title='bbox 1093 2410 1245 2444; x_wconf 84' lang='lat' dir='ltr'><strong>implicatas</strong></span> <span class='ocrx_word' id='word_1_449' title='bbox 1262 2418 1312 2445; x_wconf 88' lang='lat' dir='ltr'><strong>pro</strong></span> <span class='ocrx_word' id='word_1_450' title='bbox 1324 2411 1431 2439; x_wconf 83' lang='lat' dir='ltr'><strong>viribus</strong></span> <span class='ocrx_word' id='word_1_451' title='bbox 1443 2412 1540 2446; x_wconf 88' lang='lat' dir='ltr'><strong>procul</strong></span> <span class='ocrx_word' id='word_1_452' title='bbox 1556 2412 1747 2446; x_wconf 80' lang='lat' dir='ltr'><strong>amandantes,</strong></span> 
     </span>
    </p>
   </div>
   <div class='ocr_carea' id='block_1_63' title="bbox 954 2456 1748 2487">
    <p class='ocr_par' dir='ltr' id='par_1_63' title="bbox 954 2456 1748 2487">
     <span class='ocr_line' id='line_1_63' title="bbox 954 2456 1748 2487; baseline 0.006 -5"><span class='ocrx_word' id='word_1_453' title='bbox 954 2463 1017 2483; x_wconf 85' lang='lat' dir='ltr'><strong>cum</strong></span> <span class='ocrx_word' id='word_1_454' title='bbox 1029 2456 1104 2483; x_wconf 88' lang='lat' dir='ltr'><strong>omni</strong></span> <span class='ocrx_word' id='word_1_455' title='bbox 1119 2456 1319 2484; x_wconf 66' lang='lat' dir='ltr'><strong>benevolentiae</strong></span> <span class='ocrx_word' id='word_1_456' title='bbox 1332 2457 1467 2485; x_wconf 80' lang='lat' dir='ltr'><strong>charitate</strong></span> <span class='ocrx_word' id='word_1_457' title='bbox 1484 2458 1673 2487; x_wconf 79' lang='lat' dir='ltr'><strong>adhortamur.</strong></span> <span class='ocrx_word' id='word_1_458' title='bbox 1693 2459 1748 2487; x_wconf 87' lang='lat' dir='ltr'><strong>Ne-</strong></span> 
     </span>
    </p>
   </div>
   <div class='ocr_carea' id='block_1_64' title="bbox 953 2502 1748 2537">
    <p class='ocr_par' dir='ltr' id='par_1_64' title="bbox 953 2502 1748 2537">
     <span class='ocr_line' id='line_1_64' title="bbox 953 2502 1748 2537; baseline 0.005 -9"><span class='ocrx_word' id='word_1_459' title='bbox 953 2509 1008 2537; x_wconf 84' lang='lat' dir='ltr'><strong>que</strong></span> <span class='ocrx_word' id='word_1_460' title='bbox 1022 2502 1096 2529; x_wconf 86' lang='lat' dir='ltr'><strong>enim</strong></span> <span class='ocrx_word' id='word_1_461' title='bbox 1114 2506 1144 2529; x_wconf 91' lang='lat' dir='ltr'><strong>ut</strong></span> <span class='ocrx_word' id='word_1_462' title='bbox 1166 2507 1291 2529; x_wconf 85' lang='lat' dir='ltr'><strong>oratores</strong></span> <span class='ocrx_word' id='word_1_463' title='bbox 1314 2502 1494 2531; x_wconf 84' lang='lat' dir='ltr'><strong>vehementes</strong></span> <span class='ocrx_word' id='word_1_464' title='bbox 1507 2509 1535 2532; x_wconf 88' lang='lat' dir='ltr'><strong>et</strong></span> <span class='ocrx_word' id='word_1_465' title='bbox 1553 2505 1748 2536; x_wconf 85' lang='lat' dir='ltr'><strong>consummati,</strong></span> 
     </span>
    </p>
   </div>
   <div class='ocr_carea' id='block_1_65' title="bbox 954 2547 1748 2584">
    <p class='ocr_par' dir='ltr' id='par_1_65' title="bbox 954 2547 1748 2584">
     <span class='ocr_line' id='line_1_65' title="bbox 954 2547 1748 2584; baseline 0.004 -9"><span class='ocrx_word' id='word_1_466' title='bbox 954 2552 1002 2576; x_wconf 90' lang='lat' dir='ltr'><strong>aut</strong></span> <span class='ocrx_word' id='word_1_467' title='bbox 1024 2552 1054 2575; x_wconf 89' lang='lat' dir='ltr'><strong>ut</strong></span> <span class='ocrx_word' id='word_1_468' title='bbox 1071 2547 1097 2576; x_wconf 85' lang='lat' dir='ltr'><strong>in</strong></span> <span class='ocrx_word' id='word_1_469' title='bbox 1122 2548 1240 2575; x_wconf 86' lang='lat' dir='ltr'><strong>dicendo</strong></span> <span class='ocrx_word' id='word_1_470' title='bbox 1255 2548 1347 2576; x_wconf 62' lang='lat' dir='ltr'><strong>valere</strong></span> <span class='ocrx_word' id='word_1_471' title='bbox 1361 2548 1511 2584; x_wconf 92' lang='lat' dir='ltr'><strong>plurimum</strong></span> <span class='ocrx_word' id='word_1_472' title='bbox 1529 2550 1683 2583; x_wconf 87' lang='lat' dir='ltr'><strong>videamur,</strong></span> <span class='ocrx_word' id='word_1_473' title='bbox 1700 2551 1748 2578; x_wconf 88' lang='lat' dir='ltr'><strong>scd</strong></span> 
     </span>
    </p>
   </div>
   <div class='ocr_carea' id='block_1_66' title="bbox 955 2595 1749 2629">
    <p class='ocr_par' dir='ltr' id='par_1_66' title="bbox 955 2595 1749 2629">
     <span class='ocr_line' id='line_1_66' title="bbox 955 2595 1749 2629; baseline 0.003 -7"><span class='ocrx_word' id='word_1_474' title='bbox 955 2599 986 2622; x_wconf 86' lang='lat' dir='ltr'><strong>ut</strong></span> <span class='ocrx_word' id='word_1_475' title='bbox 1001 2602 1051 2622; x_wconf 80' lang='lat' dir='ltr'><strong>nos</strong></span> <span class='ocrx_word' id='word_1_476' title='bbox 1063 2599 1111 2622; x_wconf 90' lang='lat' dir='ltr'><strong>aut</strong></span> <span class='ocrx_word' id='word_1_477' title='bbox 1129 2595 1272 2623; x_wconf 87' lang='lat' dir='ltr'><strong>veritatem</strong></span> <span class='ocrx_word' id='word_1_478' title='bbox 1288 2595 1477 2629; x_wconf 85' lang='lat' dir='ltr'><strong>addiscamus,</strong></span> <span class='ocrx_word' id='word_1_479' title='bbox 1491 2601 1540 2624; x_wconf 87' lang='lat' dir='ltr'><strong>aut</strong></span> <span class='ocrx_word' id='word_1_480' title='bbox 1557 2600 1586 2624; x_wconf 90' lang='lat' dir='ltr'><strong>tu</strong></span> <span class='ocrx_word' id='word_1_481' title='bbox 1598 2604 1658 2625; x_wconf 86' lang='lat' dir='ltr'><strong>eam</strong></span> <span class='ocrx_word' id='word_1_482' title='bbox 1675 2604 1749 2624; x_wconf 87' lang='lat' dir='ltr'><strong>nunc</strong></span> 
     </span>
    </p>
   </div>
   <div class='ocr_carea' id='block_1_67' title="bbox 955 2632 1747 2678">
    <p class='ocr_par' dir='ltr' id='par_1_67' title="bbox 955 2632 1747 2678">
     <span class='ocr_line' id='line_1_67' title="bbox 955 2632 1747 2678; baseline 0.003 -10"><span class='ocrx_word' id='word_1_483' title='bbox 955 2641 1065 2669; x_wconf 81' lang='lat' dir='ltr'><strong>tandem</strong></span> <span class='ocrx_word' id='word_1_484' title='bbox 1081 2632 1225 2677; x_wconf 66' lang='lat' dir='ltr'><strong>agnoscas.</strong></span> <span class='ocrx_word' id='word_1_485' title='bbox 1241 2642 1299 2669; x_wconf 64' lang='lat' dir='ltr'><strong>haec</strong></span> <span class='ocrx_word' id='word_1_486' title='bbox 1310 2641 1343 2670; x_wconf 87' lang='lat' dir='ltr'><strong>ad</strong></span> <span class='ocrx_word' id='word_1_487' title='bbox 1359 2647 1386 2669; x_wconf 90' lang='lat' dir='ltr'><strong>te</strong></span> <span class='ocrx_word' id='word_1_488' title='bbox 1401 2643 1428 2669; x_wconf 90' lang='lat' dir='ltr'><strong>in</strong></span> <span class='ocrx_word' id='word_1_489' title='bbox 1448 2643 1575 2678; x_wconf 68' lang='lat' dir='ltr'><strong>pra‘senti</strong></span> <span class='ocrx_word' id='word_1_490' title='bbox 1588 2643 1747 2670; x_wconf 82' lang='lat' dir='ltr'><strong>scribimus.</strong></span> 
     </span>
    </p>
   </div>
   <div class='ocr_carea' id='block_1_68' title="bbox 108 2688 1750 2725">
    <p class='ocr_par' dir='ltr' id='par_1_68' title="bbox 108 2688 1750 2725">
     <span class='ocr_line' id='line_1_68' title="bbox 108 2688 1750 2725; baseline -0.001 -6"><span class='ocrx_word' id='word_1_491' title='bbox 108 2692 147 2719; x_wconf 84' lang='lat' dir='ltr'><strong>Ex</strong></span> <span class='ocrx_word' id='word_1_492' title='bbox 167 2690 276 2718; x_wconf 86' lang='lat' dir='ltr'><strong>duobus</strong></span> <span class='ocrx_word' id='word_1_493' title='bbox 292 2697 358 2716; x_wconf 85' lang='lat' dir='ltr'><strong>vero</strong></span> <span class='ocrx_word' id='word_1_494' title='bbox 379 2689 496 2716; x_wconf 88' lang='lat' dir='ltr'><strong>alterum</strong></span> <span class='ocrx_word' id='word_1_495' title='bbox 526 2688 652 2721; x_wconf 86' lang='lat' dir='ltr'><strong>eveniat,</strong></span> <span class='ocrx_word' id='word_1_496' title='bbox 684 2696 730 2715; x_wconf 87' lang='lat' dir='ltr'><strong>rex</strong></span> <span class='ocrx_word' id='word_1_497' title='bbox 764 2688 882 2719; x_wconf 85' lang='lat' dir='ltr'><strong>Christe.</strong></span> <span class='ocrx_word' id='word_1_498' title='bbox 919 2689 1082 2724; x_wconf 85' lang='lat' dir='ltr'><strong>eveniatque</strong></span> <span class='ocrx_word' id='word_1_499' title='bbox 1106 2689 1180 2725; x_wconf 86' lang='lat' dir='ltr'><strong>quod</strong></span> <span class='ocrx_word' id='word_1_500' title='bbox 1212 2690 1260 2721; x_wconf 82' lang='lat' dir='ltr'><strong>tibi</strong></span> <span class='ocrx_word' id='word_1_501' title='bbox 1284 2690 1478 2725; x_wconf 87' lang='lat' dir='ltr'><strong>complacitum</strong></span> <span class='ocrx_word' id='word_1_502' title='bbox 1501 2693 1554 2717; x_wconf 88' lang='lat' dir='ltr'><strong>est.</strong></span> <span class='ocrx_word' id='word_1_503' title='bbox 1585 2689 1640 2717; x_wconf 90' lang='lat' dir='ltr'><strong>Sed</strong></span> <span class='ocrx_word' id='word_1_504' title='bbox 1665 2697 1700 2718; x_wconf 88' lang='lat' dir='ltr'><strong>ne</strong></span> <span class='ocrx_word' id='word_1_505' title='bbox 1722 2692 1750 2717; x_wconf 78' lang='lat' dir='ltr'><strong>in</strong></span> 
     </span>
    </p>
   </div>
   <div class='ocr_carea' id='block_1_69' title="bbox 108 2737 1751 2776">
    <p class='ocr_par' dir='ltr' id='par_1_69' title="bbox 108 2737 1751 2776">
     <span class='ocr_line' id='line_1_69' title="bbox 108 2737 1751 2776; baseline -0.001 -9"><span class='ocrx_word' id='word_1_506' title='bbox 108 2739 244 2776; x_wconf 73' lang='lat' dir='ltr'><strong>prommio</strong></span> <span class='ocrx_word' id='word_1_507' title='bbox 271 2738 409 2774; x_wconf 79' lang='lat' dir='ltr'><strong>longiores</strong></span> <span class='ocrx_word' id='word_1_508' title='bbox 437 2742 529 2765; x_wconf 78' lang='lat' dir='ltr'><strong>moras</strong></span> <span class='ocrx_word' id='word_1_509' title='bbox 559 2743 680 2770; x_wconf 84' lang='lat' dir='ltr'><strong>uectem,</strong></span> <span class='ocrx_word' id='word_1_510' title='bbox 707 2737 801 2766; x_wconf 84' lang='lat' dir='ltr'><strong>ordiar</strong></span> <span class='ocrx_word' id='word_1_511' title='bbox 826 2746 899 2767; x_wconf 88' lang='lat' dir='ltr'><strong>nunc</strong></span> <span class='ocrx_word' id='word_1_512' title='bbox 924 2740 1086 2771; x_wconf 81' lang='lat' dir='ltr'><strong>orationem,</strong></span> <span class='ocrx_word' id='word_1_513' title='bbox 1111 2739 1172 2774; x_wconf 79' lang='lat' dir='ltr'><strong>ipso</strong></span> <span class='ocrx_word' id='word_1_514' title='bbox 1207 2739 1311 2774; x_wconf 77' lang='lat' dir='ltr'><strong>Spiritu</strong></span> <span class='ocrx_word' id='word_1_515' title='bbox 1343 2746 1448 2770; x_wconf 80' lang='lat' dir='ltr'><strong>sancto,</strong></span> <span class='ocrx_word' id='word_1_516' title='bbox 1467 2738 1501 2766; x_wconf 92' lang='lat' dir='ltr'><strong>de</strong></span> <span class='ocrx_word' id='word_1_517' title='bbox 1516 2746 1571 2773; x_wconf 89' lang='lat' dir='ltr'><strong>quo</strong></span> <span class='ocrx_word' id='word_1_518' title='bbox 1585 2746 1677 2766; x_wconf 85' lang='lat' dir='ltr'><strong>sermo</strong></span> <span class='ocrx_word' id='word_1_519' title='bbox 1701 2739 1751 2766; x_wconf 82' lang='lat' dir='ltr'><strong>lia-</strong></span> 
     </span>
    </p>
   </div>
   <div class='ocr_carea' id='block_1_70' title="bbox 109 2786 647 2821">
    <p class='ocr_par' dir='ltr' id='par_1_70' title="bbox 109 2786 647 2821">
     <span class='ocr_line' id='line_1_70' title="bbox 109 2786 647 2821; baseline -0.007 -3"><span class='ocrx_word' id='word_1_520' title='bbox 109 2789 217 2818; x_wconf 84' lang='lat' dir='ltr'><strong>bendus</strong></span> <span class='ocrx_word' id='word_1_521' title='bbox 237 2793 290 2821; x_wconf 88' lang='lat' dir='ltr'><strong>est,</strong></span> <span class='ocrx_word' id='word_1_522' title='bbox 307 2788 335 2815; x_wconf 87' lang='lat' dir='ltr'><strong>in</strong></span> <span class='ocrx_word' id='word_1_523' title='bbox 350 2786 483 2815; x_wconf 80' lang='lat' dir='ltr'><strong>auxilium</strong></span> <span class='ocrx_word' id='word_1_524' title='bbox 501 2787 647 2815; x_wconf 86' lang='lat' dir='ltr'><strong>advocato.</strong></span> 
     </span>
    </p>
   </div>
   <div class='ocr_carea' id='block_1_71' title="bbox 145 2833 929 2873">
    <p class='ocr_par' dir='ltr' id='par_1_71' title="bbox 145 2835 929 2873">
     <span class='ocr_line' id='line_1_71' title="bbox 145 2835 929 2873; baseline 0.004 -10"><span class='ocrx_word' id='word_1_525' title='bbox 145 2837 178 2872; x_wconf 79' lang='grc' dir='ltr'><strong>β’.</strong></span> <span class='ocrx_word' id='word_1_526' title='bbox 202 2837 239 2863; x_wconf 81' lang='grc' dir='ltr'><strong>Τὸ</strong></span> <span class='ocrx_word' id='word_1_527' title='bbox 262 2835 476 2872; x_wconf 82' lang='grc' dir='ltr'>ἀπαράλλακτον</span> <span class='ocrx_word' id='word_1_528' title='bbox 500 2836 550 2870; x_wconf 79' lang='grc' dir='ltr'><strong>τῆς</strong></span> <span class='ocrx_word' id='word_1_529' title='bbox 577 2835 653 2867; x_wconf 78' lang='grc' dir='ltr'>θείας</span> <span class='ocrx_word' id='word_1_530' title='bbox 677 2836 785 2870; x_wconf 83' lang='grc' dir='ltr'>φύσεως</span> <span class='ocrx_word' id='word_1_531' title='bbox 808 2838 929 2873; x_wconf 55' lang='grc' dir='ltr'>ὀμολψ(</span> 
     </span>
    </p>
   </div>
   <div class='ocr_carea' id='block_1_72' title="bbox 952 2833 1754 2873">
    <p class='ocr_par' dir='ltr' id='par_1_72' title="bbox 992 2833 1754 2869">
     <span class='ocr_line' id='line_1_72' title="bbox 992 2833 1754 2869; baseline -0.005 -4"><span class='ocrx_word' id='word_1_532' title='bbox 992 2838 1020 2865; x_wconf 71' lang='grc'><strong>2.</strong></span> <span class='ocrx_word' id='word_1_533' title='bbox 1039 2837 1143 2864; x_wconf 69' lang='lat' dir='ltr'><strong>Divinm</strong></span> <span class='ocrx_word' id='word_1_534' title='bbox 1160 2839 1264 2862; x_wconf 69' lang='lat' dir='ltr'><strong>natura:</strong></span> <span class='ocrx_word' id='word_1_535' title='bbox 1279 2842 1327 2869; x_wconf 84' lang='lat' dir='ltr'><strong>per</strong></span> <span class='ocrx_word' id='word_1_536' title='bbox 1343 2833 1434 2861; x_wconf 88' lang='lat' dir='ltr'><strong>omnia</strong></span> <span class='ocrx_word' id='word_1_537' title='bbox 1461 2834 1563 2867; x_wconf 85' lang='lat' dir='ltr'><strong>simile,</strong></span> <span class='ocrx_word' id='word_1_538' title='bbox 1579 2839 1607 2862; x_wconf 85' lang='lat' dir='ltr'><strong>et</strong></span> <span class='ocrx_word' id='word_1_539' title='bbox 1622 2835 1694 2863; x_wconf 86' lang='lat' dir='ltr'><strong>idem</strong></span> <span class='ocrx_word' id='word_1_540' title='bbox 1710 2843 1754 2864; x_wconf 77' lang='lat' dir='ltr'><strong>es.</strong></span> 
     </span>
    </p>
   </div>
   <div class='ocr_carea' id='block_1_73' title="bbox 107 2880 901 2919">
    <p class='ocr_par' dir='ltr' id='par_1_73' title="bbox 107 2880 901 2919">
     <span class='ocr_line' id='line_1_73' title="bbox 107 2880 901 2919; baseline -0.009 -8"><span class='ocrx_word' id='word_1_541' title='bbox 107 2884 232 2918; x_wconf 77' lang='grc' dir='ltr'>γοῦντες,</span> <span class='ocrx_word' id='word_1_542' title='bbox 248 2884 297 2909; x_wconf 79' lang='grc' dir='ltr'><strong>καὶ</strong></span> <span class='ocrx_word' id='word_1_543' title='bbox 313 2883 363 2917; x_wconf 82' lang='grc' dir='ltr'><strong>τὴν</strong></span> <span class='ocrx_word' id='word_1_544' title='bbox 380 2881 533 2916; x_wconf 81' lang='grc' dir='ltr'><strong>ταυτότητα</strong></span> <span class='ocrx_word' id='word_1_545' title='bbox 550 2880 601 2915; x_wconf 77' lang='grc' dir='ltr'><strong>τῆς</strong></span> <span class='ocrx_word' id='word_1_546' title='bbox 619 2881 725 2914; x_wconf 79' lang='grc' dir='ltr'>οὐσίας,</span> <span class='ocrx_word' id='word_1_547' title='bbox 743 2884 818 2919; x_wconf 77' lang='grc' dir='ltr'>τρεῖς</span> <span class='ocrx_word' id='word_1_548' title='bbox 836 2884 901 2912; x_wconf 73' lang='grc' dir='ltr'><strong>ὑπο.</strong></span> 
     </span>
    </p>
   </div>
   <div class='ocr_carea' id='block_1_74' title="bbox 231 2931 567 2963">
    <p class='ocr_par' dir='ltr' id='par_1_74' title="bbox 231 2931 567 2963">
     <span class='ocr_line' id='line_1_74' title="bbox 231 2931 567 2963; baseline 0 -1"><span class='ocrx_word' id='word_1_549' title='bbox 231 2933 366 2963; x_wconf 73' lang='lat' dir='ltr'><strong>PATROL.</strong></span> <span class='ocrx_word' id='word_1_550' title='bbox 389 2933 446 2962; x_wconf 77' lang='lat' dir='ltr'><strong>Gn.</strong></span> <span class='ocrx_word' id='word_1_551' title='bbox 467 2931 567 2963; x_wconf 75' lang='lat' dir='ltr'><strong>CLXI.</strong></span> 
     </span>
    </p>
   </div>
   <div class='ocr_carea' id='block_1_75' title="bbox 957 2880 1754 2919">
    <p class='ocr_par' dir='ltr' id='par_1_75' title="bbox 957 2880 1754 2919">
     <span class='ocr_line' id='line_1_75' title="bbox 957 2880 1754 2919; baseline 0 -9"><span class='ocrx_word' id='word_1_552' title='bbox 957 2885 1053 2917; x_wconf 52' lang='lat' dir='ltr'><strong>suum</strong></span> <span class='ocrx_word' id='word_1_553' title='bbox 1067 2882 1240 2916; x_wconf 75' lang='lat' dir='ltr'><strong>conﬁtentes,</strong></span> <span class='ocrx_word' id='word_1_554' title='bbox 1256 2886 1312 2909; x_wconf 86' lang='lat' dir='ltr'><strong>tres</strong></span> <span class='ocrx_word' id='word_1_555' title='bbox 1327 2880 1497 2916; x_wconf 81' lang='lat' dir='ltr'><strong>Itypostases,</strong></span> <span class='ocrx_word' id='word_1_556' title='bbox 1508 2886 1533 2908; x_wconf 86' lang='lat' dir='ltr'><strong>et</strong></span> <span class='ocrx_word' id='word_1_557' title='bbox 1549 2886 1604 2910; x_wconf 78' lang='lat' dir='ltr'><strong>tres</strong></span> <span class='ocrx_word' id='word_1_558' title='bbox 1618 2890 1754 2919; x_wconf 58' lang='lat' dir='ltr'><strong>personas</strong></span> 
     </span>
    </p>
   </div>
   <div class='ocr_carea' id='block_1_76' title="bbox 1488 2926 1526 2959">
    <p class='ocr_par' dir='ltr' id='par_1_76' title="bbox 1488 2926 1526 2959">
     <span class='ocr_line' id='line_1_76' title="bbox 1488 2926 1526 2959; baseline -0.026 0"><span class='ocrx_word' id='word_1_559' title='bbox 1488 2926 1526 2959; x_wconf 76' lang='grc'><strong>25</strong></span> 
     </span>
    </p>
   </div>
  </div>
