1916 3057
200 141 246 174 771

795 142 958 172 GEORGII
975 143 1236 174 TRAPEZUNTil

1780 146 1836 180 772

197 205 292 225 omnes
321 197 347 224 in
376 197 514 230 omnibus,
534 205 624 232 neque
641 205 687 226 eas
705 197 871 230 dividentes,
900 205 978 232 ncqm

1045 199 1154 231 στάσεις
1165 220 1172 232 ,
1191 201 1250 234 ἦτοι
1267 201 1331 236 τρία
1349 201 1483 236 πρόσωπα
1501 200 1550 228 ὅλα
1567 202 1596 228 ὲν
1612 201 1682 233 ὅλοις
1700 201 1836 237 γνωρίζω

197 243 396 271 confundentes
413 244 598 278 agnoscimus.
611 244 712 270 Eurum
729 251 795 271 vero
810 243 985 278 unam.quod

196 287 331 323 principio
347 293 449 321 careat,
467 288 581 315 alterum
596 289 787 323 generatione,
801 289 909 316 tertiam
921 297 984 323 pro-

195 335 335 370 gressione
363 334 558 370 distinguimus
583 339 629 367 ;et
658 343 849 363 asseveramus
884 335 984 362 Filium

195 381 425 414 inenarrabiliter,
440 385 465 408 el
489 381 525 408 ab
546 385 652 408 aeterno
666 389 698 408 ex
719 381 799 409 Patre
819 381 903 417 gigni,
926 380 986 416 Spi-

195 428 280 455 ritum
295 432 420 455 sanctum
437 435 469 454 ex
483 427 566 455 Patre
580 436 628 462 per
641 426 739 454 Filium
756 428 908 463 procedere
920 436 927 459 ;
939 436 986 462 per

195 474 392 510 praepositione
419 481 509 509 neque
534 474 774 501 inslrumcntalem
803 474 984 520 relatiquem,

195 529 285 556 neque
300 521 427 552 loeailem,
446 528 534 555 neque
551 520 770 553 ministerialem,
784 527 874 555 neque
889 520 982 552 aliam,

195 574 276 600 quarti
293 566 427 601 quispiam
446 566 819 609 excogitaveritpindicante,
836 573 924 601 neque
946 571 985 593 le-

161 636 163 640 ,
195 619 268 638 mere
285 610 401 645 prolata,
421 613 448 637 et
467 609 500 636 ad
513 609 622 645 .nudam
643 609 806 636 relationem
825 609 984 644 signiﬁcan-

194 657 268 689 dam,
296 655 343 683 scd
367 655 453 683 solam
479 655 632 683 naturalem
658 660 686 682 et
711 655 898 688 cssentialcm,
922 662 983 690 qua:

194 701 299 728 scilicet
328 700 478 728 secundum
496 708 605 727 causam
619 704 679 732 est,
695 704 938 731 conimonstrante.
956 704 983 727 et

194 755 335 782 perquam
361 747 480 780 Spiritus
500 755 571 774 unus
586 747 686 774 divina:
712 746 820 775 Triadis
837 747 983 783 progredi-

195 799 248 825 tur,
267 798 297 821 ut
315 793 360 827 sit,
388 794 414 820 in
438 793 548 828 propria
567 793 718 829 hypostasi.
736 793 806 822 Aliis
825 801 891 829 ergo
907 801 981 821 com-

193 841 324 872 muniter,
334 845 360 866 et
372 847 388 866 a
402 840 480 866 nobis
492 839 561 866 inter
571 847 621 866 nos
632 840 715 867 veluti
724 839 806 866 certis
821 840 981 874 suppositis,

193 887 226 914 de
240 894 295 922 quo
311 890 451 921 postremo
463 885 523 913 loco
535 885 621 913 locuti
641 892 737 913 sumus
748 905 756 919 ,
774 892 865 913 sermo
881 885 982 913 habea-
998 876 1021 907 Β

193 938 249 960 tur.
264 931 348 966 quue
367 936 396 958 ut
412 935 486 958 recte
508 930 740 962 demonstremus,
761 934 826 958 ante
846 931 899 958 alia
914 931 995 968 ordo.

194 979 222 1006 in
241 978 342 1006 divinis
359 986 373 1004 a
392 977 471 1004 nobis
488 977 705 1004 considerandus
730 969 787 1010 est;
805 976 934 1012 deinceps
949 977 982 1004 ad

193 1024 220 1050 id
237 1023 420 1051 conducentia
441 1027 600 1050 sanctorum
618 1022 708 1055 dicta;
731 1027 787 1049 tum
806 1023 916 1049 detnum
934 1024 983 1050 ah-

193 1069 288 1102 surda,
307 1077 367 1104 quae
380 1076 414 1096 ex
430 1072 546 1102 utraque
565 1069 701 1096 sententia
718 1069 858 1096 oriuntur.

227 1115 256 1142 5.
273 1115 308 1143 Et
323 1116 448 1143 ordinem
466 1115 577 1150 quidem
594 1116 622 1142 in
636 1115 737 1143 divinis
752 1124 824 1149 esse,
835 1121 910 1151 patet
924 1125 983 1144 om-

191 1163 284 1196 nibus,
313 1161 464 1188 dummodo
481 1161 541 1189 sani
563 1165 636 1194 sunt,
664 1161 728 1189 licet
751 1160 838 1190 Gnaei
859 1162 911 1197 ipsi
941 1162 982 1190 di-

191 1214 363 1244 rumpantur.
376 1208 499 1235 Primum
515 1207 637 1243 quidem,
648 1208 721 1243 quod
734 1216 815 1236 omne
834 1209 981 1244 pulchrum

190 1261 272 1291 atque
297 1255 399 1282 bonum
425 1255 453 1282 in
479 1254 532 1282 Deo
556 1255 666 1290 preprie
686 1259 714 1282 et
738 1255 879 1291 primario,
895 1261 922 1283 et
938 1263 982 1284 sc-

188 1302 310 1330 cundum
337 1301 459 1336 seipsum
477 1305 519 1328 est
535 1308 543 1334 ;
563 1300 696 1328 ὺοιιοιιιηι
725 1306 816 1329 autem
830 1302 899 1329 ordo
914 1308 957 1330 est
971 1310 980 1336 ;

189 1349 287 1376 deinde
303 1349 329 1375 in
346 1348 420 1375 omni
438 1347 635 1380 multitudine;
653 1346 858 1374 multitudinem
887 1353 979 1376 antctn

188 1403 267 1428 voco,
285 1394 356 1430 quod
386 1401 469 1428 supra
500 1401 584 1420 unum
612 1398 660 1420 aut
681 1392 736 1420 duo
750 1397 803 1426 est,
820 1397 868 1421 aut
882 1395 980 1422 confu-

189 1443 294 1469 sionem
321 1440 512 1470 indiserctam.
530 1444 576 1466 aut
602 1439 728 1466 ordinem
757 1446 773 1466 a
800 1440 906 1468 ratione
924 1449 979 1468 non

189 1489 308 1515 alienum
329 1494 390 1514 esse
404 1493 517 1514 necesse
541 1489 594 1513 est.
616 1485 703 1520 Supra
724 1485 792 1513 duas
806 1494 873 1513 vero
895 1486 981 1522 hypo-

189 1541 276 1562 stascs
293 1534 368 1561 Deus
381 1539 430 1560 est.
450 1532 497 1559 Est
512 1531 597 1567 igitur
609 1532 677 1559 ordo
701 1533 728 1559 in
749 1532 803 1559 Deo
823 1533 866 1560 his
892 1534 979 1568 hypo-

188 1581 326 1612 stasihus;
345 1587 431 1614 neque
445 1579 517 1606 enim
535 1578 661 1606 conlusio
676 1579 730 1606 erit
744 1579 771 1606 in
789 1579 898 1612 Triade,
919 1588 979 1616 quae

185 1627 293 1662 reliqua
322 1625 415 1653 omnia
445 1625 471 1651 in
488 1624 612 1651 ordinem
637 1625 719 1660 cogit,
742 1630 770 1653 ut
788 1625 977 1659 theologorum

185 1681 269 1701 voces
281 1673 415 1699 intonant.
432 1670 556 1702 Etenim.
572 1670 595 1698 si
618 1670 702 1698 Omne
719 1672 816 1698 donum
833 1674 977 1707 perfectura

184 1721 324 1745 desursum
344 1722 381 1744 eu
396 1716 553 1743 descendens
566 1717 573 1732 ¹
587 1724 595 1750 ;
609 1724 659 1744 nec
671 1717 749 1745 estin
764 1719 899 1746 creaturis
916 1727 978 1754 pro-

185 1765 299 1791 bitatem
312 1762 504 1798 prteselerens,
521 1762 594 1797 quod
610 1770 664 1790 non
691 1763 754 1791 inde
768 1769 888 1795 emanat.
901 1773 978 1800 pror-

183 1818 232 1837 sus
245 1809 430 1836 necessarium
446 1813 487 1835 est
496 1816 556 1836 eam
570 1817 631 1843 quae
642 1814 669 1836 et
678 1809 838 1844 angelorum
850 1811 975 1845 ordines,

182 1860 213 1883 et
232 1855 326 1882 nmndi
345 1855 467 1883 universi
487 1855 698 1890 dispositionem
716 1858 814 1885 ordine
833 1858 976 1885 exornavit

184 1902 322 1933 Triadem.
344 1902 440 1929 ordine
457 1901 482 1928 in
499 1901 588 1936 seipsa
613 1902 813 1930 interstinctum
830 1912 902 1931 esse.
920 1904 975 1931 Ad-

183 1947 241 1974 haac
256 1947 364 1975 'l‘riadis
391 1948 476 1982 ipsius
491 1956 593 1976 nomen
609 1948 733 1977 ordinem
749 1949 849 1985 signat,
865 1954 893 1978 et
915 1950 974 1977 lieri

179 1995 289 2028 nequit,
307 1999 336 2021 nt
368 1993 447 2021 Trias
469 2002 532 2022 vere
561 2000 589 2022 et
607 1995 697 2030 reipsa
722 1996 839 2029 dicatur,
856 1997 908 2024 nisi
929 2005 974 2024 re-

181 2039 311 2066 lationem
337 2039 388 2066 tria
420 2039 465 2066 illa
490 2039 563 2066 inter
578 2047 608 2067 se
625 2040 762 2068 habeant:
785 2048 848 2068 nam
860 2041 882 2068 si
910 2042 973 2076 quis

181 2086 236 2112 duo
259 2086 445 2120 supposuerit,
463 2093 523 2120 quae
537 2086 673 2114 relatione
689 2088 761 2115 inter
785 2095 814 2115 se
832 2095 886 2115 non
903 2088 973 2116 refe—

181 2136 289 2163 rantur,
317 2136 397 2159 erunt
423 2131 478 2159 duo
493 2132 538 2159 illa
562 2140 686 2167 prorsus,
713 2139 741 2161 et
761 2141 814 2161 non
842 2134 972 2163 dualitas.

181 2177 258 2210 Quod
273 2178 295 2204 si
314 2177 364 2204 tria
376 2183 449 2210 sunt,
463 2185 525 2212 qua:
540 2183 746 2213 supponuntur,
758 2180 782 2207 si
799 2181 973 2215 unumquod-

181 2231 235 2257 que
255 2223 289 2250 ad
307 2224 410 2258 reliqua
429 2225 480 2251 tria
503 2225 674 2253 reiationem'
689 2226 783 2260 habet,
799 2227 851 2254 erit
867 2227 946 2255 Trias
963 2236 970 2262 ;
990 2239 1011 2267 υ

180 2270 222 2296 sin
246 2269 347 2302 minus,
375 2270 436 2297 tria.
468 2270 553 2306 Igitur
578 2272 601 2299 si
627 2271 708 2303 Pater
737 2281 801 2307 erga
819 2273 928 2306 Filium,
946 2279 973 2302 et

141 2325 143 2327 ι
180 2323 244 2350 erga
261 2315 393 2350 Spiritum
410 2321 536 2344 sanctum
554 2317 716 2346 relationem
733 2320 898 2354 naturalem,
911 2328 971 2348 eam

179 2369 290 2396 nempe.
301 2370 362 2396 qua:
377 2363 529 2390 secundum
544 2370 721 2397 causam'est,
733 2366 854 2400 possidet
865 2375 873 2394 :
885 2366 973 2395 Filius

179 2415 246 2434 γει-ο
260 2415 323 2443 erga
338 2409 459 2440 Patrem.
472 2410 550 2444 quod
561 2418 593 2437 ex
610 2418 645 2438 eo
660 2416 713 2444 est,
725 2412 774 2439 sed
787 2413 822 2441 ad
835 2413 971 2448 Spiritum

179 2453 293 2486 nullam,
319 2462 408 2489 neque
435 2455 556 2490 Spiritus
580 2463 645 2492 erga
660 2457 771 2492 Filium,
789 2463 837 2486 aut
853 2459 971 2488 dualitas

179 2500 275 2533 fuerit,
304 2505 351 2527 aut
374 2507 431 2528 tres
451 2501 502 2534 dii,
526 2501 580 2529 heu
606 2511 663 2530 rem
684 2504 804 2538 ineptam
820 2511 903 2541 atque
923 2508 971 2535 ab—

178 2545 310 2572 surdaml
325 2550 353 2573 et
367 2554 422 2573 nou
438 2545 559 2574 Trinitas
575 2547 665 2582 Deus;
691 2557 773 2584 quam
799 2550 970 2586 impietatem

993 1559 1014 1586 C

1039 254 1099 280 μεν,
1115 245 1176 272 οὔτε
1192 248 1348 281 τέμνοντες,
1368 247 1430 274 οὒτε
1450 249 1622 283 συγχέοντες.
1638 247 1731 274 Ταῦτα
1748 247 1788 280 δέ,
1805 247 1836 273 τὸ

1039 292 1088 326 μὲν
1103 292 1141 328 τῷ
1155 293 1278 329 ἀνάρχῳ,
1293 293 1323 319 τὸ
1339 293 1367 320 δὲ
1382 295 1414 329 τῇ
1432 294 1569 329 γεννήσει,
1586 294 1616 320 τὸ
1631 294 1659 320 δὲ
1674 295 1708 329 τῇ
1725 293 1836 328 προόδῳ

1037 337 1230 374 διακρίνομεν,
1248 339 1295 366 καὶ
1309 339 1499 375 ὁμολογοῦμεν
1509 361 1516 372 ,
1533 342 1580 367 τὸν
1597 340 1647 374 μὲν
1662 339 1727 366 Υἱδν
1743 340 1836 374 ἀφρά-

1038 392 1109 416 στως
1127 385 1173 412 καὶ
1191 386 1309 418 αΙωνίως
1328 382 1476 421 γεννᾶσθαι
1495 389 1531 413 ἐκ
1544 387 1590 413 τοῦ
1610 386 1736 422 Πατρδς,
1755 386 1787 413 τὺ
1805 387 1834 412 δὲ

1036 430 1115 465 ἅγιον
1130 431 1244 467 Πνεῦμα
1259 433 1291 459 ὲκ
1306 433 1413 468 Πατρὺς
1427 433 1460 459 δι’
1474 432 1541 459 Υἱοῦ
1555 432 1766 468 ἐκπορεύεσθαι,
1783 432 1834 466 τῆς

1036 476 1086 503 διὰ
1100 477 1162 504 οὔτε
1177 478 1330 512 ὀργανικὴν
1345 488 1407 506 τινα
1423 480 1527 514 σχέσιν,
1545 479 1606 506 οὔτε
1623 479 1752 515 τοπικὴν,
1768 478 1833 505 οὔτε

1036 522 1226 558 ὑπουργικὴν,
1244 523 1301 551 οὔτ’
1314 525 1399 559 ἄλλην
1416 525 1526 552 οἱανοῦν
1542 525 1648 560 οἰηθείη
1666 534 1707 557 τις
1729 533 1833 559 σημαι-

1037 569 1146 604 νούσης,
1161 569 1223 596 οὗτε
1239 571 1329 606 μάτην
1342 571 1474 606 κειμένης
1488 572 1536 598 καὶ
1551 571 1619 606 πρὸς
1633 571 1713 606 ψιλὴν
1728 572 1832 606 ἀναφο-

1037 617 1104 650 ρὰν,
1122 616 1190 643 ἀλλὰ
1213 617 1299 652 μόνην
1316 618 1497 653 παριστώσης
1515 617 1563 653 τὴν
1582 619 1701 654 φυσικὴν
1719 618 1767 645 καὶ
1786 618 1833 643 ού-

1036 661 1118 697 σιώδη
1128 681 1136 693 ,
1153 663 1203 698 τὴν
1219 663 1280 689 κατ’
1293 664 1377 690 αἴτιον
1393 664 1530 699 δηλονότι,
1545 665 1578 691 δι’
1592 663 1625 697 ἧς
1640 665 1670 691 τὸ
1687 664 1800 699 Πνεῦμα
1816 665 1830 690 ὁ

1035 705 1075 740 εἷς
1092 708 1141 743 τῆς
1160 709 1274 745 Τριάδος
1292 711 1418 745 πρόεισιν
1433 712 1473 743 εἷς
1491 712 1520 738 τὺ
1537 709 1606 738 εἶναι
1625 713 1653 738 ἐν
1671 711 1742 747 ἱδικῇ
1761 712 1830 738 ὑπο-

1036 754 1140 782 στάσει.
1156 756 1216 783 Τῶν
1230 756 1297 791 γοῦν
1311 757 1399 784 ἄλλων
1415 758 1635 794 ὑποτεθειμένων
1651 759 1751 786 κοινῶν
1764 759 1827 794 ἐμοὶ

1034 810 1062 828 τε
1075 802 1122 829 καὶ
1136 803 1179 829 σοὶ
1193 804 1257 838 περὶ
1268 803 1314 830 τοῦ
1329 804 1442 839 ὕστερον
1455 805 1596 840 λεχθέντος
1610 806 1623 832 ό
1638 805 1726 838 λόγος.
1740 805 1826 832 Τοῦτο

1034 847 1062 874 δὲ
1078 850 1101 875 εἰ
1117 848 1262 883 μέλλοιμεν
1275 850 1366 881 καλῶς
1382 850 1479 884 δεῖξαι,
1494 852 1535 877 δεῖ
1551 851 1657 887 πρῶτον
1673 852 1723 886 μὲν
1737 851 1786 886 τὴν
1801 852 1830 877 ὲν

1035 896 1091 927 τοῖς
1112 895 1194 927 θείοις
1212 896 1289 929 τάξιν
1307 898 1419 924 σκοπεῖν
1430 917 1438 929 ,
1456 895 1517 924 εἶτα
1537 899 1585 925 καὶ
1602 898 1651 929 τὰς
1669 897 1723 925 τῶν
1740 898 1830 932 ἁγίων

1037 942 1105 977 πρὸς
1120 941 1200 969 τοῦτο
1215 943 1354 978 φερούσας
1373 944 1466 979 ῥήσεις
1477 963 1484 976 ,
1503 945 1551 971 καὶ
1569 945 1603 971 τὰ
1622 946 1654 971 ἐκ
1670 945 1717 972 τοῦ
1734 945 1829 972 ἐκατέ-

1036 995 1084 1022 ρου
1101 988 1201 1023 μέρους
1217 989 1475 1023 συναναφαινὸμενα
1490 990 1589 1018 ἄτοπα.

1069 1119 1179 1156 γ’.”’⁷οτι
1203 1123 1251 1158 μὲν
1271 1122 1318 1151 οὖν
1338 1124 1413 1158 τάξις
1435 1126 1464 1154 ὲν
1483 1128 1540 1159 τοῖς
1563 1127 1752 1160 θείοις,παντί
1774 1139 1826 1157 που

1032 1169 1112 1204 δῆλον
1129 1170 1168 1205 τῷ
1188 1170 1250 1196 νοῦν
1267 1170 1373 1205 ἔχοντι,
1391 1172 1444 1199 κᾶν
1461 1173 1575 1208 Γραικοὶ
1596 1174 1825 1211 διαῤῥήγνυνται.

1034 1215 1145 1250 Πρῶτον
1163 1216 1231 1251 μὲν,
1249 1217 1290 1243 ὅτι
1308 1218 1362 1244 πᾶν
1379 1218 1462 1245 καλὸν
1480 1219 1526 1245 καὶ
1543 1219 1646 1253 ἀγαθὸν
1662 1222 1691 1248 ὲν
1708 1222 1748 1257 τῷ
1765 1222 1826 1258 Θεῷ

1032 1261 1136 1297 κυρίως
1153 1262 1200 1288 καὶ
1218 1262 1334 1298 πρώτως
1352 1264 1398 1290 καὶ
1414 1264 1477 1291 καθ’
1488 1265 1571 1299 «sub,
1587 1266 1640 1293 τῶν
1657 1268 1747 1294 καλῶν
1763 1268 1792 1295 δὲ
1808 1270 1823 1304 ή

1031 1307 1128 1340 τάξις·
1151 1306 1211 1334 εἶτα
1233 1309 1262 1335 ὲν
1285 1309 1367 1336 παντὶ
1391 1310 1504 1345 πλῆθεν
1530 1312 1632 1345 πλῆθος
1653 1313 1681 1340 δὲ
1703 1313 1775 1348 λέγω
1796 1315 1828 1341 τὸ

1034 1353 1105 1387 ὑπὲρ
1123 1354 1225 1387 μονάδα
1240 1354 1256 1389 ἦ
1273 1354 1356 1382 δυάδα
1372 1355 1419 1389 ὃν,
1437 1357 1452 1392 ἣ
1469 1357 1601 1393 σύγχυσιν
1617 1358 1729 1394 ἄλογον.
1744 1362 1761 1396 ἢ
1777 1362 1827 1388 τά-

1031 1398 1073 1431 ξιν
1088 1398 1199 1432 εὔλογον
1214 1398 1284 1427 εἶναι
1299 1401 1460 1435 ἀναγκαῖον.
1482 1402 1569 1439 ’Υπὲρ
1584 1404 1668 1431 δυάδα
1684 1405 1713 1432 δὲ
1727 1407 1741 1433 δ
1756 1406 1825 1439 Θεὸς

1031 1446 1091 1476 ταῖς
1106 1445 1302 1473 ύποστάσεσιν.
1318 1447 1412 1474 Ἔστιν
1426 1448 1481 1483 ἄρα
1494 1449 1569 1482 τάξις
1583 1451 1644 1482 ταῖς
1659 1452 1824 1480 ὑποστάσεσι

1030 1489 1070 1525 τῷ
1091 1491 1160 1526 Θεῷ.
1181 1492 1217 1519 03
1239 1492 1294 1527 γὰρ
1315 1493 1446 1528 σύγχυσις
1467 1495 1545 1522 ἔσται
1570 1498 1599 1523 ἐν
1615 1498 1648 1532 τῇ
1666 1498 1772 1534 Τριάδι,
1791 1501 1824 1534 τῇ

1032 1538 1080 1564 καὶ
1101 1539 1135 1563 τὰ
1156 1537 1223 1564 ἄλλα
1245 1539 1284 1570 εἰς
1307 1539 1384 1572 τάξιν
1404 1541 1509 1577 ἀγούσῃ
1532 1544 1604 1570 κατὰ
1627 1544 1676 1579 τὴν
1699 1545 1825 1580 θεολόγον

1032 1584 1135 1618 φωιήν.
1148 1584 1198 1610 Ἢν
1216 1585 1270 1619 γὰρ
1285 1584 1350 1613 Πᾶν
1363 1585 1485 1622 δώρημα
1499 1588 1615 1616 τέλειον
1628 1590 1745 1618 ἄνωθέν
1758 1592 1826 1618 ἐστι

1032 1629 1225 1663 καταϐαῖνον,
1246 1632 1292 1657 καὶ
1312 1632 1363 1659 οὐκ
1385 1633 1460 1659 ἐστιν
1480 1634 1558 1661 οὐδὲν
1579 1637 1700 1671 χρηστὸν
1720 1638 1748 1663 ὲν
1767 1639 1826 1669 τοὶς

1031 1676 1188 1711 κτίσμασιν,
1204 1675 1217 1702 ὂ
1235 1676 1272 1712 μὴ
1288 1678 1392 1704 ὲκετῖιεν
1407 1679 1479 1714 ἦκει,
1496 1681 1602 1716 ἀνάγκη
1619 1682 1693 1709 πᾶσα
1708 1683 1758 1719 τὴν
1773 1685 1823 1710 καὶ

1030 1722 1153 1756 ἀγγέλων
1173 1723 1314 1758 τάγματα,
1335 1724 1381 1750 καὶ
1403 1725 1509 1760 κόσμου
1531 1728 1631 1760 παντὸς
1653 1728 1728 1756 θέσιν
1746 1730 1824 1763 τάξει

1029 1770 1210 1805 κοσμήσασαν
1228 1771 1331 1806 Τριάδα
1348 1773 1477 1808 τετάχθαι
1510 1774 1539 1801 ἐν
1556 1775 1652 1810 ἑαυτῇ.
1669 1776 1742 1811 Πρὸς
1760 1777 1823 1804 τού-

1028 1823 1085 1847 τοις
1101 1817 1150 1843 καὶ
1165 1817 1196 1844 τὸ
1209 1818 1258 1852 τῆς
1272 1817 1380 1853 τριάδος
1397 1819 1482 1854 δνομα
1497 1821 1572 1854 τάξιν
1588 1821 1681 1856 δηλοῖ,
1699 1824 1746 1850 καὶ
1761 1824 1825 1851 ἀδί-

1028 1871 1108 1889 νατον
1121 1862 1218 1897 τριάδα
1231 1863 1325 1898 λέγειν
1337 1865 1444 1900 ἀληθῶς
1459 1867 1507 1894 καὶ
1520 1870 1734 1901 πραγματικῶς,
1747 1870 1771 1896 εἰ
1787 1871 1824 1906 μὴ

1028 1908 1119 1942 σχέσιν
1141 1908 1208 1944 πρὸς
1231 1909 1336 1945 ἄλληλα
1358 1911 1414 1946 ἕχει
1436 1911 1469 1938 τὰ
1492 1912 1566 1947 τρία.
1588 1913 1622 1940 EE
1642 1922 1684 1946 τις
1704 1915 1759 1951 γὰρ
1779 1916 1825 1943 δύο

1026 1954 1086 1981 τινὰ
1106 1954 1239 1989 ὑποθεεη,
1258 1956 1297 1991 μὴ
1314 1957 1407 1992 σχέσιν
1423 1957 1519 1993 ἔχοντα
1538 1959 1606 1994 πρὸς
1626 1960 1729 1996 ἄλληλα
1747 1962 1824 1988 οἱαν-

1026 1999 1091 2032 οῦν,
1106 2000 1163 2033 δύο,
1172 2002 1203 2026 οὐ
1219 2000 1304 2032 δυὰς,
1317 2001 1405 2030 ἔσται.
1424 2003 1456 2030 Εἰ
1473 2003 1501 2030 δὲ
1519 2004 1582 2039 τρία
1599 2005 1642 2041 εἴη
1659 2007 1693 2032 τὸ.
1710 2007 1823 2033 ὑποκαί-

1027 2047 1109 2082 μενα,’
1120 2048 1144 2074 εἰ
1160 2048 1210 2082 μὲν
1224 2048 1340 2075 ἕκαστον
1355 2049 1424 2083 πρὸς
1437 2050 1471 2077 τὰ
1484 2050 1567 2078 λοιπὰ
1578 2051 1625 2078 δύο
1641 2053 1734 2087 σχέσιν
1749 2053 1817 2089 ἔχει,

1025 2092 1105 2127 τριὰς
1125 2093 1202 2120 ἔσται
1215 2101 1222 2108 ⁸
1241 2093 1266 2119 εἰ
1284 2093 1312 2120 δὲ
1334 2094 1388 2129 μὴ,
1407 2096 1481 2130 τρία.
1500 2097 1531 2123 El.
1549 2097 1602 2132 ἄρα
1620 2097 1677 2132 ἔχει
1693 2099 1707 2124 o’
1727 2099 1822 2134 Πατὴρ

1026 2139 1094 2173 πρὸς
1111 2139 1157 2166 τὸν
1176 2140 1239 2166 Υῑὺν
1257 2141 1304 2167 καὶ
1320 2140 1350 2166 τὺ
1369 2141 1481 2176 Πνεῦμα
1498 2143 1546 2178 τὴν
1563 2144 1626 2170 κατ’
1637 2145 1728 2171 αἰτίαν
1744 2154 1823 2178 φυσι-

1026 2184 1076 2220 κὴν
1095 2185 1189 2220 σχέσιν
1202 2193 1209 2200 ·
1229 2187 1244 2212 ὁ
1265 2186 1294 2213 δὲ
1313 2186 1377 2218 Υῑὺς
1399 2187 1468 2221 πρὸς
1489 2189 1538 2223 μὲν
1556 2189 1603 2215 τὸν
1622 2190 1732 2226 and?“
1754 2191 1823 2230 ἔχει,

1026 2231 1066 2257 δτι
1082 2231 1111 2263 ἐξ
1127 2231 1222 2264 αὐτοῦ,
1237 2233 1305 2268 πρδς
1320 2233 1350 2259 δὲ
1362 2234 1392 2260 τὸ
1410 2234 1522 2270 Πνεῦμα
1537 2235 1675 2270 οὐδεμίαν,
1691 2236 1753 2264 οὔτε
1769 2238 1823 2274 μὴν

1026 2277 1056 2303 τὸ
1081 2277 1194 2312 Πνεῦμα
1216 2280 1285 2312 πρὸς
1305 2279 1351 2305 τὸν
1373 2280 1449 2313 Υἰὸν,
1471 2281 1487 2316 ἢ
1510 2281 1576 2312 δυὰς
1598 2282 1687 2316 ἔσται,
1710 2284 1726 2319 ἢ
1748 2286 1823 2319 τρεῖς

1027 2321 1133 2349 ἔσονται
1147 2324 1220 2356 Θεοὶ,
1234 2324 1284 2357 φεῦ
1299 2325 1348 2360 τῆς
1361 2326 1491 2358 ἀτοπίαςέ
1508 2328 1555 2353 καὶ.
1568 2328 1599 2354 οὐ
1616 2328 1700 2364 Τριὰς
1715 2330 1728 2356 ὁ
1743 2330 1820 2362 Θεὸς.

1030 2369 1081 2395 Ἦν
1101 2369 1133 2405 δὴ
1155 2370 1284 2398 ἀσέὸειαν
1305 2371 1436 2405 φεύγουσι
1459 2375 1515 2405 τοῖς
1535 2374 1708 2407 διδασκάλοις
1731 2377 1823 2408 καλῶς

1027 2415 1157 2449 λέγεται,
1175 2418 1221 2443 καὶ
1238 2419 1298 2449 ταῖς
1320 2420 1423 2450 κοιναῖς
1440 2419 1495 2446 τῶν
1513 2420 1688 2455 Χριστιανῶν
1706 2423 1822 2455 ἐννοίαις

1027 2464 1204 2497 πιστεύεται,
1220 2465 1333 2500 ἔχεσθαι
1347 2466 1471 2503 ἀλλήλων
1487 2468 1536 2499 τὰς
1553 2468 1630 2501 θεας
1644 2470 1821 2503 ὑποστάσεις.

1028 2510 1063 2535 Ὃ
1075 2511 1130 2542 τοῖς
1144 2511 1270 2546 Γραικοῖς
1282 2513 1407 2548 οὐδαμῶς
1420 2513 1546 2546 σώζεται.
1558 2515 1641 2543 Ὥστε
1655 2516 1824 2544 κινδυνώειν

1025 2555 1124 2587 αὐτοὺς
1139 2557 1188 2592 τῆς
1205 2558 1243 2588 εις
1259 2557 1362 2592 Τριάδα
1379 2559 1497 2592 πίστεως
1511 2562 1687 2588 ἀποπίπτειν.

174 2594 275 2621 sedula
315 2594 476 2630 provisione
507 2596 679 2625 declinantes
712 2599 841 2627 doctores
866 2602 969 2636 optime
989 2603 1170 2638 amrmarunt,
1204 2611 1231 2634 et
1245 2608 1441 2636 communibus
1470 2609 1691 2638 Christianorum
1709 2613 1821 2646 opinio-

179 2642 260 2668 nibus
285 2642 420 2674 creditur.
446 2643 555 2672 divinas
593 2645 756 2681 hypostases
789 2648 905 2676 alteram
928 2650 1008 2679 alteri

1029 2653 1182 2687 adha-rcre,
1200 2655 1273 2689 quod
1286 2656 1357 2690 apud
1372 2656 1480 2685 Gra-cos
1493 2658 1572 2693 plane
1586 2659 1758 2694 antiquatum
1770 2667 1822 2696 est,

176 2692 208 2715 ut
219 2687 275 2723 jam
292 2695 437 2718 versentur
447 2691 475 2718 in
491 2692 625 2726 periculo.
636 2701 670 2720 ne
683 2693 717 2721 de
729 2694 783 2722 fide
794 2696 821 2722 lu
836 2695 972 2725 Trinitale
991 2698 1134 2728 decidant.

214 2733 243 2759 ι.
261 2732 378 2766 Quodsi
402 2735 533 2769 dixerint,
561 2738 661 2766 Filium
687 2741 972 2772 consubstantialitate

178 2778 340 2808 relationem
356 2781 458 2811 habere
483 2791 548 2820 erga
574 2783 717 2821 Spiritum,
737 2792 841 2816 temere
857 2788 882 2816 id
904 2797 967 2824 pro-

219 2871 226 2885 ¹
247 2852 305 2898 Jac.
327 2873 406 2904 |,l'1.

1061 2746 1092 2773 δ’.
1116 2747 1145 2773 Εἰ
1163 2747 1191 2773 δὲ
1208 2747 1313 2781 λέγοιεν
1325 2768 1332 2780 ,
1350 2749 1389 2781 ὡς
1408 2750 1465 2785 ἔχοι
1483 2752 1576 2787 σχέσιν
1592 2752 1605 2778 ὁ
1624 2752 1688 2785 Υἱὸς
1704 2755 1774 2790 πρὸς
1791 2755 1821 2782 τδ

1023 2791 1135 2827 Πνεῦμα
1157 2794 1190 2828 τῇ
1218 2794 1428 2830 ὀμνιουσιὸτητι,
1446 2797 1497 2823 οὐκ
1524 2798 1672 2832 ἀναγκαῖος
1690 2800 1706 2826 ὁ
1725 2800 1822 2836 λόγος,
