1916 3057
176 138 230 171 7'75

758 137 932 169 ‘GEORGH
953 139 1209 170 TRAPEZUNTII

1752 138 1809 170 776

178 201 270 234 itaque
281 205 312 224 ex
329 197 408 224 Patro
419 203 480 223 eum
493 195 528 223 sit
538 194 844 231 Spiritlts,'ueeesmrio
858 200 900 223 est
917 204 962 223 se-

1019 196 1141 228 τιθέντας
1157 197 1224 223 Υἱοῦ
1238 196 1266 223 τὺ
1295 196 1409 231 Πιεῦμα
1425 197 1536 231 φεύγειν
1550 197 1586 229 ὼς
1601 197 1725 229 άσεὸεἶς;
1741 199 1807 233 Τρί-

179 245 286 273 cundus
299 252 312 270 τι
323 242 402 270 Filio.

211 336 238 364 6.
260 335 343 368 quue
358 335 422 361 novi
433 333 589 361 Grrecorum
603 333 721 368 theologi
731 341 785 360 non
798 333 963 365 abnuentes,

177 389 194 408 o
221 381 374 408 inscitiaml
392 381 425 407 de
443 380 594 414 prolatione
615 379 641 406 in
661 380 759 407 ordine
776 387 931 407 sermonem
949 386 964 406 a

177 431 273 454 sancto
288 427 389 453 factum
405 432 466 452 esse
480 425 601 452 tradunt.
619 425 653 452 At
667 431 733 452 vero
746 425 796 452 hoc
811 424 925 459 impium
937 428 966 452 et

178 480 291 508 prorsus
313 473 445 499 absonum
468 479 541 502 esse,
559 478 613 498 non
635 471 688 497 erit
708 470 818 498 difﬁcile
849 471 965 498 demon-

177 523 276 545 strare.
306 517 359 544 Sed
385 516 463 551 prius
488 515 613 542 ordinem
626 515 763 550 duplicem
778 523 840 543 esse
871 516 966 542 obser-

177 565 298 591 vandum
316 568 374 595 est;
394 563 509 589 alterum
521 581 529 593 ,
545 561 590 596 qui
609 561 635 588 in
651 569 681 587 re
702 568 757 587 non
778 565 830 593 est,
846 560 893 587 sed
916 567 964 588 co-

177 611 310 645 gitatione
338 608 536 636 considerantis
568 606 722 641 eﬂingitur;
751 606 889 639 alterum,
917 605 965 640 qui

178 664 273 691 reapse
293 660 346 687 est,
368 659 395 682 et
420 654 591 684 verissimus.
612 661 666 679 non
686 652 721 679 ab
739 652 792 679 alio
817 652 964 683 conﬁctas,

177 703 225 730 sed
250 703 277 729 in
294 702 375 729 rebus
397 701 463 736 ipsis
481 707 541 727 esse
567 699 766 726 consideratus.
788 699 822 726 Et
851 698 885 726 de
913 698 966 726 hoc

177 753 303 776 sanetum
318 749 399 774 verba
420 746 530 776 fecisse,
543 750 625 780 patet.
650 745 782 776 Primum,
797 744 869 779 quod
886 744 965 775 ordo,

175 795 223 828 qui
241 801 274 820 ex
300 792 481 828 dispositione
506 790 649 818 hominum
669 790 709 822 lit,
723 790 766 824 pie
785 797 893 823 quoque
914 789 965 815 im-

177 839 276 866 mutari
295 839 405 874 poterit,
422 845 484 864 eum
502 837 538 864 sil.
555 836 681 863 humanm
694 835 882 870 intelligentiae
890 842 966 862 corn-

1018 251 1062 269 σον
1076 243 1131 278 ἄρα
1144 244 1174 270 τὸ
1192 242 1302 278 Πνεῦμα
1319 244 1349 269 ἐκ
1363 243 1411 269 τοῦ
1428 243 1534 279 Harp)»;
1548 243 1592 276 ὃν,
1608 244 1734 279 δεύτερόν
1749 245 1808 270 ἐστι

1019 288 1064 314 τοῦ
1081 287 1146 314 Υίοῢ
1163 288 1223 314 κατ’
1235 288 1369 322 ἀνάγκην.

1054 337 1092 366 ς’.
1114 333 1200 361 Τοῦτο
1217 334 1250 360 δὲ
1271 335 1294 360 οι
1315 334 1368 360 τῶν
1389 334 1516 369 Γραικῶν
1537 333 1733 369 δμολογοῑντες
1753 335 1808 361 νέοι

1019 378 1158 413 Θεολόγσι,
1177 379 1200 405 ὦ
1220 380 1269 414 τῆς
1292 380 1448 414 ἀμαοειαςί
1473 381 1538 414 περὶ
1558 380 1608 414 τῆς
1628 381 1658 407 ἐν
1679 381 1809 415 προφορᾷ

1017 425 1121 458 τάξεως
1140 426 1206 460 φασὶ
1225 425 1264 459 τῷ
1282 425 1351 459 ἁγίῳ
1369 425 1495 459 γενέσθαι
1511 426 1557 451 τὸν
1572 426 1660 459 λόγον.
1679 426 1715 452 Τὸ
1732 426 1755 453 δ’
1767 427 1808 452 ὅτι

1018 470 1116 500 ἀσεϐὲς
1133 470 1180 496 καὶ
1197 470 1328 496 ἀδύνατον
1344 471 1375 496 οὐ
1394 470 1511 504 χαλεπὸν
1523 470 1620 503 δεῖξαι.
1642 471 1723 498 Ἀλλὰ
1742 473 1809 506 ττρὸ-

1017 523 1096 550 τερον
1114 515 1211 550 διπλῆν
1229 513 1298 542 εἶναι
1315 516 1365 550 τὴν
1382 515 1458 548 τάξιν
1475 515 1574 542 εἰδέναι
1593 516 1649 549 δεῖ,
1668 516 1718 551 μία
1739 516 1807 551 μὲν,

1017 561 1079 596 ἥτις
1095 560 1134 596 τῷ
1157 561 1205 595 μὲν
1223 560 1367 596 πράγματι
1389 560 1420 588 οὐ
1441 561 1590 601 πρόσεστι,
1609 561 1758 588 πλάττεται
1779 562 1808 588 δὲ

1016 607 1122 642 διανοίᾳ
1144 605 1191 633 τοῦ
1218 606 1436 642 στοχαζομένου,
1462 607 1529 641 μίαν
1553 607 1583 633 δὲ
1608 607 1809 642 πραγματικὴν

1017 653 1205 688 ἀληθεστάτην
1216 673 1224 686 ,
1239 653 1269 678 οὺ
1287 652 1478 688 πλαττομένην
1493 654 1567 687 παρά
1582 661 1655 685 τινος
1665 674 1673 685 ,
1689 653 1748 680 ἀλλ’
1763 654 1808 679 ὲν-

1018 699 1209 734 θεωρουμίνην
1227 700 1283 730 τοῖς
1305 699 1474 734 πράγμασιν.
1492 699 1554 726 Ὀτι
1574 699 1603 726 δὲ
1624 699 1689 734 περὶ
1705 698 1807 732 ταύτης

1017 745 1056 780 τῷ
1073 745 1143 780 ἁγίῳ
1158 745 1172 771 δ
1187 746 1264 779 λόγος
1281 745 1372 780 δῆλον.
1389 745 1498 780 Πρῶτον
1514 746 1573 780 μὲν,
1588 746 1629 772 ὅτι
1645 746 1661 781 ἡ
1677 746 1749 773 κατὰ
1764 744 1809 771 Θέ-

1018 799 1060 817 σιν
1076 791 1152 824 τάξις
1170 793 1217 817 καὶ
1234 791 1442 818 ὲναλλάττεσθαι
1455 791 1549 826 νδύνητ¹
1563 792 1596 818 ἂν
1611 792 1741 824 εὖσεδῶς,
1759 791 1808 818 ἁν-

1018 837 1157 872 ορωπίιης
1171 836 1240 864 οὖσα
1253 837 1373 869 διανοίας
1387 837 1544 874 ιφεύρημα.
1563 837 1670 872 Ἐκείνη
1685 837 1725 870 δὲ,
1741 838 1809 872 περὶ

177 868 323 914 mentuni:
348 890 376 912 at
404 885 448 912 ille
467 884 501 911 de
526 891 580 918 quo
595 882 751 918 Theologus
776 882 884 909 loeutus
909 886 964 914 est,

1062 883 1101 918 τῷ
1115 868 1232 918 θεολόγῳ
1245 884 1259 910 ὸ
1272 883 1362 917 λόγος,
1375 868 1425 911 οὐξι
1440 868 1721 918 ἐπιδέχεται“κίντισιν
1731 868 1807 911 οἱαν-

177 932 279 958 nullam
308 930 350 958 sui
377 928 555 957 mulationem
584 927 715 955 admittit.
748 926 815 953 Nam
843 923 965 962 fugiendi

177 983 250 1010 sunt,
271 978 318 1012 qui
339 977 494 1007 immutant,
520 978 648 1009 tanquam
671 972 837 1008 apertissimi
854 972 965 1007 pietatis

177 1026 281 1051 hostes.
299 1024 433 1050 Prreterea
464 1020 607 1048 Trinitatis
623 1026 766 1051 arcanum,
780 1026 835 1046 non
853 1018 880 1045 in
898 1019 964 1046 siui-

178 1071 295 1106 plicihus
317 1068 420 1100 verbis,
448 1072 474 1093 et
501 1066 584 1093 nudis
614 1065 797 1092 relationibus
825 1064 964 1098 subsistit,

177 1116 223 1144 sed
245 1114 347 1149 reipsa,
363 1118 392 1140 et
417 1119 480 1139 vere
499 1110 620 1137 Trinitas
643 1114 694 1136 est.
713 1109 745 1135 Et
763 1117 815 1136 non
828 1108 890 1142 quia
916 1115 966 1134 nos

177 1163 204 1189 in
237 1161 398 1188 Trinitatem
422 1157 569 1188 credimus,
591 1159 737 1190 propterea
761 1153 890 1186 Trinitas,
917 1152 965 1179 sed

176 1208 240 1243 quia
257 1206 378 1233 Trinitas
401 1208 461 1235 est;
483 1203 545 1229 ideo
559 1209 607 1228 nos
621 1202 647 1228 in
664 1198 826 1227 Trinitatem
845 1198 964 1226 credidi-

176 1261 248 1284 mus,
264 1257 293 1280 et
308 1250 437 1286 baptizati
452 1256 556 1276 sumus.
578 1249 668 1280 Quare
683 1245 851 1274 censendum
869 1249 923 1277 est,
938 1243 964 1272 in

177 1301 276 1329 Triade
295 1299 419 1326 ordinem
433 1304 486 1323 non
502 1303 562 1323 esse
587 1294 736 1322 secundum
765 1296 886 1319 nostram
909 1291 966 1319 dis-

177 1347 362 1384 positionem:
386 1349 459 1372 esset
480 1342 554 1370 enim
581 1341 705 1367 omnium
738 1338 965 1366 absurdissimum

177 1397 203 1423 in
231 1397 329 1421 nostrm
346 1389 521 1427 cogitationis
540 1389 650 1415 inventa
671 1386 794 1414 credere.
812 1385 864 1413 Sed
891 1384 965 1420 quod

175 1441 244 1468 ordo
262 1441 288 1466 in
312 1438 448 1466 Trinitate
463 1440 517 1466 est.
539 1434 600 1461 ideo
630 1433 675 1460 ille
700 1432 862 1460 statuendus
884 1430 965 1458 simul

172 1493 257 1522 atque
279 1484 433 1512 credendus
449 1487 505 1514 est;
532 1485 560 1507 et
575 1484 605 1506 ut
632 1478 718 1505 ϐττεοὶ
741 1478 876 1509 dicerent,
902 1483 967 1511 pro-

175 1533 244 1568 spici
268 1531 392 1558 ordinent
421 1528 448 1555 in
468 1528 546 1554 Putre
563 1531 590 1553 et
613 1525 692 1556 Filio,
714 1532 768 1550 non
784 1527 897 1559 propter
914 1529 965 1549 no-
980 1546 1001 1574 ο

176 1583 280 1607 nimum
296 1577 465 1606 relationem.
485 1575 531 1601 sed
561 1578 671 1607 propter
701 1579 792 1598 rerum
810 1571 963 1605 veritatem,

169 1625 371 1662 ,prmintellecta
388 1629 470 1650 causa
488 1620 615 1647 naturali.
630 1619 711 1651 Item,
726 1617 964 1651 Quemadmodum

175 1672 264 1700 Patris
286 1677 350 1705 erga
382 1668 513 1703 Spiritum
542 1666 703 1693 relationem
728 1671 788 1692 esse
814 1664 964 1696 credimus,

176 1719 241 1745 licet
265 1716 374 1743 nomina
394 1715 465 1740 inter
482 1721 511 1740 se
533 1720 588 1739 non
609 1711 774 1743 referantur,
799 1712 835 1738 ita
853 1718 966 1745 prorsus

176 1765 258 1791 debet
273 1769 334 1790 esse
348 1768 376 1789 et
397 1760 455 1788 Filii
484 1759 581 1787 relatio
599 1767 662 1794 erga
686 1759 828 1793 Spiritum.
847 1757 924 1790 Quod
943 1757 965 1784 si

175 1811 203 1837 id
231 1817 286 1837 non
304 1813 357 1839 est,
375 1814 463 1842 neque
486 1814 549 1834 vere
567 1806 664 1834 tertius
688 1805 741 1833 erit
768 1804 899 1840 Spiritus,
918 1803 965 1831 sed

176 1861 280 1884 tantum
298 1855 440 1882 nominum
466 1853 599 1888 positione
622 1852 771 1879 collocatus
793 1861 799 1878 :
817 1851 923 1878 Etenim
943 1851 966 1878 εἰ

175 1902 359 1937 productorem
378 1899 570 1935 appellabimus
588 1898 708 1929 Patrem.
724 1902 754 1925 ut
770 1898 859 1932 inquit
874 1897 963 1930 Nilus,

176 1949 338 1976 Trinitatem
356 1947 501 1981 abrogans,
517 1950 545 1972 et
570 1945 726 1972 Grex-orum
750 1944 892 1979 theologus
909 1947 965 1978 ter-

175 2001 185 2022 t
200 2004 241 2028 us,
258 1994 341 2021 Filius
359 1993 439 2020 ueluti
456 2000 502 2028 per
511 1991 668 2025 productum
682 1998 695 2017 e
706 1990 886 2025 producente;
898 1989 966 2022 quod

174 2042 197 2068 si
213 2041 330 2072 Patrem,
349 2040 442 2065 tertius
456 2039 504 2064 erit
519 2036 647 2072 Spiritus,
663 2041 790 2072 tanquam
805 2044 851 2071 per
864 2035 966 2062 Filium

170 2097 208 2115 rex
230 2087 324 2114 Patre.
357 2085 437 2112 Vides
455 2084 528 2111 hunc
555 2083 627 2110 inter
651 2082 749 2109 Filium
782 2087 810 2110 et
833 2082 965 2117 Spiritum

135 2153 137 2158 .
177 2119 280 2161 nullam
296 2133 474 2166 interponere
487 2129 668 2157 relationem?
683 2129 739 2155 Hoc
754 2130 836 2156 modo
850 2131 910 2156 duae
925 2129 966 2155 hae

177 2182 336 2214 hyposlases
362 2175 570 2204 confunduntur
593 2175 628 2202 ab
644 2175 704 2210 ipso
718 2179 746 2202 et
768 2175 856 2210 pietas
876 2175 964 2209 palam

1016 929 1073 955 οῦν.
1086 930 1230 956 Φευκταῖοι
1243 929 1298 964 γὰρ
1313 930 1336 956 οἱ
1354 930 1572 961 έναλλάττοντες,
1585 929 1622 961 ὡς
1636 929 1761 965 φανερῶς
1774 931 1808 964 τῇ

1017 976 1142 1011 εὐσεϐείᾳ
1161 977 1321 1011 μαχόμενοι,
1338 977 1453 1004 Ἔπειτα
1470 976 1498 1003 δὲ
1514 977 1563 1003 καὶ
1578 976 1608 1003 τὸ
1624 978 1675 1011 τῆς
1691 977 1808 1011 Τριάδος

1019 1023 1168 1058 μυστήριον
1183 1022 1233 1049 οὐκ
1249 1023 1277 1049 ἐν
1292 1023 1380 1057 ψιλοῖς
1396 1023 1510 1058 ὀνόμασι
1520 1043 1527 1055 ,
1544 1022 1591 1049 καὶ
1608 1023 1724 1057 γυμναῖς
1739 1023 1810 1049 ἅνα-

1017 1069 1114 1103 φοραῑς
1130 1069 1186 1103 ἔχει
1200 1068 1230 1094 τὸ
1246 1067 1327 1101 εἶναι,
1342 1069 1409 1095 ἀλλὰ
1423 1069 1462 1104 τῷ
1477 1070 1621 1104 πράγματι
1636 1069 1731 1104 Τριὰς,
1746 1069 1810 1104 ἦτοι

1018 1115 1127 1149 άληθῶς
1141 1115 1236 1150 Τριάς.
1253 1115 1322 1143 Οὐδὲ
1338 1115 1375 1150 τῷ
1392 1116 1467 1150 ἡμᾶς
1482 1116 1522 1143 είς
1538 1116 1642 1151 Τριάδα
1658 1115 1809 1148 πιστεύειν,

1016 1161 1059 1188 διὰ
1075 1161 1156 1187 τοῦτο
1173 1161 1257 1196 Τριὰς
1268 1180 1276 1193 ,
1298 1161 1356 1188 ἀλλ’
1371 1162 1411 1189 ὃτι
1428 1162 1512 1196 Τριὰς
1535 1162 1760 1197 πεπιστεύκαμεν
1778 1171 1808 1188 τε

1017 1208 1059 1240 είς
1077 1208 1195 1242 Τριάδα,
1218 1208 1266 1235 καὶ
1288 1208 1505 1244 βεδαπτὶσμεθα.
1529 1210 1583 1236 Καὶ
1600 1209 1649 1244 τὴν
1667 1209 1695 1236 ὲν
1713 1209 1811 1244 Τριάδι

1018 1256 1072 1292 ἄρα
1084 1256 1160 1288 τάξιν
1175 1256 1205 1285 οὐ
1221 1256 1293 1283 κατὰ
1307 1256 1357 1292 τὴν
1372 1257 1508 1292 ἡμετέραν
1522 1257 1597 1284 θέσιν
1610 1255 1680 1284 εἶναι
1696 1266 1811 1284 πιστευ-
1848 1278 1854 1282 .

1016 1303 1087 1329 τέον.
1111 1302 1222 1329 Πάντων
1245 1303 1298 1336 γὰρ
1320 1301 1353 1329 ἂν
1376 1301 1409 1338 ἦν
1431 1302 1616 1335 ἀτοπώτατον,
1640 1304 1678 1335 εἰς
1700 1303 1735 1330 τά
1757 1303 1810 1337 τῆς

1018 1347 1157 1383 ἡμετέρας
1170 1347 1290 1380 διανοίας
1302 1347 1478 1383 ἐξευρήματα
1488 1349 1638 1376 πιστεύειν.
1648 1348 1728 1376 ’Δλλά
1739 1349 1809 1376 διότι

1018 1395 1094 1427 τάξις
1111 1395 1243 1429 πρόσεστι
1260 1396 1292 1430 τῇ
1311 1395 1426 1430 Τριάδι,
1444 1395 1541 1421 τούτου
1560 1395 1642 1431 χάριν
1659 1395 1746 1429 αὐτὴν
1764 1395 1809 1422 θε-

1017 1441 1078 1469 τέον
1089 1440 1146 1476 ἅμα
1158 1441 1204 1467 καὶ
1217 1441 1375 1468 πιστευτέον
1384 1449 1392 1457 θ
1405 1441 1453 1468 καὶ
1464 1441 1559 1477 ὥσπερ
1569 1441 1602 1468 ἂν
1613 1441 1716 1468 εἴποιεν
1726 1441 1810 1477 Γραι-

1019 1487 1062 1514 κοὶ
1083 1486 1295 1522 ὲπιθεωρετσϐαι
1310 1486 1359 1522 τὴν
1375 1487 1453 1520 τάξιν
1471 1488 1500 1513 ὲν
1518 1488 1606 1522 Πατρὶ
1626 1487 1674 1514 καὶ
1695 1487 1754 1523 Υἱῷ
1774 1488 1807 1514 οὐ

1018 1533 1062 1560 διὰ
1077 1533 1127 1568 τὴν
1141 1533 1196 1560 τῶν
1211 1534 1352 1568 ὀνομάτων
1369 1534 1508 1568 ἀναφορὰν
1518 1553 1526 1566 ,
1541 1534 1610 1560 ἀλλὰ
1626 1534 1671 1560 διὰ
1684 1534 1735 1570 τὴν
1751 1534 1806 1561 τῶν

1018 1580 1190 1614 πραγμάτων
1212 1579 1360 1614 ἀλήθειαν,
1384 1580 1627 1615 προοεωρουμένου
1649 1580 1695 1607 τοῦ
1717 1580 1806 1607 αίτίου

1017 1626 1106 1661 φύσει.
1119 1626 1172 1653 Καὶ
1181 1626 1261 1652 πάλιν
1269 1632 1276 1640 '
1290 1626 1395 1661 Ὥσπερ
1404 1626 1450 1652 τοῦ
1462 1627 1565 1661 Πατρὺς
1575 1627 1643 1662 πρδς
1652 1626 1683 1653 τδ
1693 1625 1807 1662 Πνεῦμα

1019 1672 1111 1707 σχέσιν
1122 1669 1191 1698 εἶναι
1204 1672 1381 1706 πιστεύομεν,
1395 1672 1483 1699 καίτοι
1496 1681 1524 1706 γε
1540 1672 1592 1698 τῶν
1605 1673 1746 1707 ὀνομάτων
1758 1673 1809 1699 οὐκ

1017 1719 1228 1753 ἀναφερομένων
1243 1718 1310 1753 πρὸς
1324 1718 1427 1753 ἄλληλα.
1438 1727 1445 1734 ο
1460 1717 1532 1745 οὕτω
1544 1719 1585 1745 δεῖ
1597 1720 1643 1746 καὶ
1659 1719 1723 1745 Υιοῦ
1739 1719 1809 1754 προς

1017 1765 1047 1791 to
1061 1764 1173 1800 Πνεῦμα
1189 1765 1282 1799 σχέσιν
1296 1763 1366 1791 εἶναι
1381 1765 1499 1797 πάντως.
1517 1766 1547 1792 Et
1563 1765 1590 1792 δὲ
1607 1765 1656 1801 μὴ,
1670 1767 1701 1792 οὺ
1715 1766 1810 1800 τρίτον

1018 1811 1126 1846 άληθῶς
1139 1811 1168 1838 τὸ
1183 1811 1295 1845 Πνεῦμα
1305 1830 1313 1844 ,
1326 1811 1394 1838 ἀλλὰ
1410 1811 1480 1848 μόνῃ
1493 1813 1524 1847 τῇ
1539 1812 1593 1838 τῶν
1606 1812 1747 1847 ὀνομάτων
1761 1813 1809 1839 θέ-

1019 1865 1060 1884 σει
1080 1858 1239 1892 φερόμενον.
1259 1856 1294 1884 El
1312 1857 1370 1892 μὲν
1387 1858 1442 1892 γὰρ
1461 1857 1610 1891 προόολέα
1630 1859 1810 1894 καλέσωμεν

1018 1903 1072 1929 τὸν
1091 1902 1222 1937 Πατέρα,
1246 1902 1282 1934 ὦς
1302 1911 1368 1937 φησι
1382 1903 1498 1936 Νεῖλος,
1519 1903 1532 1929 ὁ
1553 1904 1603 1940 τὴν
1623 1905 1725 1940 Τριάδα
1747 1905 1810 1932 ἀϐε-

1018 1947 1082 1981 τῶν,
1098 1949 1145 1974 καὶ
1159 1949 1173 1974 δ
1186 1949 1240 1975 τῶν
1255 1948 1381 1983 Γραικῶν
1396 1948 1521 1982 θεολόγος
1535 1949 1634 1984 τρίτος,
1649 1951 1666 1977 ὀ
1686 1951 1753 1984 Υἱὸς
1767 1952 1810 1985 ὡς

1018 1993 1068 2020 διὰ
1087 1993 1140 2020 τοῦ
1160 1994 1372 2028 προϐλήματος
1393 1994 1427 2021 ὲκ
1445 1995 1500 2022 τοῦ
1522 1996 1709 2029 προϐολέως,
1728 1998 1756 2024 εί
1775 1997 1810 2024 δὲ

1018 2039 1154 2073 Πατέρα,
1173 2039 1274 2073 τρίτον
1291 2039 1325 2066 τὸ
1344 2039 1466 2074 Πνεῦμα
1477 2061 1485 2073 ,
1501 2040 1542 2073 ὡς
1559 2041 1596 2068 δι’
1614 2042 1682 2069 Υὶοῦ
1698 2043 1733 2070 ἐκ
1749 2045 1808 2070 Πα-

1017 2087 1097 2118 τρός.
1118 2085 1232 2117 Βλέπεις
1254 2086 1312 2117 πῶς
1331 2087 1460 2122 οὐδεμίαν
1480 2086 1550 2115 εἶναι
1566 2089 1696 2124 βούλεται
1716 2090 1808 2124 σχέσιν

1018 2130 1084 2157 Υίοῠ
1105 2132 1151 2156 καὶ
1169 2131 1347 2167 Πνεύματος;
1364 2132 1456 2165 Οὕτως
1473 2134 1501 2161 αι
1516 2134 1563 2161 δύο
1579 2135 1742 2166 ὑποστάηεις
1758 2136 1810 2162 αὑ-

1018 2185 1062 2202 ται
1084 2175 1247 2211 συγχέονται
1266 2177 1341 2213 αὐτῷ
1363 2179 1491 2214 φανερῶς
1513 2180 1661 2216 μαχομένῳ
1677 2182 1710 2216 τῇ
1731 2181 1810 2207 εὐσε-

177 2228 362 2260 oppugnatur.
388 2222 436 2249 Est
460 2221 543 2257 igitur
557 2221 626 2248 ordo
641 2221 713 2248 inter
737 2221 901 2257 liypostases
916 2229 963 2248 na-

1019 2222 1092 2256 6είᾳ.
1106 2223 1201 2249 Ἔστιν
1226 2222 1280 2257 ἄρα
1303 2223 1378 2256 τάξις
1403 2224 1534 2260 ἀλλήλαις
1557 2228 1618 2258 ταῖς
1644 2227 1810 2254 ὑποστάσεσι

177 2276 250 2302 tura,
275 2277 329 2296 non
350 2268 490 2295 hominum
507 2267 653 2302 positione,
683 2271 712 2294 et
734 2267 820 2294 Filius
844 2275 898 2294 non
924 2271 967 2294 est

177 2315 315 2343 secundus
330 2322 344 2340 a
359 2313 472 2349 Spiritu.
495 2313 572 2340 Esset
588 2313 662 2340 enim
679 2313 776 2340 tertius
799 2321 813 2340 a
832 2313 921 2346 Patre,
938 2317 967 2340 et

177 2362 317 2388 diceretur
342 2360 500 2395 dependere
515 2367 547 2386 ex
568 2359 684 2394 Spiritu,
700 2364 727 2386 et
745 2359 831 2386 Filius
847 2359 966 2394 Spiritus

178 2412 396 2442 nuncuparetur,
414 2406 486 2441 quod
504 2413 555 2432 nec
571 2406 623 2440 ipsi
639 2407 776 2433 dremones
792 2412 968 2433 asserc‘rave.

174 2455 243 2481 .rint.
255 2454 354 2481 Totum
369 2453 443 2480 enim
461 2452 617 2488 oppositum
632 2451 781 2479 atlirmatur
793 2457 819 2479 et
832 2452 966 2485 creditur,

179 2499 311 2534 Spiritum
335 2498 468 2533 Spiritum
485 2497 546 2524 Filii
562 2504 635 2527 esse,
651 2501 679 2524 et
694 2497 732 2523 illi
758 2497 899 2525 adha‘rere
910 2517 918 2530 ,
935 2498 969 2525 ab

177 2553 267 2580 eoque
292 2545 458 2580 dependere,
476 2549 503 2571 et
524 2544 564 2571 sic
587 2543 702 2571 verbum
726 2543 797 2577 Filii,
822 2548 850 2570 et
876 2551 909 2571 ex
935 2551 968 2571 eo

179 2590 370 2626 progrediens.
693 2592 696 2598 λ

215 2636 242 2663 7.
259 2636 322 2663 llaec
341 2643 403 2663 cum
420 2635 456 2662 ita
472 2642 501 2662 se
519 2634 654 2666 habeant,
670 2634 795 2669 sequitur
811 2634 968 2662 necessario

179 2690 212 2709 ex
234 2682 313 2709 Patre
326 2686 397 2708 etex
414 2679 492 2711 Filio,
511 2681 569 2707 sive
594 2688 643 2714 per
658 2680 756 2707 Filium
779 2681 967 2707 exsistentiam

180 2728 282 2754 habere
308 2726 438 2761 Spiritum
469 2732 605 2753 sanetum.
641 2725 736 2760 Neque
765 2726 838 2752 enim
870 2726 968 2753 modus

172 2773 249 2799 alius
262 2772 409 2807 excogitari
428 2777 528 2807 potest.
547 2773 594 2807 qui
620 2772 863 2807 divinis"personis
876 2777 967 2807 aptus,

178 2821 264 2850 atque
288 2819 483 2845 accommodus
501 2818 547 2845 sit.
561 2818 621 2851 Quo
637 2823 664 2845 et
687 2818 811 2845 ordinent
829 2818 911 2845 rebus
940 2818 967 2845 in

174 2861 248 2895 ipsis
263 2862 443 2897 servabimus,
464 2864 643 2891 etdoctorum
665 2863 736 2890 dicta
750 2872 907 2899 sequemur,
920 2865 966 2899 qni

1020 2268 1100 2303 φύσει
1112 2289 1119 2301 ,
1136 2269 1166 2294 οὐ
1184 2268 1258 2296 θέσει
1276 2270 1417 2305 παροῦσαι,
1435 2272 1482 2299 καὶ
1497 2273 1527 2298 οὺ
1544 2272 1700 2308 δευτερεύει
1716 2274 1731 2300 δ
1746 2274 1810 2306 Υἱὸς

1020 2314 1067 2341 τοῦ
1084 2314 1254 2350 Πνεύματος.
1268 2313 1322 2343 Ἦν
1338 2317 1393 2353 γὰρ
1407 2317 1442 2344 ἂν
1455 2318 1547 2353 τρίτος
1561 2319 1616 2346 άπὸ
1631 2319 1676 2346 τοῦ
1692 2320 1809 2355 Πατρδς,

1020 2361 1068 2388 καὶ
1093 2361 1259 2397 ἐξηρτῆσθαι
1286 2363 1395 2397 ἐλέγετο
1419 2363 1466 2390 τοῦ
1494 2364 1668 2399 Πνεύματος,
1693 2366 1740 2392 καὶ
1761 2366 1809 2392 τοῦ

1022 2405 1182 2440 Πνεύματος
1201 2406 1263 2438 Υἱὸς
1279 2407 1438 2442 ὠνομάζετο
1449 2429 1455 2440 ,
1472 2409 1541 2444 ὅπερ
1556 2409 1611 2436 οὐδ’
1624 2409 1656 2437 ἂν
1673 2411 1697 2436 ot
1714 2411 1810 2446 δαίμο-

1020 2459 1065 2481 νες
1084 2451 1198 2479 είποιεν.
1218 2451 1381 2479 Τοῦναντίον
1399 2454 1448 2488 μὲν
1465 2455 1520 2489 γὰρ
1541 2455 1614 2482 ἅπαν
1632 2456 1680 2482 καὶ
1700 2456 1810 2490 λέγεται

1022 2496 1070 2522 καὶ
1091 2497 1250 2523 πιστεύεται
1272 2497 1302 2523 τὸ
1325 2498 1437 2533 Πνεῦμα
1471 2498 1583 2534 Πνεῦμα
1605 2499 1651 2526 τοῦ
1675 2500 1740 2526 Υἱοῦ
1762 2501 1810 2527 καὶ

1020 2540 1130 2577 ἔχεσθαι
1151 2543 1232 2569 αὑτοῦ
1251 2543 1300 2569 καὶ
1317 2543 1450 2578 ὲξῆφθαι,
1470 2545 1517 2570 καὶ
1535 2545 1607 2572 οὕτω
1624 2546 1701 2581 ῥῆμα
1722 2546 1788 2573 Υἱοῦ
1800 2567 1807 2579 ,

1021 2588 1069 2615 καὶ
1085 2588 1180 2623 προϊὸν
1195 2588 1224 2621 ἐξ
1239 2590 1334 2617 αὑτοῦ.

1058 2634 1090 2666 ζ’.
1110 2634 1220 2661 Τούτων
1237 2635 1324 2667 οὕτως
1341 2636 1469 2671 ἑχόντων,
1487 2637 1592 2673 ἀνάγκη
1611 2639 1687 2665 πᾶσα
1703 2639 1735 2665 ὲκ
1752 2639 1809 2665 Πα-

1021 2681 1084 2716 τρῦς
1106 2681 1152 2707 καὶ
1174 2681 1256 2714 Υῑοῦ,
1276 2682 1335 2717 ἦτοι
1357 2682 1390 2709 δι’
1406 2683 1469 2709 Υιοῡ
1492 2685 1563 2719 ἔχειν
1579 2685 1628 2719 τὴν
1646 2684 1762 2720 ὕπαρξιν
1780 2685 1810 2714 ο

1022 2727 1134 2762 Πνεῦμα
1148 2728 1179 2754 τδ
1196 2728 1284 2762 ἇγιον.
1299 2728 1338 2756 Οὐ
1354 2730 1408 2765 γὰρ
1423 2731 1496 2757 ἔστιν
1511 2732 1633 2766 ἐξευρεῖν
1647 2733 1748 2767 τρόπον
1764 2733 1811 2760 ἄλ-

1021 2773 1067 2799 λον
1089 2775 1143 2804 τοῖς
1166 2773 1249 2804 θείοις
1271 2772 1467 2809 ἁρμόζοντα,ᾦ
1490 2776 1535 2802 καὶ
1556 2777 1605 2812 τὴν
1625 2777 1701 2810 τάξιν
1722 2778 1812 2812 πράγ-

1022 2827 1089 2853 μασι
1115 2819 1272 2854 προσοῦσαν
1294 2821 1461 2856 φυλάξομεν,
1477 2823 1522 2848 καὶ
1538 2825 1597 2854 ταῖς
1613 2823 1668 2850 τῶν
1683 2825 1811 2851 διδασκά-

1021 2865 1074 2891 λων
1091 2865 1311 2902 ἀκολουθὴοομεν
1344 2867 1470 2902 ρἡεσιν.
1490 2869 1587 2896 οἵτινες
1604 2871 1636 2896 ὲκ
1654 2871 1759 2906 [lageos
1776 2871 1811 2898 δι’
