1916 3057
169 143 225 175 τῖε)

764 147 926 177 GEORGII
947 146 1203 177 TRAPEZUNTII

1741 141 1796 173 ’780

169 200 376 228 similitudinem
391 205 489 227 notans
501 201 538 228 nil
553 200 707 229 conducere
725 201 882 229 Latinorum
896 202 955 236 epi-

1009 202 1130 237 ἐνέχεται
1153 203 1187 236 τῇ
1214 201 1268 228 τῶν
1294 201 1419 227 Λατίνων
1444 199 1518 235 δόξῃ,
1545 197 1795 234 προκαταρκτνκῶς

171 246 257 278 nioni,
271 246 318 280 qui
334 246 417 273 veluti
433 254 448 273 a
464 247 596 282 primario
612 246 748 282 principio
759 253 786 275 et
810 247 916 283 origine
938 255 953 275 a

169 291 249 318 Patre
259 298 321 318 esse
333 291 467 326 Spiritum
491 297 628 324 asserunt,
654 299 705 319 nec
730 299 764 319 eo
789 292 849 327 ipso
874 292 955 319 modo

169 344 201 364 ex
218 337 296 364 Filio.
317 337 473 365 Similitudo
489 337 624 373 siquidem
636 338 688 365 hoc
702 338 728 365 in
745 338 817 370 loco,
832 343 861 365 ut
872 339 953 365 etiam

169 391 199 410 ea
217 391 278 418 qua:
293 383 329 410 ab
346 383 407 410 aliis
420 383 560 416 dicuntur,
578 384 622 411 hic
637 384 761 416 alierum,
779 391 832 411 non
848 383 954 411 admo-

170 434 204 456 t’an
216 429 281 456 dum
297 429 420 460 modum,
437 430 486 457 sed
508 437 631 461 causam.
642 437 675 457 ex
693 437 745 465 qua
760 434 814 459 est.
831 430 955 457 desumi-

170 481 223 502 rur.
240 475 317 508 Quod
333 476 355 502 si
368 475 401 502 ad
417 476 565 503 notandum
590 475 718 509 modum,
733 476 836 511 optime
851 476 954 503 dictum

170 526 221 552 est,
240 521 366 556 procedit
379 521 564 550 enimaPatre
580 530 628 557 per
643 521 753 555 Filium,
767 527 795 550 et
805 522 955 549 similitudo

171 567 339 594 exsistentiu:
354 568 465 595 modum
485 568 607 603 respicit,
623 567 696 603 quod
713 576 746 595 ex
768 572 885 602 utroque
907 575 955 602 per

172 615 281 642 modum
299 616 483 649 processionis
495 620 546 648 est,
565 620 619 642 non
644 616 763 650 primum
791 621 818 642 et
836 616 955 650 origina-

171 663 241 688 rinm
259 661 434 696 principium.
455 661 513 689 Non
532 669 605 688 enim
628 661 697 688 alius
715 662 881 689 exsistentiae
897 669 955 688 mo-

171 707 222 733 dus
247 711 298 739 est,
315 714 376 734 esse
393 714 442 742 per
457 707 566 734 modum
583 707 710 743 principii
734 708 868 743 primarii,
885 709 955 736 alius

172 760 222 787 per
236 753 301 780 illud
317 761 369 780 non
390 760 450 780 esse
462 773 469 784 .
486 753 534 780 sed
548 760 619 780 unus
633 759 660 780 et
677 753 759 781 idem.
781 753 809 780 id
826 754 898 781 enim
913 753 956 780 in-

172 799 232 826 nuit
247 798 313 825 illud
329 806 378 833 per
391 798 502 826 modum
517 798 638 833 primarii
654 799 795 833 principii.
812 798 889 831 Quod
903 806 955 825 una

172 851 233 871 cum
250 843 285 871 sit
301 843 463 878 productiva
486 844 601 872 facultas
615 844 652 871 'in
681 844 761 872 Patre
775 849 803 872 et
820 845 899 878 Filio,
922 854 955 874 ex

174 889 254 917 Patre
268 894 407 925 acceptam
424 891 507 918 habet
526 889 622 923 Filius,
639 891 711 918 unde
725 897 752 918 et
770 899 831 920 esse
845 893 955 928 accipit.

176 935 208 962 Et
233 935 463 970 quemadmodum
489 937 511 963 si
540 936 602 970 quis
617 937 749 976 'divinam
774 941 900 964 naturam
923 938 956 965 ad

175 982 285 1009 modum
296 982 420 1016 primarii
437 982 565 1018 principii
583 983 608 1009 in
619 981 699 1010 Patre
714 982 827 1017 intelligi
841 983 957 1015 diceret,

126 1058 134 1064 ,
174 1036 232 1056 rem
251 1035 364 1063 prorsus
376 1029 557 1055 neCessariam
573 1029 762 1063 pronuntiaret
782 1037 789 1055 :
806 1029 868 1056 inde
884 1029 958 1057 enim

174 1082 234 1101 eam
261 1073 343 1102 habet
357 1079 385 1101 et
401 1073 484 1101 Filius
498 1079 527 1101 et
549 1074 669 1109 Spiritus
680 1079 809 1108 sanctus;
825 1080 852 1102 at
881 1076 959 1103 dilic-

176 1125 282 1148 rentem
298 1124 442 1154 prepterea
461 1123 585 1147 naturam
598 1120 757 1155 concipere,
775 1121 834 1148 ﬁeri
852 1123 958 1157 nequit,

175 1166 241 1200 quin
265 1166 432 1200 oppositum,
450 1165 602 1192 absolutam
620 1166 749 1194 unionem
763 1187 770 1198 ,
786 1167 859 1202 quod
876 1175 958 1202 quam

175 1211 256 1239 habet
275 1211 364 1244 Pater,
379 1218 439 1238 eam
463 1212 646 1239 communicat
665 1211 752 1239 Filio:
767 1214 826 1248 pari
852 1214 959 1241 ratione

175 1265 225 1292 per
241 1257 351 1284 modum
362 1257 485 1292 primarii
499 1257 637 1292 principii,
649 1259 712 1284 dum
728 1258 831 1286 dicitur
839 1258 959 1294 Spiritus

174 1304 324 1339 procedere
337 1311 370 1331 ex
388 1303 477 1336 Patre,
494 1311 547 1330 non
563 1311 640 1338 aeque
663 1311 729 1330 vero
746 1311 778 1331 ex
800 1304 881 1337 Filio,
899 1305 960 1332 nul-

175 1352 229 1377 lum
241 1350 386 1377 discrimen
405 1350 477 1376 modi
494 1350 659 1377 exsistentia:
676 1350 768 1382 infert,
788 1351 853 1377 dum
873 1351 959 1379 utitur

175 1397 221 1423 illo
236 1397 270 1424 ad
293 1395 403 1423 modum
419 1395 541 1430 primarii
567 1395 705 1430 principii,
727 1396 774 1423 sed
788 1396 956 1431 oppositum,

174 1443 313 1475 unionem,
331 1446 360 1469 ut
375 1442 410 1469 sit
426 1442 496 1469 idem
511 1449 558 1476 per
572 1442 662 1469 omnia
677 1442 785 1470 modus.
802 1443 909 1470 Etenim
935 1443 958 1470 si

173 1487 284 1514 exhibet
296 1487 483 1522 productivam
498 1487 653 1514 facultatem
676 1487 745 1514 Filio
761 1487 841 1514 Pater
856 1488 958 1523 absque

174 1533 318 1568 principio.
334 1533 393 1568 ipso.
406 1540 466 1560 eam
482 1532 586 1560 habens
599 1552 606 1563 .
627 1533 699 1568 quod
717 1533 764 1560 illo
782 1541 830 1568 per
846 1535 956 1561 modum
974 1550 982 1568 λ

174 1579 296 1613 ιινίιηλτὶί
321 1578 449 1614 principii
474 1578 620 1610 indicatur,
638 1578 812 1606 manifestum
837 1584 960 1607 remanet

173 1626 246 1653 illam
274 1624 397 1652 eamdem
426 1631 541 1651 numero
562 1623 761 1656 exhibiturum,
776 1632 829 1659 qua
853 1632 886 1652 ex
900 1624 959 1659 ipso

176 1671 294 1706 Spiritus
324 1670 508 1705 progreditur.
525 1669 632 1697 Nullius
648 1670 739 1705 itaque
762 1671 873 1698 absurdi
896 1679 959 1698 reus

173 1717 239 1749 erit,
269 1717 314 1751 qui
333 1716 482 1743 asseruerit
497 1723 529 1743 ea
554 1717 660 1744 ratione
685 1716 818 1751 Spiritum
845 1724 906 1744 esse
925 1725 957 1744 ex

174 1763 254 1795 l-‘ilio,
270 1771 325 1797 qua
349 1767 392 1789 est
406 1770 439 1789 ex
466 1762 556 1794 Patre,
575 1770 638 1790 cum
668 1763 766 1790 modus
791 1763 958 1792 exsistentia:

174 1809 221 1836 ille
233 1815 280 1844 per
297 1808 407 1835 modum
422 1807 545 1842 primarii
563 1808 691 1843 principii
706 1808 806 1835 nullam
824 1808 956 1835 differen-

174 1856 251 1888 tiam,
269 1855 316 1883 sed
334 1855 426 1890 potius
452 1855 584 1882 unitatem
598 1854 736 1882 admittat.
754 1854 838 1889 quue
862 1862 956 1881 verum

174 1909 246 1934 esse,
262 1901 437 1928 mani-festum
465 1901 519 1928 erit
530 1908 563 1928 ex
580 1900 762 1935 oppositione.
781 1900 847 1927 Nam
862 1901 885 1927 si
902 1901 957 1935 pri-

175 1947 292 1974 marium
307 1947 472 1981 principium
488 1946 557 1974 Filio
573 1954 683 1981 quoque
696 1946 890 1977 concedamus,
906 1946 956 1973 ita-

176 1994 252 2022 ινθιιὶι
270 1994 336 2021 illud
360 1993 418 2028 ipse
438 1993 541 2027 absque
555 1992 701 2027 principio,
717 1996 745 2019 et
759 1999 814 2019 non
830 1999 846 2019 a
866 1992 956 2019 Patre.

1006 249 1140 283 λεγόντων
1154 248 1186 274 τδ
1201 247 1314 282 Πνεῦμα
1329 247 1361 273 ἐκ
1376 246 1423 273 τοῦ
1441 246 1561 280 Πατρὺς,
1578 246 1625 270 καὶ
1641 245 1689 279 οὐχ
1704 243 1796 275 οὕτως

1005 295 1038 321 ὲκ
1049 296 1096 321 τοῦ
1112 293 1190 322 Υἱοῦ.
1208 293 1241 320 Ἢ
1255 293 1309 328 γὰρ
1324 293 1455 328 ὁμοίωσις
1468 291 1586 319 ἐνταῦθα
1599 290 1636 326 τῷ
1652 290 1734 325 ἁγίῳ,
1749 291 1795 316 ἴνα

1006 341 1053 368 καὶ
1070 341 1100 368 τὸ
1121 341 1186 375 παρ’
1198 341 1285 368 ἄλλων
1302 339 1449 373 λεγόμενον
1465 338 1544 370 λέξω,
1561 338 1590 364 οὺ
1610 338 1678 371 πρὸς
1695 337 1728 364 es
1744 336 1795 363 ὡδὶ

1006 385 1087 420 εἶναι,
1103 387 1169 414 ἀλλὰ
1183 387 1251 422 πρὸς
1262 387 1292 413 τὸ
1304 387 1366 413 ὅθεν
1380 385 1520 420 εἴληπται.
1535 384 1566 411 El
1579 383 1607 411 δὲ
1621 384 1671 411 καὶ
1683 384 1751 419 πρὸς
1763 383 1795 409 τὸ

1006 433 1070 466 ὡδὶ,
1087 436 1134 460 καὶ
1147 433 1227 459 τοῦτο
1243 432 1343 462 καλῶς.
1363 430 1558 466 Ἐκπορεύεται
1574 429 1628 464 γὰρ
1643 428 1720 464 παρὰ
1734 430 1795 456 Πα-

1005 478 1069 514 τρδς
1086 478 1119 504 δι’
1131 477 1208 507 rus.
1227 478 1273 504 xui
1291 478 1307 512 ἡ
1325 476 1458 511 ὁμοίωσις
1476 476 1546 509 πρὸς
1561 475 1607 501 τὺν
1623 474 1725 509 τρόπον
1742 473 1796 508 τῆς

1006 524 1151 559 ὑπάρξεως
1164 523 1193 550 τὸ
1208 522 1452 558 προκαταρκτικῶς
1465 520 1514 548 τοῦ
1530 520 1579 556 μὴ,
1593 519 1651 547 ἀλλ’
1661 517 1703 552 εἷς
1718 521 1766 547 καὶ
1780 521 1796 546 ὁ

1006 570 1097 601 αὑτὸς.
1116 569 1202 596 Τοῦτο
1223 568 1277 604 γὰρ
1297 569 1377 604 μόνον
1396 567 1522 602 βούλεται
1541 566 1572 593 τὸ
1591 574 1796 601 προκαταρκτιο

1006 619 1073 650 κῶς,
1090 618 1131 645 ὅτι
1152 618 1215 653 μιᾶς
1233 616 1318 652 οῦσης
1334 617 1384 651 τῆς
1402 615 1588 650 προσλητικῆς
1605 614 1748 648 δυνάμεως
1765 613 1796 638 ἐν

1006 664 1095 698 Πατρὶ
1110 664 1157 690 καὶ
1173 663 1240 697 rte),
1256 663 1289 690 ἐκ
1302 662 1350 690 τοῦ
1367 663 1475 696 Πατρδς
1490 662 1546 696 ἔχει
1561 661 1662 695 ταύτην
1675 659 1766 686 λαϐὼν
1780 661 1796 686 ὁ

1006 709 1087 741 Υἱὸς,
1103 709 1164 736 ὅθεν
1179 709 1225 735 καὶ
1240 708 1270 734 τὸ
1285 706 1365 735 εἶναι.
1381 708 1436 734 Καὶ
1450 707 1544 741 ὥσπερ
1559 706 1586 732 εἴ
1598 715 1640 736 τις
1654 706 1728 739 λέγει
1743 705 1795 740 τὴν

1008 755 1083 782 θείαν
1096 754 1178 788 φύσιν
1192 753 1437 789 προκαταρκτικῶς
1453 753 1501 779 καὶ
1514 752 1661 787 ἀρχοειδῶς
1674 751 1796 777 νοεῖσθαι

1007 801 1037 826 ὲν
1049 800 1087 835 τῷ
1101 800 1197 835 Πατρὶ,
1213 800 1329 835 πρᾶγμα
1341 799 1416 832 λέγει
1429 799 1516 833 πάντη
1530 798 1688 830 ἀναγκαῖον.
1708 796 1798 822 Ἐκεῖ-

1009 846 1054 871 Θιν
1065 844 1119 880 γὰρ
1132 844 1188 880 ἔχει
1199 843 1302 879 ταύτην
1314 844 1328 870 ὁ
1342 843 1404 875 Υῖδς
1418 843 1466 869 καὶ
1477 841 1507 869 τὸ
1520 838 1642 876 Πνεῦμα.
1656 839 1795 875 Διαφορω

1008 891 1036 917 δὲ
1053 890 1160 925 φύσεως
1175 890 1219 916 διὰ
1233 889 1312 916 τοῦτο
1327 889 1422 923 νοῆσαι
1438 889 1586 926 ὰδῦνατον,
1601 886 1756 914 τούναντίον
1772 885 1796 911 δ’

1009 937 1084 964 ἅπαν
1102 936 1229 971 ἑνότητα,
1248 937 1289 963 ὅτι
1307 936 1341 971 ἢν
1358 936 1415 970 ἔχει
1433 935 1515 970 φύσιν
1531 935 1545 961 ό
1565 933 1674 969 Πατὴρ,
1690 932 1796 966 ταύτην

1008 983 1099 1010 δίδωσι
1123 983 1162 1018 τῷ
1186 982 1254 1017 Υἱῷ.
1277 981 1355 1009 Οὕτω
1379 981 1624 1017 προκαταρκτικῶς
1648 980 1796 1013 λεγόμενον

1009 1028 1207 1063 ἐκπορεύεσθαι
1220 1029 1251 1055 τὸ
1265 1028 1378 1063 Πνεῦμα
1392 1029 1423 1055 ὲκ
1436 1028 1485 1055 τοῦ
1499 1027 1618 1063 Πατρδς,
1633 1026 1670 1061 μὴ
1683 1025 1755 1052 οὕτω
1768 1025 1797 1051 δὲ

1009 1076 1040 1101 ἐκ
1063 1074 1110 1101 τοῦ
1135 1073 1221 1107 Υἱοῦ,
1244 1074 1373 1109 οὐδεμίαν
1396 1074 1529 1108 διαφορὰν
1552 1072 1600 1099 τοῦ
1621 1072 1722 1107 τρόπον
1744 1072 1797 1105 τῆς

1012 1121 1155 1156 ὑπάρξεως
1177 1121 1269 1147 δίδωσι
1284 1121 1354 1147 νοεῖν
1374 1120 1413 1154 τῷ
1440 1118 1701 1154 πμκαταρκτιχῶς,
1717 1118 1798 1144 τούν-

1009 1167 1100 1194 αντίον
1112 1167 1140 1193 δὲ
1155 1166 1279 1202 ἑνότητα.
1293 1166 1370 1193 Ὥστ’
1381 1163 1450 1192 εἶναι
1464 1166 1509 1192 τὸν
1523 1165 1605 1192 αὑτὸν
1619 1164 1691 1191 κατὰ
1706 1163 1798 1191 πάντα

1009 1213 1121 1246 τρόπον.
1140 1212 1170 1238 Et
1191 1212 1246 1247 γὰρ
1268 1211 1359 1238 δίδωσι
1377 1210 1427 1247 τὴν
1444 1210 1629 1246 προσλητικὴν
1648 1208 1764 1243 δύναμιν
1784 1208 1798 1233 ὁ

1010 1258 1104 1292 Πατὴρ
1121 1257 1159 1292 τῷ
1179 1258 1237 1293 Υὶῷ
1257 1258 1381 1293 ἁνάρχως
1392 1276 1400 1288 .
1418 1257 1498 1289 αὐτὸς
1517 1252 1603 1291 αὐτήν
1620 1255 1690 1290 ἔχων
1701 1275 1708 1287 ,
1726 1255 1797 1289 ὅπερ

1010 1304 1048 1338 τῷ
1063 1304 1309 1339 πμκαταρκτικῶς
1324 1303 1463 1339 δηλοῦται,
1479 1302 1611 1338 πρόδηλον
1626 1302 1668 1328 δτι
1683 1299 1731 1335 τὴν
1748 1299 1798 1326 αὖ·

1009 1350 1058 1385 τὴν
1072 1350 1178 1384 ἐκείνην
1192 1349 1272 1376 δώσει
1285 1349 1323 1384 τῷ
1337 1349 1463 1385 ἀριθμῷ,
1507 1348 1536 1380 ἐξ
1551 1347 1632 1374 αὑτοῦ
1647 1347 1753 1382 πρόιισι
1766 1347 1800 1373 τὸ

1010 1395 1134 1430 Πνεῦμα.
1151 1395 1206 1422 οὐκ
1222 1395 1344 1430 ἐνέχεται
1359 1396 1413 1430 ἄρα
1428 1395 1541 1430 οὐδεμιᾷ
1556 1394 1655 1427 ἀτοπία
1669 1394 1683 1419 ὁ
1697 1392 1796 1426 λέγων,

1009 1441 1096 1473 οὕτως
1110 1439 1180 1468 εἶναι
1193 1441 1224 1468 τὺ
1237 1442 1349 1476 Πνεῦμα
1363 1443 1394 1468 lx
1407 1441 1453 1468 τοῦ
1468 1441 1545 1473 Υἱοῦ,
1557 1440 1651 1474 ὥσπερ
1663 1440 1710 1467 καὶ
1723 1441 1800 1474 παρὰ

1010 1487 1057 1514 τοῦ
1073 1488 1191 1523 Πατρῆς,
1207 1487 1253 1514 τοῦ
1270 1488 1371 1523 τρόπου
1386 1487 1436 1522 τῆς
1452 1486 1597 1523 ὑπάρξεως
1610 1487 1640 1513 οὐ
1654 1486 1798 1520 διισταμέ-
1822 1493 1824 1497 '

1010 1542 1056 1561 νου
1067 1555 1074 1567 ,
1091 1534 1150 1561 ἀλλ’
1164 1534 1312 1569 ἑνουμένου
1330 1533 1369 1569 τῷ
1392 1533 1645 1569 προχαταρκτικῶς.
1663 1533 1751 1559 ἠῦτο
1772 1533 1797 1558 δ’

1010 1582 1052 1607 ὃτι
1070 1580 1172 1616 ἀληθὲς
1191 1580 1270 1615 δῆλον
1292 1581 1338 1607 καὶ
1362 1582 1394 1606 ὲκ
1416 1580 1464 1615 τῆς
1486 1579 1666 1614 ἀντιφάσεως.
1689 1579 1720 1606 Εἰ
1739 1579 1797 1614 γὰρ

1009 1627 1132 1662 δώσομεν
1147 1627 1194 1653 καὶ
1209 1627 1247 1660 τῷ
1265 1626 1322 1661 Υἰῷ
1336 1627 1367 1652 τὸ
1385 1625 1633 1661 προκαταρκτικῶς
1645 1645 1653 1658 ,
1668 1625 1798 1660 ἀνάρχως

1010 1673 1064 1705 ἕξει
1080 1672 1158 1699 τοῦτο
1175 1672 1222 1698 καὶ
1238 1673 1268 1698 οὔ
1288 1672 1363 1706 παρὰ
1378 1671 1424 1698 τοῦ
1442 1672 1559 1706 Πατρός.
1574 1671 1631 1698 Οὐκ
1647 1671 1701 1706 ἄρα
1718 1671 1796 1698 ἔσται

1010 1718 1076 1745 αὐτὸ
1087 1717 1176 1750 τοῦτο,
1190 1718 1258 1753 ὅπερ
1272 1718 1285 1744 ὁ
1299 1717 1393 1753 Πατὴρ
1406 1717 1473 1752 ἔχει.
1487 1717 1620 1751 Διάφορον
1631 1716 1696 1752 ἄρα.
1713 1716 1797 1744 Ἀλλὰ

1008 1764 1040 1790 τὸ
1060 1764 1304 1799 προηταρκτιχῶς
1323 1763 1397 1798 μόνῳ
1425 1763 1466 1798 τῷ
1484 1764 1571 1798 Πατρὶ
1587 1763 1701 1790 δέδοται.
1718 1764 1798 1799 Ἔχει

1010 1809 1078 1843 ἀρα,
1094 1809 1221 1840 κοινωνὸς
1235 1808 1274 1835 ὢν
1290 1809 1401 1835 πάντων
1415 1809 1471 1835 τῶν
1485 1808 1532 1835 τοῦ
1549 1809 1655 1844 Πατρὸς
1669 1809 1796 1843 ἀγαθῶν,

1011 1854 1113 1887 ταυτὸ,
1131 1855 1178 1881 καὶ
1194 1855 1224 1881 οὐ
1241 1855 1369 1890 διάφορος
1386 1856 1400 1881 ὸ
1416 1854 1491 1886 Υἱός.
1509 1854 1546 1881 Τὸ
1562 1854 1723 1890 προχεῖσθαι
1741 1854 1796 1890 ἄρα

1010 1901 1086 1934 παρά
1102 1901 1149 1926 τοῦ
1173 1900 1236 1927 Υὶοῦ
1254 1902 1284 1927 τὸ
1305 1900 1417 1936 Πνεῦμα
1437 1902 1467 1927 οὐ
1485 1901 1519 1927 τὰ
1542 1902 1711 1935 χαρίσματα,
1729 1901 1798 1928 ἀλλὰ

1009 1947 1060 1981 τὴν
1069 1947 1216 1973 ὑπόστασιν
1225 1947 1330 1973 huist
1338 1945 1407 1973 εἶναι
1419 1947 1494 1982 δηλοῖ
1505 1947 1690 1982 ἑκπορεντῶς,
1701 1946 1797 1982 ὥσπερ

1009 1994 1057 2020 καὶ
1072 1993 1148 2028 παρὰ
1163 1993 1210 2020 τοῦ
1228 1993 1345 2029 Πατρός.

174 2043 233 2070 Non
251 2043 303 2070 erit
320 2042 401 2076 igitur
414 2041 480 2069 illud
498 2039 683 2076 ipsum,un
695 2039 776 2067 Pater
805 2040 896 2067 habet.
923 2039 993 2075 Ergo
1014 2041 1162 2068 diversum.
1189 2041 1243 2068 Sed
1272 2041 1433 2076 primarium
1457 2041 1622 2076 principiutn
1646 2040 1696 2068 soli
1722 2039 1797 2068 Patri

173 2089 344 2117 conceditur.
357 2089 444 2116 Habet
458 2088 551 2123 igitur,
568 2095 630 2114 cum
643 2088 764 2114 omnium
778 2093 954 2122 paternorum
975 2089 1110 2116 hunorum
1141 2089 1277 2123 particeps
1311 2088 1357 2121 sit,
1389 2088 1457 2115 illud
1480 2088 1552 2115 idem
1575 2088 1671 2120 Filius,
1686 2092 1715 2116 et
1740 2096 1796 2116 non

173 2138 323 2164 diversum.
352 2135 461 2163 Eli'undi
494 2136 587 2171 itaque
615 2143 630 2162 a
648 2135 717 2162 Filio
740 2135 872 2170 Spiritum
901 2143 955 2162 non
976 2136 1058 2170 dona,
1089 2136 1137 2164 sed
1152 2135 1320 2172 hypostasim
1336 2135 1399 2163 inde
1428 2143 1489 2164 esse
1503 2136 1607 2163 indicat
1623 2144 1672 2170 per
1685 2136 1796 2164 modum

174 2183 368 2218 processionis,
382 2182 611 2217 quemadmodum
637 2188 665 2210 et
680 2191 693 2209 ιι
711 2183 800 2210 Patre.

209 2233 236 2258 9.
252 2230 364 2264 Magnus
381 2235 492 2263 quoque
505 2228 620 2257 Basilius
635 2236 668 2256 ex
685 2229 740 2256 Deo
752 2229 884 2264 Spiritum
897 2237 957 2258 esse

1046 2228 1078 2256 θ’.
1100 2227 1132 2256 '0
1148 2228 1176 2255 δὲ
1195 2228 1282 2262 μέγας
1298 2226 1438 2259 Βασίλειος
1454 2228 1486 2254 τὸ
1504 2227 1553 2262 μιν
1570 2228 1602 2254 ἐκ
1618 2227 1665 2254 τοῦ
1682 2227 1750 2254 Θεοῦ
1765 2229 1797 2255 τὸ

175 2277 254 2311 plane
269 2280 417 2310 aperteque
430 2274 548 2302 asseruit
562 2283 568 2300 :
594 2274 745 2309 Apostolus,
760 2276 808 2307 ait.
827 2275 959 2308 Spiritum

174 2322 272 2351 dicens,
290 2319 334 2354 qui
349 2327 381 2346 ea;
403 2319 457 2345 Deo
472 2324 520 2352 est,
540 2324 563 2345 et
578 2327 625 2354 per
641 2318 744 2346 Filium
766 2328 896 2355 apparere
910 2329 959 2352 pu-

175 2368 230 2394 lum
249 2367 321 2401 facit,
342 2364 403 2392 Filii
426 2364 556 2400 Spiritum
575 2365 651 2392 illum
667 2366 818 2393 nominans.
835 2365 869 2393 Et
887 2367 960 2394 hunc

173 2420 284 2448 quoque
300 2411 333 2439 de
345 2411 514 2446 Spiritu,qui
525 2412 551 2438 in
562 2411 700 2446 ltypostasi
709 2416 760 2444 est,
767 2412 849 2439 verba
858 2412 958 2446 facere,

175 2459 240 2486 inde
254 2457 398 2485 manifesto
411 2456 560 2489 evincitur,
581 2456 654 2491 quod
675 2457 766 2484 nullus
778 2457 811 2484 ad
837 2458 889 2485 hoc
909 2458 959 2485 αινί

175 2512 207 2531 ex
225 2503 385 2531 doctoribus
412 2502 471 2529 Filii
495 2500 627 2536 Spiritum
649 2502 730 2532 dona.
746 2506 793 2529 aut
807 2503 841 2529 ad
857 2509 918 2534 nos,
933 2508 962 2530 et

177 2553 203 2578 in
234 2557 355 2585 tempore
377 2556 550 2584 progressum
576 2548 727 2576 secundum
743 2549 901 2584 appellavit.
919 2550 960 2576 Ab

175 2602 280 2624 aeterno
293 2596 367 2623 enim
381 2594 499 2628 Spiritus
529 2594 588 2621 Filii
605 2594 725 2628 Spiritus
735 2594 786 2622 est.
802 2594 961 2629 Propterea-

176 2651 230 2676 que
246 2643 338 2677 lingua
356 2649 468 2677 prorsus
483 2648 577 2671 aurea,
599 2640 711 2668 homilia
728 2641 762 2668 de
781 2640 883 2676 Spiritu
896 2649 961 2669 san-

177 2695 222 2716 cto
240 2699 246 2715 :
264 2689 365 2724 Ipsum,
381 2688 429 2721 ait,
446 2687 558 2722 intelligi
576 2686 691 2722 Spiritus
712 2688 885 2723 ltypostasim,
903 2696 961 2715 cum

177 2735 291 2769 Spiritus
307 2733 383 2765 Filii,
397 2733 437 2760 vel
452 2734 580 2764 veritatis.
599 2733 638 2760 vel
654 2733 750 2761 Christi
766 2734 872 2761 dicitur.
893 2734 961 2762 Illud

178 2785 310 2815 praeterea
344 2779 430 2814 magis
455 2786 487 2805 ac
502 2779 587 2814 magis
610 2779 806 2806 attendendum
820 2785 872 2813 est,
900 2780 961 2808 ideo

179 2825 312 2859 Spiritum
329 2825 390 2852 Filii
417 2824 451 2851 ab
479 2825 610 2859 Apostolo
631 2825 734 2852 dictum
750 2825 905 2852 divinorum
919 2834 962 2853 ar—

180 2877 310 2897 canorum
328 2871 463 2903 interpres
487 2870 595 2905 asserit,
609 2871 681 2905 quod
701 2878 748 2906 per
764 2870 864 2899 Filium
887 2879 960 2899 com-

1011 2274 1123 2309 Πνεῦμα
1146 2272 1218 2302 εἶναι
1241 2274 1347 2309 τρανῶς
1371 2273 1504 2309 ἐκήρυξεν
1519 2282 1525 2289 ·
1548 2273 1576 2300 ’0
1599 2274 1796 2306 Ἇπόστολος,

998 2321 1087 2358 Δφιιμτὶ,
1101 2319 1135 2347 τὸ
1147 2319 1270 2354 Πνεῦμα
1280 2320 1378 2355 λέγων
1389 2320 1421 2346 τὸ
1435 2320 1469 2346 ἐκ
1480 2319 1535 2346 τοῦ
1550 2319 1635 2352 Θεοῦ,
1650 2320 1699 2346 καὶ
1712 2322 1746 2346 τὸ
1759 2320 1798 2346 δι’

1015 2367 1083 2394 Tim";
1098 2365 1262 2401 πεφηνέναι
1278 2365 1375 2401 σαφὲς
1390 2366 1567 2400 πεποίηκεν,
1588 2366 1658 2393 Υιοῡ
1675 2367 1798 2399 Πνεῦμα

1012 2413 1165 2448 ὀνομάσας
1180 2413 1264 2439 αὐτό.
1281 2413 1342 2439 Ὀτι
1358 2413 1387 2440 δὲ
1402 2413 1465 2449 περὶ
1480 2412 1527 2439 τοῦ
1543 2413 1573 2438 ὲν
1588 2412 1735 2439 ὑποστάσει
1751 2414 1798 2439 καὶ

1011 2460 1088 2491 οὗτος
1101 2459 1175 2493 λέγει
1189 2459 1347 2493 Πνεύματος
1359 2459 1464 2485 ἐκεῖθεν
1475 2458 1564 2493 δῆλον,
1577 2459 1618 2485 ὅτι
1631 2458 1718 2489 οὐδείς
1732 2467 1798 2485 ποτε

1013 2506 1094 2541 μέχρι
1109 2506 1156 2532 καὶ
1170 2505 1290 2540 σήμερον
1305 2505 1359 2531 τῶν
1372 2505 1539 2531 διδασκάλων
1556 2503 1622 2530 Υἱοῦ
1638 2504 1750 2539 Πνεῦμα
1763 2505 1798 2530 τὰ

1012 2553 1182 2587 χαρίσματα,
1195 2552 1212 2586 ἢ
1227 2553 1276 2585 τὴν
1289 2551 1358 2584 πρὸς
1373 2551 1445 2586 ἡμᾶς
1460 2551 1507 2577 καὶ
1523 2551 1552 2576 ἑν
1566 2551 1653 2585 χρόνῳ
1667 2550 1798 2584 δευτέραν

1013 2599 1125 2633 πρόοδον
1143 2599 1262 2633 εἴρηκεν.
1281 2596 1402 2628 Δίωνίως
1420 2597 1474 2631 γὰρ
1492 2596 1522 2622 τὸ
1541 2596 1652 2631 Πνεῦμα
1685 2597 1798 2631 Πνεῦμα

1014 2644 1089 2670 Υἰοῦ.
1102 2644 1152 2669 Διὰ
1164 2643 1244 2669 τοῦτο
1257 2642 1305 2669 καὶ
1318 2643 1334 2677 ἡ
1349 2641 1505 2677 πάγχρυσος
1519 2641 1629 2676 γλῶσσα
1643 2642 1671 2667 ἐν
1684 2643 1716 2676 τῇ
1733 2643 1798 2676 περὶ.

1011 2690 1058 2717 τοῦ
1083 2689 1161 2723 ἁγίου
1187 2687 1345 2722 Πνιύματος
1370 2688 1474 2723 ὁμιλίᾳ,
1495 2688 1615 2722 Ἀὑτὴν,
1640 2688 1717 2723 φησὶ,
1743 2688 1798 2715 τοῦ

1012 2736 1184 2769 Πνεύματος
1215 2733 1382 2767 δηλοῦσθαι
1414 2735 1471 2768 τὴν
1500 2735 1693 2767 ὑπόστασιν,
1723 2735 1799 2762 ὅταν

1014 2780 1135 2815 Πνεῦμα
1159 2781 1239 2813 Υιοῦ,
1259 2781 1278 2814 ἢ
1298 2781 1451 2814 ἀληθείας.
1471 2780 1489 2814 ἣ
1511 2781 1641 2814 Χριστοῦ
1661 2781 1796 2815 λέγηται,

1019 2827 1130 2862 Ἐκιίνῳ
1146 2826 1174 2853 δὲ
1191 2828 1238 2854 καὶ
1255 2827 1325 2854 πάνυ
1343 2827 1522 2861 προσεκτέον,
1540 2827 1581 2853 ὅτι
1601 2827 1666 2853 Υἰοῦ
1685 2827 1798 2861 Πνεῦμα

1011 2873 1106 2900 τούτου
1123 2873 1202 2909 χάριν
1217 2873 1344 2908 εἰρῆσθαι
1360 2872 1398 2908 τῷ
1417 2873 1570 2908 Ἀποστὸλῳ
1581 2894 1587 2906 ,
1606 2875 1687 2908 φηαν
1704 2875 1716 2900 ὸ
1736 2873 1797 2900 θεο-
