1916 3057
186 124 239 154 787

782 137 945 168 GEORGII
965 139 1224 174 TR.\PE7.UNTII

1770 153 1827 186 7L8

186 183 295 217 poscis?
309 184 440 220 Proprias
452 187 543 223 itaque
561 189 680 226 Spiritus
696 194 758 223 Filii
774 201 826 228 est,
854 197 928 231 quod
944 203 972 226 ex

187 229 246 246 {nan
257 234 297 246 an.
321 231 403 246 ..Λ-..ε
419 237 443 246 ,ι
457 234 528 246 ω...]
540 243 610 246 A.-s,
686 239 692 245 -
884 244 890 246 .
910 244 915 246 .

1031 200 1144 234 Πνεῦμα
1160 202 1206 228 τοῦ
1227 202 1292 229 Υίοῦ
1303 223 1310 235 ,
1326 203 1366 230 ὅτι
1383 204 1412 236 ἐξ
1429 204 1512 232 αὑτιιῦ
1523 227 1530 238 ,
1546 206 1583 238 ὡς
1601 206 1647 234 καὶ
1666 209 1731 244 παρ’
1743 211 1831 246 ἡμῶν

187 229 246 263 ipso
257 234 309 262 est,
321 231 403 259 veluti
417 237 446 260 et
456 234 529 269 apud
540 243 590 264 nos
601 239 728 273 proprius
740 246 834 269 noster
849 229 974 278 spiritus.

184 275 252 302 Nam
265 276 286 302 si
301 284 334 304 ex
343 285 377 305 eo
390 286 444 306 non
459 285 544 314 esset,
566 290 656 318 neque
670 291 743 314 esset
761 275 889 323 proprius
902 298 910 324 ;
927 290 976 318 sed

185 321 315 355 proprius
324 328 377 356 est,
389 332 455 360 ergo
468 331 496 354 et
510 335 543 355 ex
560 328 629 363 ipso,
646 339 700 359 non
713 321 828 367 donum,
843 321 977 372 nonvope-

186 367 266 400 ratio,
300 369 348 418 sed
361 377 395 398 ex
411 371 511 400 Triade
524 375 750 412 unus.Apparuit
765 381 838 408 enim
853 390 886 410 ex
903 367 974 418 ipso,

184 413 405 463 ea-apparitione
418 417 452 445 ad
463 419 651 450 exsistentiam
667 423 778 458 ductus,
803 435 855 462 qua
881 413 929 463 per
945 413 976 458 se

183 458 359 504 subsisteret.
390 463 443 491 hoc
470 471 565 494 autem
591 473 634 496 est
659 458 821 504 procedere.
849 458 976 502 Procedit

185 503 270 540 igitur
279 511 307 534 et
320 515 355 535 ex
371 508 451 542 Filio.
471 512 529 540 sive
549 521 598 548 per
613 503 723 549 Filium,
739 519 974 552 quemadmodum

184 555 212 578 et
239 552 352 599 divinus
377 555 516 586 Maximus
542 561 642 594 tradit,
673 562 738 590 dum
765 565 831 599 quid
859 573 974 595 aureum

185 598 382 645 candelabrum
419 605 490 637 apud
531 605 692 635 Zachariam
725 611 886 645 prophetam
931 614 975 640 in-

184 643 254 674 nuit.
268 645 482 681 interpretatur:
501 651 571 679 Nam
583 652 700 688 Spiritus
708 643 826 690 sanctus,
839 659 889 691 ait,
903 660 975 687 uelu-

182 690 205 716 ti
222 697 320 719 natura
333 695 477 723 secundum
490 701 635 727 essentiam
646 705 685 728 est
704 701 753 730 Dei
764 708 789 730 et
804 690 906 738 Patris,
933 707 973 735 ita

183 740 209 762 et
223 736 287 765 Filii
300 741 605 783 secundumeuentiam
629 752 678 785 eu,
695 749 735 774 uti
747 758 762 775 α
780 748 861 778 Patre
887 736 974 780 essen-

170 783 287 827 ‘tialiler
309 793 358 820 per
381 786 484 816 Filium
513 792 632 825 genitum
655 783 831 823 inenarrabili
857 799 973 832 quodam

183 830 260 857 modo
279 833 435 865 procedens.
460 835 501 863 En
517 845 616 866 rursus
640 841 794 868 secundum
823 830 973 871 essentiam

181 884 242 904 esse
270 877 331 905 Filii
352 878 497 916 Spiritum,
531 891 563 911 ex
590 892 624 913 eo
651 887 801 920 procedere
829 896 972 918 common~
989 898 1012 927 Β

181 928 297 953 stratur.

218 971 262 997 Η.
280 971 359 1004 Quod
371 973 394 1000 si
408 975 495 1008 dicas,
508 977 693 1006 essentialiter
708 979 743 1007 ab
758 987 792 1008 eo
802 981 922 1015 dictum,
944 987 975 1010 ut

181 1023 214 1043 ex
223 1018 343 1045 essentia
355 1019 430 1047 illum
446 1020 506 1049 Filii
519 1030 580 1051 esse
592 1024 771 1059 signiﬁcaret,
785 1028 895 1056 tolleret
907 1037 975 1058 vero

181 1069 214 1088 cx
227 1062 379 1097 hypostasi,
392 1066 466 1100 quod
481 1075 515 1095 ex
528 1068 632 1097 Graecis
643 1072 769 1099 nonnulli
785 1073 972 1108 suspicantur,

181 1113 210 1136 et
222 1109 345 1138 eamdem
371 1111 435 1140 inde
450 1119 577 1142 naturam
596 1118 686 1145 notari
715 1120 898 1152 contendunt,
918 1130 973 1149 non

181 1156 457 1192 comprehendentes,
468 1160 490 1187 si
503 1160 555 1189 hoc
563 1163 774 1197 concederetur,
785 1166 894 1194 Patrem
907 1175 974 1202 quo-

181 1209 235 1235 que
248 1209 282 1230 ex
301 1205 423 1232 essentia
442 1205 562 1241 Spiritus
578 1216 640 1237 esse
670 1210 713 1245 pie
730 1211 879 1240 admodum
907 1214 972 1248 dici,

181 1254 264 1281 quam
273 1256 368 1277 vocem
381 1258 464 1279 nemo
476 1252 510 1280 ad
523 1253 596 1281 hunc
607 1255 680 1282 diem
694 1256 778 1284 misit.
794 1257 826 1285 Et
835 1257 972 1293 fraudem,

181 1301 242 1327 (lilii!
256 1294 284 1321 in
301 1295 375 1323 dicto
390 1297 466 1329 latet,
480 1298 555 1327 facili
572 1302 684 1336 negotio
699 1302 901 1338 deprehendes.
919 1305 974 1332 Ab-

182 1338 344 1385 surdissime
361 1348 480 1377 namque
510 1344 674 1380 loqueretur
701 1348 838 1383 sapientia
857 1351 974 1385 praecla-

181 1384 306 1414 rissimus
319 1386 463 1421 Maximus,
478 1390 502 1418 si
518 1399 551 1418 el
568 1393 665 1421 eodem
682 1393 755 1422 idem
770 1384 974 1425 commonstra-

180 1433 480 1466 ret;quemadmodum
510 1437 532 1464 si
558 1439 621 1473 quis
646 1440 728 1467 vellet
755 1442 901 1471 ostendere
929 1451 973 1472 es-

180 1479 298 1506 sentiam
319 1489 380 1510 esse
417 1483 569 1517 hominem.
596 1486 622 1514 id
653 1487 758 1516 diceret
786 1496 848 1517 esse
874 1491 971 1525 :quod

178 1527 298 1554 essentia
317 1528 400 1556 homo
413 1534 467 1557 est.
485 1531 595 1559 Etenim
622 1533 644 1560 si
658 1533 732 1568 quod
749 1535 901 1563 secundum
926 1543 972 1564 es-

1029 247 1058 273 τὸ
1080 248 1146 274 ίδιον
1167 249 1246 284 ἡμῶν
1269 249 1387 285 πνεῦμα.
1408 251 1438 277 El
1459 251 1514 287 γὰρ
1537 254 1575 288 μὴ
1597 254 1627 286 ἐξ
1648 255 1742 288 αὐτοῦ,
1761 257 1825 283 οόδὲ

1030 292 1095 320 ἴδιον
1107 302 1114 309 ⁸
1131 294 1189 321 ἀλλ’
1200 295 1265 322 [διον
1278 304 1285 312 '
1302 295 1331 329 ἐξ
1347 297 1429 324 αὑτοῦ
1444 297 1509 333 ἄρα,
1526 299 1556 325 οὑ
1573 300 1664 335 χάρις,
1682 303 1732 328 οὐκ
1747 304 1826 339 ἐνέρ-

1028 349 1107 376 γεια,
1126 341 1208 369 ἀλλ’6
1223 343 1274 378 τῆς
1291 343 1406 377 Τριάδος
1424 343 1475 376 εἷςε
1493 346 1600 381 Πέφηνε
1618 348 1673 383 γὰρ
1691 350 1720 382 ἐξ
1738 351 1824 378 αὑτοῦ

1028 388 1089 414 κατ’
1103 388 1235 422 ἔκφανσιν
1251 390 1299 426 τὴν
1315 391 1353 422 εἰς
1370 392 1400 417 τὸ
1418 390 1487 418 εἶναι
1505 393 1567 420 καθ’
1580 395 1673 422 ἑαυτό.
1691 396 1777 423 Τοῦτο
1793 398 1824 424 δέ
1859 417 1861 419 ι

1028 434 1085 461 ἐστι
1097 435 1126 461 τὺ
1140 436 1348 471 ἐκπορεύεσθαι.
1363 437 1557 473 Ἐκπορεύεται
1572 441 1625 476 ἄρα
1639 443 1686 468 καὶ
1700 443 1730 474 ἐξ
1742 443 1823 477 Υίοῦ,

1027 479 1087 514 ἦτοι
1106 481 1141 507 δι’
1153 481 1238 514 Υίοῦ,
1257 482 1296 515 ὡς
1316 484 1364 509 καὶ
1382 485 1395 510 ό
1412 484 1484 517 θεῖός
1501 495 1567 521 φησι
1585 487 1713 523 Μάξιμος
1734 491 1763 516 ἐν
1780 488 1824 522 οἷς

1027 526 1187 561 ἑρμηνεύει,
1199 529 1225 555 τί
1239 529 1364 563 βούλεται
1374 531 1413 566 τῷ
1428 533 1553 568 προφήτῃ
1566 534 1688 570 Ζαχαρία
1702 535 1718 570 ἡ
1731 538 1821 572 χρυσῆ

1027 572 1131 608 λυχνία.
1155 576 1191 601 Τὸ
1213 576 1268 611 γὰρ
1289 577 1410 612 Πνεῦμα
1430 579 1463 606 τὸ
1483 580 1580 614 ἅγιον,
1603 582 1697 618 φησὶν,
1717 583 1824 619 ὥσπερ

1026 621 1117 654 φύσει
1132 622 1316 650 κατόὐσίαν
1328 624 1457 660 ὑπάρχει
1470 626 1524 653 τοῦ
1539 627 1613 654 Θεοῦ
1628 629 1676 655 καί
1692 630 1820 663 Πατρός,

1026 666 1104 693 οὔτω
1120 667 1169 694 καί
1184 668 1239 695 τοῦ
1256 670 1324 697 Υίοῦ
1341 672 1407 697 κατ’
1419 673 1531 698 οὐσίαν
1546 674 1642 707 ἐστὶν,
1658 674 1699 708 ὡς
1715 675 1748 702 ἐκ
1765 676 1820 702 τοῦ

1026 712 1142 746 Πατρός
1167 715 1320 748 οὑσιωδῶς
1345 716 1383 744 δι’
1401 718 1469 745 Υίοῦ
1496 721 1695 754 γεννηθέντος
1721 723 1819 757 ἀξορά-

1026 766 1107 791 στως
1130 759 1379 796 ἐκπορευόμενον.
1400 764 1466 791 Ἰδοὺ
1490 766 1571 792 πάλιν
1594 767 1625 793 τὸ
1647 768 1709 793 κατ’
1723 770 1819 795 obuiam

1026 801 1096 831 εἶναι
1121 805 1186 832 Υίοῦ
1208 807 1238 833 τὸ
1263 808 1374 843 Πνεῦμα
1398 810 1437 844 τῷ
1459 811 1592 839 διἀὑτοῦ
1617 814 1818 850 ἐκπορεύεσθαι

1026 850 1175 878 δείκνυται.

1061 986 1106 1010 ια’.
1134 985 1165 1012 Εἰ
1187 985 1214 1012 δὲ
1240 986 1330 1022 λόγοις
1350 988 1380 1014 τὸ
1404 989 1540 1021 οὑσιωδῶς
1572 991 1647 1027 αὐτῷ
1673 992 1819 1029 είρῆσθαι,

1025 1028 1069 1056 τνα
1087 1029 1116 1056 τὸ
1132 1031 1182 1064 μὲν
1193 1032 1226 1058 ἐκ
1239 1033 1288 1067 τῆς
1306 1034 1402 1065 οὐσίας
1416 1034 1487 1062 εἷναι
1503 1036 1550 1063 τοῦ
1569 1037 1634 1064 Υῑοῦ
1649 1028 1769 1075 δηλώσῃ,
1785 1040 1819 1066 τὸ

1025 1075 1053 1101 δὲ
1068 1076 1100 1102 ἐκ
1115 1077 1164 1111 τῆς
1181 1078 1359 1111 ὑποστάσεως
1376 1081 1523 1117 άναιρήσῃ,
1541 1083 1555 1109 ὃ
1574 1092 1648 1116 τινες
1661 1085 1716 1111 τῶν
1734 1085 1819 1120 Γραι-

1025 1121 1082 1147 κῶν
1101 1121 1283 1158 ὑπειλήφασι,
1299 1126 1346 1151 καὶ
1363 1126 1394 1152 τὸ
1412 1127 1557 1161 όμτιούσιον
1578 1129 1704 1156 ἐντεῦθεν
1719 1131 1817 1165 δηλοῦ-

1026 1167 1088 1193 σθαι
1115 1167 1235 1202 θέλουσι,
1265 1170 1302 1205 μὴ
1327 1171 1495 1206 συνορῶντες
1511 1172 1549 1204 ὡς
1575 1173 1671 1201 τούτου
1691 1175 1818 1208 δοθέντος

1024 1214 1073 1240 καὶ
1086 1213 1101 1240 ό
1118 1215 1215 1250 Πατὴρ
1230 1217 1263 1243 ὲκ
1282 1217 1332 1252 τῆς
1356 1217 1451 1251 οὐσίας
1470 1219 1517 1246 τοῦ
1535 1219 1695 1255 Πνεύματος
1713 1221 1819 1255 ἐλέγετ’

1025 1259 1059 1287 ἃν
1078 1261 1209 1294 εὐσεϐῶς,
1226 1262 1295 1298 ὅπερ
1316 1263 1405 1290 οὐδενὶ
1423 1264 1558 1299 λέλεκται,
1576 1267 1668 1302 ῥᾴδιον
1685 1268 1751 1294 ίδεῖν
1767 1267 1817 1303 τὴν

1024 1306 1210 1335 λανθάνουσαν
1222 1308 1262 1343 τῷ
1279 1309 1350 1345 λόγῳ
1373 1311 1493 1345 ἀπάτην.
1512 1312 1700 1345 Ἀτοπώτατος
1712 1313 1766 1349 γὰρ
1779 1312 1817 1350 ἦν

1025 1352 1039 1378 ό
1054 1353 1136 1387 σοφὸς
1153 1354 1186 1380 τὰ
1201 1354 1292 1380 πάντα
1317 1355 1455 1389 Μάξιμος,
1477 1357 1501 1383 εί
1524 1357 1555 1384 ἐκ
1573 1357 1620 1384 τοῦ
1637 1358 1722 1385 αὐτοῦ
1746 1359 1817 1386 ἐδεί-

1025 1405 1089 1423 κνυε
1104 1397 1134 1424 τὺ
1149 1397 1215 1424 αὑτό
1226 1406 1233 1413 ·
1248 1398 1346 1434 ὥσπερ
1360 1400 1393 1426 ἂν
1407 1400 1436 1426 ετ
1446 1408 1489 1430 τις
1502 1400 1602 1428 ἐθέλων
1619 1401 1705 1435 δεῖξαι
1720 1403 1817 1431 οὐσίαν

1025 1439 1095 1479 εἶναι
1109 1442 1154 1469 τὸν
1168 1443 1323 1479 ἄνθρωπον,
1337 1444 1411 1471 τοῦτ’
1427 1445 1521 1479 ἔλεγεν
1542 1443 1614 1474 εἶναι
1625 1456 1632 1463 -
1651 1447 1718 1474 διότι
1735 1448 1816 1475 οὑσία

1024 1488 1039 1514 ό
1050 1487 1192 1523 ἄνθρωπός
1212 1490 1298 1517 ἐστιν.
1315 1490 1345 1517 Et
1356 1491 1411 1526 γὰρ
1427 1491 1489 1518 κατ’
1496 1493 1593 1519 οὐσίαν
1602 1491 1673 1520 εἶναι
1685 1494 1732 1520 τοῦ
1748 1495 1815 1522 Υίοῦ

1025 1534 1056 1560 τι
1069 1533 1181 1570 Πνεῦμα
1206 1535 1302 1562 τούτου
1319 1536 1400 1572 χάριν
1416 1537 1551 1572 βούλεται,
1570 1539 1613 1565 ὅτι
1628 1539 1766 1572 οὺσιωδῶς
1786 1541 1817 1573 ἐξ

178 1573 296 1600 sentiam
309 1574 371 1602 Filii
389 1575 509 1610 Spiritus
535 1582 586 1611 est,
608 1578 671 1606 ideo
684 1581 829 1608 contendit
876 1589 972 1610 essen-

1025 1581 1120 1613 αὑτοῦ,
1135 1582 1196 1615 ἦτοι
1209 1583 1259 1617 τῆς
1270 1584 1367 1615 οὐσίας
1387 1585 1484 1617 αὑτοῦ,
1507 1586 1544 1617 ὼς
1568 1586 1643 1614 δοχιί
1657 1590 1713 1619 τοῖς
1731 1589 1817 1623 Γραι-

179 1618 283 1647 tiaiiter
303 1628 363 1648 esse
376 1629 410 1648 ex
423 1629 468 1654 eo,
483 1622 541 1650 sive
557 1631 591 1651 ex
604 1625 726 1652 essentia
740 1626 825 1660 illius,
842 1627 973 1656 utAGraeci

179 1664 338 1699 opinantur,
351 1666 431 1701 plane
446 1667 617 1696 deridiculus
630 1675 702 1698 esset
728 1678 830 1706 sermo,
851 1673 918 1700 nihil
929 1679 974 1700 os-

180 1712 296 1739 tendens
315 1713 438 1747 ejusdem
459 1715 586 1742 assentire
603 1716 664 1744 Filii
686 1717 819 1752 Spiritum
836 1718 899 1746 ideo
913 1726 975 1747 esse

136 1788 142 1794 ,
179 1758 286 1792 dicens,
300 1758 373 1794 quod
383 1760 506 1794 ejusdem
517 1762 644 1789 essentiae
655 1763 828 1791 est.Videsne
840 1764 971 1792 ridicula-

179 1807 235 1834 rias
248 1805 408 1834 Graecorum
426 1809 693 1843 argumentationes,
713 1817 768 1844 quo
787 1818 848 1838 sese
860 1816 945 1846 agunt
961 1811 972 1838 *ί

179 1853 330 1880 Considera
346 1859 478 1888 praeterea
491 1854 674 1889 impietatem.
690 1856 831 1892 Quidquid
859 1865 975 1892 genera—

179 1905 233 1933 tnr,
253 1901 432 1936 prooeditque
447 1901 473 1928 in
484 1901 683 1935 exsistentiam,
697 1908 745 1930 aut
760 1908 804 1930 est
817 1911 851 1930 ex
888 1904 974 1939 hypo-

180 1947 247 1974 stasi
263 1952 367 1974 tantum
380 1955 432 1982 qua
452 1947 606 1983 hypostasis
616 1953 668 1981 est,
686 1953 734 1976 aut
760 1957 793 1976 ex
809 1951 930 1978 essentia
944 1955 971 1979 et

180 2000 278 2022 natura
293 1999 409 2028 tantum,
440 2000 470 2022 et
489 1996 593 2031 absque
619 1996 760 2032 hypostasi
783 1998 969 2032 considerata,

179 2045 227 2068 aut
246 2049 279 2069 ex
298 2046 415 2076 utraque
428 2049 460 2068 ex
476 2046 574 2069 natura
589 2042 697 2070 scilicet
713 2048 762 2070 aut
775 2044 895 2071 essentia
911 2052 972 2079 qua:

180 2090 207 2116 iu
225 2089 365 2123 hypostasi
378 2094 431 2122 est,
445 2093 473 2116 et
487 2089 513 2115 in
529 2089 670 2124 hypostasi
686 2090 854 2124 concipitur.
868 2090 973 2119 Secun-

179 2136 244 2163 dum
255 2143 345 2170 neque
359 2135 446 2163 Graeci
459 2135 510 2170 ipsi
526 2135 663 2168 dixerint;
677 2143 797 2171 namque
808 2136 968 2171 absurdum,

179 2186 210 2208 ut
222 2181 341 2214 videtur,
357 2180 519 2207 existimant
545 2181 619 2216 quod
643 2181 707 2208 inde
722 2182 848 2216 sequitur
870 2191 878 2209 :
894 2183 971 2218 ejus-

180 2228 241 2255 dem
256 2227 391 2262 siquidem
402 2231 506 2254 naturre
521 2226 642 2255 Trinitas
653 2228 883 2259 confunderetur,
901 2229 971 2256 adeo

180 2277 211 2298 ut
224 2279 257 2299 ex
274 2271 362 2299 tribus
379 2271 607 2307 unumquodque,
625 2277 653 2300 et
662 2280 695 2299 ex
710 2273 802 2308 seipse
817 2278 845 2301 et
859 2281 893 2300 ex
909 2274 971 2302 aliis

179 2319 262 2350 esset,
277 2321 477 2351 proptereaque
500 2324 534 2344 ex
550 2318 701 2352 liypostasi,
730 2326 785 2353 qua
810 2319 968 2355 hypostasis

177 2366 230 2396 est,
246 2363 407 2390 existimant
421 2371 492 2397 esse,
509 2368 537 2390 et
552 2363 624 2398 quod
640 2364 775 2398 procedit,
791 2370 821 2392 et
834 2366 911 2400 quod
923 2373 970 2401 ge-

177 2415 302 2438 neratur.
317 2409 380 2438 Heu’
391 2411 547 2438 vesaniam!
562 2410 670 2439 Etenim
688 2411 711 2439 si
732 2412 899 2446 hypostasis,
916 2420 970 2447 qua

179 2453 332 2490 hypostasis
345 2459 396 2489 est,
409 2459 533 2491 generat,
551 2460 634 2491 atque
650 2455 788 2490 producit,
808 2456 861 2484 erit
872 2464 905 2484 ex
921 2457 971 2492 hy-

178 2501 280 2536 postasi
298 2501 454 2537 hypostasis
466 2502 618 2530 secundum
635 2503 721 2536 idem,
739 2504 835 2538 sicque
851 2503 909 2531 haec
923 2512 972 2531 na-

179 2553 248 2575 turae
263 2555 318 2575 non
329 2548 442 2582 fuerint,
460 2549 510 2576 sed
530 2549 697 2585 hypostasis.
716 2550 795 2584 Quod
809 2551 832 2578 si
847 2559 971 2580 commu-

179 2602 229 2622 nes
242 2595 463 2623 Cliristianorum
475 2597 637 2630 sententias,
652 2602 681 2624 et
691 2597 833 2625 doctorum
846 2599 970 2626 omnium

179 2641 252 2668 dicta
265 2648 338 2669 recte
363 2643 535 2676 consideres,
555 2651 702 2678 rerumque
719 2644 805 2678 ipsam
832 2650 969 2677 naturam,

180 2687 253 2715 haud
271 2688 330 2716 ﬁeri
346 2697 426 2724 posse
437 2689 588 2724 judicatur,
609 2689 749 2724 utcuique
769 2695 855 2725 patet.
881 2691 969 2724 Dices,

180 2742 213 2760 ex
229 2734 368 2769 hypostasi
399 2735 488 2763 Patris
502 2735 601 2763 Filium
627 2736 764 2771 generari,
778 2738 863 2764 certis
878 2738 972 2765 verbis

182 2783 330 2814 reperitur.
347 2783 407 2817 Ipse
419 2791 531 2818 quoque
545 2783 616 2811 addo
629 2789 656 2811 et
673 2791 707 2811 ex
723 2789 822 2811 natura
839 2789 867 2812 et
881 2791 914 2812 ex
928 2792 971 2812 es-

182 2828 270 2854 sentia
300 2837 381 2862 esse,
401 2834 428 2855 et
459 2830 622 2857 naturaliter
641 2831 705 2858 inde
736 2830 861 2865 generari
885 2831 972 2858 multo

183 2872 296 2901 uberius
310 2882 438 2909 expresse
450 2875 578 2903 inveniri.
593 2876 670 2909 Quod
683 2876 706 2905 si
722 2884 755 2905 ex
771 2877 909 2913 hypostasi
925 2885 970 2905 ua-

1028 1629 1098 1660 κοίς,
1116 1629 1220 1663 γελοῖος
1231 1630 1264 1657 ἂν
1276 1628 1312 1665 ἦν
1323 1632 1338 1657 ό
1351 1630 1430 1665 λόγος
1440 1632 1516 1658 οὐδὲν
1529 1632 1670 1666 δεικνύων,
1685 1634 1755 1660 ἀλλὰ
1766 1634 1816 1669 τῆς

1026 1674 1110 1709 αὐτῆς
1127 1675 1222 1708 οὑσίας
1236 1675 1283 1703 τοῦ
1301 1676 1367 1704 Υίοῦ
1390 1678 1421 1704 τὸ
1437 1678 1549 1713 Πνεῦμα
1564 1679 1661 1706 τούτου
1674 1681 1757 1707 ἓνεκα
1773 1681 1818 1708 λέ-

1025 1727 1093 1754 γων,
1107 1720 1148 1747 ὅτι
1162 1722 1212 1755 τῆς
1229 1721 1315 1757 αὑτῆς
1336 1723 1442 1755 οὐσίας.
1467 1723 1581 1755 Βλέπεις
1594 1725 1644 1756 τὰς
1661 1725 1816 1759 γελοιώδεις

1026 1765 1080 1792 τῶν
1108 1766 1234 1801 Γραικῶν
1256 1768 1459 1804 ὲπενθυμήσεις
1485 1770 1532 1796 ποί
1548 1769 1695 1805 φέρονταις
1716 1771 1816 1798 Σκόπει

1025 1812 1073 1839 καὶ
1086 1813 1136 1847 τὴν
1146 1813 1286 1841 ἀσέόειαν.
1301 1814 1338 1841 Τὸ
1349 1815 1522 1850 γεννώμενον
1536 1818 1590 1843 πᾶν
1605 1817 1653 1844 καὶ
1667 1817 1817 1851 ἐκπορευό-

1027 1866 1108 1892 μενον
1122 1859 1163 1890 εἰς
1179 1858 1307 1894 ὓπαρξιν,
1320 1858 1336 1894 ἢ
1349 1861 1382 1886 ὲκ
1395 1857 1444 1894 τῆς
1457 1860 1632 1892 ὑποστάσεως
1648 1861 1730 1895 μόνον
1740 1861 1814 1888 καθὰ

1026 1904 1186 1937 ὑπόστασις,
1203 1905 1219 1940 ἢ
1248 1906 1279 1931 ὲκ
1297 1905 1346 1940 τῆς
1364 1905 1458 1937 οὐσίας
1480 1905 1527 1932 καὶ
1552 1905 1671 1940 φύσεως,
1734 1907 1815 1934 τοῦτο

1029 1950 1108 1984 μόνον
1127 1951 1174 1977 καὶ
1191 1951 1241 1986 οὐχ
1260 1951 1421 1984 ὑπόστασις,
1436 1951 1452 1983 ἢ
1470 1951 1532 1978 κατ’
1547 1952 1703 1987 ἀμφότερον
1716 1953 1749 1979 ἐκ
1764 1953 1815 1987 τῆς

1026 1996 1212 2024 ἑνυποστάτου
1239 1998 1357 2031 φύσεως,
1375 1997 1436 2032 ἦτοι
1459 1997 1509 2032 τῆς
1528 1997 1557 2023 ἐν
1573 1997 1724 2024 ὑποστάσει
1749 1998 1816 2025 Θεω-

1026 2043 1162 2078 ρουμένης
1173 2043 1279 2076 οὐσίας,
1291 2042 1361 2071 ἀλλὰ
1372 2043 1403 2069 τὸ
1416 2043 1544 2079 δεύτερον
1558 2043 1620 2070 οὐδὲ
1641 2044 1755 2079 Γραικοὶ
1770 2045 1817 2072 λέ-

1025 2097 1130 2124 γουσιγ.
1150 2089 1270 2116 Ἄτοπον
1284 2089 1350 2124 γὰρ,
1370 2090 1408 2121 ὡς
1429 2089 1530 2122 ἔοικεν,
1552 2090 1654 2117 οἴονται
1669 2090 1699 2117 τὺ
1714 2091 1816 2125 ὲπόμε-
1827 2103 1837 2108 ~

1024 2145 1082 2169 νον,
1093 2137 1134 2163 ὅτι
1155 2136 1205 2171 τῆς
1220 2136 1306 2172 αὐτῆς
1324 2137 1340 2172 ή
1365 2136 1451 2171 Τριὰς
1466 2134 1535 2163 οὖσα
1549 2137 1658 2170 φύσεως
1674 2137 1816 2172 συγχυθή-

1026 2190 1113 2216 σεται,
1128 2182 1200 2209 ὥστε
1214 2182 1271 2210 τῶν
1284 2182 1370 2218 τριῶν
1397 2183 1515 2209 ἕκαστον
1539 2184 1585 2210 καὶ
1599 2184 1628 2217 ἐξ
1652 2183 1751 2210 ἑαυτοῦ
1769 2184 1816 2210 καὶ

1025 2230 1058 2256 ἐκ
1073 2229 1127 2256 τῶν
1145 2229 1248 2256 λοιπῶν
1266 2229 1339 2265 ἔχειν
1352 2229 1384 2256 τὸ
1400 2227 1482 2262 εἷναι,
1501 2230 1549 2256 καὶ
1564 2229 1609 2256 διὰ
1626 2229 1706 2256 τοῦτο
1717 2230 1750 2256 ἐκ
1766 2230 1816 2264 τῆς

1024 2265 1210 2307 ὑποστάσεως,
1272 2276 1433 2308 ὑπόστασις,
1457 2275 1598 2310 νομίζουσι
1614 2276 1644 2302 τὺ
1666 2275 1817 2311 ἐκπορευό-

1024 2330 1104 2356 μενον
1127 2322 1174 2349 καὶ
1197 2323 1380 2357 γεννώμενον.
1401 2322 1433 2348 Ὢ
1461 2323 1510 2357 τῆς
1536 2322 1647 2354 άνοίαςί
1677 2322 1708 2348 El
1727 2323 1779 2358 γάρ
1798 2323 1815 2358 ἠ
1865 2330 1867 2336 ·

1023 2368 1173 2399 ὑπόστασις
1188 2369 1271 2404 γεννᾷ
1285 2369 1333 2395 καὶ
1353 2368 1512 2404 προϐάλλει,
1558 2369 1720 2402 ὑπόστασις,
1738 2368 1816 2396 ἔσται

1023 2415 1054 2441 ἐκ
1070 2414 1119 2448 τῆς
1136 2415 1315 2446 ὑποστάσεως
1329 2415 1478 2445 ὑπόστασις
1496 2414 1557 2441 καθ’
1573 2415 1651 2447 αὐτὸ,
1666 2416 1713 2441 καὶ
1727 2415 1816 2447 οὕτως

1022 2461 1073 2488 οὐκ
1088 2461 1167 2488 ἔσται
1184 2461 1292 2495 φύσεως
1317 2461 1416 2492 ταῦτα,
1441 2460 1500 2487 ἀλλ’
1522 2461 1721 2493 ὑποστάσεως·
1746 2462 1816 2497 ὅπερ

1023 2509 1071 2534 καὶ
1089 2509 1151 2539 ταῖς
1169 2509 1273 2539 κοιναῖς
1294 2507 1347 2534 τῶν
1363 2507 1537 2542 Χριστιανῶν
1552 2509 1678 2539 ἐννοίαις,
1699 2509 1816 2539 καὶτοῖς

1023 2554 1196 2585 διδασκάλοις
1214 2553 1293 2585 πᾶσι,
1308 2552 1356 2579 καὶ
1371 2553 1440 2587 αὐτῇ
1456 2553 1489 2587 τῇ
1510 2552 1564 2578 τῶν
1579 2552 1752 2586 πραγμάτων
1765 2552 1817 2587 φύ-

1025 2607 1076 2631 σει,
1097 2599 1231 2626 ἀδύνατον
1246 2596 1317 2625 εἶναι
1334 2598 1417 2625 παντί
1433 2607 1484 2624 που
1500 2598 1594 2632 δῆλον.
1616 2597 1697 2624 Ἀλλὰ
1714 2597 1816 2633 φήσαις

1025 2646 1068 2678 ἂν,
1081 2647 1124 2673 ὅτι
1138 2647 1169 2672 ἐκ
1180 2645 1229 2680 τῆς
1241 2645 1417 2676 ὑποστάσεως
1432 2644 1480 2671 τοῦ
1494 2645 1599 2680 [ἰατρὸς
1611 2644 1759 2678 γεννᾶσθαι
1772 2644 1818 2670 τὸν

1026 2693 1090 2719 Υίὸν
1107 2693 1198 2728 ῥητῶς
1214 2692 1340 2727 εὕρηται.
1362 2691 1433 2726 Ἐγὼ
1448 2692 1476 2718 δέ
1493 2699 1534 2719 σοι
1557 2692 1639 2725 λέγω,
1659 2691 1700 2718 ὅτι
1715 2691 1763 2718 καὶ
1785 2692 1817 2717 ἐκ

1024 2740 1074 2774 τῆς
1089 2738 1198 2773 φύσεως
1213 2740 1260 2765 καὶ
1285 2739 1380 2769 οὐσίας
1396 2736 1477 2772 εἶναι,
1505 2739 1552 2765 καὶ
1567 2738 1687 2772 φυσικῶς
1712 2737 1816 2764 ἐκεῖθεν

1025 2784 1183 2818 γεννᾶσθαι,
1203 2783 1293 2818 πολλῷ
1316 2783 1415 2819 μᾶλλον
1433 2782 1524 2818 ῥηιτῶς
1548 2782 1673 2817 εὕρηται.
1695 2782 1725 2808 El
1746 2781 1768 2807 δ’
1786 2783 1818 2807 ἐκ

1023 2829 1073 2864 τῆς
1092 2828 1270 2859 ὑποστάσεως
1293 2828 1402 2863 εἴρηται
1418 2827 1553 2861 φυσικῶς,
1585 2827 1695 2856 πάντως
1719 2827 1752 2852 ὲκ
1768 2828 1817 2860 τῆς

1024 2875 1208 2904 ἑννποστάτου
1226 2875 1331 2908 οὐσίας.
1348 2874 1409 2907 Πῶς
1421 2874 1448 2901 δὲ
1465 2874 1510 2911 καὶ
1526 2874 1639 2909 νοήσαις
1653 2873 1813 2906 ὑπόστασιν,
