1916 3057
179 145 226 177 7i

180 212 230 238 pru
241 211 270 231 re
287 203 427 239 proposita
443 203 615 231 declaretur:
636 208 692 231 tum
707 203 837 238 deinceps
852 203 879 231 si
901 203 966 238 quid
986 205 1006 232 Α

178 254 273 275 contra
293 248 415 276 occurrit
429 249 502 276 dicto
516 249 571 276 divi
581 248 675 284 Cyrilli
688 258 769 284 supra
785 250 911 280 recitato,
931 249 972 277 uti

179 294 306 326 addecet,
336 294 481 322 refutetur.
517 295 570 322 Per
601 296 758 330 praepositio
783 303 973 330 szvpenumero

180 340 313 373 medium,
330 341 403 375 quod
424 341 451 368 in
476 341 536 369 loco
552 349 606 374 est,
618 342 763 377 signiﬁcat,
780 343 864 370 veluti
878 343 900 370 si
911 343 973 378 quis

178 387 305 414 diceret:
322 386 373 414 Per
382 386 529 422 Corcyram
541 388 567 415 in
580 388 698 416 insulam
710 388 817 416 Cretam
827 389 972 417 advectum

178 440 257 466 esse;
276 439 348 468 saipe
360 434 442 460 etiam
459 434 682 463 instrumentale.
699 436 753 464 Sed
771 436 836 471 quid
850 444 919 472 opus
929 441 973 464 est

179 479 216 506 illi
229 479 329 506 similia
345 487 490 508 recensere
514 481 562 515 qui
583 482 735 509 naturalem
759 483 918 510 relationem
931 488 973 510 at-

178 532 232 559 que
248 525 444 553 mediationem
455 526 603 562 aliquando
618 535 678 555 eam
693 528 864 563 signiﬁcare,
880 535 973 557 osten-

179 571 244 599 dere
259 573 396 600 cenatur?
409 574 465 608 Age
481 574 574 609 igitur,
591 582 653 602 cum
671 575 807 602 dicimus:
827 575 868 603 Ex
881 576 972 604 radice

179 627 228 653 per
252 627 360 646 ramum
374 619 492 654 fructus,
505 628 597 648 annon
613 626 710 648 natura
733 622 852 650 fructum
878 631 911 651 ex
929 631 974 650 ra-

181 672 226 691 mo
242 665 381 693 dicimus?
403 666 436 694 Et
458 673 578 701 quonam
597 668 652 695 alio
667 675 749 696 sensu
781 669 973 704 intelligetur?

183 710 252 738 Tum
268 711 361 743 etiam,
376 720 425 747 per
435 713 542 740 radium
557 721 590 740 ex
605 713 664 740 sole
679 714 783 747 lumen,
796 722 889 742 nonne
904 715 971 743 illud

180 764 213 784 ex
230 757 307 785 radio
318 764 416 786 natura
429 766 490 786 esse
498 759 635 787 dicimus?
646 760 698 788 Sed
710 768 763 787 non
776 761 830 788 fuit
839 767 970 796 unquam,

180 810 270 838 neque
285 804 339 832 erit
351 804 446 832 radius
457 805 517 833 sine
532 805 646 833 lumine.
662 806 739 839 Quod
752 807 775 834 si
789 806 846 835 ﬂeri
865 808 970 843 nequit,

182 853 211 876 ut
228 850 323 878 radius
338 851 375 878 sit
395 851 501 886 absque
513 852 629 884 lumine.
645 860 734 887 neque
747 854 801 881 erit
816 854 910 882 lumen
923 863 970 883 so-

181 897 238 923 lare
249 897 353 932 absque
369 898 457 931 radio,
474 899 556 925 sicuti
570 906 620 926 nec
636 899 754 934 Spiritus
767 900 871 936 absque
890 901 970 935 Filio,

182 947 279 971 natura
292 943 375 979 igitur
389 950 416 972 et
430 953 486 972 non
497 946 660 981 adjectione,
675 952 722 974 aut
736 955 805 974 nova
817 948 969 976 additione.

183 990 308 1016 Ascititia
327 991 401 1017 enim
417 991 509 1018 omnia
529 997 605 1023 sunt,
623 1000 683 1027 quin
699 999 754 1020 non
767 998 832 1021 sunt
858 999 971 1022 natura-

182 1036 228 1062 lia.
245 1035 298 1062 Per
311 1035 418 1063 radium
434 1037 538 1070 lumen,
553 1043 580 1065 et
599 1039 718 1074 Spiritus
730 1047 779 1075 per
792 1040 899 1068 Filium.
919 1040 972 1068 Per

182 1089 246 1116 ergo
267 1083 419 1110 naturalem
434 1084 513 1112 nobis
540 1084 621 1112 infert
637 1084 823 1114 'relationem.
839 1087 970 1120 Quaenam

182 1132 274 1155 autem
288 1129 334 1156 illa
353 1129 448 1162 fuerit,
470 1135 546 1158 extra
562 1139 655 1164 unam,
673 1140 734 1167 qua;
760 1141 793 1160 ex
818 1141 901 1161 causa
917 1139 970 1167 est,

181 1174 285 1201 nullam
302 1175 384 1202 aliam
402 1175 550 1204 inveneris.
568 1177 601 1204 Et
614 1178 665 1205 hoc
676 1183 756 1213 pacto
771 1187 805 1206 ex
819 1179 892 1207 Filio
909 1179 971 1215 Spi.

182 1220 265 1246 ritum
279 1221 429 1255 procedere
445 1221 592 1250 manifesto
606 1223 732 1257 sequitur
745 1228 905 1252 sanctorum
921 1226 972 1253 do-

181 1271 288 1293 ctorum
305 1267 396 1295 dictis.
417 1267 473 1296 lino
486 1269 631 1296 manifesto
649 1277 809 1304 expressum
826 1276 879 1299 est.

216 1313 259 1340 13.
273 1313 300 1340 Si
315 1314 377 1349 quis
390 1321 473 1349 porro
487 1320 608 1350 opponat
622 1316 756 1344 Joannem
771 1317 868 1353 Syrum
889 1318 915 1346 id
929 1319 971 1346 in-

181 1359 378 1388 terdicentem:
399 1361 441 1387 Ea:
455 1360 524 1388 Filio
539 1363 619 1394 enim,
636 1363 686 1395 ait,
707 1363 839 1398 Spiritum
854 1372 906 1391 non
927 1365 968 1392 di-

180 1407 284 1438 cimus;
302 1407 384 1434 addat
411 1408 484 1442 quod
502 1408 594 1436 statim
624 1410 813 1445 subsequitur,
840 1410 970 1446 Spiritum

180 1460 240 1479 aera
268 1451 332 1479 Filii
347 1454 524 1480 nominamur.
553 1454 586 1481 Et
611 1459 743 1489 preterea
774 1459 818 1482 est
842 1457 869 1482 in
889 1457 970 1483 tertio

180 1497 289 1524 decimo
307 1498 411 1532 capite:
433 1497 492 1532 Ipse
503 1500 573 1525 enim
585 1505 623 1526 ρει
653 1499 730 1526 Verbi
748 1500 869 1534 abyssi“,
894 1501 970 1529 Verbi

180 1545 292 1578 genitor,
309 1550 332 1572 et
349 1553 396 1579 per
411 1545 520 1573 Verbum
544 1547 686 1581 productor
711 1548 801 1574 omnia
828 1548 970 1575 reueiantis
983 1550 1004 1580 ο

181 1591 308 1625 Spiritus.
325 1592 358 1619 Et
373 1592 472 1619 iterum
486 1601 493 1619 :
510 1593 624 1628 Spiritus
648 1598 754 1620 sanctus
780 1594 900 1621 revelant
913 1593 969 1621 Pu-

987 877 1008 905 Β

181 1638 230 1664 tris
243 1638 356 1673 facultas
368 1646 400 1665 ea:
423 1638 504 1665 Patre
514 1644 552 1666 est
567 1647 614 1672 per
642 1638 742 1666 Filium
770 1641 922 1675 procedens.
937 1641 972 1668 Et

180 1685 213 1712 ad
223 1684 370 1712 Iordanem
386 1685 519 1719 cpistola:
538 1684 590 1712 Per
601 1685 710 1719 Filium,
724 1687 826 1721 inquit,
839 1686 969 1722 Spiritus,

183 1740 234 1758 non
252 1739 285 1758 ex
299 1731 376 1765 Filio,
395 1733 434 1758 uti
458 1732 573 1768 Spiritus
586 1733 640 1760 oris
657 1733 713 1761 Dei.
730 1733 872 1761 Invenitur
899 1741 970 1769 quo.

182 1785 235 1810 que
249 1785 330 1804 unam
342 1784 403 1805 esse
418 1778 525 1805 Patrem
539 1778 599 1805 Filii
615 1783 643 1805 et
657 1777 778 1814 Spiritus
799 1787 922 1807 causam.
941 1779 970 1808 Si

169 1825 240 1852 'hiec
258 1826 351 1859 itaque
364 1825 539 1860 produxeris,
555 1831 685 1854 accurate
699 1825 843 1853 considera
856 1833 905 1854 eos
921 1826 970 1861 qui

183 1871 293 1898 modum
311 1873 395 1907 magis
410 1872 529 1900 Atticum
546 1871 676 1906 loquendi
689 1872 830 1904 affectant,
841 1872 971 1907 pmposi~

182 1919 285 1945 tionem
301 1925 333 1944 ex
346 1921 372 1945 cl
386 1926 496 1945 causam
529 1919 679 1953 primariis.
694 1927 741 1954 per
759 1918 889 1946 secundis
906 1926 971 1946 eau-

182 1964 221 1991 sis
240 1964 411 1998 ascripsisse.
430 1964 569 1999 anqnam
586 1964 722 1999 siquidem
740 1965 882 1992 inveneris
895 1964 970 1999 apud

181 2018 230 2037 eos
243 2010 290 2046 qui
303 2015 405 2038 rectam
420 2011 522 2039 Graeca:
538 2011 637 2047 lingua:
650 2012 816 2039 locutionetn
831 2011 971 2045 ambiunt,

182 2066 228 2092 per
258 2058 354 2093 primis
369 2058 458 2085 causis
488 2058 663 2092 attributam,
693 2066 785 2093 neque
810 2059 894 2086 etiam
927 2066 970 2091 ex,

184 2104 235 2131 nisi
255 2104 328 2131 nude
356 2104 501 2138 solumque
518 2104 638 2131 secunda
665 2112 746 2131 causa
764 2105 970 2139 pronuntietur,

183 2150 324 2177 secundis.
342 2149 410 2177 liinc
425 2158 440 2176 a
455 2151 567 2182 sanctis,
580 2150 626 2185 qui
640 2150 773 2177 formulas
787 2151 887 2185 lingua:
897 2150 971 2178 Grai-

183 2203 231 2228 i:;P,
247 2196 293 2222 scd
310 2196 449 2231 probatas,
474 2201 618 2231 usurpant,
637 2201 665 2223 et
695 2197 813 2231 propriae
837 2196 969 2224 locutioni

182 2243 306 2273 student,
323 2250 354 2269 cx
366 2242 435 2269 Filio
451 2242 572 2277 Spiritus
587 2251 642 2270 non
671 2243 785 2276 dicitur,
803 2243 849 2270 sed
866 2251 915 2278 per
929 2243 972 2270 Fi-
987 2236 1010 2264 Ῑ)

182 2288 262 2314 lium.
279 2288 374 2323 Neque
389 2288 462 2316 enim
474 2289 578 2316 locutio
593 2289 638 2316 illa
662 2289 756 2316 Grieca
777 2297 847 2324 pura
878 2289 971 2321 fuerit.

182 2342 215 2361 ex
229 2335 319 2361 radice
332 2339 359 2361 ct
371 2342 447 2362 ramo
466 2335 584 2367 fruetus,
603 2342 631 2362 et
645 2343 678 2362 est
704 2335 762 2363 sole
779 2341 807 2363 et
828 2335 905 2363 radio
932 2336 974 2363 lu-

182 2389 257 2412 men,
273 2381 319 2408 sed
341 2380 397 2414 illa,
413 2389 444 2408 ex
463 2381 522 2408 sole
536 2389 586 2416 per
606 2381 728 2413 raditum,
744 2389 798 2409 non
821 2381 896 2416 quod
917 2390 972 2408 non

183 2429 219 2455 sit
239 2436 272 2455 ex
303 2428 379 2455 radio
395 2428 558 2455 naturaliter
576 2428 671 2455 lumen
688 2428 785 2460 solare,
811 2428 859 2455 sed
886 2428 971 2463 quod,

182 2483 245 2502 eum
264 2475 359 2502 radius
377 2475 497 2502 secunda
513 2482 595 2502 causa
624 2475 670 2508 sit,
699 2483 754 2502 non
773 2475 904 2510 primario
919 2474 973 2502 sibi

182 2522 306 2549 vindicat
320 2528 444 2552 causam,
461 2525 490 2548 ut
501 2521 536 2548 ab
548 2529 579 2548 ea
596 2521 688 2548 lumen
719 2521 767 2548 sit.
792 2521 854 2548 Pari
880 2521 971 2554 modo,

182 2568 228 2602 qui
241 2575 273 2595 ex
287 2567 367 2594 Patre
382 2570 410 2595 et
421 2567 491 2594 Filio
506 2566 573 2594 dicit
586 2566 732 2601 Spiritum,
763 2574 827 2593 vera
843 2566 973 2601 equidem

181 2614 261 2646 dicit,
281 2621 338 2641 rem
353 2619 443 2640 tamen
460 2613 593 2648 perfecte,
607 2614 645 2640 uti
660 2618 714 2645 est,
740 2621 796 2640 non
821 2613 974 2648 exprimit:

182 2661 268 2697 atqui
284 2668 333 2697 per
348 2660 448 2688 Filium
469 2660 547 2693 dicit,
577 2667 660 2687 omne
687 2660 783 2686 vitavit
807 2659 973 2694 periculum,

183 2718 246 2736 rum
261 2717 308 2745 per
343 2709 386 2736 illa
400 2708 548 2744 signiticet,
564 2715 618 2734 non
631 2715 694 2735 esse
718 2707 823 2742 absque
838 2706 975 2742 principio

182 2755 318 2790 Spiritum
333 2762 348 2782 a
363 2754 443 2782 Filio.
455 2754 497 2782 0b
525 2753 581 2781 inec
595 2753 688 2788 itaque
702 2753 794 2780 omnia
808 2753 847 2780 uti
860 2753 887 2780 in
901 2759 976 2780 crea-

185 2802 267 2833 turis,
281 2803 318 2829 it'a
339 2808 367 2829 et
381 2802 408 2829 in
423 2802 527 2836 Spiritu
542 2806 636 2828 sancto
650 2801 742 2836 potius
757 2809 802 2832 per
815 2800 974 2828 Graicorum

186 2848 504 2882 ductoresusurparunt.
524 2848 672 2882 Reperitnr
695 2847 876 2874 nihilominus
892 2851 919 2874 et
943 2854 976 2873 ex

188 2892 258 2919 Filio
284 2893 426 2926 attributa,
451 2898 478 2921 et
498 2894 672 2929 potissimum
704 2893 737 2921 ab
764 2893 918 2929 Epiphanio
948 2894 974 2921 in

774 148 938 178 GEORGII
959 147 1222 178 TRAPEZUNTII

1764 148 1823 181 792

1023 204 1216 239 σαφηνιζὲσῦω
1226 211 1234 220 ο
1250 201 1310 230 εἶτα
1327 203 1374 230 καὶ
1389 204 1417 232 ετ
1432 213 1456 231 τι
1471 204 1636 232 ἁντιπίπτον
1649 205 1678 231 ὲν
1691 205 1730 240 τῷ
1745 206 1820 233 ἄνω-

1025 249 1071 276 οεν
1098 250 1231 285 γραφέντι
1262 249 1310 277 τοῦ
1341 250 1415 277 θείου
1445 251 1581 286 Κυρίλλου
1610 251 1685 278 δοκεῖ
1717 251 1818 287 ῥητῷ,

1025 296 1183 323 ἐκπιπτέτω
1212 297 1336 329 δικαίως.
1365 297 1398 324 Ἦ
1431 297 1481 325 διὰ
1510 297 1640 333 πρόθεσις
1675 299 1820 334 μεσιτείαν

1025 342 1155 374 πολλάκις
1169 342 1220 378 μὲν
1232 342 1283 378 τὴν
1297 344 1327 370 ὲν
1341 343 1417 379 τόπῳ
1432 344 1572 379 σημαίνει,
1589 344 1627 376 ὡς
1639 345 1718 377 εἴτις
1730 345 1820 378 λέγει,

1024 387 1068 415 διὰ
1078 388 1128 422 τῆς
1144 389 1292 424 Κερκύρας
1305 389 1475 425 καταχθῆναι
1489 390 1530 420 εἰς
1544 391 1656 426 Κρήτην
1666 400 1673 407 ·
1686 391 1822 423 πολλάκις

1023 435 1051 462 δὲ
1065 435 1115 470 τὴν
1129 435 1291 471 ὀργανικὴν.
1311 435 1394 463 Ἀλλὰ
1417 437 1443 463 τί
1463 437 1505 463 δεῖ
1527 436 1615 464 ταῦτα
1634 439 1822 473 καταριθμεῖν

1024 481 1110 514 δεῖξαι
1127 481 1292 516 βουλόμενον
1320 484 1371 518 τὴν
1397 483 1518 518 φυσικὴν
1541 483 1646 518 σχέσιν,
1674 485 1722 512 καὶ
1740 493 1822 520 μεσι-

1023 526 1098 553 τείαν
1112 526 1187 552 ἔστιν
1207 527 1252 553 ὅτε
1275 527 1427 562 δηλοῦσαν;
1452 528 1520 561 Ἀγι
1537 527 1580 564 δὴ,
1595 529 1661 556 ὅταν
1681 529 1821 565 λέγωμενν

1029 572 1077 599 Ἐκ
1093 573 1144 607 τῆς
1162 572 1241 608 ῥίζης
1255 573 1299 600 διὰ
1315 573 1362 600 τοῦ
1377 573 1477 600 κλάδον
1493 574 1540 601 τὸν
1557 574 1675 610 καρπὸν,
1690 575 1720 602 οὐ
1737 575 1820 610 φύσει

1023 618 1070 645 τὸν
1086 618 1193 653 καρπὸν
1204 619 1236 645 ὲκ
1252 619 1300 645 τοῦ
1319 619 1416 646 κλάδον
1428 619 1545 654 λέγομεν
1556 629 1563 653 ;
1575 621 1613 647 Ἢ
1625 621 1684 653 πῶς
1695 622 1800 656 ἑτέρως
1811 630 1820 655 ;

1023 665 1156 699 Λέγοντες
1169 665 1198 692 δὶ
1223 666 1270 692 καὶ
1293 665 1338 692 διὰ
1353 665 1404 701 τῆς
1427 666 1536 697 ἀκτῖνος
1560 667 1593 693 ἐκ
1620 667 1668 694 τοῦ
1694 666 1772 703 ἡλίου
1788 668 1821 694 τὸ

1024 710 1092 744 φῶς,
1105 711 1155 737 οὐκ
1174 712 1205 737 ἐκ
1223 711 1272 745 τῆς
1288 712 1398 742 ἀκτῖνος
1414 712 1495 746 φύσει
1512 713 1578 740 αὐτὸ
1593 711 1664 740 εἶναι
1679 714 1817 749 λέγομενς

1030 756 1099 784 Ἀλλ’
1115 757 1166 784 οὐκ
1179 756 1214 793 ἦν
1225 766 1302 790 ποτε,
1317 758 1380 785 οὔτε
1395 758 1473 786 ἔσται
1491 759 1571 791 ἀκτὶς
1586 760 1651 787 ἄνευ
1667 761 1767 794 φωτός.
1785 761 1817 788 Ei

1022 804 1046 832 δ’
1057 805 1191 832 ἀδύνατον
1207 805 1306 832 ἀκτῖνα
1323 806 1394 833 εἶναι
1408 806 1494 842 χωρὶς
1509 807 1611 842 φωτὸς,
1633 806 1696 834 οὔτε
1716 809 1771 842 μὴν
1787 808 1819 834 τὺ

1023 851 1136 885 ἡλιακδν
1162 852 1220 886 φῶς
1245 852 1294 887 τῆς
1315 853 1427 885 ἀκτῖνος
1457 853 1554 888 χωρὶς,
1580 853 1676 890 ὥσπερ
1701 854 1764 880 οὐδὲ
1786 855 1818 880 τὺ

1023 898 1136 933 Πνεῦμα
1159 899 1245 934 χωρὶς
1269 899 1317 926 τοῦ
1340 899 1422 926 Υιοῦι
1447 900 1528 934 φύσει
1544 901 1599 936 ἄρα
1624 902 1673 927 καὶ
1691 901 1722 928 οὐ
1741 901 1814 928 κατὰ

1024 944 1154 980 μετοχὴν,
1177 945 1193 980 ἡ
1212 945 1342 972 διάδοσιν.
1373 945 1525 980 Ἐπίκτητα
1551 946 1606 981 γὰρ
1632 947 1722 972 πάντα
1737 947 1771 972 τὰ
1785 946 1816 972 οὐ

1022 990 1115 1024 φύσει.
1129 991 1180 1018 Διὰ
1200 990 1250 1025 τῆς
1266 992 1376 1023 ἀκτῖνος
1396 991 1426 1018 τὸ
1444 991 1513 1025 φῶς,
1533 992 1581 1018 καὶ
1597 992 1627 1018 τὸ
1648 991 1759 1027 Πνεῦμα
1781 991 1818 1019 δι’

1023 1035 1098 1064 Υίοῦ.
1119 1037 1152 1063 Ἥ
1173 1036 1223 1064 διὰ
1237 1037 1292 1070 ἄρα
1307 1037 1427 1072 φυσικὴν
1439 1039 1507 1073 ἡμῖν
1523 1038 1692 1065 ινδείκνυται
1709 1039 1816 1073 σχέσιν.

1022 1082 1071 1114 Τίς
1084 1082 1113 1109 δὲ
1128 1081 1200 1117 αὕτη
1213 1083 1285 1118 πλὴν
1303 1083 1352 1116 τῆς
1369 1084 1431 1110 κατ’
1446 1084 1549 1116 αἰτίαν,
1565 1084 1694 1112 ἀδύνατον
1713 1084 1817 1120 εὑρεῖν.

1023 1129 1078 1156 Καὶ
1093 1129 1180 1160 οὕτως
1195 1130 1228 1156 ὲκ
1245 1129 1291 1156 τοῦ
1308 1130 1374 1157 Υίοῦ
1388 1138 1430 1157 σοι
1445 1131 1475 1157 τὸ
1490 1130 1603 1166 Πνεῦμα
1615 1131 1818 1166 ἐκπορεύεσθαι

1023 1175 1118 1208 σαφῶς
1136 1175 1234 1203 ἕπεται
1253 1178 1309 1208 τοῖς
1325 1177 1408 1209 θείοις
1433 1177 1487 1204 τῶν
1510 1177 1681 1205 διδασκάλων
1707 1178 1816 1212 λόγοις,

1024 1223 1124 1257 μᾶλλον
1139 1223 1168 1250 δὲ
1188 1223 1282 1258 σαφῶς
1299 1224 1422 1260 εἴρηται.

1058 1316 1104 1347 ιγ’.
1122 1313 1152 1340 Ei
1164 1313 1192 1340 δὲ
1208 1313 1304 1348 φαίης.
1321 1313 1401 1341 τοῦτο
1419 1314 1548 1349 Ἰωάννην
1560 1315 1748 1349 ἀπαγορεύειν
1769 1317 1819 1344 τὸν

1022 1359 1124 1393 Σύρον·
1152 1360 1200 1386 Ἐκ
1225 1359 1278 1386 τοῦ
1298 1360 1368 1387 Υίοῦ
1385 1361 1452 1394 τὰρ,
1466 1361 1553 1395 φησὶ,
1579 1361 1614 1388 τὸ
1635 1361 1759 1396 Πνεῦμα
1779 1364 1818 1389 οὐ

1020 1406 1166 1440 λέπνμεν·
1186 1405 1254 1433 ἀλλὰ
1284 1406 1404 1441 πρόσθις
1418 1407 1448 1433 τὸ
1466 1407 1540 1442 ἑξῆς,
1564 1408 1686 1443 Πνεῦμα
1701 1409 1736 1436 δὲ
1747 1410 1818 1437 Υίοῦ

1022 1453 1276 1488 ὀνομάζομενεκαὶ
1302 1453 1333 1480 τὸ
1358 1454 1387 1480 ἐν
1414 1454 1453 1488 τῷ
1480 1455 1703 1491 τρισκαιδεκάτῳ
1730 1465 1819 1490 κεφα-

1020 1499 1215 1535 λαίῳ-Αὐτὸς
1229 1500 1289 1534 μὲν
1314 1500 1382 1527 ἐστι
1409 1501 1507 1534 Λόγου
1534 1500 1689 1534 ἇΰυσσος,
1715 1502 1818 1536 Λόγου

1024 1547 1186 1582 γεννήτωρ,
1205 1547 1254 1574 καί
1274 1547 1324 1575 διὰ
1338 1548 1439 1582 Λόγου
1455 1548 1623 1582 προϐολεὺς
1639 1549 1818 1584 ἐκφαντορι-

1023 1591 1078 1620 κοῦ
1094 1593 1268 1627 Πνεύματος
1283 1601 1288 1608 ⁵
1305 1593 1350 1619 καὶ
1369 1593 1453 1620 πάλιν
1465 1602 1471 1609 ·
1492 1593 1527 1621 Τὸ
1546 1594 1667 1628 Πνεῦμα
1680 1595 1714 1621 τὸ
1729 1595 1818 1628 ἅγιον

1025 1638 1041 1672 ἠ
1065 1638 1268 1673 ἐκφαγτορικὴ
1286 1639 1416 1673 δύναμις
1431 1639 1484 1666 τοῦ
1510 1639 1626 1672 Πατρός
1649 1639 1684 1666 ἐκ
1702 1641 1818 1674 Πατρός

1022 1685 1089 1712 ἐστι
1103 1684 1141 1711 δι’
1155 1684 1224 1712 Υίοῦ
1238 1685 1477 1720 ἐκπορευομένη.
1502 1685 1546 1712 Ἐν
1562 1686 1589 1712 δὲ
1607 1687 1638 1721 τῇ
1660 1686 1730 1722 πρὸς
1749 1687 1819 1722 Ἰορ-

1022 1731 1105 1765 δάνην
1135 1732 1278 1767 ὲπιστολῆ,
1294 1732 1334 1759 Δι’
1356 1732 1435 1766 Υίοῦ,
1460 1734 1541 1766 φησὶ,
1557 1733 1591 1759 τὸ
1609 1734 1742 1769 Πνεῦμα,
1761 1735 1818 1761 οὐκ

1022 1777 1057 1810 ἐξ
1072 1777 1151 1810 Υιοῦ,
1167 1777 1208 1810 ὡς
1226 1778 1346 1812 πνεῦμα
1367 1779 1518 1813 στόματος
1535 1779 1622 1806 Θεοῦ.
1649 1779 1772 1814 Εῦρηται
1790 1780 1818 1806 δὲ

1023 1824 1069 1850 καὶ
1086 1824 1152 1858 μίαν
1175 1820 1246 1850 εἶναι
1272 1823 1318 1851 τδν
1345 1824 1457 1859 Πατέρα
1484 1824 1550 1851 Υίοῦ
1577 1826 1625 1852 καὶ
1653 1826 1817 1861 Πνεύματος

1023 1870 1125 1898 αἰτίαν.
1142 1870 1174 1897 El
1197 1871 1263 1905 γοῦν
1278 1870 1366 1897 ταῦτα
1383 1871 1485 1903 λέγεις,
1502 1871 1598 1898 σκόπει
1621 1872 1755 1906 ἀνρισὼς,
1776 1875 1818 1901 δτι

1022 1917 1047 1944 oi
1061 1916 1219 1952 βουλόμενοι
1237 1917 1434 1952 Ἀττικὼτερον
1447 1918 1575 1952 γράφειν,
1589 1918 1639 1952 τὴν
1656 1919 1706 1954 μὲν
1719 1920 1755 1947 ὲκ
1769 1920 1818 1947 καὶ

1022 1963 1073 1997 τὴν
1087 1962 1179 1989 αἰτίαν
1209 1964 1266 1995 τοῖς
1295 1963 1416 1999 πρώτοις
1434 1964 1533 1995 αίτίοις
1551 1964 1753 1998 ἀποδεδώκασι,
1770 1966 1820 2001 τὴν

1022 2009 1052 2036 δι
1072 2004 1122 2036 6ιὰ
1135 2011 1191 2041 τοῖς
1210 2010 1361 2046 δευτέροις.
1377 2011 1415 2037 οὐ
1439 2011 1495 2046 γὰρ
1513 2010 1599 2047 εὕρῃς
1615 2012 1692 2046 παρὰ
1708 2014 1764 2044 τοῖς
1789 2013 1820 2040 εὖ

1028 2055 1198 2092 Ἐλληνίςειν
1213 2057 1322 2083 Θέλουσι
1337 2056 1386 2092 τὴν
1400 2057 1450 2084 διὰ
1465 2058 1520 2089 τοις
1535 2058 1666 2092 πρώτοις,
1682 2057 1745 2085 οὔτε
1764 2059 1820 2095 μὴν

1022 2104 1072 2139 τὴν
1085 2104 1131 2139 ὲκ,
1146 2104 1171 2131 εί
1189 2105 1226 2140 μή
1245 2113 1298 2131 που
1313 2104 1386 2130 κατά
1405 2104 1491 2139 μόνας
1506 2104 1613 2138 λέγοιτο
1636 2104 1668 2131 τὸ
1688 2105 1818 2141 δεύτερον

1023 2150 1122 2182 αἴτιον,
1135 2150 1193 2181 τοῖς
1207 2150 1344 2185 δευτέροις
1357 2149 1579 2184 ἀπονεμομένην,
1595 2149 1643 2176 καὶ
1655 2151 1752 2177 τούτου
1769 2151 1820 2186 χά-

1026 2205 1070 2232 ριν
1093 2196 1262 2232 Ἐλληνίζειν
1286 2197 1319 2232 τῇ
1345 2195 1453 2230 γλώττῃ
1475 2196 1524 2222 καὶ
1545 2195 1713 2230 κυριολεεεῖν
1728 2196 1820 2231 βουλο-

1026 2242 1118 2278 μένοις
1138 2243 1240 2277 ἁγίοις,
1255 2242 1285 2275 ἐξ
1300 2241 1366 2268 Υἱοῦ
1381 2242 1412 2268 τὸ
1427 2241 1542 2276 Πνεῦμα
1565 2242 1596 2268 οὐ
1613 2242 1734 2276 λέγεται,
1751 2243 1822 2270 ἀλλὰ

1024 2288 1058 2314 δι’
1074 2288 1151 2315 Υἱοῦ.
1169 2288 1206 2315 Οὐ
1219 2288 1274 2324 γὰρ
1296 2286 1464 2322 Ἐλληνίζειν
1484 2287 1580 2323 ἄκρως
1600 2288 1674 2315 δοκεῖ
1694 2289 1709 2314 6
1723 2288 1756 2315 ὲκ
1771 2289 1822 2323 τῆς

1025 2334 1104 2369 ῥίζης
1124 2333 1231 2361 καὶτοῦ
1246 2333 1345 2361 κλάδον
1359 2333 1447 2367 λέγων
1461 2334 1508 2360 τὸν
1530 2333 1651 2370 καρπὸν,
1676 2334 1693 2369 ἢ
1718 2335 1750 2361 ἐκ
1773 2335 1820 2362 τοῦ

1025 2381 1101 2414 ἡλίου
1118 2381 1166 2408 καὶ
1187 2381 1237 2416 τῆς
1252 2382 1362 2412 ἀκτῖνος
1375 2381 1406 2407 τὸ
1421 2381 1491 2415 φῶς,
1508 2380 1569 2414 ἀλλῖ
1585 2382 1599 2407 ὁ
1615 2381 1648 2408 ἐκ
1671 2381 1720 2408 τοῦ
1743 2382 1821 2417 ἡλίου

1024 2427 1070 2454 διὰ
1088 2428 1139 2461 τῆς
1154 2427 1276 2459 ἀκτῖνος,
1301 2427 1352 2462 οὺχ
1367 2427 1405 2459 ὡς
1421 2427 1459 2462 μὴ
1482 2427 1561 2458 ὄντος
1580 2427 1612 2454 ὲκ
1635 2427 1684 2462 τῆς
1710 2429 1821 2461 ἀκτῖνος

1026 2474 1107 2509 φύσει
1130 2474 1179 2500 τοῦ
1206 2474 1320 2509 ἡλιακοῦ
1342 2473 1443 2508 φωτὸς,
1464 2473 1524 2500 ἀλλ’
1548 2473 1590 2500 ὅτι.
1606 2474 1735 2509 δεύτερον
1750 2474 1821 2501 οὒσα

1025 2521 1145 2555 αίτιονὴ
1169 2521 1258 2553 ἀκτὶς,
1278 2521 1309 2547 οὐ
1337 2520 1588 2555 προκαταρκτικῶς
1613 2519 1673 2555 ἔχει
1698 2519 1727 2546 τὸ
1755 2520 1820 2554 παρ’

1025 2568 1112 2601 αὐτῆς
1126 2565 1197 2594 εἶναι
1212 2567 1242 2593 τὸ
1259 2566 1328 2601 φῶς.
1347 2567 1408 2593 Ἔτι
1429 2567 1443 2593 ό
1460 2567 1491 2592 ὲκ
1511 2565 1619 2601 Πατρός
1632 2567 1678 2592 καὶ
1692 2565 1756 2597 Υίοῦ
1773 2566 1820 2592 λέ-

1026 2623 1083 2648 γων
1106 2613 1136 2640 τὸ
1158 2612 1271 2647 Πνεῦμα
1292 2612 1380 2648 ἀληθῆ
1398 2612 1448 2647 μὲν
1463 2612 1549 2646 λέγει,
1567 2612 1619 2639 οὐκ
1641 2612 1710 2647 Ειροη
1730 2612 1820 2639 6K1:-

1026 2659 1106 2690 λείως
1117 2659 1148 2685 τὸ
1164 2660 1218 2685 πᾶν
1231 2658 1337 2690 ἐκδούς.
1355 2658 1384 2683 Ὀ
1396 2658 1424 2684 δὲ
1433 2658 1476 2684 διὰ
1487 2658 1535 2685 τοῦ
1550 2658 1616 2685 Υίοῠ
1630 2658 1717 2692 λέγων
1731 2658 1821 2685 πάντα

1026 2706 1180 2740 ἐκπέφευγε
1205 2705 1328 2732 κίνδυνον
1358 2705 1547 2739 σημαινούσης
1565 2705 1614 2739 τῆς
1636 2704 1696 2735 διὰ,
1717 2704 1756 2736 ὡς
1770 2705 1822 2731 οὐκ

1027 2753 1154 2787 ἀνάρχως
1178 2752 1209 2778 τὸ
1234 2751 1348 2786 Πνεῦμα
1370 2753 1447 2787 παρὰ
1464 2751 1512 2778 τοῦ
1529 2751 1607 2778 Υίοῦ.
1632 2751 1742 2778 Τούτων
1771 2749 1820 2778 οὖν

1029 2800 1137 2826 πάντων
1153 2799 1233 2834 χάριν
1256 2799 1293 2830 ὡς
1315 2798 1362 2824 ἐπὶ
1393 2798 1448 2824 τῶν
1465 2798 1625 2832 κτισμάτων
1641 2799 1688 2824 καὶ
1709 2799 1756 2824 ἐπὶ
1772 2797 1820 2825 τιιῦ

1029 2845 1185 2878 ιιειεύματος
1202 2845 1234 2879 τῇ
1250 2844 1299 2871 διὰ
1321 2844 1423 2879 μᾶλλον
1441 2844 1591 2879 κέχρηνται
1613 2844 1638 2870 oi
1663 2843 1820 2872 δδάσκαλιιι

1028 2892 1082 2919 τῶν
1101 2892 1238 2927 Γριιικών.
1265 2891 1302 2918 Οὐ
1330 2891 1383 2927 μὴν
1414 2891 1472 2918 ἀλλ’
1490 2889 1604 2925 εὓρηται
1619 2891 1698 2925 καὶὴ
1722 2891 1756 2917 ἐκ
1781 2890 1820 2926 τῷ
