1916 3057
45 172 53 177 ν
108 136 164 167 793

576 141 624 169 DE
646 140 908 170 PROCESSIONE
927 140 1107 172 SPIRITUS
1128 142 1275 173 SANCTI.

1683 144 1736 176 79‘.

114 191 168 226 ΥΞῷ
178 192 372 229 ἀποδιδομένη,
389 195 436 221 κάὶ
449 195 568 229 μάλιστα
582 198 657 232 παρὰ
670 197 709 232 τῷ
730 197 897 232 Ἐπιφανίῳ.

952 197 1106 233 Ancyroto:
1121 198 1162 226 Ea:
1179 199 1260 226 Patre
1274 203 1300 226 et
1313 206 1345 226 ea:
1357 198 1436 232 Filio,
1461 199 1510 232 ait,
1540 192 1656 235 Spiritus
1674 209 1738 228 lall-

118 240 168 266 Ἐκ
183 239 235 266 τοῦ
255 241 373 274 Πατρός
394 241 444 267 καὶ
470 241 504 268 ἐκ
528 242 581 269 τοῦ
599 243 688 274 -Υιοῦ,
701 243 795 278 φησιν,
811 245 841 270 ἑν
858 242 898 278 τῷ

119 285 301 320 Ἀγκιφωτῷ,
318 287 351 314 τὸ
366 288 488 322 Πνεῦμα
505 289 617 322 τρίτον.
640 289 696 324 Τὴν
710 290 802 324 μέντοι
818 290 899 323 παρὰ

109 332 328 366 ἱσοδυναμοῠσαν
339 335 371 368 τῇ
386 334 421 360 ἐκ
436 332 510 366 οἶδας
522 335 629 367 πολλοῖς
645 335 805 370 λεγομένην.
820 336 899 371 Παρὰ

111 378 220 413 Πατρδς
236 378 291 413 γὰρ
309 380 356 406 καὶ
367 380 432 406 Υἱοῦ
449 381 516 414 φασὶ
532 381 562 408 τὸ
575 381 689 416 Πνεῦμα
700 382 795 417 σχεδὸν
808 382 898 415 ἁπαξ-

110 424 240 457 άπαντες,
257 426 304 452 καὶ
318 425 353 457 ἐξ
364 426 477 461 ἀμφοῖν
493 425 571 454 εἶναι
587 427 721 462 uapore;
736 428 823 462 λέγει.
843 429 898 455 Καὶ

111 469 157 498 ἵνα
173 472 212 506 μή
228 480 271 502 τις
292 473 539 508 πῳκαταρκτικῶς
552 471 621 500 εἶναι
643 475 673 500 ὲκ
687 473 804 501 ττοῦΥιοῦ
823 474 899 509 νομί-

112 524 158 551 σῃ,
170 517 374 552 διασαφηνίζων
384 519 492 553 ἐπάγει,
509 519 577 554 ἦτοι
590 520 624 546 ἐκ
640 520 757 554 Πατρός
765 520 803 547 δι’
819 521 897 549 Υίοῦ.

112 562 227 594 Βλέπεις
247 563 286 595 ὡς
308 565 440 592 πάντοθεν
461 565 493 591 τὸ
507 565 593 592 πάλαι
606 566 631 592 οἱ
650 566 705 593 τῶν
721 567 845 602 Γραικῶν
861 567 899 593 δι-

109 608 243 634 δάσκαλοι
258 609 307 636 οὐκ
324 609 387 637 ἄλλο
400 611 568 649 ἐπρέσϐευον
580 612 605 638 εἰ
618 612 654 646 μὴ
670 613 738 647 ὅπερ
756 612 802 638 νῦν
819 614 834 649 ή
848 613 898 648 τῆς

117 654 227 689 Ἰδώμης
249 655 416 690 Ἐκκλησίας
438 657 508 684 Ἀλλ’
519 655 579 685 οῖδα
591 658 632 684 ὅτι
647 659 835 693 καταγελῶσιν
851 660 900 686 αὖε

108 700 160 733 τῆς
176 701 302 736 Γραικοὶ,
324 702 362 733 ὼς
387 702 513 738 δεύτερον
535 705 620 731 αῐτιον
634 704 766 740 λεγούσης
790 706 836 732 ἐπὶ
849 705 900 740 τῆς

110 745 227 779 Τριάδος
238 766 246 777 ,
273 747 302 772 οὺ
327 746 451 778 νοοῦντες
464 747 559 774 τούτου
577 749 669 781 ἕνεκα,
685 749 756 776 οὕτω
772 749 899 784 λελέχθαι

108 792 168 818 τιτὶ
185 793 241 823 τοῖς
263 793 418 827 ἡμετέροις,
433 794 475 821 ὅτι
492 795 521 821 οὐ
544 795 636 830 ῥᾴδιον
651 796 738 827 άλλως
753 795 849 830 δηλοῦν
864 795 899 822 τὰ

108 838 233 866 τοιαῦτα.
243 839 304 865 Ἐπὶ
318 840 372 874 γὰρ
389 840 444 867 τῶν
455 840 534 867 θείων
543 840 670 876 δεύτερον
677 841 762 868 αἴτιον
773 841 900 875 λέγοντες

956 248 1013 270 σίνε
1033 245 1125 271 tertius
1136 250 1183 272 est.
1204 245 1283 279 Παρὰ
1294 253 1358 272 vero
1372 245 1404 272 ab
1419 245 1515 273 iisdem
1529 249 1612 280 atque
1625 254 1657 273 ex
1671 247 1740 274 viri-

952 289 1004 317 bus
1016 289 1118 324 pollere
1131 290 1202 325 apud
1213 291 1358 326 plerosque
1374 290 1521 326 repereris.
1535 291 1556 318 Α
1570 291 1651 319 Patre
1663 292 1737 319 enim
1757 312 1760 314 .

951 339 980 362 et
997 335 1066 362 Filio
1081 334 1213 369 Spiritum
1224 336 1282 363 fere
1292 343 1389 363 omnes
1397 336 1557 368 enuntiant,
1571 341 1601 364 et
1614 345 1646 363 ea;
1657 332 1739 363 utris-

952 388 1002 416 que
1020 388 1075 408 esse
1092 380 1221 416 Cyrillus.
1238 382 1273 409 Et
1294 390 1328 408 ne
1342 382 1404 416 quis
1435 389 1470 409 ex
1487 381 1558 410 Filio
1582 387 1710 418 tanquam
1721 392 1743 417 u_

951 428 1084 462 primario
1100 428 1237 463 princzpio
1261 428 1394 464 Spiritum
1423 436 1484 456 esse
1509 430 1658 463 existimet,
1680 439 1736 457 rem

952 472 1106 503 declarans.
1128 473 1276 505 subnectit,
1302 474 1356 500 sine
1382 481 1414 500 ex
1442 474 1523 501 Patre
1555 482 1603 508 per
1625 473 1737 502 Filium.

951 518 1050 546 Annon
1067 520 1143 546 vides
1161 520 1344 554 unde-quaque
1356 518 1510 547 Graecorum
1526 521 1665 553 doctores,
1686 528 1738 547 an-

954 563 1069 598 tiquitus
1095 571 1150 591 non
1175 571 1237 591 esse
1261 564 1402 598 professos
1429 564 1503 591 aliud
1520 584 1529 596 ,
1553 572 1635 599 quam
1665 565 1738 600 quod

952 617 1024 637 nunc
1043 610 1164 637 Romana
1177 610 1299 638 Ecclesia
1313 609 1472 644 proﬁtetur?
1495 610 1738 639 Verumenimvero

950 659 1123 690 compertum
1139 655 1205 682 mihi
1224 660 1277 687 est,
1289 663 1349 683 eam
1377 655 1493 688 Graecos
1511 655 1648 689 deridere.
1666 664 1698 684 ac
1714 657 1737 684 si

950 701 1100 728 secundam
1131 709 1241 729 causam
1261 702 1289 729 in
1307 702 1443 730 Trinitate
1459 703 1658 736 introduceret,
1682 711 1737 730 non

952 746 1145 782 intelligentes,
1157 747 1220 774 ideo
1234 747 1275 774 sic
1283 747 1386 775 dictum
1398 756 1414 775 a
1426 748 1565 776 nonnullis
1574 756 1607 775 ex
1623 749 1736 781 nostris,

951 792 1025 827 quod
1045 800 1101 820 non
1122 792 1158 820 ita
1173 792 1253 820 facile
1272 792 1308 820 sit
1321 793 1378 820 alio
1401 793 1484 821 modo
1501 793 1600 821 similia
1617 794 1738 828 explica.

953 846 993 866 re.
1010 838 1038 866 In
1054 838 1137 866 rebus
1147 838 1221 866 enim
1233 838 1335 865 divinis
1350 839 1498 866 secundam
1510 847 1620 867 causam
1637 839 1737 867 Filium

108 885 156 911 τὸν
180 885 254 918 Υῑὺν,
271 885 316 911 ἵνα
329 885 379 920 τὴν
397 886 513 920 δύναμιν
532 887 581 921 τῆς
599 875 647 913 διὰ
665 888 897 922 παραστήσωμεν,

952 887 1116 913 asserentes,
1131 883 1235 910 utsvim
1250 891 1298 917 per
1311 883 1514 917 praepositionis
1528 884 1735 918 exhiberemus,

107 930 160 957 οὐκ
180 930 406 966 ἀποτετμημένον
422 931 537 967 νοοῦμεν
560 933 607 959 τοῦ
627 933 744 968 Πατρὸς,
760 934 821 960 οὐδὲ
836 932 899 967 χρό-

109 984 158 1010 νῳ,
176 976 192 1011 ἥ
207 977 292 1010 τόπῳ,
308 977 325 1012 ἢ
342 978 355 1003 ὅ
370 986 396 1004 τι
410 978 443 1004 ἂν
460 979 531 1005 εἶποι
546 987 588 1009 τις
605 978 811 1014 δευτερεύοντα,
829 978 899 1004 ἀλλὰ

109 1021 177 1048 διότι
192 1023 283 1049 πάντα
308 1023 359 1049 ὅσα
377 1023 444 1059 ἔχει,
462 1024 538 1058 παρὰ
560 1024 607 1051 τοῦ
632 1024 739 1059 Πατρὸς
764 1024 833 1059 ἔχει,
853 1024 899 1051 καὶ

109 1067 178 1093 αὐτὸ
194 1067 223 1094 τὸ
235 1065 318 1094 εἶναι.
337 1068 368 1095 Εί
384 1069 449 1103 γοῦν
474 1069 504 1102 ἐξ
527 1069 610 1097 αὑτοῦ
629 1069 659 1096 τὸ
683 1069 807 1105 Πνεῦμα,
830 1070 899 1096 ἀλλὰ

109 1112 188 1147 παρὰ
202 1112 249 1139 τοῦ
266 1113 369 1147 Πατρδς
388 1113 445 1149 ἔχει
469 1114 548 1141 τοῦτο
569 1114 658 1141 λαϐών
669 1122 678 1130 ·
694 1115 742 1141 καὶ
761 1115 806 1142 διὰ
819 1114 899 1141 τοῦτο

108 1160 160 1194 τὴν
177 1160 211 1186 ἐκ
227 1161 328 1195 κυρίως
343 1161 381 1196 τῷ
397 1162 495 1196 Ila-:91,
518 1161 593 1195 αὑτῴ
607 1162 635 1188 δὲ
654 1162 835 1196 ἁποδιδόαμεν
850 1162 899 1196 τὴν

106 1206 171 1239 διὰ,
188 1207 230 1234 ἵνα
245 1207 293 1233 καὶ
317 1207 347 1233 τὸ
365 1207 471 1242 πρῶτον
496 1208 615 1244 δηλωθῇ,
640 1209 687 1236 καὶ
709 1210 741 1236 ὲκ
763 1208 810 1235 τοῦ
833 1207 898 1235 Υἱοῦ

110 1251 183 1280 εἶναι
205 1254 243 1288 μὴ
262 1254 372 1289 σιγηθῇ,
389 1254 443 1280 κάκ
459 1254 505 1280 τοῦ
522 1254 626 1290 [ἰατρὸς
649 1254 728 1281 τοῦτο
741 1254 896 1288 ἐπάγεσθαι

110 1301 157 1326 τὴν
179 1300 243 1326 Υίδν
268 1301 305 1335 μὴ
323 1302 460 1336 σιωπηοῇ.
490 1300 571 1332 Οἶδας
596 1301 653 1332 πῶς
679 1302 726 1327 καὶ
753 1301 838 1327 αἴτιον
852 1300 898 1327 τὸν

51 1372 59 1377 ,
112 1345 176 1372 Υίὺν
195 1346 211 1380 ἡ
225 1346 272 1372 διὰ
291 1346 433 1381 κηρύττει,
447 1347 493 1373 καὶ
510 1347 542 1373 ἐκ
559 1346 605 1373 τοῦ
624 1347 732 1381 Πατρὸς
746 1346 898 1380 ἐπάγεσθαι

109 1392 192 1417 τοῦτο
199 1392 252 1418 οὐκ
266 1392 494 1427 ἀποκρύπτεται,

149 1436 190 1463 ιδ’.
217 1437 319 1464 Τούτου
347 1438 428 1473 χάριν
451 1438 498 1464 καὶ
522 1437 588 1473 μίαν
606 1437 694 1464 αἰτίαν
716 1437 761 1464 τὸν
788 1437 898 1473 Πατέρα

112 1483 217 1519 φαμὲν,
232 1484 279 1511 καὶ
293 1484 383 1519 πηγὴν
400 1484 475 1519 μίαν,
494 1485 540 1511 καὶ
563 1484 657 1519 ὥσπερ
675 1484 708 1511 ἂν
723 1484 751 1511 ετ
772 1492 814 1516 τις
829 1484 896 1520 φαίη

111 1530 180 1566 μίαν
195 1530 242 1557 καὶ
257 1531 343 1565 μόνην
357 1532 464 1562 ἀκτῖνος
480 1530 526 1557 καὶ
543 1531 631 1565 φωτὸς
647 1530 739 1565 πηγὴν
748 1530 794 1557 τὸν
809 1530 895 1573 ἥλιον,
912 1544 933 1573 c

110 1576 143 1602 οὐ
158 1575 323 1611 ψευδᾶμενον
339 1574 526 1609 ἀπελέγξομεν
535 1583 542 1590 ·
557 1574 618 1601 οὐδὲ
632 1574 676 1601 διὰ
686 1574 765 1600 τοῦτο
778 1574 815 1614 μὴ
828 1571 898 1600 εἷναι

110 1621 143 1647 τὺ
166 1620 226 1654 φῶς
248 1622 296 1648 καὶ
318 1622 350 1646 ὲκ
364 1620 413 1655 τῆς
431 1621 539 1651 ἀκτῖνος
554 1621 699 1655 νοήσομεν.
721 1618 791 1645 Ἀλλ’
806 1619 848 1646 ὅτι
867 1619 900 1645 ἐκ

110 1666 159 1693 τοῦ
175 1666 251 1702 ἡλίου
266 1668 281 1700 ἠ
299 1667 377 1697 ἀκτὶς
392 1664 459 1693 οὖσα
476 1666 581 1693 ἐκεῖθεν
597 1666 741 1700 ἐπάγεται,
760 1664 850 1691 καὶτὸ
866 1664 900 1691 δι’

111 1713 200 1747 αὐτῆς
214 1715 339 1747 προϊέναι
351 1713 381 1739 τὸ
392 1712 460 1747 φῶς,
475 1712 520 1739 διὰ
535 1712 615 1739 τοῦτο
637 1713 729 1747 πηγὴν
745 1713 791 1738 καὶ
809 1711 900 1738 αἰτίαν

111 1760 158 1786 τὸν
188 1760 262 1795 ἥλιον
290 1759 393 1795 κυρίως
418 1759 564 1794 νοήσομεν.
599 1758 680 1785 Ἀλλὰ
709 1758 756 1785 καὶ
779 1758 825 1786 διὰ
850 1758 900 1792 τῆς

111 1807 223 1839 ἀκτῖνος
244 1806 406 1842 προχεῖσθαι
423 1807 502 1840 φύσει
520 1806 550 1832 τὸ
567 1806 624 1840 φῶς
637 1806 687 1832 οὐκ
711 1805 898 1840 ἀρνησόμεθα.

112 1853 165 1880 To;
181 1853 262 1879 αὐτὸν
276 1853 377 1889 τρόπον
398 1853 445 1879 καὶ
461 1853 507 1879 ἐπὶ
519 1852 569 1886 τῆς
581 1852 696 1887 Τριάδος
707 1858 714 1866 '
730 1852 756 1878 εἴ
774 1860 816 1881 τις
835 1851 900 1886 μίαν

111 1899 216 1934 πηγὴν,
230 1900 278 1925 καὶ
292 1899 358 1934 μίαν
375 1899 466 1926 αἰτίαν
481 1898 528 1925 τὸν
542 1899 651 1933 Πατέρα
666 1896 731 1923 Υἱοῦ
746 1897 792 1923 καὶ
816 1897 901 1923 Πνεύ-

114 1953 199 1980 ματος
212 1945 287 1981 ετπῃ,
303 1945 333 1971 τὸ
349 1946 395 1971 καὶ
409 1946 441 1971 ἐκ
455 1943 502 1970 τοῦ
515 1943 582 1971 Υἱοῦ
594 1942 664 1970 εἶναι
679 1945 709 1969 τὸ
724 1942 837 1977 Πνεῦμα
850 1943 902 1969 οὐκ

112 1991 268 2024 ὰιαιρήσει.
286 1990 347 2016 Ὅτι
362 1990 391 2016 δὲ
402 1989 489 2017 ταῦτα
505 1988 591 2021 οὕτως
605 1989 674 2024 ἔχει,
691 1989 773 2016 ἄκουε
793 1989 840 2015 καὶ
853 1987 901 2014 τοῦ

112 2036 305 2070 παμμεγίστου
318 2035 560 2068 Βασιλείου,οῧτω
577 2035 681 2069 καὶτὸ,
695 2044 705 2061 ι
720 2034 826 2068 Οὐδεὶς
839 2033 902 2062 οἶδε

112 2081 171 2115 τὴν
186 2081 301 2116 ἡμέραν
325 2081 380 2108 τοῦ
402 2081 521 2114 τέλους,
546 2081 639 2117 φησὶν,
661 2082 689 2107 ει
709 2081 752 2115 μὴ
770 2083 787 2107 ὁ
801 2080 903 2115 Πατὴρ

109 2130 215 2165 μόνος,
231 2138 239 2154 ι
260 2129 317 2163 τὴν
334 2128 456 2162 πρώτην
469 2128 590 2161 εἴδησιν
604 2127 664 2154 τῶν
677 2135 710 2154 τε
723 2127 835 2160 ὄντων,
851 2127 903 2153 καὶ

112 2175 174 2202 τῶν
200 2174 355 2208 ἐσομένων
369 2174 419 2200 ἐπὶ
439 2174 493 2200 τὸν
514 2173 630 2207 Πατέρα
652 2173 821 2208 ἀνάγοντος
847 2173 902 2200 τοῦ

111 2221 192 2252 Υὶοῦ,
213 2220 263 2247 καὶ
286 2219 335 2246 διὰ
351 2219 474 2246 πάντων
497 2219 554 2254 τὴν
574 2219 695 2254 πρώτην
714 2219 815 2246 αἰτίαν
839 2218 901 2252 τοῖς
917 2230 940 2258 ι)

112 2267 280 2301 ἀνθρώποις
293 2266 559 2299 ὑποδεικνύοντος,
574 2265 713 2300 εἰρῆσθαι
731 2263 900 2300 νομίζομεν.

113 2315 167 2342 Kal
175 2314 270 2341 πάλιν·
279 2313 418 2341 τοιοῦτόν
432 2313 498 2340 ἐστι
512 2314 561 2340 καί
577 2313 622 2345 τὸ,
637 2322 646 2338 ‹
658 2312 764 2345 Οὐδεὶς
777 2311 839 2339 οῖδα
849 2312 903 2338 τὸν

117 2362 187 2388 flor
196 2361 221 2387 εὶ
233 2360 277 2395 μὴ
297 2359 433 2394 ὀΠατήρ,
448 2369 457 2386 ι
473 2358 551 2386 Οὐδὲ
568 2359 623 2393 γὰρ
632 2358 696 2385 ἐκεῖ
707 2359 832 2392 ἄγνοιαν
848 2357 902 2384 τοῦ

113 2408 288 2442 Ιινεύματος
311 2405 472 2440 κατηγορεῖ
490 2407 506 2433 ὀ
540 2405 617 2438 Υἱὸς,
640 2404 721 2432 ἀλλὰ
737 2404 842 2438 πρώτῳ
863 2403 902 2436 τῷ

113 2444 203 2487 Ιιατρὶ
220 2453 405 2488 ἐνυπάρχειν
434 2453 492 2486 τὴν
512 2451 627 2487 γνῶσιν
646 2450 700 2485 τῆς
721 2451 831 2478 ἑαυτοῦ
847 2451 902 2485 φύ-

112 2509 189 2533 σεως
201 2500 357 2534 μαρτυρεῖ.
386 2499 435 2526 Ἐκ
448 2498 513 2532 γοῦν
526 2498 629 2524 τούτων
649 2498 808 2532 ἐπίστησον,
825 2498 861 2528 ὡς
877 2497 905 2523 εἴ

113 2556 154 2579 τις
173 2548 246 2581 λέγει
265 2547 346 2582 μόνον
369 2546 454 2572 αῖτιον
478 2545 525 2571 τοῦ
544 2545 705 2579 Πνεύματος
718 2544 763 2570 τὸν
780 2544 900 2577 Πατέρα,

113 2595 163 2620 οὐκ
181 2594 326 2628 ἀναιρήσει
352 2592 382 2619 τὸ
404 2592 451 2619 καὶ
469 2592 500 2617 ἐκ
517 2591 564 2618 τοῦ
583 2591 649 2617 Υἱοῦ
675 2588 756 2618 εἷναι.
784 2590 822 2617 Τὸ
847 2591 902 2624 γὰρ

109 2640 206 2674 μόνος
231 2639 290 2673 τὴν
315 2638 438 2672 πρώτην
466 2639 567 2665 αἰτίαν
594 2636 795 2669 ῠποδεικνύει,
824 2636 901 2671 φησι.

114 2687 174 2719 Πῶς
195 2686 242 2713 οὖν
261 2686 290 2719 ἐξ
309 2685 412 2720 ἀμφοῖν
434 2684 585 2719 λεγομένου
600 2683 648 2710 τοῦ
667 2684 838 2718 Πνεύματοςν
855 2683 902 2709 καὶ

113 2734 144 2759 ὲκ
161 2733 265 2767 Πατρὸς
293 2731 327 2758 δι’
355 2731 431 2762 Υίοῦ,
449 2731 496 2757 καὶ
522 2730 586 2757 Υιοῦ
611 2729 736 2765 Πνεῦμα,
752 2730 904 2764 αμφιῦαλεϊ

114 2788 155 2810 τις
174 2779 243 2810 ὅλως
265 2778 328 2805 νοῦν
352 2778 421 2813 ἔχων
439 2778 469 2804 τὸ
493 2777 541 2803 καὶ
567 2777 598 2803 ἐκ
616 2776 663 2803 τοῦ
686 2775 752 2803 Υίοῦ
776 2773 846 2802 εἶναι
873 2775 903 2802 τὸ

115 2825 245 2860 Πνεῦμα;
274 2825 377 2852 Τούτου
414 2825 495 2860 χάριν
528 2825 575 2851 καὶ
600 2824 614 2850 ό
642 2823 713 2855 θεῖος
745 2822 901 2858 Κύριλλος,

115 2873 303 2907 ΙΙροκύπτειν
309 2871 377 2908 μὲν,
395 2871 523 2906 λέγει,τὸ
541 2869 663 2905 Πνεῦμα
676 2869 709 2897 ἐκ
724 2868 779 2903 τῆς
793 2869 902 2902 οὐσίας

949 935 1004 955 ron
1014 935 1077 955 eum
1095 928 1267 963 concipimus
1280 936 1295 955 a
1311 928 1392 956 Patre
1405 929 1550 963 discisum,
1567 937 1657 965 neque
1670 935 1738 958 tem-

950 981 1029 1008 pore,
1051 975 1223 1009 nequeloco,
1251 983 1349 1010 neque-
1367 975 1461 1010 aliquo
1491 977 1633 1011 quopiam,
1662 977 1736 1012 quod

946 1019 1086 1054 quispiam
1106 1019 1312 1056 imaginaretur,
1346 1021 1481 1049 secundas
1507 1022 1659 1056 ferentem,
1688 1024 1736 1050 sed

949 1067 1021 1100 quod
1033 1073 1202 1100 quaecunque
1219 1066 1312 1099 habet,
1327 1074 1341 1093 a
1358 1067 1439 1094 Patre
1468 1067 1562 1101 habet,
1591 1073 1620 1095 et
1644 1069 1735 1103 ipsum

948 1112 1031 1139 etiam
1045 1119 1115 1139 esse.
1131 1112 1170 1139 Ex
1187 1119 1220 1140 eo
1233 1112 1326 1147 itaque
1337 1113 1467 1147 Spiritus,
1493 1115 1540 1142 sed
1561 1122 1625 1142 eum
1662 1115 1737 1143 Patri

950 1157 1034 1185 refert
1047 1163 1211 1192 acceptum;
1229 1158 1346 1193 ideoque
1367 1167 1399 1186 ea:
1429 1160 1541 1194 proprie
1570 1161 1654 1193 Patri,
1684 1162 1736 1193 ipsi

949 1211 996 1237 per
1005 1204 1228 1237 attribuimus,ut
1242 1209 1271 1232 et
1283 1205 1401 1239 primum
1414 1206 1582 1238 innotescat,
1596 1212 1624 1234 et
1637 1215 1670 1234 es
1687 1207 1737 1235 l-‘i-

947 1249 987 1276 lio
1001 1256 1061 1276 esse
1076 1257 1131 1276 non
1147 1255 1280 1284 taceatur,
1297 1255 1324 1278 et
1340 1259 1373 1278 ex
1391 1251 1472 1279 Patre
1485 1252 1619 1287 Spiritum
1637 1262 1652 1281 a
1664 1254 1738 1282 Filio

949 1294 1030 1321 educi
1047 1302 1100 1322 non
1121 1297 1320 1331 supprimatur.
1350 1297 1433 1325 Vides
1459 1306 1514 1333 quo
1541 1305 1621 1334 pacto
1637 1309 1684 1337 per
1709 1307 1737 1329 rt

949 1340 1052 1368 Filium
1067 1348 1176 1368 causam
1196 1342 1330 1377 propalat,
1342 1348 1369 1371 et
1380 1351 1413 1371 ex
1431 1344 1510 1372 l’atrc
1526 1345 1659 1381 Spiritum
1670 1348 1738 1375 edn-

950 1386 975 1413 ci
990 1394 1045 1413 non
1057 1387 1173 1414 reticet?
1426 1391 1431 1394 ‘

987 1433 1031 1461 14.
1053 1432 1125 1462 Hinc
1144 1439 1172 1461 et
1190 1435 1296 1464 Patrem
1314 1446 1396 1466 unam
1427 1446 1537 1466 causam
1565 1439 1692 1474 dicimus,
1709 1447 1738 1468 et

950 1487 1035 1507 unum
1063 1481 1178 1514 fontem,
1198 1487 1225 1509 et
1240 1484 1487 1518 quemadmodum,
1508 1486 1531 1513 si
1548 1487 1611 1521 quis
1631 1488 1734 1515 dixerit

950 1534 1036 1554 unum
1053 1527 1198 1563 solumque
1213 1529 1282 1556 radii
1306 1535 1335 1558 et
1362 1531 1478 1558 luminis
1511 1532 1616 1560 fontem
1636 1534 1737 1566 solem,

950 1580 1014 1600 eum
1030 1580 1084 1601 non
1100 1574 1140 1601 uti
1159 1575 1338 1603 mentientem
1349 1604 1354 1608 ,
1366 1577 1572 1606 refutabimus:
1587 1587 1677 1614 neque
1693 1581 1733 1607 ob

950 1618 978 1645 id
995 1626 1028 1646 ex
1044 1620 1122 1647 radio
1136 1620 1228 1648 lumen
1237 1629 1301 1648 esse
1316 1629 1371 1649 non
1382 1623 1578 1658 percipiemns.
1597 1624 1651 1652 Sed
1663 1626 1737 1661 quod

950 1672 983 1692 ex
995 1665 1053 1693 sole
1067 1666 1161 1693 radius
1176 1674 1238 1693 cum
1259 1668 1316 1700 sit,
1332 1668 1397 1696 itide
1411 1677 1466 1697 una
1494 1671 1589 1702 trahit,
1607 1676 1636 1698 et
1661 1674 1736 1706 quod

949 1719 984 1739 ex
999 1712 1165 1747 ipsolumen
1185 1714 1321 1748 prosiliat.
1337 1714 1540 1751 Proptereaque
1571 1717 1675 1745 fontem
1703 1724 1732 1746 et

950 1765 1061 1785 causam
1077 1758 1164 1786 solum
1181 1759 1292 1794 proprie
1309 1760 1505 1796 intelligemu,
1522 1768 1549 1790 et
1562 1771 1612 1797 per
1628 1763 1737 1791 radium

951 1804 1115 1832 naturaliter
1132 1804 1235 1832 effundi
1254 1806 1359 1840 lumen,
1372 1815 1427 1834 non
1445 1810 1668 1843 pernegabimus.
1687 1811 1740 1837 Eo-

952 1850 1014 1877 dem
1031 1851 1113 1877 modo
1125 1855 1153 1878 et
1168 1851 1195 1878 in
1213 1851 1348 1880 Trinitate
1365 1853 1617 1888 philosophandum
1641 1861 1702 1888 est;
1716 1857 1739 1883 si

951 1897 1014 1930 quis
1028 1904 1113 1923 unum
1129 1897 1244 1930 fontem,
1265 1903 1295 1925 et
1313 1906 1396 1926 unam
1414 1907 1537 1933 causam,
1552 1900 1661 1928 Patrem
1679 1902 1740 1929 Filii

952 1946 980 1968 et
995 1941 1116 1977 Spiritus
1128 1945 1291 1976 asseruerit,
1307 1951 1340 1970 ex
1357 1943 1427 1971 Filio
1453 1945 1589 1979 Spiritum
1605 1954 1667 1974 esse
1686 1948 1738 1974 mi-

952 1987 1028 2014 nime
1043 1987 1177 2015 destruet.
1199 1989 1234 2015 Et
1256 1989 1313 2016 hmc
1333 1990 1370 2017 ita
1386 1997 1415 2017 se
1447 1990 1550 2018 habere
1578 1993 1678 2020 discito
1707 2003 1740 2022 ex

952 2034 1071 2060 maximo
1084 2034 1184 2062 Basilio
1198 2044 1206 2062 :
1222 2035 1268 2063 Sic
1277 2040 1302 2062 et
1313 2045 1322 2061 ι
1340 2035 1424 2064 Nemo
1439 2039 1510 2064 novit
1524 2040 1592 2066 diem
1606 2040 1679 2073 ﬁnis.
1691 2043 1741 2074 ait,

953 2080 1003 2106 nisi
1022 2079 1092 2106 solus
1110 2079 1204 2114 Pater,
1224 2090 1233 2107 ι
1251 2081 1365 2115 primum
1381 2090 1470 2109 rerum
1489 2089 1544 2110 tum
1558 2087 1739 2119 praesentium,

953 2130 1007 2152 tum
1024 2126 1179 2160 futurarum
1200 2128 1376 2162 cognitionem
1393 2129 1427 2155 ad
1445 2127 1555 2157 Patrem
1572 2130 1644 2158 Filia
1672 2133 1741 2167 refe-

953 2177 1036 2204 rente,
1051 2177 1075 2199 et
1091 2180 1138 2206 per
1161 2174 1254 2201 omnia
1269 2174 1383 2209 primum
1398 2183 1509 2204 causam
1531 2177 1679 2205 hominibus
1697 2180 1741 2206 in-

952 2217 1065 2251 dicante,
1081 2219 1180 2246 dictum
1193 2219 1247 2246 esse
1266 2221 1414 2254 opinemur.
1433 2222 1468 2250 Et
1484 2231 1589 2251 rursum
1605 2224 1692 2251 simile
1703 2231 1742 2252 est

954 2268 979 2290 et
994 2263 1062 2291 illud
1079 2272 1088 2291 :
1105 2273 1114 2290 ‹
1132 2264 1217 2292 Nemo
1233 2267 1303 2293 novit
1320 2266 1422 2295 Filium
1437 2270 1489 2296 nisi
1507 2269 1588 2298 Pater
1603 2279 1612 2303 ;
1633 2280 1642 2296 ι
1660 2279 1744 2307 neque

953 2310 1024 2336 enim
1040 2310 1077 2336 illi
1101 2311 1280 2345 ignorantiam
1297 2312 1413 2348 Spiritui
1444 2316 1576 2351 appingit,
1591 2317 1637 2343 sed
1657 2318 1744 2351 prima

953 2354 1031 2382 Patri
1044 2357 1218 2391 cognitionem
1242 2358 1316 2388 illius
1335 2359 1420 2386 inesse
1437 2366 1541 2388 natuita
1558 2366 1682 2390 testatur.
1710 2363 1744 2390 Et

953 2403 998 2430 his
1024 2403 1117 2438 itaque
1145 2409 1250 2432 attente
1279 2407 1436 2440 considera,
1466 2408 1576 2435 etiamsi
1604 2410 1741 2444 quispiam

953 2450 1065 2483 dixerit,
1093 2450 1182 2478 solum
1202 2451 1310 2480 Patrem
1340 2452 1462 2488 Spiritus
1496 2462 1608 2482 causam
1626 2464 1697 2487 esse,
1716 2463 1744 2485 et

952 2504 987 2524 ex
1001 2496 1071 2523 Filio
1084 2505 1147 2524 eum
1163 2505 1226 2525 esse
1243 2506 1300 2525 non
1326 2499 1536 2528 destructurum
1553 2510 1560 2528 :
1579 2501 1650 2528 Nam
1672 2503 1744 2530 solus

954 2543 1069 2577 primum
1082 2551 1191 2570 causam
1206 2544 1321 2577 indicat,
1337 2546 1386 2572 ait.
1403 2545 1528 2579 Quanam
1558 2547 1644 2582 igitur
1660 2549 1744 2575 ratio-

953 2595 1000 2620 ne,
1018 2595 1080 2614 cum
1102 2596 1136 2615 ex
1163 2593 1281 2624 utroque
1302 2590 1410 2618 dicatur
1427 2592 1559 2626 Spiritus,
1574 2592 1646 2620 etex
1663 2592 1744 2621 Patre

953 2643 1004 2671 per
1032 2635 1142 2669 Filium,
1176 2641 1205 2664 et
1237 2637 1298 2664 Filii
1328 2637 1458 2673 Spiritus,
1480 2639 1595 2667 haerebit
1628 2641 1743 2668 omnino

955 2681 1103 2716 quispiam,
1121 2682 1143 2709 si
1159 2683 1296 2717 sapientia
1314 2692 1370 2711 non
1384 2690 1488 2718 careat,
1506 2691 1534 2713 et
1550 2694 1582 2713 ex
1599 2684 1668 2714 Filio
1683 2687 1744 2722 Spi-

955 2732 1039 2756 ritum
1054 2729 1136 2756 essa?
1151 2729 1237 2765 llujus
1248 2730 1336 2765 gratia
1354 2737 1381 2758 et
1396 2731 1509 2760 divinus
1521 2733 1651 2768 Cyriltus,
1665 2733 1745 2760 Exsi-

955 2774 1014 2807 lire,
1031 2776 1078 2806 ait.
1096 2774 1225 2810 Spiritum
1241 2785 1275 2803 ea:
1287 2779 1402 2804 essentia
1425 2778 1474 2805 Dei
1490 2785 1513 2806 et
1525 2778 1627 2811 Patris,
1647 2781 1745 2816 eﬂ‘undi

954 2827 1014 2846 vero
1031 2820 1095 2852 illis,
1111 2821 1156 2855 qui
1178 2829 1238 2848 eum
1250 2830 1369 2858 excipere
1384 2824 1457 2859 digni
1470 2829 1542 2857 sunt.
1557 2834 1604 2860 per
1624 2826 1745 2859 Verbum,

955 2868 1071 2903 ejusdem
1087 2876 1146 2896 cum
1168 2877 1198 2897 eo
1213 2875 1329 2899 natum.
1362 2870 1482 2906 Spiritus
1496 2880 1561 2905 ergo
1594 2881 1628 2901 ex
1658 2874 1747 2901 Patris
