1916 3057
92 160 144 192 7.7

573 160 620 192 DE
637 160 896 191 PROCESSIONE
916 160 1096 191 SPlRl'l‘US
1115 159 1263 190 SANCTL

1671 160 1723 192 798

92 221 126 248 ἄν
149 228 190 251 τις
213 220 394 254 συναρμόσειε
416 219 446 246 τὸ
462 219 509 246 καὶ
532 219 621 246 αἴτιον
649 217 720 245 εἶναι
742 218 824 252 μόνον
836 218 883 245 τὸν

942 225 994 245 tam
1019 226 1079 246 esse
1094 218 1185 246 solum
1214 218 1338 249 Patrem,
1367 222 1451 253 atque
1468 217 1504 245 ob
1535 217 1561 245 id
1589 217 1723 253 Spiritum

94 265 216 301 Πατέρα,
230 266 278 292 καὶ
296 265 391 292 τούτου
408 266 489 301 χάριν
503 266 648 300 ὁμοούσιον
665 265 695 292 τὸ
716 264 828 299 Πνεῦμα
844 265 882 300 τῷ

94 313 162 348 Υιῷ,
176 313 217 339 ὅτι
238 313 346 347 πρόεισι
361 312 396 339 δι’
408 311 503 344 αὑτοῦ,
525 312 563 347 μὴ
577 311 684 339 τοιοῦτό
704 319 731 338 τι
751 310 883 346 σημαινό-

95 367 175 394 μενον
191 357 238 384 τοῦ
262 357 350 384 αἰτίου
373 350 531 393 λαμϐάνονς
555 357 702 393 Τέταρτον,
728 358 817 384 ἐκεῖνο
834 366 884 393 ση-

94 404 185 440 μειοῦ,
209 405 250 431 ὅτι
278 403 396 435 αἱωνίως
420 400 564 435 ἀπολύτως
587 404 636 431 καὶ
649 404 720 439 ὑπδρ
744 405 834 431 αἰτίαν
849 403 884 431 δι’

95 452 159 478 Υἱοῦ
171 451 200 477 τὸ
213 450 336 485 Πνεῦμα.
346 450 377 476 Εἰ
386 451 440 484 γὰρ
449 450 567 481 αἰωνίως
577 451 721 485 ὁμοούσιον
731 450 761 476 τὸ
771 450 883 485 Πνεῦμα

92 498 132 533 τῷ
150 497 216 532 Υἰῷ,
238 497 334 524 ἔστιδ’
360 496 516 531 ὀμοούσιον,
531 497 573 523 ὅτι
596 497 631 524 δι’
658 497 751 529 αὐτοῦ,
767 497 884 529 αἰωνίως

92 544 147 578 ἄρα
163 543 197 570 δι’
220 544 315 576 αὑτοῦ,
344 543 392 570 καὶ
408 543 438 569 οὐ
466 543 538 569 κατὰ
554 543 724 578 περίστασιν,
744 542 782 574 ὡς
805 542 885 577 ληρεῖ

93 590 201 621 Νεῖλος,
221 589 292 624 Πρὸς
316 589 422 620 τούτοις
439 590 522 616 πᾶσιν
539 589 628 615 ἐκεῖνό
651 598 680 615 σε
698 589 735 624 μὴ
752 589 883 624 διαφύγῃ,

91 636 105 663 ὃ
121 636 302 671 παρακατιὼν
317 637 331 662 ό
344 635 480 671 μακάριος
495 636 622 670 Μάξιμος
635 654 643 668 ,
657 634 713 662 Καὶ
728 631 812 663 οὗτοι
826 635 885 669 μὲν

92 683 204 716 ταῦτα,
234 683 329 717 φησὶν,
353 682 430 716 ὑπὲρ
461 679 506 709 ὧν
529 681 640 714 ἀδίκως
660 681 883 715 ἐνεκλήθησαν.

98 729 221 761 Ἀκούεις
237 728 298 756 τίνα
315 729 408 764 κρίσιν
431 729 502 756 κατὰ
519 729 647 763 Γραικῶν
660 728 792 763 ὲκφέρει;
815 728 884 755 Ἀδί-

93 785 161 808 κως,
192 776 287 810 φησὶν,
314 776 384 810 ὑπὲρ
411 776 514 802 τούτων
538 775 704 802 ἐνεκάλεσαν
733 775 796 806 τοὺς
814 774 884 800 Ῥω-

81 856 84 857 ν
93 822 191 857 μαίους
205 823 229 848 οῑ
245 822 294 856 τῆς
308 822 528 853 Κωνσταντίνου,
545 822 592 847 καὶ
606 821 656 855 οὐχ
671 822 684 847 ὁ
698 820 776 854 ἅγιος
790 820 883 854 μόνον,

935 263 1059 300 ejusdem
1075 268 1179 291 naturae
1194 271 1255 291 esse
1271 271 1335 291 cum
1350 263 1430 295 Filio,
1447 263 1521 298 quod
1537 264 1649 298 prosilit
1674 273 1724 299 per

936 309 1039 344 ipsum,
1056 316 1111 336 non
1131 309 1255 337 similem
1269 317 1360 337 causa:
1382 309 1569 344 signiﬁcatum
1598 317 1725 344 compre-

935 354 1061 382 hendens
1071 355 1083 381 ί
1095 354 1229 388 Quartum
1241 354 1311 382 illud
1327 355 1444 388 colloca,
1459 355 1534 390 quod
1562 355 1597 382 ab
1620 360 1726 383 atlcrno

935 401 1073 433 absolute,
1089 405 1117 429 et
1134 409 1217 435 supra
1233 409 1344 429 omnem
1360 409 1471 429 causam
1488 409 1537 436 per
1548 401 1648 429 Filium
1663 400 1725 435 Spi~

938 447 1009 475 ritus
1024 452 1077 475 est.
1102 448 1169 475 Nam
1186 448 1209 475 si
1227 447 1352 483 ejusdem
1374 451 1480 475 natura:
1509 452 1552 475 est
1569 454 1631 474 cum
1654 447 1726 474 Filio

937 494 1058 530 Spiritus
1073 494 1108 522 ab
1123 500 1240 528 aeterno,
1259 498 1342 522 etest
1361 494 1485 530 ejusdem
1516 499 1632 526 naturae,
1650 493 1723 528 quod

937 549 988 576 per
1004 542 1093 576 ipsum
1110 547 1164 569 est.
1181 542 1224 569 Ab
1239 546 1346 569 aeterno
1381 542 1466 576 igitur
1493 549 1542 576 per
1568 542 1669 575 ipsum,
1697 546 1726 568 et

936 595 992 615 non
1005 588 1160 616 secundum
1176 588 1428 621 circumstantiam,
1444 592 1474 616 ut
1491 588 1572 616 Nilus
1596 587 1725 615 blaterat.

938 635 1041 662 Praeter
1057 636 1114 662 haec
1129 636 1223 662 omnia
1241 635 1308 663 illud
1324 643 1434 670 quoque
1454 643 1488 663 ne
1502 640 1527 662 te
1539 635 1636 670 fugiat,
1652 633 1726 669 quod

936 681 1090 709 orationem
1104 689 1276 716 prosequens
1292 682 1388 710 beatus
1407 681 1542 709 Maximus
1557 681 1654 709 subdit
1669 689 1676 708 :
1690 681 1726 707 Et

936 728 978 754 hic
992 728 1097 762 quidem
1110 729 1176 760 haec,
1192 728 1240 760 ait,
1257 728 1288 754 de
1303 728 1398 760 quibus
1412 728 1511 762 injuste
1524 727 1642 754 accusati
1652 732 1726 754 sunt.

936 774 1023 801 Audis
1038 782 1121 808 quam
1139 774 1186 802 ille
1215 774 1270 801 fert
1286 774 1314 802 in
1331 774 1442 803 Graecos
1461 774 1651 802 sententiam?
1681 774 1724 799 In-

933 821 1019 856 juste,
1028 821 1077 854 ait,
1090 821 1123 848 de
1133 820 1176 848 his
1185 821 1323 849 Romanos
1338 821 1476 849 criminati
1490 826 1556 849 sunt
1569 822 1644 849 cives
1655 821 1728 850 Con-

91 869 161 896 ἀλλὰ
190 869 239 896 καὶ
265 868 344 895 αὐτοὶ
371 868 397 895 οἰ
420 868 618 900 ἐγκαλέσαντες
642 866 803 898 πεισθέντες
829 868 885 898 τοῖς

942 866 1200 901 itantiuopolitani;
1217 873 1307 901 neque
1324 871 1437 894 sanctus
1458 867 1645 899 solummodo,
1675 867 1725 894 sed

97 915 258 950 Ῥωμαιοις.
280 915 417 958 Ὕστερον
432 915 486 949 γὰρ
501 915 533 942 οὐ
554 914 645 950 μικρῷ
667 915 698 942 τὸ
716 915 818 951 σχίσμα
835 913 882 940 τοῦ

942 914 954 940 ιὶ
970 914 1021 948 ipsi
1039 913 1122 941 etiam
1136 914 1181 948 qui
1198 913 1338 940 criminati
1351 908 1474 946 fuerant,
1493 921 1509 941 a
1523 914 1654 941 Romanis
1665 921 1726 949 per-

92 962 166 989 θείου
190 961 329 996 Μαξίμου.
356 961 475 995 Λέγουσι
497 961 526 988 δὲ
548 962 573 987 οἱ
595 961 725 996 Ῥωμαῖοι
747 961 798 988 οὐκ
820 960 885 987 ἄλλο

93 1008 177 1043 μέχρι
195 1008 245 1041 τῆς
264 1009 397 1043 σήμερον,
412 1008 428 1043 ἢ
443 1008 512 1043 ὅπερ
535 1009 607 1041 τότε,
625 1008 680 1034 οὐδ’
702 1007 790 1039 ἄλλως
805 1006 886 1034 τοῦτο

91 1054 109 1089 ἢ
127 1054 164 1086 ὡς
183 1055 246 1082 τότε
263 1053 383 1081 νοοῦσιν.
405 1054 518 1086 Ἀδίκως
535 1055 589 1090 ἄρα
607 1054 659 1081 ὑπὸ
673 1055 754 1090 κριτῇ
768 1054 807 1089 τῷ
821 1053 885 1087 θείῳ

91 1101 214 1137 Μαξίμῳ
239 1102 286 1128 καὶ
312 1102 369 1133 τοῖς
393 1101 456 1128 τότε
483 1101 531 1128 καὶ
556 1102 677 1136 σήμερον
703 1099 885 1134 ἐγκαλοῦνται

92 1148 170 1185 παρὰ
181 1147 228 1175 σοῦ
247 1148 295 1175 καὶ
307 1147 363 1175 τῶν
379 1148 446 1175 σῶν.

133 1280 229 1313 ις¹.Εῐ
244 1279 272 1307 δὲ
291 1279 366 1314 λέγει
389 1278 487 1311 Νεῖλος
510 1278 551 1312 τὸ,
576 1278 660 1312 ἡμῖν,
686 1277 888 1313 προσκείμενον

94 1331 128 1364 τῇ
147 1328 178 1361 ἐξ
200 1327 267 1354 Υίοῦ
285 1326 364 1362 χύσει
379 1326 426 1353 τοῦ
443 1324 603 1360 Πνεῦματος
617 1324 667 1360 τὴν
688 1323 820 1358 δευτέραν
837 1332 887 1357 ση-

95 1375 203 1410 μαίνειν
231 1374 369 1410 πρόοδονν
389 1372 497 1407 πρῶτον
529 1371 578 1407 μὲν
605 1372 672 1399 ἵστω
701 1370 809 1402 πολλοῖς
832 1370 887 1396 τῶν

96 1423 183 1458 ᾲγίων
197 1421 324 1456 εἰρῆσθαι
339 1419 423 1455 χωρίς
435 1427 507 1450 τινος
525 1419 726 1454 περιστάσεως,
739 1417 887 1453 προσώπου

94 1467 178 1502 λέγω,
196 1466 213 1502 ἢ
229 1467 338 1502 χρόνου,
359 1466 376 1501 ἢ
394 1465 496 1497 αἰτίας,
512 1466 560 1492 καὶ
584 1464 639 1490 τῶν
654 1463 785 1490 τοιούτων
799 1463 890 1501 ἐκχεῖ-ν

96 1513 162 1540 σοαί
176 1521 206 1540 τε
234 1513 283 1540 καὶ
306 1511 504 1547 ἐκπορεύεσθαι
527 1511 561 1537 δι’
580 1510 645 1537 rio-3
662 1510 692 1536 τὸ
715 1509 837 1544 Πνεῦμα.
857 1510 887 1536 Ei

96 1561 124 1588 δὲ
145 1560 191 1587 καί
203 1569 259 1586 τισι
272 1559 301 1586 τὸ
317 1559 389 1593 ἡμῖν
409 1559 564 1594 πρόκειται,
587 1558 618 1585 οὐ
634 1557 702 1584 διότι
715 1557 783 1592 ἡμῖν
794 1558 808 1584 ό
823 1557 886 1588 Υἱὸς

97 1607 127 1634 τὸ
147 1605 259 1641 Πνεῦμα
274 1606 404 1641 πηγάςει,
426 1605 471 1632 διὰ
493 1604 572 1631 τοῦτο
588 1603 649 1631 οὐδὲ
668 1602 830 1640 προϐάλλει,
843 1603 888 1631 διὰ

97 1653 180 1681 τοῦτο
206 1653 251 1679 καὶ
268 1653 333 1687 ἡμῖν
361 1651 494 1687 πηγάζει.
513 1652 616 1678 ’Δκουε
639 1650 668 1677 δὲ
686 1650 734 1677 καὶ
749 1649 887 1685 Κυρίλλου

96 1701 127 1727 ὲν
142 1699 181 1735 τῷ
194 1699 261 1736 πρὸς
285 1698 398 1734 βασιλέα
413 1698 554 1725 Θεοδόσιον
569 1697 643 1732 λόγῳ
656 1705 663 1712 '
679 1696 722 1729 Τῷ
742 1696 806 1728 ἰδίῳ
826 1697 890 1723 λοι-

96 1748 133 1774 πε
140 1756 169 1779 r,
184 1747 261 1782 φησὶ,
278 1746 431 1781 καταχρίει
446 1747 606 1780 Πνεύματι,
631 1745 703 1779 ὅπερ
717 1745 822 1778 ἐνίησι
831 1744 890 1779 μὲν

96 1794 189 1826 αὐτὸς
214 1792 254 1826 ὥς
266 1793 301 1819 ἐκ
328 1792 402 1819 Θεοῦ
425 1791 542 1825 llatqu
567 1791 674 1826 Λόγος,
697 1790 747 1817 καὶ
762 1790 796 1822 ἐξ
812 1790 890 1823 ιδίας

95 1838 171 1874 ἡμῖν
195 1837 376 1871 ammirth
398 1837 530 1872 φύσεως.
548 1836 583 1863 Τὸ
605 1836 634 1862 δὲ
659 1837 690 1862 ὲκ
711 1835 760 1870 τῆς
781 1835 890 1868 φύσεως

98 1884 274 1921 πηγάζεσθαι
291 1885 339 1911 τοῦ
353 1885 430 1913 Υιοῦ,
447 1883 485 1915 ὡς
501 1883 551 1919 ἤδη
573 1882 721 1915 δέδεικται,
737 1881 812 1908 οὐδὲν
825 1880 890 1907 ἄλλο

98 1933 174 1960 ἐστὶν
189 1932 214 1958 ει
232 1931 271 1967 μὴ
293 1931 324 1958 τὸ
341 1933 373 1958 έκ
396 1933 446 1967 τῆς
460 1930 645 1957 ένυποστάτου
674 1929 783 1963 φύσεως
805 1927 890 1955 αὑτοῦ

99 1977 285 2014 πηγάζεσθαι.
307 1978 336 2003 Εἰ
353 1977 377 2004 δ’
393 1977 492 2009 οὕτως,
517 1976 622 2002 ἐκεῖθεν
650 1975 704 2010 ἄρα
720 1974 779 2009 ἔχει
798 1974 845 2000 καὶ
860 1973 891 2000 τδ

98 2023 183 2052 εἶναι.
206 2023 252 2056 Ἐξ
267 2021 304 2051 ὧν
329 2023 453 2057 εῦδηλον,
468 2023 492 2048 εἰ
513 2023 552 2057 μή
575 2030 627 2048 που
653 2020 725 2047 ἑκὼν
745 2019 890 2055 τυφλώττῃ

98 2080 152 2105 τις,
168 2071 209 2098 ὅτι
224 2071 294 2105 ἡμῖν
308 2069 427 2106 πηγάζει
442 2070 455 2096 ὸ
471 2069 533 2100 Υἱὸς
549 2068 579 2094 τὸ
597 2068 719 2102 Πνεῦμα.
738 2067 785 2093 καὶ
799 2066 834 2093 τὰ
845 2066 892 2094 τοῦ

98 2118 261 2151 Πνεύματος
277 2117 449 2151 χαρίσματα,
466 2115 537 2142 διότι
550 2114 582 2140 τδ
598 2114 627 2141 ὲν
653 2113 726 2148 ιδικῇ
742 2113 892 2140 ὑποστάσει

101 2163 215 2198 Πνεῦμα
230 2162 352 2197 φυσικῶς
368 2161 433 2196 παρ’
449 2160 543 2188 αὑτοῦ.
559 2160 598 2187 οὐ
612 2160 667 2194 γὰρ
678 2159 786 2191 ἕπεται,
801 2157 893 2189 καθὼς

99 2211 222 2246 εἴρηται,
241 2209 320 2243 εῖπερ
338 2209 370 2234 ἐκ
400 2207 448 2234 τοῦ
466 2207 531 2234 Υίοῦ
553 2207 588 2233 τὰ
609 2206 833 2247 τοῦῐΠνεύματος
852 2206 894 2240 ῥεῖ

902 1579 924 1609 C

937 959 1027 993 suasi;
1042 967 1104 986 nam
1120 967 1175 987 non
1196 959 1282 986 multo
1297 965 1359 994 post
1372 960 1460 987 divini
1482 960 1590 987 Maximi
1606 961 1725 989 scbisma

937 1009 1064 1032 exonum
1080 1009 1134 1032 est.
1152 1004 1237 1032 Aiunt
1266 1012 1349 1039 porro
1365 1005 1482 1033 Romani
1510 1006 1543 1032 ad
1564 1005 1640 1032 hunc
1653 1005 1726 1033 diem

937 1059 992 1078 non
1010 1051 1084 1078 aliud
1106 1059 1188 1086 quam
1213 1051 1285 1086 quod
1303 1055 1360 1078 tum
1378 1052 1521 1086 temporis,
1549 1060 1638 1086 neque
1655 1060 1729 1079 nunc

937 1098 994 1125 alio
1009 1097 1093 1124 modo
1117 1106 1198 1130 quam
1226 1103 1284 1125 tum
1310 1105 1368 1126 rem
1386 1099 1472 1134 ipsam
1499 1098 1668 1134 intelligunt.
1687 1099 1731 1126 ln-

936 1144 1010 1178 juste
1022 1143 1117 1178 igitur,
1129 1143 1233 1178 divino;
1248 1143 1366 1171 Maximo
1387 1144 1493 1179 judice,
1506 1149 1535 1171 et
1549 1145 1584 1171 ab
1601 1144 1729 1172 homini-

939 1190 990 1217 bus
1015 1198 1048 1217 eo
1064 1190 1115 1217 aevi
1132 1194 1160 1218 et
1191 1198 1266 1218 nune
1282 1190 1451 1224 viventibus,
1471 1195 1499 1218 et
1527 1198 1542 1217 a
1565 1195 1591 1217 te
1619 1192 1730 1226 tuisque

939 1242 1118 1265 accusantur.

976 1283 1017 1310 16.
1035 1283 1112 1316 Quod
1128 1284 1151 1311 si
1162 1284 1240 1312 Nilus
1253 1289 1369 1318 asserat,
1383 1284 1472 1318 Nobis,
1491 1285 1628 1313 adnexum
1646 1285 1732 1320 Spiri-

941 1333 985 1356 tus
1002 1329 1130 1357 eﬂ‘usioni
1148 1337 1182 1357 ex
1201 1330 1274 1358 Filio
1290 1332 1442 1359 secundum
1468 1340 1642 1368 progressum
1661 1333 1732 1360 indi-

939 1382 1002 1402 care
1021 1383 1028 1402 :
1043 1376 1111 1403 sciat
1129 1377 1247 1410 primum
1263 1384 1278 1404 a
1293 1378 1431 1413 plerisque
1454 1379 1557 1406 sanctis
1568 1381 1732 1414 pronuntia-

941 1426 999 1449 tutn
1030 1421 1116 1450 fuisse
1147 1423 1252 1458 absque
1270 1424 1324 1451 ulla
1354 1425 1572 1458 circumstantia,
1596 1433 1730 1460 personm,

941 1468 1064 1502 inquam,
1077 1469 1220 1504 temporis,
1237 1477 1336 1502 causae,
1364 1475 1392 1497 et
1410 1470 1555 1504 similium,
1571 1471 1677 1499 eti‘undi
1706 1477 1732 1498 ιιι

941 1513 1094 1549 procedere
1106 1514 1239 1549 Spiritum
1258 1523 1306 1550 per
1319 1516 1432 1543 Filium.
1457 1515 1536 1550 Quod
1554 1517 1576 1544 si
1593 1517 1665 1552 apud
1683 1518 1733 1544 ali-

940 1567 1011 1595 quos
1025 1560 1091 1587 illud
1116 1561 1189 1587 nobis
1208 1561 1368 1595 apponitur,
1398 1568 1453 1588 non
1481 1566 1628 1596 propterea
1658 1563 1731 1597 quod

942 1605 1027 1633 Filius
1044 1605 1176 1641 Spiritum
1192 1606 1272 1634 nobis
1284 1608 1419 1634 scaturire
1429 1607 1505 1640 facit,
1523 1608 1584 1635 ideo
1600 1616 1653 1635 non
1669 1617 1734 1643 pro—

943 1651 1029 1684 ducit,
1042 1651 1090 1678 sed
1107 1652 1171 1686 quia
1183 1653 1322 1687 producit,
1335 1653 1397 1680 ideo
1412 1653 1492 1681 nobis
1506 1655 1641 1683 scaturire
1657 1655 1732 1683 facit.

940 1698 1053 1726 Audisis
1082 1698 1227 1735 Cyrillum,
1258 1699 1286 1727 in
1307 1699 1438 1728 Oratione
1468 1700 1502 1728 ad
1537 1701 1732 1736 imperatorem

941 1744 1128 1773 Theodosium
1152 1746 1320 1774 scribentem
1343 1755 1351 1774 :
1378 1747 1491 1784 Propria
1516 1749 1649 1785 deinceps,
1682 1751 1730 1782 ait.

940 1793 1045 1827 inungit
1062 1792 1175 1828 Spiritu,
1196 1802 1274 1828 quem
1292 1794 1348 1829 ipse
1373 1795 1469 1822 emittit
1485 1796 1563 1823 veluti
1581 1797 1628 1824 Dei
1645 1797 1733 1825 Patris

944 1837 1064 1870 Verbum,
1082 1845 1104 1865 et
1121 1846 1155 1865 ea:
1180 1847 1230 1866 tua
1250 1840 1325 1866 nobis
1345 1842 1478 1868 scaturire
1493 1842 1557 1876 facit
1573 1848 1683 1870 natura.
1699 1845 1734 1871 At

941 1891 975 1911 ex
995 1889 1092 1911 natura
1107 1884 1168 1912 Filii
1196 1886 1346 1916 scaturirc.
1365 1891 1394 1914 ut
1414 1894 1496 1922 supra
1507 1884 1732 1918 demonstratum

942 1934 995 1962 est,
1013 1929 1081 1957 nihil
1109 1931 1185 1958 aliud
1202 1937 1245 1960 est
1265 1933 1317 1960 nisi
1339 1941 1371 1961 ex
1388 1938 1486 1961 natura
1501 1935 1577 1962 illius
1591 1937 1621 1963 in
1649 1937 1738 1972 hypo-

943 1977 1008 2002 stasi
1027 1977 1174 2003 scalurire.
1191 1977 1219 2003 ld
1238 1978 1260 2004 si
1272 1978 1308 2005 ita
1324 1983 1376 2011 est,
1394 1979 1456 2006 inde
1477 1987 1541 2015 ergo
1558 1989 1671 2015 prorsus
1687 1983 1735 2010 ha~

943 2021 1001 2053 bet,
1021 2021 1092 2055 quod
1123 2021 1169 2049 sit.
1187 2021 1293 2055 Quibus
1322 2023 1383 2050 luce
1401 2024 1503 2051 clarius
1531 2029 1583 2059 est,
1601 2027 1654 2054 nisi
1673 2023 1741 2062 quis

945 2068 1040 2094 volens
1059 2067 1199 2100 cacutiat,
1217 2069 1299 2095 nobis
1316 2068 1443 2096 emittere
1459 2069 1559 2097 Filium
1587 2070 1738 2106 Spiritum,

944 2119 973 2141 et
986 2113 1108 2149 Spiritus
1134 2121 1260 2146 munera,
1277 2115 1350 2150 quod
1369 2116 1491 2150 Spiritus
1509 2117 1546 2144 sit
1577 2118 1603 2145 in
1622 2119 1739 2154 speciali

945 2161 1086 2197 ltypOStasi
1104 2162 1268 2189 naturaliter
1281 2170 1312 2189 ex
1329 2163 1397 2198 ipso.
1407 2163 1502 2199 Neque
1513 2165 1586 2192 enim
1599 2167 1736 2201 sequitur,

947 2212 976 2235 ut
998 2207 1128 2240 diximus,
1142 2208 1164 2235 si
1181 2216 1214 2235 cx
1232 2208 1301 2236 Filio
1326 2208 1448 2247 Spiritus
1463 2218 1579 2239 munera
1609 2212 1740 2245 eflluunt,

99 2256 273 2291 χαρίσματα,
292 2254 372 2280 ἅτινα
388 2253 436 2279 καὶ
461 2252 593 2286 δευτέραν
607 2252 721 2286 πρόοδον
735 2251 811 2286 λέγει
827 2251 889 2278 Νεῖ-

946 2262 1007 2298 qua:
1021 2259 1049 2281 et
1065 2255 1218 2282 secundum
1235 2263 1411 2291 progressum
1430 2258 1534 2284 vocitat
1561 2258 1652 2292 Nilus,
1682 2268 1739 2287 non

101 2304 158 2334 λος,
179 2300 217 2336 μὴ
230 2299 382 2336 ὲκχείσθαι,
398 2299 458 2334 ἦτοι
474 2298 674 2333 ἐκπορεύεσθαι
693 2298 760 2332 παρ’
787 2298 892 2324 ἐκείνου

100 2349 131 2376 τὺ
147 2348 271 2382 Πνεῦμα.
299 2346 463 2373 Τοὺναντίον
486 2345 507 2371 δ’
522 2345 607 2376 aqua».
625 2344 719 2380 ἐπειδὴ
741 2344 807 2379 παρ’
821 2345 894 2371 ὲκεί-

100 2405 148 2422 νου
177 2394 358 2430 ἐκπορεύεται
372 2394 403 2420 τὸ
417 2392 539 2427 Πνεῦμα,
556 2391 622 2428 παρ’
645 2393 751 2420 ἐκείνου
767 2391 894 2428 χορηγεί-

102 2451 149 2469 ται
170 2443 216 2469 καὶ
240 2441 274 2468 τὰ
289 2441 459 2477 χαρίσματα,
484 2441 579 2467 καὶτὸ
604 2440 727 2475 φυσικῶς
752 2441 807 2475 ἄρα
828 2439 894 2475 παρ’

106 2490 212 2516 ἐκείνου
219 2488 396 2525 χορηγεῖσθαι
411 2487 529 2519 αἰωνίως
542 2488 600 2514 ἐστὶ
608 2486 798 2522 χορηγεῖσθαι,
808 2487 854 2513 καὶ
863 2486 893 2512 οὗ

104 2536 173 2570 πρός
186 2544 272 2567 τινας,
284 2535 300 2570 ἢ
313 2534 373 2561 κατ’
386 2535 488 2568 αἰτίαν,
497 2533 535 2565 ὡς
547 2533 644 2560 οἴεται·
656 2532 712 2559 ἀλλ’
722 2532 817 2567 ὥσπερ
827 2532 860 2558 ἂν
870 2532 897 2558 εί

102 2589 145 2613 τις
154 2582 213 2616 θείη
223 2582 332 2609 αἰώνιον
343 2579 413 2608 εἶναι
429 2581 476 2607 καὶ
490 2580 544 2616 πρὸ
559 2581 608 2615 τῆς
627 2580 744 2611 κτίσεως
753 2579 798 2606 τὸν
807 2579 895 2614 ἥλιον,

102 2624 137 2663 ἦν
156 2627 189 2655 ἃν
205 2628 252 2655 καὶ
268 2627 321 2662 πρὸ
332 2626 379 2653 τοῦ
396 2626 522 2660 γενέσθαι
536 2628 571 2652 τὰ
582 2626 673 2652 πάντα
691 2625 722 2653 τὸ
737 2626 795 2660 φῶς
810 2624 895 2652 αὑτοῦ

103 2673 149 2699 διὰ
164 2673 214 2707 τῆς
236 2674 345 2704 ἀκτῖνος
361 2672 514 2703 ἁπολύτως,
533 2672 580 2698 καὶ
600 2672 650 2707 οὐχ
668 2672 735 2706 ⁴ἡμῖν
749 2679 757 2687 '
773 2672 852 2707 ἡμῶν
867 2672 896 2698 δὲ

104 2719 269 2746 κτισθέντων
285 2718 419 2754 λάμψιιεν
431 2718 465 2745 ἂν
481 2719 527 2744 καὶ
540 2719 617 2754 ἡμῖν.
633 2718 714 2745 Οὕτω
727 2719 775 2746 καὶ
789 2719 836 2745 ἐπὶ
848 2718 896 2745 τοῦ

103 2765 232 2801 ἀληθινοῦ
263 2765 348 2801 ᾐλίου.
380 2764 503 2800 Πηγάζει
527 2765 578 2800 μὲν
601 2766 615 2792 ό
641 2765 705 2797 Υἱὸς
731 2765 849 2796 αιωνίως
865 2765 905 2800 τδη

106 2813 218 2849 Πνεῦμα
238 2814 275 2845 ὡς
293 2813 371 2845 ἴδιον,
385 2812 435 2847 τῆς
459 2813 576 2845 κτίσεως
597 2813 626 2839 δὲ
642 2813 790 2848 γενομένης
807 2812 897 2847 πηγά-

105 2859 146 2890 {st
173 2862 220 2887 καὶ
234 2861 267 2895 τῇ
284 2860 382 2887 κτίσει.
400 2859 446 2892 Ἐξ
470 2859 555 2886 αὐτοῦ
584 2859 647 2895 γὰρ,
664 2860 680 2895 ῆ
708 2860 743 2886 δι’
766 2859 849 2886 αὑτοῦ
866 2859 896 2886 ὃν

105 2908 217 2941 φωτίζει
245 2909 320 2944 ἡμᾶς
339 2907 369 2935 τδ
396 2907 489 2943 νοερὸν
511 2907 579 2941 φῶς.
605 2908 658 2934 Καὶ
677 2906 750 2935 οὕτω
764 2907 895 2942 δευτέραν

948 2301 1051 2329 etiundi
1065 2309 1154 2336 neque
1164 2302 1312 2338 procedere
1328 2311 1362 2330 ex
1376 2311 1407 2330 ea
1420 2303 1563 2339 Spiritum.
1579 2306 1636 2333 [mo
1649 2311 1739 2334 totum

947 2347 1124 2381 oppositum;
1143 2354 1204 2374 cum
1221 2355 1256 2374 ex
1285 2355 1318 2376 eo
1334 2348 1454 2384 Spiritus
1481 2351 1624 2386 procedat,
1643 2359 1676 2380 ex
1705 2360 1740 2379 eo

947 2393 1159 2427 suppeditantur
1174 2398 1202 2421 et
1219 2402 1348 2427 munera;
1367 2400 1394 2422 et
1412 2397 1576 2425 naturaliter
1590 2398 1675 2432 igitur
1702 2400 1740 2426 ab

948 2439 995 2468 illo
1013 2440 1195 2476 suppeditari,
1210 2441 1245 2468 ab
1262 2447 1367 2470 azterno
1383 2448 1425 2470 est
1439 2444 1622 2479 suppeditari,
1638 2450 1665 2474 et
1683 2455 1738 2473 non

948 2487 981 2514 ad
998 2488 1116 2522 aliquos,
1135 2493 1182 2516 aut
1206 2489 1358 2521 secundum
1375 2497 1499 2525 causam,
1527 2497 1559 2519 ut
1587 2492 1740 2528 opinatur;

948 2535 995 2562 sed
1011 2534 1126 2562 sicut—si
1145 2535 1207 2570 quis
1224 2535 1259 2563 ab
1275 2539 1379 2563 :eterno
1395 2544 1467 2568 esse.
1482 2543 1511 2565 et
1527 2543 1592 2566 ante
1619 2541 1739 2567 creati0<

950 2589 1012 2609 nem
1027 2581 1116 2616 ipsum
1135 2582 1222 2609 solem
1244 2583 1379 2617 posuerit,
1401 2588 1476 2611 esset
1493 2584 1598 2619 utique,
1617 2590 1645 2612 et
1662 2590 1742 2613 ante—

948 2635 1030 2663 quam
1040 2633 1130 2655 creata
1142 2628 1258 2655 fuissent
1269 2629 1360 2656 omnia
1369 2629 1462 2656 lumen
1474 2630 1561 2664 ipsius
1572 2637 1621 2665 per
1631 2631 1741 2659 radium

949 2674 1087 2706 absolute,
1103 2679 1130 2702 et
1161 2683 1216 2702 non
1247 2675 1345 2708 nobis;
1376 2676 1456 2702 nobis
1482 2683 1547 2703 vero
1564 2677 1742 2711 postmodum

948 2723 1060 2754 creatis,
1080 2721 1173 2749 lumen
1194 2723 1277 2749 etiam
1305 2722 1385 2749 nobis
1405 2722 1580 2756 praebuisset.
1598 2722 1643 2750 Sic
1665 2724 1742 2752 etde

949 2772 1016 2794 vero
1038 2767 1095 2794 sole
1124 2767 1343 2795 ratiocinandum
1372 2773 1426 2796 est.
1454 2768 1562 2796 Emittit
1592 2769 1678 2797 Filius
1706 2772 1743 2798 att

948 2820 1052 2842 :eterno
1071 2815 1205 2849 Spiritum
1230 2815 1314 2843 veluti
1346 2823 1441 2849 suum,
1468 2816 1515 2842 ubi
1545 2824 1611 2844 vero
1637 2818 1743 2845 στολιίο

948 2861 1075 2888 absoluta
1092 2867 1143 2893 est,
1161 2863 1262 2890 emittit
1277 2863 1359 2890 etiam
1378 2867 1520 2889 creaturae.
1538 2862 1577 2890 Ex
1593 2863 1653 2898 ipso
1666 2865 1741 2890 enim

946 2908 1097 2942 exsistcns,
1113 2914 1160 2936 aut
1181 2917 1229 2944 per
1241 2909 1330 2944 ipsum
1346 2908 1482 2936 illuminat
1497 2917 1548 2937 nos
1560 2909 1742 2938 intellectuali
