1916 3057
164 132 219 163 τω

761 122 925 154 GEORGII
945 121 1207 153 TRAPEZUNTII

1751 116 1811 147 8οἃ

166 187 282 218 lumine,
296 185 392 213 ethoc
410 187 489 218 pacto
504 181 658 210 secundum
676 187 853 216 progressum
882 187 970 211 nuny

1025 179 1058 205 ,ὲν
1072 177 1187 214 πρόοδον
1203 176 1322 212 λέγομεν
1343 175 1388 202 τὸν
1405 176 1438 203 ὲκ
1452 174 1500 202 τοῦ
1529 173 1636 209 Πατρδς
1652 172 1813 207 γενόμενον

165 240 298 269 cupamus
309 238 382 264 eam.
398 237 458 265 quae
469 237 503 257 ex
528 228 609 256 Patre
626 227 716 263 dignis
733 226 900 254 illuminatio
917 226 959 258 llt,

166 278 224 305 sive
243 276 310 312 quid
325 280 461 306 creatum.
481 274 541 301 sive
569 273 737 303 iucreatum.
753 271 811 299 sive
828 279 889 298 eam
918 271 960 306 ip-

167 329 237 354 sam.
251 321 310 348 sive
327 320 393 355 quid
404 319 480 346 aliud
494 327 529 346 ex
543 318 634 345 divina
646 317 766 345 essentia
779 323 961 352 promanans,

167 369 239 396 hanc
253 366 482 394 illuminationem
499 365 636 400 quispiam
661 363 870 391 existimaverit.
905 362 960 390 Ne-

119 412 121 414 ’
167 422 221 449 que
236 414 309 441 enim
322 413 351 440 in
375 412 504 448 praesenti
535 411 616 438 alicui
651 410 870 438 controversiam
896 417 963 436 con-

168 466 246 488 struo
259 481 265 493 ,
283 467 319 487 ne
330 464 408 487 extra
422 466 536 493 scopum
549 457 710 484 collineam.
726 456 828 483 Verum
837 463 852 482 a
861 455 964 482 sanctis

169 515 225 534 non
245 508 279 534 de
294 507 347 534 ista
376 505 536 540 operatione
567 511 725 531 sermonem
757 502 865 534 haberi,
899 509 962 528 cum

169 552 235 588 quid
264 552 353 580 simile
381 551 591 586 pronuntiatur,
607 549 656 577 sed
677 549 711 576 de
729 556 783 576 uua
819 547 964 575 Trinitatis

170 605 300 633 persona.
321 597 347 624 Id
360 604 470 631 quoque
485 604 542 629 prae
557 596 600 623 his
615 603 676 630 qua:
690 594 826 627 diximus,
840 593 964 621 addisci-

169 647 210 675 ιο,
229 642 303 678 quod
317 649 381 669 cum
394 642 558 668 illuminatio
571 642 630 680 lta:c_
643 640 692 668 toti
708 640 799 667 Tt'iadi
813 640 967 667 communis

171 690 222 722 sit,
233 696 373 723 nunquam
385 688 519 715 dixissent
536 688 609 715 illam
621 694 654 714 ex
667 687 748 714 Patre
759 694 808 721 per
817 686 916 713 Filium
927 685 967 713 ef-

171 736 260 770 l'undi,
277 740 325 763 aut
341 744 390 771 pro
406 735 475 767 redi,
491 735 540 762 sed
561 734 687 762 absolute
705 742 737 761 ex
754 734 848 761 divina
864 740 966 760 essen-

171 783 221 814 tia.
237 786 285 810 aut
298 782 424 809 absolute
440 789 474 809 ex
487 781 552 812 Deo,
566 780 608 808 vel
624 785 718 808 sancta
735 779 847 807 Triade.
864 779 896 806 Et
912 778 966 805 hoc

146 830 151 833 ‘
173 836 268 856 verum
283 835 345 856 esse
362 836 407 856 res
425 827 595 862 theologicas
611 831 732 854 tractans
746 825 828 869 simul
856 829 886 852 et
898 832 966 853 eon-

1012 226 1067 256 τοῖς
1082 224 1169 257 ἀξίοις
1183 224 1336 258 φωτισμὸν,
1355 224 1412 250 εἴτε
1437 221 1550 249 κτιστύν
1573 229 1611 252 τι,
1632 220 1648 254 ἢ
1664 219 1812 250 ἇκτιστον,

1011 272 1058 297 καὶ
1076 270 1126 296 εῐτ⁹
1147 270 1213 297 αὐτὸ
1236 269 1253 304 ἢ
1279 269 1344 296 ἄλλο
1367 270 1417 303 τῆς
1443 267 1519 299 θείας
1535 266 1630 298 οὐσίας
1658 266 1748 292 οῐεταὶ
1764 274 1814 297 τις

1011 315 1106 343 τοῦτον
1124 316 1170 342 τὸν
1188 315 1342 350 φωτισμόν.
1370 315 1408 342 οὐ
1424 313 1479 350 γὰρ
1501 313 1569 348 πρὸς
1588 313 1619 340 τὸ
1643 312 1732 347 πιρδν
1747 312 1813 339 δια-

1013 361 1146 397 φέρομαι.
1172 361 1218 388 ἵνα
1243 360 1280 396 μὴ
1295 359 1348 392 ἔξω
1376 359 1479 386 σκοποῦ
1504 359 1603 394 βάλλω.
1619 358 1680 384 Ὀτι
1696 358 1725 384 δὲ
1750 358 1814 388 τοῖς

1013 408 1102 441 ἁγίοις
1117 407 1149 434 οὐ
1167 407 1233 441 περὶ
1255 406 1359 441 ταύτης
1374 406 1425 440 τῆς
1441 405 1584 440 ἐνεργείας
1598 406 1612 432 ὁ
1633 405 1724 438 λόγος,
1741 404 1814 431 ὅταν

1013 463 1039 481 τι
1056 453 1166 481 τοιοῦτο
1183 453 1310 488 λέγηται,
1337 452 1406 480 ἀλλὰ
1420 453 1486 487 περὶ
1508 451 1556 479 τοῦ
1573 451 1633 483 ὲνδς
1658 451 1708 486 τῆς
1723 451 1815 486 Τριά-

1014 499 1071 532 δος,
1090 500 1180 526 έκεῖνο
1203 500 1273 536 πρὸς
1288 500 1344 531 τοῖς
1360 499 1480 535 λεχθεῖσι
1503 499 1613 533 κάτεχε,
1639 499 1680 525 ὅτι
1695 499 1709 525 ὀ
1723 507 1815 532 φωτι-

1016 546 1083 580 σμδς
1100 542 1179 578 οὗτος
1196 546 1284 577 κοινὸς
1299 545 1338 572 ὢν
1353 545 1402 580 τῆς
1417 545 1543 578 Τριάδος,
1561 545 1612 572 οὐκ
1627 544 1662 571 ἂν
1685 544 1812 578 ἐλέγετο,

1016 593 1048 619 ἐκ
1064 592 1170 628 [la-spe;
1184 592 1218 620 δι’
1235 592 1303 619 Υίοῦ
1329 592 1482 627 ὲκχεῖσθαι,
1499 592 1516 627 ἢ
1534 592 1732 627 προέρχεσθαι,
1750 590 1814 617 ἀλλ’

1017 640 1111 671 ἁπλῶς
1123 640 1156 667 ὲκ
1168 640 1219 674 τῆς
1237 639 1312 671 θείας
1327 640 1433 672 οὐσίας,
1446 640 1462 674 ἢ
1480 640 1576 671 ἁπλῶς
1591 640 1622 666 ἐκ
1637 638 1729 670 Θεοῦ,
1745 640 1762 675 ἢ
1778 641 1814 666 ἐκ

1017 687 1068 721 τῆς
1083 685 1164 720 ἁγίας
1178 686 1305 721 Τριὰδος.
1325 684 1388 712 ὀτι
1399 685 1427 712 δὲ
1452 685 1533 712 τοῦτο
1545 685 1657 720 ἀληθὲς,
1672 685 1813 719 θεολογῶν

1017 732 1086 767 ὁμοῦ
1104 733 1152 759 καὶ
1167 732 1276 766 ψάλλων
1294 732 1368 766 λέγει
1385 740 1426 758 σοι
1444 732 1458 758 ό
1472 733 1504 758 ix
1527 731 1674 766 Δαμασκοῦ
1691 739 1698 747 ³
1716 732 1813 759 Ἔθου

1018 777 1092 812 ἡμῖν
1102 778 1350 812 ἀκαταίσχυντον
1363 778 1500 812 πρέσϐυν
1517 778 1576 812 τὴν
1587 777 1625 804 σὲ
1645 777 1812 810 τεκοῦσαν,

1019 825 1140 859 Χριστὸν
1164 825 1276 858 ταύτης
1306 825 1371 858 ταῖς
1394 824 1573 857 ἐντεύξεων
1596 824 1685 851 ἵλεων
1707 824 1814 858 νέμοι(-

173 876 271 903 cinens
298 875 484 902 Damasceuus
498 873 598 901 edocet
614 881 621 900 :
643 863 763 899 Posuisti
780 872 866 904 nobis,
884 879 965 906 quam

1025 870 1090 905 ἡμῖν
1104 871 1236 904 Πνεῦμα,
1247 871 1445 907 μεταδοτικὸν
1455 871 1638 908 ἁγαᾷότητυς
1648 871 1683 897 ἐκ
1695 870 1814 904 Πατρός

173 930 225 949 non
238 921 354 956 pudebit,
370 919 578 955 deprecatrt'cem
590 918 639 951 tui,
655 918 770 950 Christe,
786 917 966 944 Genitricem:

173 967 253 1002 hujus
271 965 501 994 intercessionibus
518 965 662 999 propitium
688 964 761 992 nobis
777 965 853 990 trado
879 962 966 998 Spiri:

175 1018 231 1039 tum
245 1012 497 1039 communicativum
507 1012 631 1038 bonitatis
651 1019 683 1038 ea;
698 1011 778 1038 Putre
793 1018 840 1046 per
855 1014 880 1037 te
903 1017 965 1045 pro-

175 1059 351 1093 gredientem.
372 1057 413 1084 Ex
429 1057 522 1090 Patre,
542 1058 592 1089 ait,
612 1065 659 1092 per
674 1060 710 1089 te,
738 1055 903 1091 pronomine
933 1055 969 1083 de

175 1105 234 1132 sola
249 1103 393 1131 divinitate
419 1102 493 1133 Filii.
509 1102 614 1137 absque
643 1102 784 1138 Itypostasi
809 1102 968 1136 desumpta.

178 1150 212 1178 Et
226 1150 278 1177 Per
295 1154 320 1177 te
334 1150 442 1182 dicens,
462 1149 554 1176 Nilum
575 1156 621 1175 res
636 1148 744 1176 divinas
758 1147 876 1183 pessime
891 1147 971 1174 falso-

176 1204 230 1231 que
248 1200 418 1232 pertractare
433 1195 565 1227 ostendit,
579 1195 626 1230 qui
643 1194 754 1226 asserit,
772 1193 840 1222 Cum
855 1194 968 1221 Patrem

177 1243 303 1274 diximus,
318 1241 412 1269 Filium
427 1241 614 1276 intelligimus.
632 1240 722 1268 Nemo
736 1239 811 1267 enitn
842 1239 910 1267 illud
945 1244 970 1265 te

177 1290 210 1317 ad
229 1288 377 1316 notandam
399 1287 561 1315 relationem
580 1286 752 1322 pronuntiat.
772 1285 820 1313 sed
836 1291 863 1313 et
878 1285 968 1321 Spiri-

178 1341 236 1362 tum
256 1333 401 1362 Trinitatis
416 1341 511 1365 unum,
535 1341 591 1360 non
607 1332 796 1368 operationem
813 1331 969 1367 expressit;

179 1382 289 1409 bonitas
305 1380 443 1417 siquidem
473 1385 516 1407 est
531 1380 669 1415 operatio,
699 1384 727 1407 et
754 1379 870 1412 donum,
891 1379 971 1414 cujus

178 1427 427 1455 eommunicativus
439 1426 560 1461 Spiritus
575 1433 717 1461 nunquam
734 1425 817 1453 luerit
832 1426 969 1460 operatio.

181 1475 260 1504 Esset
279 1481 397 1509 namque
413 1474 515 1501 donum
544 1473 808 1500 comtnunieativum
838 1472 914 1504 doni,
944 1477 972 1500 et

1018 917 1068 944 διὰ
1090 919 1149 946 σοῦ
1172 919 1404 953 προερχόμενον,
1428 919 1479 946 Ἕκ
1503 918 1631 954 Πατρός,
1656 919 1736 953 φησὶ,
1761 918 1814 945 διὰ

1019 966 1089 998 σοῦ,
1110 966 1161 1001 τῆς
1177 965 1363 1000 ,ἀντωνυμίας
1379 966 1426 993 ἐπὶ
1445 966 1528 1001 μόνης
1543 966 1594 1000 τῆς
1619 965 1813 992 ἁνυποστάτου

1020 1010 1149 1045 θεότητος
1161 1010 1210 1037 τοῦ
1222 1011 1288 1037 Υίοῦ
1300 1010 1522 1046 λαμϐανομένης.
1535 1010 1589 1038 Διὰ
1600 1010 1659 1038 σοῦ
1672 1011 1701 1037 δὲ
1713 1010 1814 1042 εἰπὼν,

1019 1053 1169 1089 tange-2M
1197 1057 1295 1084 Νεῖλον
1321 1057 1376 1084 τῶν
1400 1057 1481 1084 θείων
1505 1057 1758 1092 καταψευδόμενον.
1773 1057 1815 1088 ὡς

1020 1103 1073 1138 ἄρα
1090 1104 1120 1130 τὸ
1135 1103 1169 1130 δι’
1195 1103 1261 1130 Υἱοῦ
1292 1103 1408 1138 λέγοιτο,
1433 1103 1498 1132 Ὅτι
1522 1104 1639 1137 Πατέρα
1662 1104 1813 1136 διιόν-τες,

1025 1149 1094 1176 Υιὸν
1107 1149 1310 1184 έννοήσαμεν.
1330 1149 1424 1181 Οὐδεὶς
1444 1149 1498 1184 γὰρ
1516 1149 1548 1175 τδ
1559 1148 1617 1176 σοῦ
1635 1148 1690 1175 τῶν
1706 1149 1774 1184 πρός
1787 1157 1814 1175 τι

1020 1195 1106 1228 λέγει,
1120 1194 1189 1221 ἀλλά
1203 1195 1251 1221 καὶ
1265 1194 1379 1230 Πνεῦμα
1391 1195 1438 1221 τὸν
1453 1195 1500 1222 ἕνα
1512 1194 1561 1229 τῆς
1577 1194 1703 1230 Τριάδος.
1718 1195 1749 1221 οὑ
1763 1194 1815 1230 τὴν

1021 1240 1165 1275 ἐνέργειαν
1194 1241 1316 1276 εἴρηκεν.
1340 1240 1491 1277 ’Δγαθότης
1507 1242 1563 1276 γὰρ
1590 1243 1606 1277 ἡ
1623 1241 1748 1277 ἐνέργεια
1765 1242 1815 1268 καὶ

1022 1287 1038 1322 ὴ
1053 1289 1145 1323 χάρις,
1159 1285 1192 1323 ἦς
1205 1288 1235 1314 τὸ
1251 1287 1428 1322 μεταδοτιχθν
1444 1287 1559 1322 Πνεῦμα
1570 1287 1620 1314 οὐκ
1631 1287 1664 1314 ἂν
1677 1288 1719 1323 εἴη
1735 1289 1815 1322 ἐνέρ-

1021 1341 1094 1366 γεια.
1112 1333 1208 1360 Ἔσται
1235 1334 1289 1368 γὰρ
1313 1333 1396 1368 χάρις
1425 1333 1589 1369 μεταδοτικὴ
1611 1334 1735 1370 χάριτος,
1766 1335 1815 1361 καὶ

1022 1380 1148 1415 ἐνέργεια
1163 1380 1314 1415 ἐνεργείας,
1328 1381 1397 1415 ὅπερ
1415 1382 1461 1408 καὶ
1474 1381 1601 1416 ἐννοῆσαι
1619 1381 1813 1417 ἀνοητότατον.

1024 1427 1086 1452 Ἔτι
1106 1427 1137 1453 τὸ
1154 1427 1244 1461 ἵλεων,
1262 1428 1310 1454 καὶ
1326 1428 1451 1463 εὐμενὶς,
1467 1428 1515 1455 καὶ
1531 1428 1561 1455 τὸ
1576 1428 1681 1461 εὔνουν,
1698 1429 1746 1454 καὶ
1763 1429 1814 1455 ὅσα

1022 1473 1137 1500 τοιαῦτα
1155 1474 1211 1500 τῶν
1236 1473 1355 1509 ἑχόντων
1375 1475 1485 1510 θέλησιν
1509 1477 1714 1511 κατηγορεῖται,
1737 1476 1768 1502 Ἦ
1785 1475 1814 1503 δὲ

179 1521 304 1556 operatio
333 1520 514 1555 operationis,
542 1519 615 1554 quod
640 1524 668 1546 et
701 1519 796 1546 animo
821 1519 969 1554 concipere

1025 1519 1151 1554 ινέργεια
1172 1520 1222 1546 οὐκ
1239 1520 1295 1555 ἔχει
1316 1521 1438 1553 θέλησιν.
1462 1522 1520 1549 Οὐκ
1534 1521 1644 1558 εὔχεται
1664 1523 1719 1558 ἂρα
1733 1523 1814 1550 ἵλεων

178 1567 374 1605 stultiSsimum
395 1567 442 1594 sit.
459 1566 529 1593 Item
560 1565 721 1600 propitium.
748 1565 851 1598 lenem,
883 1565 970 1592 bene-

178 1614 271 1641 volum
284 1634 292 1647 ,
309 1618 338 1640 et
365 1613 467 1640 similia
487 1612 522 1639 de
541 1611 575 1638 iis
599 1612 646 1646 qui
681 1611 824 1638 voluntate
857 1610 970 1646 pollent,

179 1659 377 1695 prmdicantur.
396 1658 449 1685 Sed
479 1658 603 1693 operatio
622 1657 772 1685 voluntatis
790 1664 891 1691 expers
904 1662 946 1684 est
962 1665 970 1690 ',

181 1714 235 1733 non
254 1705 426 1740 supplicatur
443 1705 538 1739 igitur,
560 1708 590 1731 ut
616 1703 735 1739 propitia
767 1703 820 1731 sibi
845 1703 970 1738 operatio

180 1750 358 1778 exltibeatur.
377 1749 501 1784 Namque
517 1749 654 1777 dementis
679 1749 777 1780 luerit,
795 1749 829 1776 iis
843 1751 891 1783 qul
924 1757 972 1776 νυ-

182 1797 317 1824 luntatem
335 1804 387 1823 non
401 1795 513 1828 habent,
535 1796 615 1827 velle,
632 1795 744 1826 dedere.
757 1799 786 1822 et
799 1795 972 1829 potissimum

142 1879 147 1882 _
184 1843 207 1871 si
229 1850 274 1870 res
294 1842 461 1877 tlteologicas
477 1846 588 1871 tractat.
609 1843 644 1868 At
661 1841 705 1869 hic
717 1841 760 1868 vir
782 1845 810 1868 et
827 1841 974 1869 sanctitate

182 1895 211 1917 et
229 1890 368 1924 sapientia
382 1893 506 1924 νεα-εισι,
523 1888 600 1922 Quod
615 1888 639 1915 si
656 1887 806 1915 voluntatis
819 1893 973 1922 compotem

180 1943 244 1963 esse
259 1941 447 1971 operationem
463 1934 596 1970 opinaris,
612 1934 634 1961 si
651 1934 686 1961 ab
702 1933 823 1962 essentia
847 1941 902 1961 non
922 1933 975 1961 dif-

182 1983 246 2014 Ῑυι-ι,
260 1990 313 2009 una
328 1981 479 2016 eademque
503 1980 540 2008 sit
555 1979 789 2008 cutnvl’aracleto.
808 1979 840 2006 Et
856 1980 897 2007 sic
921 1979 975 2006 erit

184 2029 342 2057 l’aracletus
360 2036 408 2064 per
424 2028 522 2055 Filiqu
537 2036 544 2054 :
561 2032 590 2054 et
613 2027 666 2054 hoc
679 2031 734 2058 est.
748 2026 782 2054 de
806 2034 862 2061 quo
876 2026 975 2061 quaeri-

183 2080 238 2103 tur.
255 2075 334 2109 Quod
354 2075 377 2102 si
395 2075 469 2103 aliud
487 2073 553 2109 quid
585 2078 637 2106 est,
655 2079 683 2101 et
699 2073 865 2104 increatum.
883 2078 912 2100 et
928 2080 975 2100 vo-

182 2121 287 2147 luntate
306 2119 453 2151 munitum.
469 2119 491 2146 si
507 2119 560 2146 alia
577 2118 717 2147 voluntate
734 2118 862 2150 voluerit,
879 2121 907 2144 et
919 2125 974 2144 nou

182 2175 214 2194 ea
233 2166 292 2201 ipsa
311 2174 364 2200 qua
380 2165 502 2193 Trinitas
522 2164 592 2192 velle
610 2164 725 2198 dicitur,
740 2172 776 2192 en
803 2164 875 2192 Deus
902 2164 976 2191 alius

1023 1566 1099 1601 αὐτῷ
1121 1566 1171 1601 τὴν
1197 1566 1339 1602 ἐνέργειαν
1360 1568 1504 1604 νέμεσθαι.
1522 1569 1623 1604 Μωροῦ
1645 1570 1697 1604 γὰρ
1713 1570 1744 1596 τὸ
1755 1571 1814 1602 τοῖς

1024 1611 1062 1647 μὴ
1077 1611 1170 1647 ἔχουσι
1197 1612 1326 1648 βούλησιν
1354 1614 1385 1640 τὸ
1409 1614 1551 1650 βούλεσθαι
1582 1615 1742 1652 ἀπονέμειν,
1767 1617 1814 1643 καὶ

1023 1658 1108 1686 ταῦτα
1126 1659 1328 1693 θεολογοῦντος.
1349 1660 1379 1688 '0
1399 1661 1426 1688 δὲ
1446 1662 1494 1688 καὶ
1509 1661 1589 1696 ἅγιος
1602 1664 1649 1689 καὶ
1672 1664 1764 1696 σοφός.
1783 1664 1814 1690 lii

1024 1705 1052 1732 δὲ
1069 1704 1141 1739 ἔχειν
1160 1705 1288 1742 βούλησιν
1314 1707 1364 1742 τὴν
1381 1708 1522 1743 ἐνέργειαν
1549 1709 1692 1744 πιστεὺῃς,
1710 1710 1735 1736 ει
1763 1709 1813 1744 μὲν

1026 1751 1064 1785 μὴ
1080 1751 1205 1788 διαφέρει
1220 1753 1269 1787 τῆς
1291 1753 1395 1785 οὐσίας,
1412 1753 1452 1788 τῷ
1474 1753 1550 1789 αὺτῷ
1570 1754 1757 1782 λοιπὸν-ἔστω
1775 1755 1813 1790 τῷ

1026 1797 1210 1834 Παρακλήτῳ,
1231 1799 1286 1825 Καὶ
1310 1799 1386 1825 ἔσται
1401 1800 1415 1826 ὁ
1444 1800 1621 1835 Παράκλητος
1649 1802 1681 1827 ἐκ
1706 1801 1812 1836 Ιιατρδ;

1024 1843 1058 1869 δι’
1074 1844 1139 1870 Υἱοῦ
1152 1852 1160 1860 ·
1183 1845 1230 1871 καὶ
1243 1845 1324 1872 τοῦτό
1341 1846 1400 1872 ἐστι
1423 1846 1452 1872 τὸ
1468 1846 1647 1881 ζητούμενον.
1665 1848 1696 1874 Εἰ
1710 1848 1733 1874 δ’
1750 1849 1814 1876 ἄλλο

1025 1889 1074 1916 καὶ
1092 1890 1233 1924 ἄκτιστον,
1249 1892 1297 1918 καὶ
1322 1892 1384 1927 ἔχον
1398 1892 1428 1919 τὸ
1452 1892 1606 1927 βούλεσθαι,
1630 1893 1654 1920 εί
1679 1895 1730 1930 μὲν
1746 1896 1812 1931 ἄλλῃ

1026 1937 1135 1971 θελήσει
1149 1937 1231 1969 θέλει,
1247 1939 1296 1965 καὶ
1307 1940 1338 1965 οὐ
1353 1940 1386 1975 τῇ
1401 1940 1484 1975 αὐτῇ,
1536 1941 1551 1976 ἡ
1566 1941 1650 1976 Τριὰς
1667 1941 1755 1968 θέλειν
1769 1942 1812 1968 λέ-

1025 1991 1116 2017 γεται,
1134 1983 1190 2010 ἰδοὺ
1214 1984 1281 2016 Θεὸς
1307 1984 1398 2017 ἄλλος,
1417 1986 1465 2012 καὶ
1483 1986 1564 2021 φύσις
1584 1987 1650 2022 ἄλλη
1671 1988 1811 2016 ἁκτίστου.

1025 2029 1066 2056 Τὰ
1086 2030 1142 2064 γὰρ
1158 2029 1276 2065 διάφορα
1297 2030 1438 2066 θελήματα
1452 2032 1601 2068 διαφόρους
1616 2033 1713 2067 φύσεις
1738 2042 1813 2061 συνι-

1027 2075 1134 2101 στᾶσιν.
1154 2075 1184 2101 Ei
1200 2075 1229 2101 δὲ
1241 2077 1274 2110 τῇ
1296 2076 1378 2111 αὐτῇ,
1397 2076 1456 2107 πῶς
1473 2077 1557 2111 ἄλλος
1581 2079 1615 2105 τὰ
1631 2078 1685 2113 γὰρ
1700 2079 1740 2106 ἑνὶ
1769 2081 1812 2106 θε-

1026 2119 1129 2155 λήματι
1159 2122 1369 2156 συσφιγγόμενα
1385 2122 1434 2156 μιᾷ
1458 2123 1540 2157 φύσει
1569 2124 1722 2159 συνέχεται.
1737 2126 1768 2152 Et
1790 2126 1812 2152 δ’

1026 2165 1076 2192 οὐκ
1091 2165 1155 2192 ἄλλο
1171 2165 1272 2200 λέγοις,
1289 2166 1349 2192 ἀλλ’
1364 2166 1444 2194 ἄλλον
1461 2167 1511 2203 τὴν
1527 2168 1613 2204 αὐτὴν
1636 2169 1753 2205 ἔχουσαν
1769 2171 1812 2197 θέ-

182 2219 211 2240 et
228 2213 279 2240 alia
297 2213 411 2239 increati
438 2217 545 2239 natura.
565 2211 684 2239 Diversae
698 2211 801 2239 etenim
818 2211 970 2239 voluntates

1029 2212 1107 2246 λησιν
1123 2211 1173 2247 τὴν
1186 2212 1338 2247 ἐνέργειαν,
1354 2213 1431 2240 ἔσται
1445 2209 1563 2250 τετάρτη
1582 2216 1742 2248 ὑπόστασις.
1756 2217 1812 2244 Οὐκ

181 2259 307 2286 diversas
320 2263 434 2285 naturas
464 2258 584 2285 induunt
601 2267 607 2285 :
625 2257 647 2285 si
673 2265 706 2285 ea
732 2258 803 2292 ipsa,
831 2256 971 2292 quomodo

181 2304 347 2340 aliudiquae
363 2311 480 2339 namque
499 2312 552 2331 una
570 2303 711 2332 voluntate
726 2303 902 2338 colligantur,
917 2310 971 2330 una

182 2359 292 2387 quoque
303 2356 400 2379 natura
414 2351 602 2378 continentur.
617 2349 695 2383 Quod
709 2349 731 2377 si
743 2357 797 2377 non
811 2350 884 2377 aliud
895 2349 971 2377 dixe-

183 2398 222 2425 ris
242 2397 443 2433 operationem,
479 2398 527 2424 sed
555 2396 639 2423 alium
664 2396 790 2423 eamdem
822 2395 970 2423 habentem

183 2444 363 2475 voluntatem,
382 2444 434 2470 erit
447 2447 546 2477 quarta
571 2442 735 2478 llypostasis.
754 2441 814 2469 Non
836 2446 878 2468 est
903 2449 974 2476 prat~

183 2491 240 2517 dita
253 2497 318 2524 ergo
335 2489 475 2517 voluntate
487 2489 623 2523 operatio,
641 2487 689 2515 sed
706 2488 856 2523 propitium
876 2487 909 2514 de
939 2487 973 2515 iis

183 2537 230 2571 qui
258 2536 346 2563 modis
363 2535 492 2562 omnibus
522 2534 663 2561 voluntate
693 2537 838 2568 prmstant.
859 2532 972 2560 dicitur.

183 2586 269 2616 Quem
288 2590 354 2618 ergo
371 2585 483 2608 sanctus
498 2585 625 2616 precatur
642 2579 772 2606 bomtatis
785 2577 974 2605 couununica-

184 2635 271 2656 ttvum
285 2627 434 2664 propitium
463 2627 544 2654 nobis
557 2625 695 2657 exhiberi,
711 2632 781 2652 unus
811 2632 844 2651 ex
874 2623 974 2650 Triade

184 2681 236 2708 est,
267 2680 294 2703 et
315 2675 499 2711 progreditur,
536 2673 593 2700 sive
610 2672 734 2708 procedit
761 2679 794 2699 ex
819 2671 899 2698 Patre
926 2678 975 2706 per

185 2719 294 2752 Filium,
309 2728 366 2754 per,
383 2719 573 2754 pzmpositioue
589 2718 740 2744 naturalem
762 2717 923 2745 relationem
938 2716 976 2744 si-

185 2765 340 2799 gniﬁcante,
357 2767 450 2800 utjam
466 2766 685 2792 demonstratum
702 2769 754 2789 est.
777 2762 835 2790 lloc
863 2770 975 2797 quoque

184 2809 326 2844 Nyssenus
341 2811 513 2837 maniI‘eSIius
525 2811 641 2845 explicat
659 2819 665 2836 :
680 2809 887 2841 Illius,diccus,
905 2807 976 2843 quod

185 2863 218 2881 ex
235 2863 314 2882 causa
334 2861 382 2888 est,
403 2856 476 2883 aliud
491 2865 597 2884 rursum
621 2857 762 2884 discrimen
788 2855 975 2890 intelligimus.

1028 2259 1082 2294 ἄρα
1100 2259 1157 2293 εχει
1174 2258 1286 2294 θέλησιν
1299 2260 1315 2294 ὴ
1329 2260 1464 2295 ἐνέργεια,
1480 2261 1549 2288 ἀλλὰ
1563 2262 1594 2288 τὸ
1607 2262 1688 2290 ἵλεων
1702 2264 1814 2290 ἐπὶτῶν

1029 2303 1147 2338 ἑχόντων
1164 2304 1274 2338 θέλησιν
1292 2306 1411 2337 πάντως.
1435 2306 1468 2332 Ὃ
1484 2307 1631 2342 ἐπεύχεται
1653 2309 1708 2342 ἄρα
1734 2318 1814 2344 μετα-

1028 2350 1135 2377 δοτικὸν
1150 2350 1331 2386 ἁγαθὸτητος,
1354 2351 1468 2387 Πνεῦμα
1483 2352 1562 2380 ἵλεων
1576 2355 1641 2389 ἡμῖν
1656 2355 1787 2390 δίδοσθαι,
1802 2359 1815 2384 ό

1027 2393 1067 2427 εἷς
1081 2396 1130 2431 τῆς
1142 2396 1260 2430 Τριάδος
1275 2398 1344 2430 ἐστὶ,
1361 2399 1495 2433 πρόεισιν,
1512 2399 1571 2435 ἦτοι
1586 2401 1770 2437 ἐκπορεύεται
1783 2405 1814 2431 ὲκ

1029 2442 1135 2483 [ἰατρὸς
1149 2443 1185 2469 δι’
1212 2443 1290 2475 Υὶοῦ,
1308 2445 1357 2480 τῆς
1381 2444 1431 2471 διὰ
1447 2446 1605 2480 προθέσεως
1626 2449 1676 2483 τὴν
1699 2450 1815 2486 φυσικὴν

1029 2489 1121 2523 σχέσιν
1142 2489 1342 2525 σημαινούσης,
1358 2491 1395 2521 ὡς
1410 2491 1461 2526 ήδη
1476 2491 1621 2520 δέδεικται.
1646 2495 1700 2521 Καὶ
1715 2497 1728 2522 ό
1741 2496 1811 2523 Νύσ-

1030 2542 1079 2568 σης
1093 2534 1172 2561 τοῦτο
1186 2537 1355 2572 σαφέστερον
1371 2539 1454 2570 ποιεῖ,
1472 2537 1529 2565 Τοῦ
1552 2539 1586 2566 δὲ
1599 2539 1633 2567 ἐκ
1649 2541 1706 2576 τῆς
1721 2544 1815 2577 αἰτίας

1029 2579 1116 2612 ὄντος
1131 2581 1243 2615 ἄλλην,
1260 2581 1357 2616 λέγων,
1373 2583 1468 2610 πάλιν
1480 2584 1628 2619 διαφορὰν
1641 2587 1814 2623 ἐννοοῦμεν.

1031 2626 1067 2653 Τὸ
1078 2626 1137 2661 μὲν
1147 2628 1202 2661 τὰρ
1215 2629 1375 2663 προσεχῶς
1391 2631 1426 2658 ἐκ
1446 2631 1499 2658 τοῦ
1514 2632 1642 2666 πρώτου,
1658 2634 1692 2660 τὸ
1711 2634 1747 2662 δὲ
1770 2635 1817 2662 διὰ

1030 2672 1084 2700 τοῦ
1099 2674 1258 2708 προσεχώς
1273 2675 1305 2702 ἐκ
1322 2677 1378 2704 τοῦ
1392 2677 1522 2711 πρώτου.
1537 2680 1693 2715 Μακαρίζω
1711 2690 1758 2708 σου
1770 2686 1816 2718 τὴν

1031 2719 1133 2754 φωνὴν,
1162 2720 1238 2754 ἅγιε,
1265 2722 1306 2748 ὅτι
1325 2724 1360 2749 τὰ
1385 2724 1517 2758 πρόσωπα
1538 2724 1683 2760 διακρίνων
1715 2727 1816 2761 ἐδειξις

1032 2765 1126 2798 σαφῶς
1155 2766 1201 2792 τὶν
1234 2766 1272 2801 μὴ
1300 2767 1331 2794 τὸ
1355 2768 1478 2796 αιτιατὸν
1507 2770 1716 2807 ὑποδιαιροῠντα
1737 2775 1816 2800 δυάδα

1034 2812 1226 2846 παρεισάγειν,
1243 2815 1290 2840 καὶ
1305 2814 1346 2841 ὅτι
1364 2815 1394 2841 οὐ
1412 2817 1468 2848 τοῖς
1485 2818 1630 2852 συνήθεσιν
1648 2820 1758 2855 ἐχρήσω
1769 2822 1817 2858 ῥή-

1034 2864 1127 2890 μασιν,
1144 2857 1187 2885 ἵνα
1214 2859 1253 2895 μὴ
1272 2859 1385 2894 λέγοιεν,
1403 2861 1440 2893 ὡς
1455 2862 1506 2889 Διὰ
1531 2864 1619 2891 τοῦτο
1640 2864 1680 2892 δι’
1701 2867 1768 2894 Υἰοῦ
1785 2867 1817 2894 τὸ
