1916 3057
106 168 158 199 805

568 169 615 198 DE
636 168 893 203 PROCESSIONE
914 167 1092 197 SPIBlTUS
1111 166 1258 198 SANCTL

1680 165 1732 198 805

106 225 218 253 αὐτοῦ·
235 225 275 258 ὡς
298 225 316 258 -ἠ
334 225 467 258 ἐνέργεια
489 224 574 259 ἡμῶν
599 225 633 257 ἐξ
649 224 742 259 ἡμῶν,
769 225 787 257 ἢ
804 224 843 255 ὡς
865 223 898 249 τὸ

958 223 1013 250 :ole.
1031 223 1068 250 Ex
1091 223 1161 250 Filio
1183 229 1274 250 autem
1294 222 1414 258 Spiritus
1431 227 1479 250 aut
1492 230 1540 258 per
1557 222 1667 256 Filium,
1686 224 1734 252 sed

107 272 292 306 ἀπαύγασμα
317 271 369 297 τοῦ
385 271 478 304 ἡλίου
498 271 531 302 ἐξ
548 271 653 299 αὐτοῦ.
674 271 717 303 Ἐξ
739 270 803 296 Υἱοῦ
819 271 847 296 δὲ
863 270 892 296 τὶ)

109 318 232 352 Πνεῦμα,
248 317 308 351 ἦτοι
329 317 363 343 δι’
381 317 457 350 Υἱοῦ,
474 317 532 344 ἀλλ’
552 317 582 343 οὗ
607 316 823 352 δημιουργικῶς.
849 316 893 350 Τῷ

109 363 241 398 ἀφθάρτῳ
260 363 314 397 γὰρ
328 363 376 389 καὶ
387 363 561 397 ἀναλλοιὼτῳ
573 363 626 389 τῶν
639 362 893 397 δημιουργημάτων

108 411 261 445 διενήνοχεν
275 417 282 424 ·
300 409 356 435 ἀλλ’
372 409 432 436 οὐδὲ
457 410 636 444 γεννητικῶς,
658 410 688 435 οὐ
707 409 762 443 γὰρ
776 408 832 439 υἱὸξ
847 407 893 434 τοῦ

110 456 187 483 Tim}.
203 455 328 488 Φυσικῶς
341 456 395 491 ἄρα
409 455 438 488 ἐξ
451 452 575 490 αὑτῶ)ίῆ
591 455 626 481 δι’
640 454 734 482 αὑτοῦ.
750 455 804 480 Καὶ
816 454 895 479 τοῦτο

110 503 200 537 ῥητῶς
216 502 325 534 πολλοῖς
340 502 395 528 τῶν
411 502 496 535 ἁγίων
520 499 592 532 οἶδας
606 501 765 536 λεγόμενον.
792 499 830 526 Δι’
849 499 895 526 αὺ-

109 548 154 574 τοῦ
169 548 233 582 ἄρα,
251 548 288 579 ὡς
303 548 475 582 ἀπαύγασμα
487 549 518 574 ἐκ
530 548 577 574 τοῦ
594 548 682 582 ἡλίου.

147 591 190 619 ιθ’.
206 592 241 618 Σὺ
258 592 285 619 δέ
301 601 348 626 μοι
363 593 490 628 σημειοῦ,
511 593 557 619 καὶ
574 593 672 628 κάτεχε
692 593 832 626 ἀσφαλῶς,
849 600 896 618 πο-

111 639 202 672 σαχῶς
216 639 247 664 τὺ
265 639 296 665 ἐκ
313 648 395 670 τινος.
415 639 538 674 ,Καιρίαν
555 639 608 674 γὰρ
625 639 749 666 ἐντεῦθεν
764 639 813 674 τὴν
829 639 898 673 πλη-

109 684 161 718 γὴν
176 683 236 710 κατ’
255 684 357 718 ἀμφοῖν
378 684 434 710 τῶν
452 684 586 718 αἱρέσεων
603 684 730 719 ἐπιφέρει
749 683 875 717 Γραικοίς
888 690 896 698 ⁸

110 729 140 754 τὸ
155 729 204 763 μὲν
216 729 255 754 ὃτι
270 729 299 755 τὸ
316 729 439 763 φυσικῶς
454 729 485 756 ἐκ
502 738 573 760 τινος
587 727 657 756 εἶναι
680 729 710 761 ἐξ
724 728 807 755 αὑτοῦ
824 729 898 753 ἐστιν

110 773 140 799 οὐ
161 774 337 808 γεννητικῶς,
357 773 416 800 ἀλλ’
432 773 505 808 ἄλλῳ
521 773 614 808 τρόπῳ
640 773 785 808 ὑπάρξεως
797 780 803 788 ι
822 772 851 798 τὸ
870 771 899 797 δὲ

111 819 150 846 ὅτι
170 820 220 854 τῆς
246 821 386 855 ἐνεργείας
401 821 431 846 ἐκ
451 820 500 854 τῆς
525 819 600 850 Θείας
615 819 768 854 λεγομένης
793 818 897 849 οὐσίας,

112 867 159 892 καὶ
176 866 238 893 οὔτε
264 867 442 901 γεννητικῶς,
457 867 487 893 οὺ
503 866 556 901 γὰρ
581 866 655 897 Υἱὸς,
675 865 740 892 οὔτε
765 865 899 899 φυσικῶς,

111 913 142 938 οὐ
154 912 208 946 γᾴρ
224 912 336 948 Πνεῦμα
349 913 398 948 ἤδη
415 912 631 948 δημιουργικῶς.
649 912 719 947 Ἀρ]
732 912 756 938 εί
773 911 837 937 ἄλλο
851 913 901 946 τῆς

112 958 207 990 οὐσίας
222 959 295 984 ἐστὶν
316 959 332 993 ἡ
350 959 486 993 ἐνέργεια,
503 958 520 993 ἢ
537 958 588 984 οὐκ
608 957 695 988 ἄλλως
711 957 766 984 οὐδ’
784 957 902 992 ἀρκούν-

112 1012 165 1035 τως
180 1004 315 1035 ὰπέδωκε,
342 1004 471 1039 ποσαχῶς
486 1004 532 1030 ἐπὶ
554 1004 609 1034 τοῖς
630 1003 712 1035 θείοις
735 1004 764 1029 τὸ
782 1004 813 1029 ἔκ
830 1012 903 1035 τινος

113 1049 126 1074 6
140 1049 355 1084 οὐρανοφάντωρ
371 1049 524 1080 Βασίλειος.
548 1048 627 1075 Ἀλλὰ
649 1049 736 1075 τοῦτο
751 1049 801 1082 μὲν
821 1048 902 1075 ἄλλου

114 1095 221 1130 καιροῦ.
240 1095 312 1130 ΝυνὶΊ
324 1095 352 1121 δὲ
366 1095 395 1122 τὸ
417 1095 527 1130 πρῶτον
542 1095 700 1130 θεωρῶμεν.
722 1094 754 1121 Εἰ
770 1094 836 1129 γοῦν
855 1094 902 1120 καὶ

114 1143 150 1168 τὰ
164 1142 228 1176 περὶ
240 1141 291 1177 τὴν
306 1141 384 1174 τάξιν
402 1141 439 1177 μὴ
462 1141 565 1178 θελήσῃ
586 1150 627 1173 τις
643 1141 762 1171 ἀσεϐεῖν.
779 1142 825 1167 καὶ
840 1142 903 1172 τοὶς

114 1188 169 1214 τῶν
186 1187 272 1222 ἁγίων
283 1187 379 1222 λόγους
392 1187 429 1223 μὴ
444 1188 561 1217 ἀθετεῖν,
577 1187 676 1218 οἵτινες
697 1187 810 1221 Πνεῦμα
835 1187 902 1221 ἀλη-

114 1233 191 1265 θείας
207 1233 363 1265 ἀκούοντες,
384 1233 431 1259 καὶ
449 1233 561 1267 Πνεῦμα
587 1232 664 1265 Υἰοῦ,
683 1234 729 1258 καὶ
751 1233 793 1259 ὅτι
810 1233 842 1258 ὲκ
855 1232 903 1258 τοῦ

118 1278 183 1304 Υῐοῦ
199 1278 344 1313 λαμᾶάνει,
363 1278 427 1304 ῖδιον
451 1275 521 1303 εἶναι
537 1277 568 1303 τὺ
591 1276 705 1310 Πνεῦμα
722 1276 843 1307 ἔγνωσαν
856 1274 903 1301 τοῦ

117 1324 196 1356 Υἰοῦ,
212 1324 306 1359 ὥσπερ
323 1324 371 1350 καὶ
386 1323 434 1350 τοῦ
454 1323 570 1358 Πατρὺς,
587 1322 731 1356 ὁμολογεῖν
748 1322 788 1348 δεῖ
812 1322 861 1347 καὶ
875 1320 906 1354 ἐξ

115 1369 211 1401 αὑτοῦ,
227 1369 244 1403 ἢ
259 1369 294 1396 δι’
312 1369 394 1396 αὑτοῦ
414 1367 627 1403 ἐκπορεύεσθαι.
644 1367 740 1402 ὥσπερ
757 1368 805 1394 καὶ
828 1367 905 1402 παρὰ

115 1416 162 1443 τοῦ
176 1416 294 1451 Πατρός.
309 1416 340 1442 Εἰ
354 1416 383 1442 δὲ
395 1415 425 1443 ἰδ
439 1414 484 1441 τοῦ
498 1415 610 1449 Νύσσης
625 1413 774 1448 παράγεις,
794 1413 904 1440 Τούτου

117 1462 173 1496 γὰρ
186 1461 302 1493 ἕνεκεν,
318 1461 457 1494 λέγοντος,
474 1459 597 1494 Πνεῦμα
615 1459 767 1492 στόματος
782 1459 906 1492 εἴρηκεν

117 1509 133 1534 ὁ
150 1507 250 1539 Δαϐὶδ,
266 1507 316 1533 ἵνα
334 1505 391 1540 τὴν
407 1505 631 1539 ἑκπορευτικὴν
646 1505 779 1539 ιδιότητα
794 1504 833 1537 τῷ
848 1506 906 1531 Πα-

116 1552 162 1586 τρὶ
176 1553 260 1586 μόνῳ
277 1552 458 1585 προσοῦσαν
483 1550 670 1584 πιστώσηται
681 1559 688 1567 ·
704 1550 772 1578 ἀλλὰ.
798 1551 906 1585 πρῶτον

947 278 1002 296 non
1033 270 1114 296 modo
1138 269 1294 300 crcatiouis.
1322 270 1526 305 incorruptibili
1551 270 1625 297 enim
1651 275 1734 304 atque

949 316 1112 361 immu‘tabili
1127 323 1142 342 a
1156 316 1293 343 creaturis
1307 315 1476 343 discernitur
1495 325 1501 343 :
1523 316 1569 343 sed
1585 324 1675 351 neque
1687 324 1733 352 εσυ

948 362 1111 395 nerationis,
1124 370 1214 397 neque
1227 363 1300 389 enim
1315 368 1358 389 est
1372 362 1459 389 Filius
1470 363 1540 395 Filii,
1555 367 1661 390 naturae
1669 371 1735 397 ergo

947 414 981 434 ex
998 407 1067 440 ipso,
1081 409 1123 434 vel
1138 414 1185 441 per
1200 409 1306 442 ipsum;
1320 407 1402 442 idque
1414 415 1543 442 expresse
1566 415 1580 434 a
1598 407 1737 442 plerisque

949 454 1051 481 sanctis
1073 453 1203 481 Patribus
1225 454 1432 488 pronuntiatum
1465 455 1547 481 nosti.
1570 454 1621 482 Per
1648 454 1736 489 ipsum

951 499 1044 534 igitur,
1057 500 1290 534 quemadmodum
1307 499 1438 534 splendor
1456 507 1470 526 ιι
1491 500 1560 527 sole.

987 588 1030 615 ~19.
1056 587 1096 614 Tu
1124 594 1207 622 porro
1230 592 1335 620 notato,
1352 592 1502 623 tenetoque
1525 588 1648 621 iudubie,
1672 594 1739 622 quot

952 634 1040 661 modis
1053 633 1173 667 dicatur.
1191 634 1264 669 quod
1282 642 1315 661 ex
1328 635 1421 669 aliquo
1439 640 1491 662 est.
1511 635 1539 661 ld
1553 643 1672 668 namque
1690 635 1739 661 ad-

951 688 1049 708 versus
1067 685 1213 715 utramque
1236 681 1363 708 haeresim
1377 681 1480 709 Graecis
1493 682 1595 709 vulnus
1612 682 1741 716 impingit

952 726 1062 753 lethale.
1080 726 1214 758 Primum,
1230 727 1395 754 naturaliter
1407 735 1440 754 ex
1458 728 1550 762 aliquo
1565 735 1639 759 esse,
1652 737 1683 754 ex
1694 727 1741 754 illo

953 776 995 799 est
1010 780 1064 800 non
1077 773 1274 808 generationis,
1290 773 1338 800 sed
1356 773 1410 800 alio
1427 773 1556 808 quopiam
1571 774 1742 801 exsisteutiu:

954 817 1053 851 modo;
1081 818 1195 845 alterunt
1212 818 1382 852 operationis
1395 826 1428 845 ex
1448 819 1540 846 divina
1564 819 1695 852 essentia,
1714 824 1742 846 et

956 872 1008 890 non
1026 864 1106 890 modo
1123 864 1322 899 generationis,
1337 872 1426 898 neque
1440 865 1513 892 enim
1529 870 1571 892 est
1588 866 1684 897 Fiiius,
1695 873 1743 892 ne—

918 909 938 935 B
953 917 1007 944 que
1022 915 1138 942 naturae,
1155 918 1217 937 cum
1237 918 1291 937 non
1308 911 1345 938 sit
1368 910 1501 945 Spiritus,
1518 919 1609 946 neque
1625 911 1742 938 creatio~

955 956 1015 986 nis._
1027 956 1098 991 Ergo
1118 956 1140 982 si
1153 956 1226 982 aliud
1246 961 1290 984 est
1314 957 1348 983 ab
1369 957 1533 991 operatione
1548 959 1678 990 essentia,
1696 965 1744 985 aut

954 1009 1009 1028 non
1023 1005 1109 1032 recte,
1121 1006 1168 1028 aut
1183 1001 1349 1030 suﬂicienter
1365 1003 1488 1035 tradidit,
1511 1008 1579 1038 quot
1605 1004 1694 1031 modis
1715 1005 1743 1031 in
1778 1037 1780 1040 π

955 1047 1038 1074 rebus
1068 1047 1170 1075 divinis
1193 1056 1226 1075 ex
1244 1049 1334 1082 aliquo
1350 1057 1410 1076 esse
1432 1049 1552 1081 dicatur,
1578 1057 1742 1077 arcanorum

955 1092 1110 1119 caelestium
1133 1098 1221 1128 mysta
1248 1093 1373 1121 Basilius.
1401 1093 1454 1121 Sed
1470 1095 1522 1122 hoc
1536 1100 1663 1122 servetur
1690 1095 1744 1122 alio

956 1143 1089 1174 tempore.
1110 1139 1189 1166 Nunc
1206 1140 1326 1174 primum
1351 1141 1571 1169 consideremus.
1594 1142 1625 1169 Si
1651 1143 1744 1177 itaque

955 1188 1028 1213 circa
1045 1193 1077 1213 ea
1091 1193 1152 1220 qua:
1177 1186 1283 1213 ordinis
1299 1190 1373 1217 sunt,
1401 1186 1502 1222 impius
1525 1195 1585 1215 esse
1612 1196 1665 1215 non
1692 1189 1744 1221 vis,

956 1237 1170 1266 sanctorumque
1199 1232 1272 1260 dicta
1304 1232 1381 1259 irrita
1408 1233 1564 1268 infectaque
1592 1234 1744 1267 declarare.

956 1280 1005 1312 qui
1023 1278 1158 1312 Spiritum
1176 1278 1300 1305 veritatis
1311 1279 1467 1311 audientes,
1485 1285 1513 1307 et
1526 1279 1659 1314 Spiritum
1671 1281 1744 1314 Filii,

956 1326 984 1349 et
1002 1329 1034 1349 ex
1047 1322 1117 1349 Filio
1137 1322 1277 1357 accipere,
1295 1323 1437 1358 proprium
1454 1332 1515 1352 esse
1529 1325 1592 1353 Filii
1610 1326 1744 1360 Spiritum

956 1367 1149 1401 decreverunt,
1178 1369 1411 1403 quemadmodum
1436 1374 1464 1397 et
1478 1370 1584 1405 Patris,
1605 1372 1745 1400 fatendum

956 1421 1071 1448 prorsus
1093 1420 1147 1447 est,
1163 1419 1191 1442 et
1203 1422 1237 1442 ex
1262 1415 1332 1449 ipso.
1347 1420 1375 1442 et
1400 1424 1449 1451 per
1473 1417 1563 1452 ipsum
1586 1419 1745 1452 procedere.

958 1462 997 1488 uti
1026 1469 1059 1488 ex
1092 1461 1180 1488 Patre.
1209 1461 1311 1494 Quodsi
1348 1462 1463 1497 Nysseni
1493 1463 1595 1491 dictum
1624 1465 1746 1497 aderas.

958 1506 1047 1542 Hujus
1066 1506 1137 1533 enim
1161 1508 1259 1542 gratia,
1281 1508 1409 1540 dicentis,
1436 1508 1567 1544 Spiritum
1591 1511 1656 1544 oris,
1680 1512 1747 1538 dixit

957 1552 1061 1586 David,
1083 1557 1111 1579 tu
1148 1553 1339 1588 proprietatem
1369 1556 1527 1589 procedendi
1551 1556 1667 1590 faciendi
1697 1558 1747 1584 soli

117 1598 168 1633 μὲν
183 1598 275 1625 ἄδικον
290 1600 345 1629 τοῖς
359 1597 498 1629 πλείστοις
521 1598 576 1624 τῶν
595 1597 686 1632 ῥητῶν
706 1597 754 1623 καὶ
770 1597 904 1631 σαφεστέ-

1054 1579 1061 1586 ,
1148 1579 1153 1588 ,
1186 1579 1204 1588 ν,
1551 1579 1666 1590 ,--.-..π.
1697 1579 1747 1584 η..

962 1598 1036 1625 Patri
1052 1599 1222 1626 iri/terrentem
1256 1600 1437 1627 constabiliret
1454 1610 1461 1628 :
1477 1608 1540 1629 ante
1572 1603 1663 1629 omnia
1695 1604 1748 1630 mi-

117 1652 176 1679 ροις
198 1644 235 1678 μὴ
260 1643 417 1670 ἀκολουθεῖν
428 1652 434 1660 ·
454 1644 551 1670 ἔπειτα
566 1643 595 1670 δὲ
610 1644 658 1670 καὶ
679 1644 771 1679 μωρὸν
787 1643 826 1678 μὴ
842 1651 905 1669 συν-

119 1690 199 1722 ιέναι,
212 1691 265 1717 κᾶν
279 1690 344 1724 γοῦν
356 1690 385 1722 ὲε
395 1687 433 1718 ὧν
446 1691 475 1716 ὲν
486 1690 577 1721 ἄλλοις
597 1690 774 1724 ὲθεολόγησεν
788 1690 801 1716 ό
813 1689 905 1722 αὐτὸς,

117 1738 158 1765 ὅτι
174 1736 332 1772 διέφθαρται
354 1736 385 1763 τὸ
408 1737 502 1772 ῥητόν.
517 1735 563 1771 Τῷ
580 1736 633 1769 arpi
657 1736 712 1771 γὰρ
735 1735 811 1771 μόνῳ
826 1735 906 1769 λέγον

117 1784 147 1809 τὸ
164 1792 179 1818 ρ
198 1785 229 1809 ὲκ
246 1783 291 1809 τοῦ
307 1791 320 1809 ν
336 1783 516 1818 παρατραπὲν
543 1782 664 1815 ἐδέξατο,
677 1782 763 1808 Τοῦτο
784 1782 813 1807 δὲ
828 1781 907 1817 δῆλον

117 1830 159 1855 ὃτι
173 1830 223 1863 τὴν
239 1829 441 1864 ὲκπορευτικῆν
463 1828 586 1863 ἰδιότητα
600 1829 688 1859 οὐδεὶς
702 1828 756 1855 τῶν
771 1828 858 1862 ἁγίων
868 1828 912 1864 τῷ.

119 1875 208 1910 [la-:91
234 1875 397 1910 προσνέμων
414 1875 540 1910 εὓρηται,
561 1874 601 1909 τῷ
616 1874 643 1900 δὲ
670 1874 810 1908 [ιναύματι
833 1873 908 1900 πλεῖ-

119 1929 186 1947 στοι.
202 1920 238 1947 To
252 1921 306 1954 γὰρ
321 1920 537 1954 ἐκπορεύεσθαι
551 1920 626 1954 ῥῆμα
642 1919 691 1945 οὐκ
703 1919 733 1945 δν
744 1919 781 1949 ὡς
795 1918 825 1945 τδ
836 1925 909 1952 προ-

119 1967 242 2000 ὖὰλλον,
261 1969 308 1994 καὶ
323 1967 352 1993 τὸ
362 1966 570 2002 προϐάλλομαι
582 1987 590 1999 ,
607 1965 651 1992 ἵνα
664 1964 848 1999 ὲνεργητικῶς
866 1964 908 1990 λε-

118 2014 234 2048 γόμενον
244 2014 289 2039 καὶ
299 2012 468 2048 παθητικῶς,
480 2012 591 2043 ἐκείνως
601 2011 649 2046 μὲν
661 2010 701 2046 τῷ
710 2011 808 2045 Πατρὶ,
823 2010 909 2041 οὕτως

118 2060 147 2086 δὲ
166 2061 301 2095 προσήκει
321 2059 359 2094 τῷ
375 2059 527 2092 Πνεύματι,
543 2059 616 2089 ὅπως
631 2057 664 2084 ἂν
678 2056 849 2092 προφέρηται
862 2055 908 2082 τοῦ

121 2107 277 2139 Πνεύματος
299 2105 378 2140 μόνον
393 2105 469 2131 ἴδιον.
485 2104 521 2130 Τδ
537 2104 566 2130 δὲ
586 2102 774 2138 ἐκπορευτῶς
797 2102 845 2128 καὶ
861 2101 909 2127 ὲκ-

119 2145 304 2184 πορευτικῶς
320 2151 352 2176 ὲκ
374 2150 420 2176 τοῦ
442 2150 525 2176 αὑτοῦ
548 2151 673 2184 μοναχῶς
696 2148 846 2184 λεγομένου
862 2147 910 2183 ρή-

121 2204 207 2231 ματος
220 2195 267 2221 καὶ
278 2194 315 2229 τῷ
329 2194 468 2228 Πνεύματι
482 2194 561 2229 μόνον
572 2195 757 2230 προσήκοντος
767 2193 907 2228 παρήχθη.

957 1645 1031 1672 nime
1060 1653 1168 1680 aequum
1200 1645 1296 1680 fuerit,
1325 1648 1456 1683 majorem
1487 1652 1594 1682 partem
1625 1649 1748 1677 testimo—

959 1691 1080 1723 niorum,
1103 1699 1256 1727 eorumque
1271 1693 1466 1721 dilucidiorum
1491 1696 1639 1730 negligere.
1667 1696 1748 1723 Dein-

959 1745 1023 1772 ceps
1045 1738 1160 1765 stultum
1183 1744 1235 1771 est,
1259 1747 1313 1767 non
1344 1741 1487 1775 percipere
1506 1746 1604 1769 saltem
1633 1750 1666 1770 et
1687 1743 1749 1771 aliis

958 1779 1082 1819 ejusdem
1103 1785 1191 1813 Patris
1211 1786 1373 1821 theologicis
1386 1787 1477 1819 dictis,
1492 1787 1598 1816 dictum
1614 1790 1667 1817 hoc
1686 1797 1749 1817 esse

960 1836 1129 1865 corruptum.
1146 1831 1288 1865 Siquidem
1315 1832 1381 1859 dum
1404 1833 1470 1868 legit
1495 1836 1554 1868 πρὶ,
1573 1843 1586 1862 r
1602 1843 1634 1863 ex
1653 1844 1669 1863 n
1699 1837 1749 1864 im-

960 1881 1095 1903 mutatum
1120 1877 1241 1911 irrepsit,
1263 1883 1291 1905 et
1313 1886 1414 1906 nomen
1444 1879 1566 1914 Spiritus
1597 1883 1644 1909 πνὶ
1670 1883 1750 1911 Pater

960 1921 1114 1956 occupavit,
1141 1923 1254 1950 minima
1276 1923 1445 1953 inversione.
1462 1925 1548 1961 quue
1572 1929 1747 1956 manifestum

960 1972 1013 1999 est,
1032 1967 1105 2002 quod
1121 1968 1215 1996 nullus
1229 1977 1263 1996 ex
1275 1970 1405 1998 Patribus
1421 1973 1608 2005 processionis
1623 1976 1749 2009 proprie-

961 2016 1045 2040 tatem
1066 2013 1140 2040 Patri
1156 2014 1313 2042 attribuens
1329 2016 1494 2050 reperiatur,
1510 2022 1538 2044 at
1554 2018 1669 2053 Spiritui
1691 2021 1750 2055 plu-

961 2059 1034 2086 rimi.
1052 2058 1176 2094 Namque
1185 2060 1299 2087 verbum
1311 2061 1363 2089 lioc
1373 2062 1583 2096 ἐκπορεύεσθαι,
1597 2067 1749 2100 procedere,

961 2113 1024 2133 cum
1039 2113 1095 2133 non
1112 2113 1189 2140 atque
1206 2114 1235 2133 se
1250 2106 1351 2134 habeat
1364 2108 1449 2135 veluti
1470 2113 1497 2136 et
1513 2111 1637 2144 produco
1651 2117 1749 2147 etpro-

961 2152 1057 2184 ducor,
1077 2156 1108 2179 ut
1122 2153 1211 2180 active
1225 2157 1252 2180 et
1265 2154 1374 2188 passive
1387 2157 1608 2190 pronuntiatum,
1629 2159 1676 2186 illo
1688 2161 1747 2194 qui»

961 2197 1024 2224 dem
1054 2197 1136 2224 modo
1158 2197 1242 2230 Patri,
1269 2199 1321 2225 hoc
1348 2207 1412 2227 vero
1440 2200 1555 2235 Spiritui
1582 2203 1750 2238 adaptctur,

118 2241 284 2274 Διέφθαρται
312 2240 365 2275 ἄρα
382 2240 438 2270 τοῖς
467 2239 592 2274 Γραιχοῐς
618 2239 648 2265 τὸ
664 2239 775 2274 χωρίον.
793 2238 866 2271 Ἔτι,
885 2238 904 2264 εἰ

962 2244 1167 2278 pronuntiatur,
1189 2245 1226 2271 ila
1246 2248 1276 2271 ut
1289 2245 1409 2279 Spiritus
1429 2251 1534 2274 tantum
1550 2252 1748 2284 proprietatem

119 2287 159 2322 τῷ
176 2288 263 2321 Haupt
275 2286 348 2321 μόνῳ
359 2285 467 2320 εἴρηκε,
486 2285 600 2319 μάταιος
615 2286 628 2310 ὁ
642 2284 721 2318 λόγος
735 2285 819 2320 αὐτῷ.
840 2284 910 2310 Ἀλλ’

120 2336 150 2361 οὐ
172 2334 298 2368 μάταιος.
321 2332 408 2367 Σοφδς
427 2333 481 2366 γὰρ
498 2332 578 2366 εἰπερ
600 2340 642 2363 τις
660 2332 674 2358 ὸ
690 2332 845 2365 Numas-3;,
864 2333 911 2358 καὶ

122 2381 210 2414 ἅγιος.
226 2379 264 2405 οὐ
282 2377 320 2413 τῷ
335 2379 422 2412 Πατρ“ι
439 2378 505 2413 ἄρα,
529 2377 598 2403 ἀλλὰ
615 2377 652 2412 τῷ
669 2377 818 2412 Πνεύματι.
833 2378 912 2404 Οὕτω

121 2426 176 2460 γὰρ
192 2426 239 2452 καὶ
255 2427 267 2451 ὁ
291 2425 371 2458 λόγος
390 2423 465 2458 αὺτῷ
492 2424 659 2458 προσχωρεῖ,
685 2424 732 2450 καὶ
755 2425 810 2454 τοῖς
827 2424 911 2450 αὑτοῦ

122 2472 203 2503 αὐτὸς
217 2471 267 2497 οὐκ
290 2470 437 2504 ἀντιλέγει.
457 2469 543 2496 Τοῦτο
566 2469 588 2496 δ’
605 2469 729 2503 εὐκρινὲς
751 2470 851 2504 γένοιτ’
867 2470 910 2503 ἂν,

121 2519 145 2543 ei
162 2518 254 2552 θωμεν
280 2518 405 2551 εἰρῆσθαι
424 2517 462 2550 τῷ
487 2516 568 2542 Δαυῖδ
582 2524 589 2530 ·
611 2516 665 2542 Καὶ
687 2517 780 2550 λόγος
800 2517 912 2551 στόμα-

123 2573 184 2596 τος.
219 2563 303 2589 Πάλιν
320 2563 374 2597 γὰρ
392 2562 409 2596 ἡ
436 2562 621 2597 ὲκπορευτικὴ
649 2562 748 2597 ἰδιότης
772 2562 803 2589 τὸ
830 2562 859 2594 ἐξ
881 2560 911 2588 οὗ

121 2610 210 2644 τούτῳ
225 2609 261 2644 τῷ
275 2608 348 2642 λόγῳ
363 2608 480 2642 δηλοῦσα
497 2609 602 2643 προσῆν
621 2608 653 2635 ἂν
670 2608 743 2643 μόνῳ
757 2609 796 2643 τῷ
812 2609 910 2644 Πατρί.

122 2658 154 2682 Εἰ
182 2656 237 2690 γὰρ
261 2659 292 2681 ὲκ
308 2655 355 2681 τοῦ
373 2654 441 2680 Θεοῦ
470 2655 517 2681 καὶ
536 2655 643 2688 Πατρδς
669 2656 851 2689 ἐκπορεύεται
883 2657 912 2682 τὸ

124 2703 234 2737 Ιινεῦμα
253 2703 282 2728 τὸ
301 2695 394 2735 ἅγιον,
403 2701 462 2726 ἐστι
477 2701 505 2727 δὲ
527 2702 573 2727 καὶ
587 2702 601 2727 ὁ
614 2702 700 2736 Λόγος
716 2702 794 2736 λόγος
810 2703 912 2738 στόμα-

122 2757 178 2779 τος,
195 2749 254 2783 ἦτοι
280 2747 498 2783 ἐκπορευόμενος
522 2748 554 2773 ὲκ
581 2746 626 2773 τοῦ
645 2747 711 2774 Θεοῦ
727 2750 774 2775 καὶ
792 2749 910 2784 Πατρδς,

121 2795 169 2820 δύο
185 2795 338 2828 γινομένων
353 2794 408 2820 τῶν
432 2794 648 2829 πρεὸλημὰτων,
666 2792 705 2827 εἷς
733 2795 814 2829 μόνος
836 2796 911 2822 ἔσται

123 2841 204 2866 πάλιν
223 2841 235 2866 ό
252 2840 411 2874 προὸολεὺς,
430 2839 476 2866 καὶ
490 2839 564 2874 αὐτῷ
577 2839 651 2875 μόνῳ
667 2842 817 2875 προσέσται
831 2842 847 2877 ἡ
866 2843 911 2868 ὲκ-

123 2887 272 2922 πορευτικὴ
298 2887 408 2921 ἰδιότης.
428 2886 549 2917 Minio;
575 2886 627 2921 cipit
653 2887 666 2913 ὁ
683 2886 761 2921 λόγος
779 2888 818 2923 τῷ
839 2888 911 2915 Noc-

961 2290 1106 2324 exprimat.
1125 2290 1255 2318 Doctores
1270 2291 1353 2319 etiam
1371 2292 1416 2320 illa
1433 2293 1621 2329 ὲκπορευτῶς,
1649 2302 1675 2324 et
1707 2299 1751 2324 ὲκ-

962 2336 1207 2372 πορευτικῶς,’ρθν
1218 2338 1324 2364 modum
1335 2340 1520 2374 processionis.
1537 2341 1575 2368 Ex
1589 2343 1687 2370 eodem
1697 2353 1751 2371 uno

963 2382 1045 2410 modo
1059 2383 1144 2410 verbo
1162 2385 1352 2418 pronuntiato,
1368 2387 1481 2420 etquod
1498 2387 1530 2415 ad
1549 2389 1639 2416 solum
1659 2390 1748 2425 Spiri-

964 2433 1021 2456 tum
1039 2430 1169 2464 pertinet,
1185 2430 1304 2458 deducta
1321 2437 1397 2459 sunt.
1415 2433 1587 2468 Depravatus
1603 2435 1695 2470 itaque
1711 2437 1750 2464 lo-

962 2484 1012 2504 cus
1030 2481 1071 2503 est
1085 2484 1100 2503 a
1117 2476 1228 2505 Graecis.
1245 2477 1286 2504 Ad
1309 2478 1377 2506 haec.
1402 2479 1440 2512 Si,
1457 2481 1506 2508 soli
1523 2482 1607 2514 Patri,
1627 2483 1749 2517 dixisset,

963 2522 1064 2550 frustra
1081 2531 1238 2550 sermonem
1253 2524 1444 2558 habuisset,at
1456 2534 1509 2554 non
1526 2527 1627 2556 frustra
1643 2530 1750 2562 habuit,

964 2573 1020 2595 tum
1046 2570 1118 2596 enim
1145 2570 1291 2605 sapientia,
1308 2575 1365 2598 tum
1384 2573 1531 2601 sanctitate
1552 2575 1573 2601 si
1593 2577 1655 2609 quis
1681 2577 1752 2604 alius

962 2614 1103 2650 Nyssenus
1117 2616 1269 2651 prmpollct.
1287 2617 1345 2645 Non
1371 2618 1444 2645 Patri
1469 2626 1546 2654 ergo,
1571 2621 1618 2647 sed
1637 2621 1752 2655 Spiritui

962 2661 1082 2696 scripsit.
1101 2661 1147 2689 Sic
1164 2663 1238 2690 enim
1256 2667 1284 2690 et
1301 2663 1390 2691 oratio
1403 2670 1478 2693 recte
1493 2666 1629 2699 procedit,
1648 2671 1675 2693 et
1700 2669 1752 2695 sibi

965 2706 1014 2741 ipsi
1032 2715 1086 2734 non
1103 2708 1374 2744 contradicit.ldque
1387 2710 1536 2738 dilucidius
1552 2711 1609 2743 ﬁet,
1628 2713 1650 2739 si
1667 2721 1752 2747 ponu-

963 2759 1025 2779 mus
1053 2751 1182 2779 Dovidem
1214 2753 1340 2781 dixisse:
1359 2754 1394 2781 Et
1417 2756 1524 2783 verbum
1552 2758 1615 2784 oris.
1648 2758 1753 2787 ltursus

963 2798 1036 2824 enim
1051 2798 1218 2832 procedendi
1235 2800 1525 2837 iaciendiproprietas.
1543 2811 1576 2830 ex
1589 2812 1642 2839 quo
1653 2813 1753 2842 nempe

964 2845 1016 2871 hoc
1035 2852 1162 2872 sermone
1179 2846 1298 2873 indicata
1315 2847 1365 2874 soli
1381 2848 1455 2875 Putri
1472 2849 1630 2879 inha'reret.
1645 2852 1752 2881 Etenim

964 2891 985 2918 si
1002 2899 1035 2918 ex
1054 2892 1108 2919 Deo
1123 2897 1150 2919 et
1169 2891 1248 2920 Patre
1276 2894 1399 2929 procedit
1423 2894 1544 2931 Spiritus
1570 2903 1690 2933 sanctus,
1711 2905 1753 2928 est
