1916 3057
152 142 200 174 8'1

753 143 915 174 GEORGII
936 143 1197 175 TRAPEZUNTII

1745 145 1802 183 812

187 202 233 229 22.
248 201 288 228 Tu
304 207 386 236 porro
401 205 429 228 ut
442 200 566 229 addisces
581 201 671 228 solere
684 200 795 229 Graecos
808 202 880 230 dicta
904 202 945 229 in-

1033 203 1087 237 κβ’.
1102 203 1137 230 Σὺ
1150 202 1173 230 δ’
1191 202 1224 229 ἵν’
1240 202 1365 229 είωθέναι
1379 200 1467 237 μάθῂς
1484 202 1671 237 παρατρέπειν
1695 203 1730 230 ἰὰ
1745 204 1801 238 ρη-

153 252 274 280 vertere,
291 254 381 282 neque
396 251 502 274 tantum
525 255 568 278 ea.
582 255 643 282 qua:
667 248 781 283 Nysseni
802 253 876 281 sunt,
898 249 945 276 de-

152 299 292 328 pravassc,
309 292 454 319 considera
469 291 635 319 Basilianum
651 293 716 320 illud
734 293 761 320 in
776 294 946 321 Antirrheti-

152 339 190 366 eis
210 338 342 365 adversus
351 338 529 370 Eunomium,
545 339 571 366 in
584 339 685 373 quibus
699 339 804 372 scribit,
818 340 946 374 posterio-

151 394 206 412 rem
222 393 275 412 esse
294 386 425 420 dignitate
441 384 513 412 Filio
536 386 679 420 Spirijum,
694 388 800 422 pietatis
815 388 946 414 rationem

153 432 269 464 tradere,
284 431 311 458 bi
326 439 391 458 vero
407 432 476 466 forte
496 432 687 465 adnectentes,
713 433 826 459 multam
851 438 946 460 sancto

154 478 280 504 amentim
295 482 386 505 notam
401 478 528 511 inurunt,
541 481 672 512 tanquam
689 478 734 512 qui
751 478 856 506 nesciat
870 486 945 513 qum-

154 531 217 550 nam
239 524 275 551 sit
292 523 402 557 pietatis
423 523 547 554 traditio,
575 523 622 550 sed
639 523 665 550 in
682 531 713 550 ea
732 523 876 550 referenda
893 523 946 550 du-

154 570 218 597 bius
242 569 374 603 ambigat.
397 577 479 604 quam
496 569 615 603 quilibet
629 568 711 596 etiam
729 577 745 596 e
769 569 849 596 trixio
874 570 946 597 scire

154 615 247 643 debet.
266 615 302 643 At
327 615 365 647 id,
380 620 408 642 ut
425 615 493 642 illud
507 615 586 650 ptime
607 619 632 641 et
655 615 840 648 concedamus,
858 616 946 642 maui-

153 663 252 689 {estam
279 669 393 696 prorsus
421 661 645 696 depravationem
663 661 796 688 ostendit.
824 661 947 696 Abnegat

115 711 120 718 ‘
153 708 228 734 enim
243 707 329 740 illico,
350 707 422 741 quod
437 706 519 741 paulo
535 712 598 734 ante
610 706 636 733 iu
654 706 739 734 dubio
756 711 898 741 posuerat.
914 706 947 733 Et

155 751 207 778 hac
232 751 338 778 ratione
355 751 447 779 omnia
464 751 630 779 convolvere
642 751 879 786 coul‘undereque,
891 759 946 779 non

154 806 216 826 esse
242 806 286 825 res
310 798 480 833 theologicas
503 799 709 832 pertractantis,
737 797 785 826 sed
802 797 948 833 pueriliter

154 846 284 881 iocantis,
313 845 449 880 quispiam
482 844 594 872 dixerit.
626 844 769 877 Quomodo
796 852 862 871 vero
891 851 945 871 non

996 250 1030 276 τὰ
1049 249 1112 280 τοὺς
1123 249 1270 284 Γραικοὺς.
1290 248 1335 275 καὶ
1355 248 1392 284 μὴ
1411 249 1490 283 μόνον
1513 248 1560 275 τοῦ
1578 248 1688 284 Νύσσης
1707 258 1802 284 παρα-

998 295 1146 330 φθαρῆναι,
1159 296 1211 331 ὃρα
1235 304 1282 329 μοι
1308 295 1356 322 καὶ
1380 295 1411 321 τὸ
1436 294 1576 321 ΒασιλείΟυ
1603 295 1632 321 ἐν
1658 296 1714 326 τοῖς
1735 295 1802 321 κατ’

998 340 1141 375 Εὑνομίου,
1175 341 1203 367 ἑν
1236 338 1277 382 οἷς
1307 349 1399 376 φησιν,
1437 339 1587 375 Ἀξιώματι
1609 341 1803 374 δευτερεύειν

997 387 1051 414 τοῦ
1074 387 1142 414 Υὶοῦ
1157 388 1189 414 τὸ
1211 387 1333 422 Πνεῦμα
1355 387 1552 422 παραδιδόναι
1570 387 1625 414 τὸν
1639 387 1694 421 τῆς
1708 387 1802 414 εὐσε-

998 435 1078 465 ϐείας
1095 434 1200 468 λόγον.
1217 434 1248 461 Οἱ
1259 434 1286 460 δὲ
1298 434 1328 460 τὸ
1342 433 1416 466 ἴσως
1435 433 1609 468 προσθέντες,
1622 433 1725 467 πολλὴν
1746 431 1799 459 τοῦ

997 480 1078 514 ἁγίου
1093 479 1187 506 ἄνοιαν
1203 480 1399 514 κατηγοροῦσι,
1416 479 1454 515 μὴ
1469 479 1587 510 εἰδότος,
1605 479 1672 505 ἀλλὰ
1700 479 1802 506 διστά-

999 526 1091 557 ζοντος
1105 525 1154 560 τὴν
1179 524 1321 556 εὐσεϐείας
1337 525 1499 559 παράδοσιν,
1520 525 1553 559 ἣν
1570 525 1617 550 καὶ
1630 524 1655 550 οι
1670 525 1802 559 τυχόντες

998 571 1097 597 εἰδέναι
1112 571 1259 605 ὀφείλουσι.
1280 571 1315 597 Τὸ
1326 571 1360 602 δ’,
1377 570 1513 604 Ἰφθόλως
1526 571 1574 598 καὶ
1590 571 1799 605 συγχωρήσω-

998 624 1067 651 μεν,
1088 617 1211 651 φανερὰν
1226 617 1294 648 ὅλως
1311 618 1385 643 ποιεῖ
1402 617 1448 651 τὴν
1478 616 1669 652 παραφθορὰν.
1692 616 1802 651 Ἀρνεῖ-

998 671 1046 690 ται
1061 663 1115 698 γὰρ
1129 662 1211 695 εὐθὺς
1227 660 1259 689 τδ
1277 663 1438 698 ἀμφίϐολον.
1457 663 1535 690 Οὕτω
1569 663 1598 689 δὲ
1630 662 1798 696 συστρέφειν

999 710 1046 736 καὶ
1056 708 1182 743 συγχέειν
1192 709 1227 734 τὰ
1237 708 1325 736 πάντα
1339 708 1369 734 οὺ
1390 708 1588 741 θεοὶιογοῦντος,
1596 707 1664 734 ἀλλὰ
1685 705 1802 738 παίζον-

999 764 1055 786 τος,
1089 755 1163 781 εἴποι
1188 763 1229 786 τις
1248 755 1291 782 ἄν.
1321 754 1383 786 Πῶς
1407 753 1434 780 δὲ
1462 754 1509 781 καὶ
1521 754 1552 780 οὑ
1576 752 1667 780 νοοῦσι
1681 753 1710 778 τὸ
1729 751 1798 778 αὐτὸ

999 800 1131 828 δύνασθαι
1147 800 1176 827 τό
1187 809 1217 827 τε
1231 801 1388 834 μισιτεύειν
1419 791 1473 826 τὺνί
1487 799 1562 833 Υἱὸν,
1584 799 1621 831 ὡς
1641 799 1691 834 ήδη
1717 798 1796 824 λέλε-

1000 856 1075 880 κται,
1089 847 1136 873 καὶ
1163 846 1193 873 τὸ
1211 846 1385 880 προνοεῖσθαι
1408 845 1456 872 τοῦ
1482 845 1658 880 Πνεύματος;
1688 844 1724 871 Ἦ
1738 843 1800 875 πῶς

155 891 314 927 percipiunt
330 890 490 919 earumdem
507 890 608 917 virium
622 897 682 917 esse
697 894 724 917 et
747 890 867 917 medium
887 897 950 917 esse

1013 893 1142 924 Βασίλειος
1168 891 1328 927 ἀμφιϐόλως
1342 892 1450 926 ἔθηκεν,
1464 892 1533 925 ὅπερ
1560 891 1694 926 πρότερον
1716 889 1801 916 Ἀθαο

157 936 270 970 Filium,
289 941 320 964 ut
346 936 535 971 praediximus,
558 941 587 963 et
610 928 725 970 Spiritui
752 935 946 971 praeintelligi?

157 983 192 1010 Et
206 990 261 1017 qua
278 983 383 1010 ratione
395 982 555 1010 dubitanter
567 981 703 1016 exposuit.
720 982 792 1016 quod
810 985 872 1012 ante
883 989 945 1008 eum

158 1028 327 1058 Athanasius
341 1028 467 1055 oratione
494 1028 581 1063 prima
597 1032 694 1055 contra
707 1027 824 1054 Ariauos
839 1034 948 1054 asseve-

159 1081 254 1104 ranter
270 1075 354 1102 nimis
370 1073 518 1101 allirmavit
534 1082 541 1101 :
568 1072 725 1108 Discipulis,
740 1072 876 1108 lnquiens,
893 1072 947 1100 Do-

158 1123 246 1149 minus
271 1120 448 1153 divinitatem,
463 1122 488 1145 et
512 1119 680 1154 majestatem
702 1126 779 1145 suam
796 1118 947 1150 ostendens,

159 1176 211 1194 non
229 1169 358 1194 minorem
373 1167 487 1201 seipsum
506 1165 621 1200 Spiritu,
639 1164 685 1192 sed
702 1165 840 1200 majorem,
859 1173 949 1200 mqua-

161 1214 210 1240 lem
223 1213 358 1239 ear/libebat
373 1211 514 1247 Spiritum,
529 1212 692 1246 dicebatque,
713 1211 769 1247 Ego
787 1211 865 1238 illum
887 1212 948 1239 mit-

160 1264 228 1286 tam.
248 1258 341 1294 Neque
359 1258 432 1286 enim
449 1258 476 1285 iu
490 1258 644 1285 secundum
665 1265 843 1292 progressum
860 1258 949 1285 oratio

161 1305 260 1339 tendit,
282 1311 345 1332 cum
368 1304 556 1339 operationem
585 1303 701 1331 inﬁnitis
722 1304 811 1332 modis
823 1304 949 1338 superari

161 1359 175 1377 a
191 1351 291 1378 divinis
305 1350 431 1386 personis
454 1350 562 1377 dicatis.
586 1350 673 1377 Filius
687 1358 753 1377 vero
767 1357 821 1387 non
845 1354 949 1377 tantmn

162 1396 267 1432 Spiritu
292 1396 378 1432 major
396 1400 449 1428 est,
461 1396 510 1423 sed
523 1396 647 1431 aequalis.
667 1395 812 1430 Reliquum
836 1399 880 1422 est
899 1395 952 1430 igi-

162 1447 219 1475 tur,
233 1446 265 1470 ut
279 1436 445 1478 bypostasls
459 1442 580 1476 Spiritus
611 1442 791 1477 intelligatur.
816 1441 856 1469 illi
877 1441 951 1468 enim

162 1489 276 1524 mqualis
289 1493 331 1516 est
343 1488 429 1517 Filius
439 1489 596 1520 divinitate.
615 1493 643 1516 et
661 1489 749 1523 major
762 1493 875 1523 propter
887 1495 952 1517 cau-

164 1542 235 1563 sam.
251 1534 318 1562 Nam
346 1542 408 1562 cum
427 1535 515 1570 majus
533 1535 559 1561 in
580 1534 715 1561 Trinitate
737 1535 857 1562 essentia
884 1536 951 1563 nihil

165 1581 219 1609 dici
239 1582 336 1615 possit,
361 1589 475 1609 necesse
488 1585 529 1608 est
551 1581 617 1607 illud
633 1581 857 1609 discernentibus
874 1583 954 1610 attri-

164 1626 223 1654 bui.
238 1627 301 1654 Sola
315 1635 381 1655 vero
395 1635 476 1655 causa
488 1626 623 1654 eteﬂ‘ectu
640 1626 740 1654 dirius:
758 1635 882 1662 personae
894 1628 953 1656 dis-

165 1677 327 1701 cernuntur.
357 1673 441 1709 Major
458 1681 524 1709 ergo
549 1673 635 1700 Filius
664 1673 768 1708 Spiritui
785 1682 866 1702 causa
893 1680 953 1702 tan-

168 1719 321 1748 tummodo.
350 1720 399 1746 His
415 1727 480 1754 ergo
503 1719 633 1747 omnibus
647 1720 795 1747 manifesto
821 1725 906 1756 patet,
922 1730 954 1749 ex

170 1767 249 1800 Fiiio,
262 1766 320 1794 sive
335 1773 385 1801 per
403 1765 502 1793 Filium
516 1773 575 1794 esse
591 1765 725 1801 Spiritum
739 1771 876 1794 sanctum.
895 1768 952 1795 Hoc

167 1814 239 1840 enim
263 1812 347 1840 modo
369 1817 397 1840 et
416 1813 486 1840 ordo
505 1817 695 1846 conservatur,
721 1817 749 1840 et
765 1813 874 1841 medius
895 1821 967 1841 esse

168 1860 258 1894 reipsa
270 1859 355 1887 Fiiius
367 1864 491 1895 apparet,
507 1864 534 1887 et
555 1859 684 1894 proprius
698 1858 760 1886 Filii
776 1858 897 1894 Spiritus
911 1868 955 1888 as-

168 1907 284 1937 seritur.
300 1911 328 1934 et
344 1907 449 1941 reliqua
475 1906 578 1939 omnia,
595 1913 608 1932 a
639 1906 742 1933 sanctis
767 1906 956 1940 pronuntiata,

169 1963 234 1984 sana
259 1962 290 1982 ac
314 1955 388 1982 saiva
417 1959 568 1990 suut,qua2
596 1954 624 1981 in
644 1955 792 1989 praesentia
817 1955 843 1982 in
874 1963 959 1982 unum

169 2010 210 2033 tas
224 2005 306 2040 cogit.
324 2004 426 2032 Horum
452 2004 526 2031 enim
547 2003 646 2031 melius
664 2003 722 2038 ipse
745 2009 772 2030 tu
807 2011 888 2038 quam
908 2011 958 2039 ego

201 2051 247 2079 ‘25.
274 2049 390 2083 Quando
410 2057 486 2081 vero,
502 2053 532 2076 ut
554 2049 611 2076 ﬁeri
638 2050 738 2084 potuit,
751 2049 900 2077 succincte.
931 2055 959 2078 et

169 2099 236 2126 erdo
248 2097 329 2124 nobis
342 2096 508 2131 comparuit,
521 2103 547 2123 et
563 2104 595 2122 cx
621 2095 677 2123 Deo
695 2095 828 2129 Spiritum
855 2095 958 2123 dictum

168 2153 184 2172 ι
201 2144 329 2172 Patribus
348 2148 490 2171 ostensum
516 2147 569 2175 est,
597 2143 686 2178 agesis
699 2143 767 2179 jam,
782 2150 843 2177 qua:
858 2142 960 2170 Grmcis

170 2190 303 2218 videntur
332 2189 453 2216 absurda
469 2190 600 2223 consequi
621 2197 653 2216 ex
670 2189 805 2217 sententia
829 2188 959 2215 Romana:

170 2236 299 2264 Ecclesiae
307 2235 523 2267 consideremus,
535 2241 589 2261 nou
599 2235 701 2266 omnia,
711 2235 756 2261 sed
766 2233 881 2260 maxime
891 2241 959 2268 prac-

171 2283 253 2318 cipua
285 2286 456 2317 aggerentes,
473 2288 508 2308 ne
538 2284 585 2307 aut
601 2287 650 2307 nos
673 2280 791 2307 inaniter
807 2284 958 2311 ostentare,

170 2335 218 2358 aut
245 2329 400 2357 necessaria
416 2327 556 2364 praeterire
581 2327 632 2354 bac
654 2331 747 2354 nostra
770 2327 896 2354 oratione
918 2326 959 2353 vi-

170 2377 295 2405 deamur.
320 2375 348 2402 Si
366 2383 400 2402 ex
413 2374 483 2402 Filio
505 2373 636 2409 Spiritus,
660 2373 801 2407 inquiunt,
827 2378 874 2400 aut
902 2373 960 2401 hac

170 2423 285 2450 duobus
299 2420 467 2453 communia,
483 2428 538 2447 non
557 2425 637 2447 erunt
651 2423 679 2446 ct
704 2419 802 2452 tribus,
827 2424 874 2446 aut
893 2427 960 2454 pro-

172 2468 307 2497 cessionis
320 2472 348 2495 et
361 2467 420 2502 ipse
437 2466 556 2502 Spiritus
568 2467 707 2501 particeps
721 2466 784 2497 erit,
804 2470 831 2493 et
847 2465 897 2492 hac
919 2473 962 2493 ra-

175 2517 249 2545 tione
260 2519 335 2544 esset
348 2515 431 2542 etiam
446 2521 479 2540 ex
491 2520 520 2540 se
531 2512 603 2548 ipso.
618 2512 697 2545 Quod
711 2519 793 2539 nemo
805 2511 962 2540 nisiameus

172 2560 446 2597 furensque-dixerit.
458 2559 492 2586 At
504 2559 623 2594 primum
636 2559 735 2586 falsum
747 2563 799 2586 est.
810 2558 875 2592 Qum,
888 2559 960 2586 enim

172 2607 331 2636 communia
346 2609 411 2634 sunt
428 2604 500 2632 Patri
519 2608 546 2630 et
563 2603 642 2635 Filio,
666 2604 820 2631 communia
834 2608 916 2631 erunt
933 2608 961 2631 et

174 2653 290 2690 Spiritui
306 2656 412 2684 sancto,
434 2655 464 2678 ut
480 2649 599 2684 theologi
617 2649 736 2676 tradunt.
755 2649 887 2684 Sequitur
913 2649 964 2684 igi-

175 2706 221 2728 tur
236 2698 401 2730 secundum,
425 2697 497 2731 quod
515 2695 649 2722 furiosum
662 2699 714 2722 est.
735 2695 841 2722 Falsum
857 2703 923 2729 ergo
935 2695 962 2722 id

176 2755 210 2774 ex
234 2754 289 2781 quo
315 2744 448 2779 sequitur,
462 2743 536 2778 quod
558 2746 600 2769 est
624 2741 752 2768 Italorum
775 2741 962 2775 propositum.

177 2793 244 2819 Item
260 2792 283 2819 si
299 2799 353 2817 non
371 2794 475 2817 tantum
495 2789 585 2821 Pater,
603 2788 651 2815 sed
666 2789 748 2815 etiam
774 2788 859 2815 Filius
874 2788 964 2815 deita-

178 2840 212 2865 tis
231 2845 313 2864 causa
324 2841 376 2868 est,
392 2840 441 2863 aut
460 2835 513 2862 crit
535 2842 649 2869 quoque
669 2833 800 2868 Spiritus,
824 2838 871 2861 aut
888 2843 965 2861 man-

178 2891 239 2918 cus,
255 2887 279 2911 el
293 2882 366 2911 solus
380 2882 408 2910 in
422 2881 567 2915 Triuilate,
583 2881 606 2909 si
623 2881 659 2908 ita
675 2880 821 2909 dicendum
845 2886 900 2916 est,
923 2882 966 2909 iu-

1000 939 1093 971 νάσιος
1108 939 1137 965 ὲν
1147 938 1187 973 τῷ
1203 938 1263 965 κατ’
1285 938 1432 973 Ἀρειανῶν
1456 936 1561 972 πρώτῳ
1575 938 1622 963 καὶ
1637 936 1709 970 μάλα
1725 936 1796 961 ἐπε-

999 985 1150 1017 ϐεσαίωσε,
1179 984 1244 1017 Τοῖς
1254 983 1413 1019 μαθηταῖς,
1432 983 1532 1018 λέγων,
1563 984 1580 1010 ό
1606 982 1715 1016 Κύριος
1737 981 1798 1015 τὴν

1000 1032 1126 1065 (νεότητα
1139 1031 1186 1058 καὶ
1208 1031 1426 1065 μεγαλειότητα
1448 1029 1570 1062 δεικνὺς
1591 1028 1649 1063 τὴν
1675 1028 1800 1059 ἑαυτοῦ,

999 1078 1100 1104 οὐκέτι
1126 1077 1274 1104 ἐλάττονα
1296 1075 1407 1103 ἑαυτὸν
1427 1076 1481 1102 τοῦ
1510 1075 1694 1109 Πνεύματος.
1720 1073 1804 1101 ἀλλὰ

1000 1123 1134 1159 μείζονα,
1151 1123 1202 1150 καὶ
1219 1123 1299 1155 ἴσον,
1313 1122 1414 1149 ἐδίδου
1425 1122 1458 1148 τὸ
1470 1122 1603 1156 Πνεῦμα,
1616 1122 1665 1148 καὶ
1680 1122 1803 1155 ἔλεγεν-ν

1006 1170 1081 1204 Ἐγὼ
1090 1170 1163 1197 αὐτὸ
1178 1169 1368 1196 ἀποστέλλω.
1379 1169 1446 1195 Οὐδὲ
1458 1169 1512 1204 γὰρ
1525 1168 1593 1203 πρὸς
1605 1167 1654 1202 τὴν
1671 1167 1803 1201 δευτέραν

1001 1217 1113 1251 φέρεται
1130 1216 1144 1243 6
1159 1216 1236 1249 λόγος
1246 1215 1368 1249 πρόοδον.
1378 1215 1455 1242 Ἐπεὶ
1466 1216 1515 1250 τῆς
1526 1213 1666 1249 ἐνεργείας
1684 1214 1805 1248 ἀπειράο

1002 1271 1045 1294 ut;
1060 1262 1181 1297 ἀπείρως
1198 1261 1232 1288 τὰ
1249 1261 1308 1287 θεῖα
1330 1261 1462 1296 πρόσωπα
1475 1260 1620 1296 ὑπερέχειν
1642 1260 1746 1294 λέγετε,
1771 1259 1804 1286 '0

1001 1309 1024 1335 δ’
1039 1308 1104 1340 Υἱὸς
1120 1308 1151 1334 οὐ
1169 1307 1250 1343 μόνον
1265 1305 1369 1342 μείζων
1391 1307 1437 1333 τοῦ
1460 1306 1630 1341 Πνεύματος,
1656 1305 1724 1333 ἀλλὰ
1754 1303 1804 1331 καὶ

1004 1355 1071 1386 ῐσος.
1089 1355 1221 1381 Λείπεται
1236 1353 1290 1388 ἄρα
1306 1353 1356 1387 τὴν
1372 1352 1523 1379 ὑπόστασιν
1550 1353 1622 1378 νοεῖν
1636 1351 1683 1378 τοῦ
1712 1350 1800 1377 Πνεῦ-

1005 1409 1099 1436 ματος,
1114 1400 1206 1435 Ταύτῃ
1221 1399 1249 1425 δὲ
1265 1400 1322 1430 tuo;
1334 1400 1348 1426 6
1359 1399 1424 1430 Υἱὸς
1440 1399 1473 1433 τῇ
1492 1397 1610 1433 θεότητι,
1626 1398 1674 1424 καὶ
1697 1397 1801 1431 μείζων

1003 1445 1042 1480 τῷ
1059 1446 1150 1481 αἰτίῳ.
1163 1445 1201 1472 Τὸ
1211 1446 1265 1480 γὰρ
1279 1444 1371 1480 μεῖζον
1382 1445 1412 1471 οὒ
1425 1443 1578 1478 δυνάμενον
1594 1444 1623 1469 ὲν
1640 1444 1672 1478 τῇ
1702 1442 1801 1478 Τριὰδι

1005 1495 1038 1529 τῇ
1055 1493 1136 1527 οὐσίᾳ
1148 1492 1285 1526 λέγεσθαι,
1306 1491 1412 1525 ἀνάγκη
1429 1492 1485 1522 τοῖς
1498 1490 1678 1525 διακριτικοῖς
1696 1489 1801 1515 ἁπονέ-
1820 1515 1822 1517 ,

1008 1539 1116 1574 μεσοαι.
1129 1540 1211 1574 Μόνῳ
1227 1539 1257 1565 δὲ
1271 1539 1309 1574 τῷ
1320 1538 1410 1572 αἰτίῳ.
1422 1537 1470 1564 καὶ
1486 1537 1525 1572 τῷ
1549 1536 1664 1571 αἰτιατῷ
1679 1537 1713 1563 τὰ
1739 1536 1800 1562 θεῖα

1005 1585 1142 1620 πρόσωπα
1159 1584 1341 1620 διακρίνεται.
1358 1582 1468 1614 Μείζων
1485 1583 1540 1617 ἄρα
1550 1583 1563 1609 6
1578 1582 1643 1614 Υἱὸς
1658 1582 1697 1616 τῷ
1711 1582 1800 1610 [Ινεὺ-

1009 1639 1074 1666 ματι
1091 1631 1164 1665 μόνῳ
1177 1629 1216 1665 τῷ
1227 1630 1317 1664 αἰτίῳ.
1341 1629 1388 1655 Ἐκ
1412 1628 1521 1655 πάντων
1535 1626 1581 1655 οὖν
1599 1628 1702 1654 τούτων
1718 1636 1802 1660 φανε-

1010 1678 1066 1713 ρῖν,
1082 1677 1122 1704 ὅτι
1138 1677 1167 1709 ἐξ
1183 1676 1259 1709 Υἱοῦ,
1275 1676 1334 1711 ἤτω
1344 1676 1377 1703 δι’
1392 1677 1459 1703 Υίοῡ
1472 1676 1502 1702 τὸ
1517 1674 1630 1710 Πνεῦμα
1657 1674 1687 1700 τδ
1711 1673 1799 1707 άγιον.

1010 1723 1089 1751 Οὕτω
1102 1723 1155 1758 γὰρ
1167 1723 1243 1758 καὶὴ
1260 1722 1336 1756 τάξις
1366 1722 1541 1757 φυλάττεται,
1568 1720 1617 1746 καὶ
1644 1718 1799 1754 μεσιτεὺειν

1011 1770 1050 1803 τῷ
1068 1769 1212 1804 πράγματι
1225 1769 1314 1800 ὸΥἱδς
1328 1769 1465 1803 φαίνεται,
1485 1768 1532 1795 καὶ
1563 1767 1629 1794 ἴδιον
1660 1765 1708 1792 τοῦ
1733 1765 1800 1791 Υἱοῦ

1011 1816 1041 1842 τὸ
1059 1816 1172 1850 Πνεῦμα
1188 1816 1407 1851 ἀνωμολόγηται,
1427 1815 1473 1842 καὶ
1496 1815 1582 1841 τᾶλλα
1614 1813 1800 1847 συντηρεῖται,

1011 1862 1059 1888 ὅσα
1068 1863 1127 1892 toi;-
1135 1862 1223 1895 ἁγίοις
1236 1862 1373 1895 λέλεκται,
1388 1861 1406 1889 ἃ
1421 1862 1469 1888 νῦν
1485 1861 1645 1888 συντάττειν
1665 1858 1728 1885 οὒτε
1740 1867 1803 1884 και-

1014 1908 1069 1943 ρδς,
1082 1908 1138 1934 οὔτ’
1151 1908 1269 1943 ἀνάγκη.
1283 1906 1363 1940 Οἶδας
1375 1908 1429 1943 γὰρ
1442 1908 1564 1943 κρεῖττον
1572 1904 1644 1944 Et).de
1655 1905 1686 1932 σὺ
1703 1904 1800 1931 ταῦτα.

980 1964 1141 1991 congerere.
1158 1964 1246 1991 neque
1281 1961 1389 1991 tempus
1404 1956 1533 1992 postulat,
1569 1956 1656 1990 neque
1678 1954 1803 1983 necessi-

979 2005 1164 2041 COgnitionem
1183 2004 1369 2040 amplecteris.

1046 2055 1098 2085 κγ’.
1123 2051 1234 2085 Ἐπειδὴ
1245 2051 1268 2077 δ’
1279 2052 1307 2077 ὲν
1324 2050 1463 2086 βραχέσιν,
1478 2050 1514 2082 ὡς
1527 2047 1582 2077 οἷόν
1593 2059 1632 2083 τε,
1646 2051 1663 2085 ἦ
1683 2059 1712 2076 τε
1726 2049 1802 2083 τάξις

1011 2098 1077 2133 ἡμῖν
1095 2098 1227 2132 ἀνεφάνη,
1241 2098 1288 2124 καὶ
1301 2098 1334 2123 ὲκ
1360 2096 1407 2123 τοῦ
1423 2096 1492 2123 Θεοῦ
1515 2096 1725 2131 τεῠεολογῆσθαι
1746 2098 1803 2133 τοῖς

1010 2132 1099 2178 ἇγιοις
1112 2146 1142 2170 τὺ
1155 2143 1268 2178 Πνεῦμα
1288 2143 1435 2176 δέδεικται,
1458 2143 1523 2178 φέρε
1538 2143 1588 2178 ⁸ι’]δη
1612 2142 1647 2169 τὰ
1672 2132 1803 2169 δοκοῦντα

1012 2192 1069 2221 τοῖς
1087 2190 1214 2225 1¹ραικοῖς
1228 2190 1316 2216 ἄτοπα
1332 2189 1448 2216 ἕπεσθαι
1464 2191 1496 2224 τῇ
1521 2189 1664 2223 Ῥωμαίων
1686 2189 1801 2223 Ἐκκλη-

1014 2239 1058 2273 σία
1074 2236 1232 2272 θεωρῶμεν,
1246 2235 1276 2263 οὐ
1289 2236 1376 2262 πάντα
1390 2236 1569 2271 συνείροντες,
1584 2235 1652 2262 ἀλλὰ
1675 2235 1708 2262 τὰ
1726 2236 1802 2272 ἰσχυ-

1012 2284 1122 2318 ρότατα,
1138 2283 1182 2309 ἵνα
1194 2283 1231 2318 μὴ
1252 2282 1444 2313 ἐπιδεικτικῶς
1467 2282 1559 2315 λέγειν
1584 2282 1719 2316 δοκῶμεν,
1734 2283 1801 2317 μήτε

1012 2329 1067 2364 μὴν
1082 2327 1210 2359 ἐλλιπῶς.
1228 2327 1260 2354 Et
1276 2327 1330 2353 κὰκ
1342 2326 1388 2352 τοῦ
1405 2326 1470 2352 Υίοῦ
1487 2326 1517 2352 τὸ
1534 2320 1656 2361 Πνεῦμα,
1677 2327 1770 2360 φασὶν,
1784 2327 1800 2361 ἢ

1011 2373 1046 2399 τὰ
1059 2374 1115 2399 τοῖν
1131 2371 1295 2398 δυηίνκοινὰ
1311 2371 1399 2397 ταῦτα
1411 2371 1460 2397 οὐκ
1471 2370 1547 2396 ἔσται
1565 2371 1611 2396 καὶ
1624 2371 1678 2402 τοῖς
1700 2371 1801 2405 τρισὶν,

1013 2419 1202 2454 ἢκοινωνήσει
1218 2418 1265 2444 καὶ
1284 2417 1313 2443 τὸ
1335 2416 1446 2451 Πνεῦμα
1463 2417 1511 2450 τῆς
1538 2417 1738 2450 ἑκπορεύσεως,
1757 2419 1802 2443 καὶ

1013 2465 1099 2496 οὓτως
1114 2465 1191 2491 ἔσται
1206 2464 1254 2490 καὶ
1272 2463 1302 2495 ἐξ
1316 2462 1424 2490 ἑαυτοῦ.
1445 2463 1532 2496 Ὅπερ
1548 2462 1635 2494 οὐδεὶς
1652 2464 1689 2498 μὴ
1709 2464 1803 2498 μαινό-

1015 2518 1095 2545 μενος
1110 2509 1212 2542 λέξειεν
1229 2509 1272 2535 ἄν.
1298 2508 1402 2539 Ψευδὲς
1429 2507 1456 2533 δὲ
1481 2507 1512 2533 τὸ
1533 2508 1652 2542 πρῶτον,
1683 2509 1724 2534 Τὰ
1752 2509 1802 2544 γὰρ

1015 2556 1103 2591 lla.th
1119 2555 1167 2582 καὶ
1183 2555 1240 2590 Υίῷ
1251 2555 1326 2581 κοινὰ
1347 2553 1424 2580 κοινὰ
1439 2554 1486 2580 καὶ
1501 2554 1540 2588 τῷ
1557 2554 1695 2588 Πνεύματι
1706 2554 1731 2580 οἱ
1746 2555 1802 2581 θεο-

1015 2603 1088 2636 λόγοι
1108 2602 1199 2636 φασίν.
1223 2602 1338 2626 Ἔπεται
1351 2600 1403 2634 ἄρα
1417 2599 1447 2625 τὸ
1475 2599 1601 2633 δεύτερον
1631 2600 1745 2634 μανικὸν
1763 2601 1801 2628 6v.

1015 2649 1118 2679 Ψεῦδος
1136 2648 1189 2683 ἄρα
1213 2647 1243 2673 τὸ
1259 2647 1288 2679 ἐξ
1313 2645 1342 2672 οὗ
1358 2646 1463 2672 ἕπεται.
1481 2645 1566 2672 Τοῦτο
1579 2646 1607 2672 δὲ
1621 2647 1637 2680 ἡ
1661 2646 1715 2672 τῶν
1736 2647 1803 2673 Ἰτα-

1015 2697 1068 2723 λῶν
1085 2696 1169 2726 θέσις.
1190 2694 1263 2725 Ἐτι,
1280 2694 1304 2719 εἰ
1319 2693 1348 2719 οὐ
1366 2693 1447 2727 μόνον
1470 2693 1484 2719 6
1513 2693 1617 2728 Πατὴρ,
1637 2693 1704 2720 ἀλλὰ
1724 2695 1770 2721 καὶ
1790 2696 1803 2721 6

1016 2743 1080 2773 Υἱὸς
1096 2741 1222 2774 θεότητος
1236 2740 1331 2772 αἴτιος,
1380 2739 1456 2766 ἔσται
1472 2739 1518 2766 καὶ
1543 2740 1574 2767 τὸ
1592 2740 1711 2773 Πνεῦμα,
1729 2741 1746 2775 ἢ
1763 2742 1804 2768 ἐλ-

1015 2788 1093 2818 λιπὲς
1106 2787 1193 2818 ἔσται,
1211 2785 1258 2811 καὶ
1277 2785 1357 2819 μόνον
1384 2785 1413 2810 ἐν
1432 2786 1463 2819 τῇ
1490 2785 1597 2820 Τριάδι,
1619 2784 1643 2811 εί
1657 2786 1697 2812 δεῖ
1719 2785 1802 2818 οὕτως

1016 2835 1115 2866 εἰπεῖν,
1129 2834 1235 2866 ἄγονον,
1255 2832 1323 2865 ὅπερ
1338 2831 1449 2858 ἄτοπον.
1467 2831 1537 2866 "pb;
1558 2831 1674 2863 τυὺτοις,
1699 2833 1723 2858 εἰ
1751 2833 1802 2858 κάκ

1016 2881 1062 2908 τοῦ
1080 2880 1144 2907 Υίοῦ
1162 2879 1192 2906 τὸ
1211 2875 1333 2911 Πνεῦμα,
1350 2875 1379 2902 οὐ
1395 2878 1444 2911 μία
1464 2876 1545 2912 ἀρχὴ,
1567 2875 1636 2903 ἀλλὰ
1650 2875 1706 2902 δύο·
1740 2876 1790 2903 ἐπε
