1916 3057
104 166 162 198 813

574 168 622 198 DE
643 168 900 200 PROCESSIONE
922 172 1100 204 SPIRITUS
1122 175 1266 206 SANCTI.

1695 170 1746 202 8H

105 229 154 246 ται
170 220 210 248 δέ.
233 221 342 258 Ἐπειδὴ
359 222 412 258 γὰρ
428 223 460 250 ἐκ
476 224 582 258 Πατρὺς
603 224 650 251 καὶ
665 223 731 250 Υῐοῦ
747 223 776 250 τ’)
792 224 903 259 Πνεῦμα

970 229 1105 261 ecundus,
1130 229 1203 264 quod
1224 234 1266 257 est
1290 229 1450 257 absurdum.
1480 228 1591 261 Adhaec,
1623 226 1644 254 si
1667 231 1694 254 et
1713 235 1746 253 ex

103 265 229 300 λέγεται,
241 268 316 295 ἔσται
330 269 358 301 ἐξ
370 269 469 302 αὐτῶν,
484 270 499 304 ἢ
524 270 561 301 ὠς
588 269 642 296 ἀπὸ
661 269 730 301 ἐνὸς,
748 269 764 305 ἢ
789 270 827 301 ὡς
851 270 906 296 ἀπὸ

965 272 1028 300 Filio
1040 274 1169 308 Spiritus,
1185 283 1237 302 nou
1253 283 1348 308 unum,
1362 275 1409 302 sed
1425 275 1480 302 duo
1496 273 1632 309 principia
1645 276 1744 299 erunt:

102 312 191 339 δυοῖν.
214 313 284 340 Ἀλλ’
296 314 321 340 ει
336 315 387 349 μὲν
402 315 440 346 ὡς
453 315 507 342 ἀπὸ
520 315 589 348 ἑνὸς,
602 315 680 342 ἔσται
703 317 750 342 καὶ
769 315 796 348 ἐξ
811 316 904 343 αὐτοῦ.

113 358 145 384 ὀ
171 359 226 394 γὰρ
252 360 348 395 Πατὴρ
367 361 435 387 καὶό
447 361 512 392 Tib;
525 363 557 397 τῇ
573 361 681 396 θεότητι
702 358 770 398 ἒν,ᾖ
804 361 850 388 καὶ
873 362 904 388 τὸ

107 404 222 440 Πνεῦμα
238 405 299 442 μετ’
310 407 400 434 αὐτῶν
421 408 460 434 ἓν.
485 408 529 439 Ὦς
542 408 573 434 ὲκ
588 409 658 435 δυοῖν
670 407 733 442 ἄρα.
750 408 804 434 Καὶ
830 408 901 436 οὕτω

108 451 222 485 διαρχια
248 453 428 488 πρεσϐεύεται
460 454 602 486 Ἰταλοῖςμ

957 323 985 345 et
1005 319 1141 353 sequitur.
1166 319 1234 347 Cum
1254 321 1327 348 enim
1346 328 1379 348 ex
1396 320 1475 348 Patre
1500 325 1528 348 et
1540 320 1610 353 Filio
1626 318 1747 353 Spiritus

957 364 1070 397 dicitur,
1082 365 1137 391 erit
1158 372 1192 392 ex
1206 365 1285 400 ipsis,
1299 370 1386 393 autut
1411 366 1446 393 ab
1460 373 1528 397 uno,
1544 369 1590 392 aut
1605 368 1635 390 tit
1650 371 1664 390 a
1680 363 1749 390 duo-
1768 376 1770 379 τ

957 410 1020 438 bus.
1037 410 1139 444 Quodsi
1161 415 1290 445 tanquam
1308 412 1342 439 ab
1359 412 1485 444 uno,erit
1501 411 1583 439 etiam
1599 418 1630 437 ex
1647 414 1748 437 sentt-t-

955 456 1025 490 ipso.
1056 457 1123 484 Nam
1149 457 1230 484 Pater
1241 462 1269 484 et
1287 458 1371 485 Filius
1407 457 1550 485 divinitate
1566 463 1651 483 unum
1672 459 1746 485 sunt.

109 506 166 532 qua
194 499 369 535 et'Spiritus
388 501 469 530 simul
497 510 559 530 cuin
590 502 623 531 iis
646 511 731 530 unum
758 508 810 531 est.
825 500 904 537 Ἕκ·κο
925 509 1052 539 tanquam
1076 514 1108 533 ex
1137 506 1255 534 duobus.
1283 506 1319 534 Et
1351 506 1392 534 sic
1419 506 1472 533 duo
1511 505 1647 540 principia
1671 503 1745 539 apud

110 543 195 571 Italos
208 549 301 572 erunt.

148 589 198 617 κδ’.
225 591 296 626 Πρὸς
323 591 372 624 μὲν
397 589 443 618 οὖν
468 593 498 619 τὸ
530 593 639 628 πρῶτον
659 593 815 620 εἰπάτωσαν
839 594 905 628 ἡμῖν

112 636 237 671 Γραικοὶ,
252 637 295 668 τίς
309 637 363 663 τῶν
376 637 461 672 ἁγίων
475 639 539 674 περὶ
555 639 608 666 τῶν
624 639 803 674 διακρπικῶν
818 639 906 666 διαλε-

111 683 239 718 γόμενος,
255 681 315 710 εῐπέ
333 693 409 716 ποτε,
422 684 467 711 ὅτι
487 685 522 712 τὰ
539 685 625 712 δυοῖν
642 686 727 713 κοινὰ
745 686 832 713 κοινὰ
845 685 907 719 τοῖς

113 728 235 761 τρισ[ν;
255 729 325 755 Ἀλλ’
336 730 386 756 οὐκ
402 730 500 765 ἔχοιεν.
527 731 557 757 Εἰ
576 731 603 757 δὲ
620 731 725 764 λέγοιεν
740 731 777 762 ὡς
801 732 815 758 ὁ
834 731 905 763 Gaio;

114 773 266 809 Γρηγόριος
276 774 310 801 τὰ
325 775 362 809 τῷ
373 776 458 810 Πατρὶ
476 777 522 803 καὶ
538 776 595 811 Υἰῷ
612 777 749 812 προσόντα
767 777 805 810 τῷ
821 777 906 803 Ilvati-

117 828 183 854 ματι
195 820 295 847 ἐνεῖναι
312 820 461 854 βούλεται·
481 822 692 856 μανθανέτωσαν
703 823 740 854 ὡς
763 824 827 858 περὶ
856 823 905 856 τῆς

115 865 243 899 Θεότητος
254 865 293 901 τῷ
305 865 375 901 ἁγίῳ
388 868 401 892 ὀ
416 866 505 900 λόγος,
532 868 602 894 κατὰ
613 868 667 902 γὰρ
691 868 745 894 τῶν
764 869 834 894 κατὰ
859 868 906 894 τοῦ

992 592 1037 619 21.
1055 591 1093 618 Ad
1117 591 1234 626 printtttn
1254 591 1347 625 itaque
1371 591 1465 618 dicant
1485 590 1581 621 (ιι-τεεί,
1607 589 1669 624 quis
1695 596 1747 616 un-

957 645 1040 672 quam
1058 645 1090 664 ex
1110 637 1214 664 sanctis
1225 637 1354 664 Patribus
1370 636 1404 664 de
1432 635 1608 663 discernendi
1623 635 1676 661 vim
1695 635 1746 661 ha-

959 683 1091 710 bentibus
1108 689 1264 710 sermonem
1285 682 1399 713 habens,
1427 682 1495 709 dixit
1521 689 1642 716 unquam
1661 691 1667 708 :
1684 681 1749 713 Qun!

958 732 1020 756 sunt
1043 728 1143 755 duobus
1165 729 1326 758 communia.
1347 736 1402 755 esse
1427 728 1578 754 communia
1602 731 1627 753 et
1643 727 1750 754 tribus?
1788 718 1801 730 ’

960 773 994 800 At
1010 773 1035 799 id
1063 780 1203 806 nunquam
1226 776 1365 807 suppetet.
1380 771 1408 798 Si
1426 772 1521 799 dicant
1536 772 1629 798 divum
1646 771 1748 805 Grego-

961 818 1045 849 rium,
1078 825 1138 852 quaa
1170 817 1241 844 Patri
1259 822 1286 844 et
1309 817 1379 844 Filio
1395 819 1502 848 insunt,
1520 824 1551 843 ea
1570 817 1660 844 inesse
1680 824 1748 850 ψην-

960 871 1013 898 que
1028 869 1056 891 et
1075 863 1189 898 Spiritui
1211 871 1335 891 asserere
1348 873 1355 896 ;
1367 863 1472 891 discant
1484 864 1518 890 de
1531 863 1675 890 divinitate
1687 868 1749 889 san-

115 910 276 946 Πνεύματος
292 913 475 946 μαινομένων.
512 913 627 940 Ἐκεῖνοι
645 913 674 940 δὲ
695 914 725 940 οὐ
753 914 825 941 κατὰ
852 914 906 940 τῶν

965 915 1032 937 :tum
1055 909 1141 936 verba
1161 909 1263 941 facere,
1283 916 1346 936 cum
1362 909 1450 936 oratio
1471 909 1507 936 sit
1523 908 1655 936 adversus
1685 915 1745 940 eos,

115 956 306 991 διακριτικῶν,
319 957 388 985 ἀλλά
408 959 478 985 κατὰ
495 959 545 992 τῆς
561 959 687 994 θεότητος
706 959 754 985 τοῦ
780 959 906 994 Πνεύμα-

116 1009 162 1033 τος
181 1003 332 1036 ἐμαίνοντο.
353 1004 415 1030 Ὅτι
431 1005 459 1031 δὲ
476 1005 573 1039 ψευδὲς
591 1005 621 1032 τὸ
635 1006 755 1041 πρῶτον,
771 1005 814 1032 διὰ
844 1005 907 1031 πολ-

115 1047 171 1074 λῶν
190 1047 270 1083 δῆλον
285 1058 292 1065 ο
313 1049 421 1083 πρῶτον
438 1050 497 1084 μὲν,
515 1051 556 1077 ὅτι
569 1050 599 1077 τὸ
619 1050 732 1085 Πνεῦμα
745 1051 834 1077 κοινδν
852 1051 908 1078 Πα-

115 1093 162 1128 τρὶ
171 1094 217 1121 καὶ
231 1094 298 1129 Υιῷ.
313 1093 363 1127 οἷς
378 1095 433 1129 γὰρ
447 1095 480 1122 τὸ
498 1095 619 1131 Πνεῦμα
641 1097 755 1128 κοινὸν,
791 1097 908 1129 τούτοις

117 1139 205 1166 ἔσται
220 1139 338 1172 πάντως
359 1141 406 1167 καὶ
423 1141 459 1168 τὰ
472 1140 527 1175 τῆς
547 1142 655 1174 οὺσΙας
671 1142 707 1168 οὐ
733 1141 908 1176 διῃρημένα,

117 1187 185 1221 φησὶ
202 1185 345 1220 Κύριλλος.
375 1187 430 1214 Kai.
455 1187 568 1222 Πνεῦμα
592 1188 641 1223 μὲν
667 1188 762 1223 ὥσπερ
791 1188 907 1222 Πατρδς,

117 1231 193 1259 οὕτω
219 1232 328 1266 λέγεται
360 1233 407 1260 καὶ
434 1233 511 1261 Υιοῦ.
547 1233 584 1260 Oti
608 1228 716 1268 λέγεται
744 1235 772 1261 δὲ
797 1234 909 1269 Πνεῦμα

117 1277 289 1312 Πνεύματος.
326 1277 355 1306 '0
383 1279 438 1313 γὰρ
469 1279 549 1309 τοῦτο
575 1279 662 1314 λέγων
692 1280 739 1307 δύο
763 1280 911 1314 Πνεῦματα

119 1324 298 1359 παρεισάγειι
311 1326 340 1352 οὺ
353 1326 501 1362 δυνάμενος
518 1326 548 1353 τδ
571 1326 600 1352 ἓν
615 1327 706 1359 λέγειν
733 1327 780 1353 καὶ
799 1326 909 1354 ἑαυτοῦ.

120 1370 217 1398 Κοινὺν
231 1372 284 1406 ἄρα
297 1373 353 1399 τοτν
367 1372 439 1399 δυοῖν
453 1371 482 1398 τδ
515 1372 629 1406 Πνεῦμα
642 1379 649 1386 θ
670 1372 769 1407 ψευδὲς
804 1372 857 1407 ἄρα
882 1371 911 1398 ἰδ

121 1417 345 1452 προτεινόμενον.
357 1417 418 1443 Ἔτι
433 1417 479 1443 ἐπὶ
496 1417 545 1452 τῆς
556 1417 696 1452 μακαρίας
711 1416 826 1451 Τριάδος
837 1416 911 1452 τρεῖς

120 1462 286 1497 θεωροῦνται
302 1463 478 1498 συνδυασμοὶ,
496 1463 543 1489 καὶ
569 1463 610 1497 ἐφ’
624 1463 742 1489 ἑκάστου
764 1463 852 1489 κοινόν
884 1470 912 1488 τι

121 1507 277 1542 εὑρίσκεται
298 1510 354 1540 τοῖς
370 1508 441 1536 δυσί.
466 1508 552 1535 Τοῦτο
578 1508 606 1535 δὲ
629 1507 706 1535 ἔσται
734 1507 862 1543 φανερὸν,
887 1508 912 1533 al

957 955 1004 990 qui
1031 955 1059 982 in
1088 954 1226 990 Spiritum
1258 954 1446 982 insaniebant.
1477 953 1518 980 llli
1549 961 1616 981 vero
1641 953 1749 980 nonde

957 1000 1133 1028 discernendi
1157 1000 1212 1027 vim
1239 1000 1418 1031 habentibus,
1449 999 1496 1026 sed
1513 998 1546 1026 de
1565 999 1686 1033 Spiritus
1705 998 1750 1024 di-

959 1046 1076 1073 vinitate
1110 1048 1232 1073 maximo
1258 1045 1350 1073 furore
1387 1044 1548 1072 inﬂammati
1583 1044 1748 1071 tractabant.

958 1093 993 1120 Et
1023 1093 1112 1128 primo
1140 1093 1203 1120 loco
1234 1092 1404 1128 propositum
1424 1091 1522 1119 falsum
1537 1099 1606 1122 esse,
1623 1091 1751 1125 pluribus

959 1143 1046 1174 patet.
1073 1138 1197 1166 Primum
1226 1138 1300 1172 quod
1333 1137 1454 1172 Spiritus
1469 1137 1625 1164 communis
1641 1141 1683 1163 est
1698 1137 1750 1163 Ρο-

960 1184 996 1211 tri
1012 1189 1040 1211 ct
1059 1183 1130 1211 Filio
1151 1193 1159 1211 ς
1181 1183 1281 1216 Quibus
1309 1184 1378 1210 enim
1408 1182 1521 1218 Spiritus
1540 1183 1684 1209 communis
1699 1185 1749 1213 est,

959 1229 1013 1256 illis
1050 1237 1157 1264 prorsus
1186 1233 1209 1255 et
1236 1236 1294 1263 qua!
1323 1229 1441 1255 assentire
1465 1232 1536 1260 sunt,
1558 1233 1684 1263 separata
1699 1235 1750 1254 non

960 1278 1034 1305 sunt,
1049 1275 1088 1301 ait
1109 1274 1240 1309 Cyrillus.
1267 1273 1300 1301 Et
1324 1274 1444 1308 Spiritus
1460 1274 1571 1308 quidem
1593 1273 1633 1300 uti
1650 1273 1750 1305 Patris,

962 1320 1000 1347 ita
1033 1320 1136 1347 dicitttr
1165 1325 1192 1347 et
1224 1319 1297 1347 Filii.
1327 1319 1382 1347 Nec
1399 1324 1489 1346 tamen
1515 1319 1617 1346 dicitur
1631 1318 1752 1354 Spiritus

962 1365 1092 1401 Spiritus.
1118 1365 1170 1399 Qui
1197 1366 1270 1393 enim
1297 1365 1350 1393 hoc
1370 1365 1453 1392 modo
1476 1365 1651 1399 loqueretur,
1681 1364 1752 1391 duos

962 1413 1082 1447 Spiritus
1099 1412 1264 1444 insinuaret,
1277 1419 1338 1438 cum
1356 1419 1410 1438 non
1438 1415 1532 1446 posset
1543 1418 1627 1437 unutn
1645 1409 1750 1438 dicere.

962 1463 991 1486 et
1008 1459 1051 1485 sui
1069 1458 1168 1493 ipsius.
1185 1457 1345 1485 Communis
1359 1465 1424 1492 ergo
1440 1461 1481 1484 est
1497 1456 1606 1483 duobus
1618 1455 1750 1490 Spiritus.

964 1506 1072 1533 Falsum
1103 1505 1196 1540 igitur,
1218 1505 1291 1540 quod
1320 1503 1495 1539 proponitur.
1529 1503 1619 1530 Item:
1640 1502 1667 1529 in
1691 1509 1755 1528 san—

122 1554 233 1589 πρῶτον
250 1554 427 1589 διασαφῶμεν
439 1554 488 1591 τὴν
499 1554 581 1587 λέξιν,
597 1554 640 1581 ἵνα
656 1554 693 1589 μὴ
710 1555 744 1589 τῇ
767 1554 912 1588 ὁμωνυμίᾳ

965 1551 1087 1579 ctissima
1108 1551 1244 1579 Trinitate
1261 1557 1317 1578 tres
1348 1549 1562 1578 considerantur
1578 1549 1753 1583 conjunctio-

121 1599 333 1634 ταραττώμεθα.
348 1599 385 1626 Τὸ
411 1601 560 1635 ἀγέννητον
579 1599 662 1635 διχῶς
685 1599 806 1633 λέγεται,
832 1600 862 1625 τό
883 1607 913 1625 τε

123 1647 249 1681 ἁνάρχως
262 1644 386 1679 εῖναι,ὡς
400 1648 462 1673 ὃταν
477 1647 615 1681 λέγωμεν,
633 1645 664 1672 '0
680 1646 774 1681 Πατὴρ
800 1645 915 1679 ἀγέννη-

122 1701 180 1724 τος,
192 1692 239 1718 καὶ
257 1692 288 1718 τὸ
304 1692 341 1726 μὴ
359 1692 495 1727 γεννητῶς
509 1692 546 1723 ὡς
559 1693 572 1718 ό
588 1691 660 1723 Υἱὸς,
681 1691 716 1722 ὡς
745 1690 776 1718 τὺ
804 1690 915 1725 Πνεῦμα

123 1738 281 1773 ἀγέννητον.
293 1737 348 1764 Καὶ
360 1737 391 1763 τὸ
405 1737 534 1771 γεννητὸν
543 1737 653 1774 δμοίως,
664 1737 694 1763 τό
704 1745 732 1762 τε
745 1736 830 1772 ἀρχὴν
841 1736 914 1772 ἔχον,

124 1784 172 1810 καὶ
183 1783 211 1809 τι
223 1783 358 1817 φυσικῶς,
371 1783 431 1816 ἦτοι
445 1783 505 1809 κατ’
519 1783 684 1818 ὲκπὰρευσιν
698 1782 737 1814 ὃν,
746 1783 792 1809 καὶ
801 1783 913 1809 τούναν-

125 1830 193 1862 τίον,
201 1829 232 1856 τδ
242 1829 281 1864 μὴ
290 1829 377 1865 ἀρχὴν
389 1828 464 1863 ἕχον,
477 1828 525 1854 καὶ
537 1828 568 1858 τὸ
583 1827 621 1863 μὴ
631 1828 691 1854 κατ’
704 1827 866 1862 ὲκπὸρευσιν
875 1828 913 1855 δν.

125 1873 235 1901 Τούτων
249 1873 337 1904 οὕτως
360 1874 488 1908 ἐχόντων,
502 1872 532 1899 τὸ
545 1873 695 1907 ἀγέννητον
703 1873 773 1898 κατὰ
786 1872 815 1898 τὶ
826 1872 916 1898 δεύτε-

130 1928 176 1955 ρον
198 1919 399 1954 σημαινόμενον
415 1919 503 1951 Πατρὶ
525 1919 572 1945 καὶ
584 1918 723 1953 Πνεύματι
741 1917 829 1944 κοινόν
846 1925 853 1932 ·
871 1917 916 1943 οὐ-

125 1966 180 1992 δενὶ
194 1966 249 2000 γὰρ
264 1955 366 1992 τούτων
388 1964 525 2000 γεννητῶς
539 1964 570 1991 τδ
584 1961 666 1991 εἶναι.
685 1963 722 1990 To
746 1963 774 1990 δὲ
787 1963 917 1998 γεννητὸν

125 2013 238 2039 κατὰτὸ
263 2012 372 2046 πρῶτον
403 2011 603 2045 σημαινόμενον
629 2009 686 2044 Υῑῷ
712 2010 759 2035 καὶ
778 2009 917 2043 Πνεῦματι

125 2059 213 2086 κοινόν
227 2067 235 2075 ο
251 2059 336 2093 ἄμφω
362 2058 416 2093 γὰρ
437 2057 466 2089 ἐξ
487 2056 585 2083 αιτιοι).
613 2057 667 2082 Καὶ
693 2056 731 2093 τὺέ
748 2055 918 2090 ἀνεκπορεύ-

126 2113 181 2135 τως
197 2101 268 2131 εἴναι
293 2103 374 2130 πάλιν
404 2102 476 2129 κατά
489 2102 535 2128 τὸν
560 2101 687 2137 δεύτερον
709 2101 810 2135 τρόπον
827 2101 914 2136 Πατρὶ

126 2151 175 2177 καὶ
189 2150 247 2184 Υἱῷ
278 2149 368 2175 κοινόν
381 2154 389 2162 ·
406 2148 493 2174 οὐδενὶ
516 2147 571 2182 γὰρ
589 2147 693 2174 τούτων
719 2146 836 2182 τοιούτῳ
855 2147 918 2182 τρό-

128 2205 171 2230 πῳ
199 2196 229 2222 τὺ
246 2193 325 2223 εἶναι.
358 2194 421 2226 Πῶς
437 2193 484 2221 οὖν
510 2195 598 2227 πάντα
616 2196 650 2221 τὰ
674 2194 735 2221 δυσὶ
769 2195 846 2221 κοινὰ
871 2195 918 2221 καὶ

966 1605 1024 1631 nes,
1050 1603 1078 1626 et
1095 1597 1122 1625 in
1139 1598 1255 1633 singulis
1274 1604 1420 1624 commune
1438 1595 1504 1630 quid
1528 1595 1637 1622 duobus
1652 1594 1754 1629 reperi-

965 1648 1020 1672 tur.
1037 1644 1095 1672 lloc
1113 1651 1179 1670 vero
1196 1643 1370 1670 manifestum
1394 1642 1487 1673 fuerit,
1518 1641 1541 1669 si
1555 1642 1632 1676 prius
1652 1639 1753 1667 dictio-

965 1697 1028 1717 nem
1059 1688 1274 1721 declarabimus,
1304 1696 1339 1716 ne
1368 1688 1439 1715 idem
1467 1694 1567 1714 nomen
1584 1695 1635 1714 nos
1652 1679 1767 1713 turben

966 1735 1122 1771 lngenitum
1153 1735 1262 1763 duobus
1287 1735 1376 1762 modis
1405 1735 1516 1765 dicitur,
1531 1737 1632 1761 etcum
1649 1733 1755 1767 absque

967 1782 1105 1817 principio
1134 1785 1187 1813 est,
1228 1785 1259 1808 ut
1285 1789 1348 1808 cutn
1373 1780 1493 1807 dicimus
1508 1780 1589 1807 Pater
1604 1779 1753 1814 ingenitus,

967 1833 994 1855 et
1011 1836 1073 1855 cum
1085 1836 1139 1855 non
1153 1835 1204 1862 per
1220 1827 1331 1854 motlum
1345 1826 1543 1861 generationis,
1557 1826 1643 1852 velttti
1659 1825 1755 1857 Filius,

968 1878 998 1900 ut
1026 1873 1145 1908 Spiritus
1175 1873 1326 1908 ingenitus.
1342 1873 1402 1900 Pari
1419 1872 1525 1899 ratione
1540 1876 1568 1899 et
1580 1871 1713 1906 genitum,
1728 1875 1757 1898 et

969 1919 1041 1954 quod
1073 1919 1238 1953 principium
1264 1919 1357 1951 habet,
1393 1923 1422 1946 et.
1453 1917 1715 1952 quodnaturaliter,
1729 1916 1756 1943 id

968 1968 1010 1992 est
1022 1972 1071 1999 per
1088 1964 1199 1991 modum
1224 1964 1411 1997 processiouis
1439 1962 1573 1990 exsistit:
1591 1966 1619 1989 et
1645 1961 1759 1997 opposi-

970 2013 1039 2041 tum,
1053 2009 1127 2044 quod
1145 2008 1315 2044 principium
1334 2016 1389 2035 non
1421 2008 1522 2041 habet,
1538 2013 1567 2035 et
1580 2015 1629 2042 per
1642 2007 1756 2034 modum

970 2054 1156 2090 processionis
1183 2061 1239 2081 non
1272 2054 1391 2081 exsistit.
1427 2054 1490 2081 Ha’c
1515 2061 1578 2081 cum
1609 2053 1646 2080 ita
1663 2061 1692 2081 se
1707 2053 1758 2081 ba-

971 2101 1064 2133 beant,
1095 2100 1247 2135 ingenitum
1278 2099 1399 2127 secundo
1426 2106 1476 2127 suo
1506 2098 1660 2134 signiﬁcatu
1684 2099 1757 2126 Patri

970 2152 997 2174 et
1024 2145 1139 2181 Spiritui
1168 2152 1316 2173 commune
1340 2149 1401 2177 est;
1435 2145 1528 2172 nullus
1550 2145 1673 2172 enimex
1691 2144 1758 2178 ipsis

971 2199 1021 2227 per
1038 2191 1243 2224 generationem
1256 2196 1299 2218 est
1315 2199 1322 2218 :
1342 2191 1465 2225 genitum
1493 2190 1583 2226 primo
1603 2191 1758 2226 signiﬁcatu

126 2243 183 2274 τοῖς
202 2242 289 2276 τρισὶ,
313 2241 395 2275 φασὶν
418 2242 443 2267 οι
470 2240 605 2275 Γραικοξ;
645 2241 675 2268 Εἰ
703 2240 753 2276 μὲν
775 2241 863 2267 πάντα
887 2242 912 2275 τῇ

976 2244 1121 2264 commune
1149 2241 1192 2263 est
1221 2236 1336 2272 Spiritui
1361 2241 1388 2263 et
1403 2236 1482 2264 Filio.
1503 2236 1624 2272 Uterque
1636 2237 1713 2264 enim
1724 2244 1758 2264 ex

127 2288 207 2322 φύσει
235 2287 371 2322 προσόντα
395 2280 528 2320 λέγουσιν,
556 2285 612 2313 οἷον
643 2287 688 2312 τὸν
709 2286 854 2322 ἁγιασμὸν,
869 2286 936 2321 τὴν¹

127 2333 252 2368 δύναμιν,
262 2333 310 2359 καὶ
322 2332 357 2359 τὰ
389 2331 513 2364 τοιαῦτα,
543 2331 799 2366 συνομολογήσομεν
814 2340 821 2347 ·
837 2333 861 2358 ει
890 2332 918 2358 δὲ

127 2379 161 2405 τὰ
180 2378 338 2413 διακριτικὰ
362 2378 551 2410 ὑποστάσεων,
578 2377 714 2412 οὐδαμῶς.
736 2377 845 2404 Τούτων
864 2378 919 2412 γὰρ

127 2425 207 2460 διχῶς
223 2424 420 2459 θεωρουμένων
434 2423 505 2450 καῖά
520 2432 549 2449 τε
563 2424 650 2457 ἀρχὴν
672 2423 720 2449 καὶ
737 2423 835 2457 πέρας,
860 2421 919 2450 εἶτα

131 2472 177 2498 καὶ
191 2472 251 2498 κατ’
264 2471 410 2501 ἀντίθεσιν,
430 2471 460 2496 τὸ
489 2470 538 2503 μὲν
568 2469 687 2503 πρῶτον,
709 2469 733 2495 εἰ
758 2469 854 2500 κοινῶς
877 2478 919 2498 τις

128 2518 271 2552 λαμὸἁνει,
289 2518 335 2543 καὶ
351 2517 412 2543 κατ’
435 2516 518 2550 ἄμφω
533 2515 595 2542 δυσὶ
611 2516 741 2549 πρόσεστι
774 2516 822 2541 καὶ
849 2515 918 2541 κατὰ

128 2563 177 2597 τὴν
192 2563 280 2597 ἀρχὴν
294 2561 415 2595 δηλονότι
427 2561 472 2587 καὶ
489 2560 557 2586 κατὰ
573 2560 668 2594 πέρας.
685 2559 846 2594 Κοινότερον
863 2560 918 2593 γὰρ

130 2609 238 2635 πάντων
252 2607 306 2633 τῶν
323 2607 394 2633 κατὰ
408 2606 458 2640 τὴν
481 2606 556 2631 οεὶαν
583 2605 717 2639 διάκρισιν
747 2604 919 2639 λαμϐανομέ-

130 2662 191 2682 νων.
209 2653 256 2679 καὶ
272 2652 367 2686 ὥσπερ
385 2651 499 2677 καθόλου
512 2651 542 2677 τὸ
560 2650 619 2677 κατ’
636 2651 740 2683 αἰτίαν,
755 2651 834 2677 τοῦτο
852 2651 918 2685 πρὸς

132 2699 180 2732 μὲν
193 2698 243 2733 τὴν
254 2696 438 2732 ἁρχὴναῐτιον
467 2697 592 2730 λέγομεν,
618 2698 685 2731 ripa;
713 2697 740 2722 δὲ
771 2697 801 2722 τὸ
830 2697 918 2731 πέρας

131 2744 260 2770 αἰτιατόν.
283 2743 337 2769 Καὶ
356 2742 450 2776 ὥσπερ
477 2743 528 2768 οὐκ
542 2742 641 2768 ἄτοπον
656 2742 685 2768 τὸ
712 2741 833 2769 αἰτιατὺν
851 2743 919 2767 ἐνεῖ-

132 2798 175 2815 ναι
189 2790 275 2822 δυσὶν,
288 2789 344 2816 ἀλλ’
361 2789 466 2823 ἀληθῶς
482 2789 600 2822 πρόσεοτ
612 2798 626 2814 ν
638 2787 694 2823 Υἱῷ
708 2789 754 2814 καὶ
768 2788 917 2822 Πνεύμαπι,

133 2835 216 2867 οὕτως
231 2837 279 2863 οὐκ
295 2836 405 2870 ἄτοπον,
425 2833 525 2870 μᾶλλον
547 2835 576 2862 δὲ
603 2836 751 2869 ἀναγκαῖον
782 2835 809 2860 τὸ
831 2833 917 2860 αἴτιον

134 2881 162 2908 ὲν
173 2883 231 2909 δυσὶ
247 2881 418 2915 θεωρεῖσθαι,
436 2883 478 2908 ἵνα
496 2881 524 2908 τὸ
542 2881 624 2914 μέσον
651 2883 762 2914 γένηται
781 2880 818 2914 τῷ
831 2880 919 2914 πράγ-

973 2289 1055 2309 causa
1082 2285 1125 2308 est
1143 2285 1192 2314 ;et
1219 2289 1267 2316 per
1281 2281 1391 2308 modum
1413 2281 1596 2316 proccssionis
1613 2290 1667 2315 non
1687 2281 1760 2309 exsi-

971 2327 1046 2354 SIcre
1076 2334 1174 2354 rursus
1206 2327 1330 2354 secundo
1357 2327 1513 2362 signiﬁcatu
1541 2335 1688 2354 commune
1717 2333 1760 2355 est

971 2373 1044 2399 Patri
1065 2376 1093 2399 et
1109 2372 1190 2400 Filio.
1209 2372 1282 2399 Nulli
1309 2372 1384 2399 enim
1409 2381 1441 2400 ex
1472 2373 1515 2400 his
1536 2373 1587 2400 hoc
1599 2372 1681 2400 modo
1699 2381 1760 2400 esse
1789 2402 1792 2405 _
1816 2397 1819 2398 ,

969 2419 1109 2454 competit.
1138 2419 1261 2452 Quanam
1292 2419 1376 2454 igitur
1400 2420 1504 2447 ratione
1519 2419 1605 2447 Graeci
1622 2424 1758 2451 asserunt,

969 2473 1030 2500 qua:
1044 2466 1154 2493 duobus
1173 2467 1331 2494 communia
1345 2472 1419 2499 sunt,
1439 2474 1501 2495 esse
1514 2471 1542 2494 et
1558 2467 1664 2494 tribus?
1680 2467 1758 2499 Quod

969 2511 992 2536 si
1019 2510 1114 2537 dicant
1145 2511 1249 2543 omnia,
1276 2519 1336 2546 qua:
1360 2517 1457 2539 natura
1483 2512 1587 2544 insunt,
1606 2512 1762 2540 sanctiﬁca-

971 2554 1072 2582 tionem
1088 2563 1197 2591 nempe,
1214 2557 1357 2589 virtutem,
1374 2562 1402 2585 et
1415 2557 1529 2591 similia,
1543 2559 1576 2586 de
1592 2566 1623 2585 ea
1643 2565 1673 2585 re
1690 2559 1760 2586 mul-

970 2605 1027 2628 tum
1053 2602 1115 2629 illos
1139 2610 1263 2630 amamus
1285 2611 1291 2630 :
1309 2604 1381 2638 quod
1414 2604 1437 2631 si
1457 2611 1500 2631 ea-
1518 2611 1585 2638 qua}
1596 2604 1761 2632 discernunt

971 2648 1143 2683 hypostases,
1170 2649 1341 2683 intelligunt,
1362 2657 1503 2685 nunquam
1523 2651 1603 2678 nobis
1623 2659 1685 2678 cum
1707 2651 1760 2678 illis

971 2695 1130 2721 conveniet.
1156 2694 1282 2729 Namque
1311 2702 1373 2721 cum
1400 2695 1451 2722 ista
1467 2695 1616 2729 dupliciter
1630 2696 1759 2722 conside-

971 2744 1076 2771 rentur,
1094 2745 1151 2766 tum
1177 2740 1330 2767 secundum
1357 2739 1524 2774 principium
1543 2745 1570 2767 et
1588 2741 1681 2773 linem,
1700 2746 1756 2768 tum

969 2786 1121 2824 secundum
1142 2787 1364 2820 oppositioncm:
1383 2786 1501 2820 primtttu
1520 2786 1633 2820 quidem
1645 2786 1668 2813 si
1683 2795 1759 2814 cum-

971 2832 1093 2860 tuunitcr
1121 2832 1182 2866 quis
1214 2832 1341 2866 accipiat,
1373 2836 1400 2858 et
1419 2836 1448 2858 ut
1461 2832 1526 2863 duo,
1541 2832 1651 2859 tluobus
1664 2833 1759 2859 insunt

971 2885 998 2907 et
1028 2878 1179 2906 secundum
1212 2878 1396 2911 principium,
1422 2883 1449 2906 ct
1483 2878 1636 2907 secundum
1663 2880 1755 2906 liuent.
