1916 3057
187 157 240 187 8i.“-

783 162 945 192 GEORGH
968 163 1229 194 TRAPEZUNTII

1765 167 1818 199 816

188 215 316 242 ttmnium
341 216 415 243 enim
441 218 699 246 communissimum
727 223 768 246 est
801 227 897 246 eorum
917 227 969 254 qua

1030 229 1095 255 ματι
1107 219 1188 255 μέσον
1199 221 1245 247 καὶ
1254 221 1355 256 ἀληθὴς
1367 222 1525 256 σύνδεσμος.
1534 223 1567 249 τὰ
1576 223 1648 258 ἄκρα
1662 223 1820 256 συνάπτων,

186 260 338 288 secundum
362 262 482 290 divinam
512 264 706 292 discretionem
737 265 927 300 accipiuntur,
945 270 973 293 et

187 311 316 341 tanquam
344 309 455 344 aliquod
483 311 639 339 universale
661 319 693 339 ex
725 319 806 340 causa
831 320 900 339 esse.
917 312 973 340 Hoc

185 359 249 386 erga
280 353 444 389 principium
483 363 593 383 causam
628 364 770 390 vocamus,
800 365 863 392 erga
889 357 971 385 ﬁnem

185 396 326 425 etlectum.
351 399 383 426 Et
406 401 640 435 quemadmodum
663 402 814 430 absurdum
845 412 899 431 non
919 408 972 435 est.

185 450 218 470 ex
244 451 326 472 causa
344 452 406 474 esse
430 447 539 475 duobus
562 449 665 481 inesse,
681 450 754 484 quod
771 455 862 477 tamen
877 440 972 477 revera

185 487 258 515 inest
281 489 349 517 Filio
381 496 408 519 et
438 491 566 526 Spiritui;
599 494 635 521 ita
647 494 795 522 absurdum
811 502 865 523 non
878 494 972 527 fuerit,

185 532 241 560 imo
259 537 446 564 necessarium
468 543 527 570 est,
544 546 654 566 causam
674 539 700 566 in
721 539 830 566 duobus
842 539 972 567 conside-

185 580 251 612 rari,
283 585 313 608 ut
341 583 461 611 medium
491 584 538 611 ﬁat
563 592 598 612 re‘
621 585 679 619 ipsa
711 586 843 617 medium.
869 590 896 613 et
908 593 972 613 vera

184 627 356 661 coniunctio,
387 634 510 658 extrema
537 631 684 664 colligans,
715 636 861 666 propterea
894 632 970 666 quod

186 679 272 699 unum
302 681 384 702 causa
401 675 453 708 sit,
469 675 586 703 alterum
604 676 729 704 eﬂ‘ectus.
742 677 774 704 Et
790 677 842 705 hac
855 678 971 711 ratione,

185 717 208 743 si
234 718 296 753 quis
326 721 511 748 communiter
541 722 671 757 accipiat.
683 727 712 750 et
729 724 881 750 secundum
899 729 973 752 utra-

185 771 239 797 que
262 765 428 800 principium
457 772 486 795 et
512 767 605 800 ﬁnem,
639 769 666 795 in
679 769 788 797 duobus
801 770 971 797 considerari

185 811 379 845 communiter,
405 813 479 847 quod
506 813 647 847 discernit,
668 815 819 842 absurdum
848 823 904 843 non
918 821 970 844 est.

185 855 212 882 Si
229 864 294 885 vero
320 859 474 885 secundum
501 860 704 894 oppositionem
723 869 776 888 una
789 861 971 896 oppositionis

186 910 251 936 pars
277 904 304 930 in
329 903 438 932 duobus
449 905 527 939 plane
542 905 737 934 consideratur
752 915 759 934 :
781 907 822 934 sic
838 907 971 941 genitum,
988 897 1009 924 Β

186 953 214 975 et
225 948 385 982 ingenitum,
396 955 422 977 et
433 951 583 984 procedens
595 956 622 978 et
633 959 689 979 non
701 951 852 986 procedens
862 952 971 980 duobus

185 1001 332 1021 commune
351 1000 474 1029 apparet.
505 995 572 1023 Cum
589 997 661 1024 enim
681 997 802 1025 Trinitas
820 1005 849 1024 re
867 999 923 1032 ipsa
936 998 972 1025 sit

184 1038 269 1072 Deus,
294 1041 316 1067 si
335 1049 389 1076 quo
407 1042 487 1069 modo
511 1050 564 1069 una
583 1043 740 1078 hypos‘tasis
762 1051 776 1070 a
791 1044 898 1071 duobus
909 1044 972 1071 dis-

184 1087 320 1118 cernitur,
350 1088 376 1115 id
396 1096 445 1123 per
458 1090 660 1124 oppositionem
681 1088 972 1125 assumptum,'neces-

185 1131 260 1158 sario
275 1131 383 1160 duobus
397 1133 490 1161 inerit.
505 1135 582 1168 Quod
594 1135 713 1162 enim’ex
725 1136 814 1162 tribus
829 1143 912 1162 unum
924 1135 972 1162 de-

185 1177 248 1210 mit,
259 1178 314 1205 duo
325 1185 439 1213 prorsus
457 1180 590 1215 relinquit
601 1189 607 1206 :
617 1180 700 1216 idque
717 1188 806 1215 neque
821 1181 909 1215 pueri,
923 1185 973 1207 ne:

185 1231 239 1258 quc
258 1225 388 1252 mulieres
416 1226 524 1253 inﬁcias
553 1226 665 1254 iverint.
686 1226 727 1253 Tu
746 1234 828 1260 porro
847 1231 971 1254 exactam

185 1270 320 1299 orationis
340 1271 492 1299 claritatem
513 1273 672 1300 considera.
688 1273 753 1300 Nam
770 1273 874 1307 absque
887 1280 971 1308 gene-

184 1317 303 1350 ratione,
321 1318 379 1345 sive
402 1318 506 1353 absque
517 1319 654 1354 principio
671 1327 740 1351 esse,
757 1319 863 1346 Patrem
876 1328 889 1346 a
903 1320 971 1348 Filio

183 1368 213 1391 et
241 1364 346 1398 Spiritu
370 1371 480 1399 separat
505 1375 512 1393 :
534 1371 736 1400 proptereaque
762 1373 907 1393 commune
929 1371 972 1393 est

186 1412 256 1439 Filio
288 1416 316 1439 et
346 1411 462 1447 Spiritui
491 1420 540 1447 per
568 1413 679 1440 modum
696 1412 894 1447 generationis,
914 1413 971 1440 sive

185 1464 219 1483 ex
246 1456 381 1491 principio
405 1465 475 1484 esse.
500 1457 553 1484 Per
573 1458 685 1485 modum
714 1457 900 1492 generationis
924 1466 970 1485 ex-

183 1503 291 1535 sistere,
322 1510 468 1536 personam
498 1503 561 1530 Filii
577 1503 733 1535 constituit,
759 1503 806 1530 illo
826 1510 841 1530 a
861 1503 970 1530 duobus

182 1552 337 1582 separatam
359 1548 501 1582 :ideoque
532 1548 570 1575 illi
601 1548 758 1583 oppositum
771 1548 842 1576 Patri
869 1553 897 1575 et
909 1548 970 1582 Spi-

183 1594 223 1621 tui
259 1594 340 1621 inest.
358 1595 420 1621 Pari
441 1595 548 1621 ratione
572 1602 621 1629 per
656 1595 766 1621 modum
786 1594 970 1628 processionis

181 1640 317 1666 exsistere
343 1645 453 1674 separat
476 1640 609 1674 Spiritum
624 1647 639 1666 a
654 1640 734 1666 Patre
751 1644 779 1667 et
795 1640 875 1671 Filio,
893 1645 921 1667 et
935 1640 970 1667 ob

185 1685 238 1713 lioe
257 1693 312 1712 non
331 1694 381 1720 per
396 1686 506 1713 modum
529 1686 716 1720 processionis
733 1688 879 1717 exsistere,
896 1685 969 1720 quod

184 1731 224 1758 illi
242 1731 403 1765 opponitur,
423 1732 493 1759 Filio
509 1737 536 1758 et
560 1732 633 1761 Patri
649 1732 807 1759 necessario
821 1739 968 1759 commune

183 1782 235 1804 est.
264 1779 294 1805 ln
322 1778 452 1806 oumibus
477 1779 568 1813 itaque
593 1778 829 1810 discernentibus,
848 1777 905 1805 sive
921 1778 971 1813 by-

1027 266 1071 292 διὰ
1080 266 1126 292 τοῦ
1140 266 1189 301 μὲν
1198 267 1328 300 αἱτιατδν,
1338 267 1384 294 τοῦ
1393 268 1421 295 δὲ
1433 269 1517 296 αἴτιον
1527 268 1609 297 εἶναι.
1619 270 1674 297 Καὶ
1684 270 1756 297 οὕτω
1770 271 1823 306 μὲν

1028 312 1051 337 εἰ
1066 311 1164 343 κοινῶς
1172 320 1214 343 τις
1228 312 1374 347 λαμϐάνει,
1383 313 1430 340 καὶ
1439 315 1499 340 κατ’
1511 315 1595 350 ἄμφω
1608 316 1678 342 κατά
1689 325 1718 342 τε
1729 317 1822 351 ἀρχὴν
1844 324 1847 328 ‘

1028 357 1074 383 καὶ
1082 357 1168 392 πέρας
1180 358 1208 383 ὲν
1216 359 1275 385 δυσ).
1286 359 1447 393 θεωρεῖσθαι
1460 361 1556 392 κοινῶς
1566 361 1596 387 τὸ
1607 361 1755 395 διακρίνον,
1768 362 1821 388 οὐκ

1027 403 1138 430 ἄτοπον.
1145 404 1175 430 Ei
1187 403 1215 430 δὲ
1225 404 1283 430 κατ’
1294 405 1429 432 ἀντίθεσιν
1437 405 1466 432 τὸ
1473 406 1502 432 ἓν
1508 407 1724 441 τῆςάντιοέσεως
1734 408 1820 443 μέρος

1026 449 1086 475 δυσὶ
1104 449 1211 480 πάντως
1224 450 1414 485 ὲπιθεωρεῖται
1427 460 1434 467 ·
1450 451 1522 478 οὕτω
1548 452 1595 478 καὶ
1623 452 1654 478 τὺ
1685 453 1819 488 γεννητὸν

1027 495 1071 520 καὶ
1087 494 1244 528 ἀγέννητον,
1266 496 1313 522 καὶ
1342 497 1508 529 ὲκπορευτδν
1536 497 1584 524 καὶ
1615 497 1821 532 ἀνεχπὸρευτον

1025 538 1084 566 δυσὶ
1101 539 1190 566 κοινὸν
1218 540 1385 573 ἀνεφαίνετο.
1417 540 1526 575 Ἐπειδὴ
1562 542 1616 576 γὰρ
1644 542 1729 575 Τριάς
1759 542 1820 569 ἐστι

1025 585 1063 619 τῷ
1076 585 1218 619 πράγματι
1232 586 1246 611 ὁ
1260 585 1337 619 Θεὸς,
1351 587 1378 613 εἴ
1402 594 1457 613 τινι
1487 587 1538 621 μία
1553 587 1607 613 τῶν
1638 587 1819 614 ὑποστάσεων

1025 631 1081 657 τοῖν
1093 631 1165 657 δυοῖν
1180 631 1360 666 διακρίνεται,
1376 632 1455 658 τοῦτο
1472 633 1501 665 ἐξ
1519 633 1682 665 ἀντιθέσεως
1709 633 1818 667 λαμϐα-

1026 676 1138 710 νόμενον
1156 676 1185 709 ὲξ
1196 677 1319 711 ἀνάγκης
1345 678 1406 704 δυσὶ
1430 678 1593 714 προσέσται.
1624 679 1660 706 Τὸ
1686 680 1738 714 γὰρ
1761 679 1818 706 ἀπὸ

1025 722 1109 757 τριῶν
1119 723 1148 749 ἐν
1159 723 1292 758 ἁφαιροῦν
1307 724 1353 750 δύο
1367 725 1474 756 πάντως
1486 725 1654 758 ἀπολείπειν,
1683 726 1729 752 καὶ
1753 727 1819 752 παῖ-

1025 768 1080 800 δες,
1095 769 1142 795 καὶ
1159 770 1286 801 γυναῖκες
1302 770 1500 805 ὁμολογήσαιεν
1512 771 1555 798 ἄν.
1571 772 1606 798 Σὺ
1629 771 1658 798 δὲ
1685 771 1736 807 ὅρα
1767 780 1815 805 μοι

1025 813 1074 848 τὴν
1089 814 1231 848 ἀκρίϐειαν
1254 815 1307 841 τῶν
1325 816 1421 849 λόγων.
1445 816 1482 843 Τὸ
1499 817 1548 851 μὲν
1565 817 1620 851 γὰρ
1646 817 1814 851 ἀγεννήτως,

1026 859 1085 894 ἦτοι
1101 860 1228 894 ἁνάρχωξ
1250 858 1319 887 εἶναι
1334 861 1398 888 Υἱοῦ
1415 871 1443 888 τε
1462 863 1508 889 καὶ
1527 863 1683 897 Πνεύματος
1698 863 1818 889 τὺνΠα-

1024 905 1090 941 τέρα
1103 906 1236 941 διακρίνει
1251 914 1258 921 '
1273 906 1317 933 διὰ
1332 906 1412 933 τοῦτο
1433 907 1591 942 κοινὸνΎίῴ
1606 907 1651 934 καὶ
1674 907 1815 942 Πνεύματι

1023 951 1061 986 τῷ
1076 952 1223 986 γεννητῶς,
1237 953 1296 987 ἦτοι
1313 953 1343 985 ἐξ
1361 954 1449 988 ἀρχῆς
1462 950 1531 981 εἶναι
1549 961 1556 968 ·
1579 953 1609 980 τὸ
1623 953 1651 980 δὲ
1677 953 1815 987 γεννητιῖκ

1023 995 1091 1024 εἶναι
1111 998 1143 1024 τὺ
1161 998 1207 1024 τοῦ
1237 998 1301 1024 Υίοῦ
1319 999 1462 1034 συνίστησι
1492 999 1637 1033 πρόσωπον
1661 1000 1717 1025 τοῖν
1740 999 1816 1025 δυοῖν

1023 1043 1096 1077 αὐτῷ
1110 1043 1249 1078 διακρίνον
1267 1052 1274 1059 ⁸
1293 1045 1340 1071 καὶ
1355 1044 1451 1071 τούτου
1465 1045 1546 1080 χάριν
1572 1045 1603 1071 τὸ
1624 1045 1711 1079 τούτῳ
1739 1045 1816 1071 ἀντι-

1023 1088 1149 1123 κείμενον
1167 1091 1255 1125 Πατρὶ
1268 1091 1315 1118 καὶ
1341 1091 1482 1125 Πνεύματι
1514 1091 1670 1125 πρόσεστιν,
1694 1090 1815 1124 Ὀμοίως

1022 1135 1070 1161 καὶ
1082 1135 1112 1161 τὸ
1126 1135 1299 1169 ὲκπορευτῶς
1317 1134 1384 1162 εἶναι
1399 1136 1515 1169 διίστησι
1531 1137 1562 1163 τὸ
1578 1135 1692 1170 Πνεῦμα
1707 1135 1816 1169 [ἰατρὸς

1022 1181 1070 1208 καὶ
1084 1180 1160 1213 Υίοῦ,
1176 1182 1221 1208 καὶ
1239 1181 1283 1208 διὰ
1307 1181 1386 1208 τοῦτο
1400 1181 1430 1208 τὸ
1460 1183 1498 1217 μὴ
1527 1182 1699 1217 ἑκπορευτῶς
1731 1179 1812 1213 εἶναι,

1021 1227 1089 1261 ὅπερ
1103 1227 1198 1262 ἐκείνῳ
1212 1228 1374 1260 ἀντίκειται,
1390 1228 1445 1262 Υίῷ
1471 1228 1518 1254 καὶ
1543 1229 1629 1263 [lupi
1659 1227 1748 1254 κοινὸν
1783 1227 1814 1259 ἐξ

1022 1273 1155 1308 ἀνάγκης.
1179 1273 1239 1299 Ἐπὶ
1255 1274 1364 1300 πάντων
1381 1273 1446 1307 γοῦν
1459 1273 1514 1300 τῶν
1541 1273 1729 1308 διακριτικῶν,
1752 1272 1813 1308 ἦτοι

1022 1319 1225 1352 ὑποστατικῶν,
1243 1319 1290 1345 ἐὰν
1307 1320 1336 1345 τὺ
1352 1319 1417 1346 tam
1440 1319 1489 1354 τῆς
1505 1318 1679 1350 ὑποστάσεως
1705 1318 1813 1352 λαμϐά-

1022 1373 1079 1400 νῃς1
1098 1361 1119 1399 ᾧ
1133 1365 1302 1399 διακρίνεται
1321 1366 1376 1396 τοῖς
1388 1365 1461 1397 δυσὶ,
1487 1365 1565 1391 τοῦτο
1589 1365 1618 1396 ἐξ
1649 1364 1813 1395 ἀντιθέσεως

1022 1411 1236 1446 λαμὸανόμενον,
1251 1413 1275 1438 εἰ
1291 1412 1339 1446 μὲν
1352 1412 1542 1447 ἐπιθεωρεῖται
1566 1413 1625 1443 ταῖς
1639 1412 1746 1442 λοιπαῖς
1763 1411 1813 1445 τῆς

1022 1457 1136 1492 Τριάδος
1152 1458 1227 1484 δυσὶν
1240 1458 1431 1490 ὑποστάσεοιν,
1449 1458 1514 1485 ἴδιόν
1536 1459 1609 1484 ἐστιν
1622 1454 1653 1484 οὗ
1688 1458 1810 1491 λέγεται.

1022 1502 1094 1529 Εἱδὲ
1116 1503 1163 1537 μὴ,
1196 1503 1288 1534 κακῶς
1315 1503 1431 1538 ἀπεδόθη
1458 1503 1487 1529 τὸ
1509 1503 1628 1530 τοιοῦτον
1658 1503 1733 1529 ἴδιον.
1761 1502 1812 1528 Διὰ

985 1559 1006 1588 c
1022 1549 1102 1575 τοῦτο
1128 1549 1192 1575 ἰδίου
1210 1549 1286 1579 ὄντος
1301 1549 1348 1574 τοῦ
1365 1549 1523 1584 ὰγεννήτου,
1536 1549 1595 1584 ἦτοι
1622 1549 1739 1583 ἀνάρχιλυ
1763 1547 1812 1574 τοῦ

1024 1593 1139 1629 [ἰατρὸς.
1154 1594 1258 1620 καὶτοῦ
1277 1594 1415 1628 γεννητῶς
1431 1592 1500 1621 εἶναι
1523 1594 1569 1621 τοῦ
1598 1594 1674 1625 Υῑοῦ,
1706 1593 1755 1620 τοῦ
1780 1594 1810 1619 δὲ

1022 1641 1082 1666 κατ’
1097 1640 1259 1674 ὲκπόρευσιν
1273 1639 1319 1666 τοῦ
1335 1640 1411 1674 ἁγίου
1428 1641 1594 1674 Πνεύματος,
1619 1641 1650 1666 τὸ
1666 1640 1809 1674 γεννητὸν,

1022 1687 1068 1713 κιὶ
1082 1685 1239 1720 ἀγέννητον,
1255 1687 1302 1712 καὶ
1317 1687 1516 1721 ἀνεκπόρευτον
1537 1687 1597 1712 δυσὶ
1612 1687 1667 1717 τοῖς
1697 1685 1809 1712 ἀπολει-

1024 1732 1151 1766 πομένοις
1169 1733 1256 1758 κοινὸν
1267 1732 1337 1758 κατὰ
1349 1733 1378 1758 τὸ
1397 1734 1460 1759 αὐτὸ
1477 1733 1506 1764 ἐξ
1521 1733 1683 1763 ἀντιθέσεως
1708 1741 1810 1766 σημαι-

1022 1779 1145 1812 νόμενον.

183 1826 315 1857 postasim
337 1825 582 1857 constituentibus,
606 1828 628 1853 si
649 1826 792 1860 proprium
817 1824 973 1860 liypostasis
993 1824 1124 1858 accipias,
1158 1831 1213 1859 quo
1248 1823 1416 1851 discernitur
1439 1831 1453 1851 a
1468 1823 1586 1855 duobus,
1600 1823 1627 1851 id
1640 1831 1688 1858 per
1699 1822 1812 1858 opposi-

184 1873 288 1900 tionem
313 1878 467 1908 sumptum,
487 1875 508 1901 si
536 1875 563 1901 in
576 1874 683 1901 duabus
719 1874 834 1908 reliquis
869 1865 1012 1900 Trinitatis
1027 1871 1226 1906 liypostasibus
1254 1871 1461 1904 consideratur,
1495 1871 1637 1906 proprium
1663 1876 1705 1898 est
1729 1872 1812 1906 cujus

184 1922 287 1949 dicitur
302 1931 308 1950 :
325 1923 367 1950 sin
387 1923 477 1950 minus
501 1923 572 1950 male
591 1923 767 1950 atttributum
784 1928 824 1949 est
858 1922 909 1948 hoc
941 1921 1094 1956 proprium.
1116 1919 1319 1954 Proptereaque
1342 1926 1404 1947 cum
1428 1920 1580 1954 ingenitum
1614 1919 1672 1947 sive
1703 1918 1809 1952 absque

183 1969 319 2003 principio
332 1969 472 2003 proprium
487 1969 522 1995 sit
539 1969 639 2001 Patris,
657 1973 685 1995 et
704 1976 753 2002 per
785 1967 990 2002 generationem
1011 1973 1072 1994 esse
1108 1966 1181 1998 Filii,
1208 1971 1236 1994 et
1266 1974 1314 2000 per
1338 1966 1540 2001 processionem
1560 1966 1679 2001 Spiritus
1705 1966 1806 1997 sancti.

184 2006 318 2051 genitum,
336 2022 364 2044 et
381 2017 546 2051 ingenitum,
567 2021 595 2043 et
615 2024 669 2043 non
690 2016 843 2050 procedens
877 2014 992 2048 reliquis
1011 2014 1119 2041 duobus
1153 2021 1299 2042 commune
1318 2013 1413 2046 fuerit,
1439 2014 1589 2041 secundum
1607 2013 1691 2045 illum,
1708 2013 1756 2048 qui
1774 2020 1807 2040 ex

183 2064 359 2097 oppositione
375 2065 503 2095 infertur,
515 2063 710 2097 signiﬁcatum.

219 2111 265 2137 23.
281 2111 330 2138 His
356 2111 391 2137 ita
421 2118 450 2137 se
472 2110 646 2142 liabentmus,
671 2117 724 2145 qua
751 2110 855 2136 ratione
880 2107 967 2135 Graeci

182 2158 287 2184 insulse
319 2157 480 2188 admodum,
512 2165 545 2183 ne
577 2157 665 2184 dicant
685 2157 793 2188 stolide,
812 2155 968 2182 audentdi;

181 2203 266 2230 cere?
283 2203 320 2229 ita
337 2206 387 2234 est,
404 2202 450 2228 sed
470 2203 621 2236 producere
636 2202 747 2236 quidam
763 2209 795 2227 ex
808 2200 967 2227 doctoribus

183 2248 324 2281 proprium
355 2255 415 2273 esse
444 2247 532 2274 Patris
561 2251 698 2274 asserunt.
725 2246 802 2279 Quod
819 2254 884 2272 vero
902 2252 965 2279 pro-

181 2295 270 2328 prium
290 2299 342 2326 est,
361 2302 413 2320 non
440 2298 481 2321 est
501 2301 658 2320 commune.
683 2293 729 2320 Vel
752 2293 891 2328 quomodo
909 2292 966 2319 fue-

181 2341 218 2367 rit
246 2347 404 2371 commune,
427 2345 455 2368 et
483 2340 646 2374 proprium?
673 2340 732 2366 Jam
748 2339 849 2373 szepius
861 2339 966 2366 dictum

180 2391 234 2418 cst,
253 2390 448 2420 rcpctaturque
475 2387 586 2412 iterum.
609 2385 754 2419 Proprium
783 2390 824 2412 est
840 2384 966 2420 generari

179 2430 252 2458 Filii.
285 2431 339 2457 Hoc
368 2431 442 2457 enim
473 2438 488 2456 a
508 2430 589 2456 Patro
604 2434 631 2456 et
647 2429 753 2463 Spiritu
772 2429 941 2456 discernitur
957 2437 964 2454 :

180 2481 381 2511 proptereaque
409 2476 514 2510 alisque
538 2476 717 2510 generatione
751 2483 822 2507 esse,
839 2475 966 2502 conside-

179 2528 258 2550 ratur
273 2523 299 2550 in
318 2524 397 2549 Patre
409 2527 438 2549 et
454 2522 568 2556 Spiritu.
590 2522 623 2548 Et
635 2529 779 2556 possumus
796 2521 888 2548 dicere
903 2521 966 2548 abs-

178 2576 231 2603 que
245 2569 434 2604 generatione,
454 2569 506 2595 liuc
533 2572 576 2594 est
590 2575 644 2594 non
666 2575 714 2602 per
731 2567 840 2593 modum
853 2573 966 2601 genera-

179 2613 276 2648 tionis,
293 2614 427 2642 exsistere
455 2615 596 2649 proprium
614 2614 713 2640 Patris.
732 2613 798 2640 Nam
817 2613 838 2639 si
856 2620 903 2647 per
919 2620 966 2647 ge-

179 2662 350 2689 nerationem
374 2669 434 2689 esse
459 2661 628 2688 discernitur
655 2667 668 2686 a
686 2659 793 2686 duobus
810 2658 913 2686 Filius:
932 2666 965 2685 eo

179 2709 252 2742 quod
269 2708 374 2742 absque
389 2708 567 2742 generatione
589 2711 673 2738 sunt,
697 2706 891 2733 discernuntur
909 2705 965 2732 duo

178 2753 212 2779 ab
230 2752 338 2779 eodem.
366 2753 397 2779 Et
412 2753 494 2780 veluti
515 2753 581 2779 illud
598 2759 662 2779 vere
679 2752 821 2787 proprium
837 2757 877 2778 est
891 2751 963 2784 Filii,

178 2799 215 2825 ita
230 2803 258 2825 et
277 2799 394 2825 duorum
417 2807 479 2826 vere
497 2799 549 2825 hoc
562 2799 616 2826 erit
641 2799 794 2833 proprium,
814 2799 867 2825 imo
881 2799 963 2826 etiam

179 2851 336 2875 commune.
367 2844 424 2876 Qua
453 2846 526 2871 cuitu
558 2845 613 2872 duo
640 2845 714 2872 illius
727 2845 875 2879 participes
890 2850 963 2876 sunt,

182 2895 337 2922 commune,
366 2897 417 2923 qua
443 2897 508 2917 vero
539 2891 729 2926 unusquisque
749 2897 780 2918 cx
805 2890 872 2924 ipsis
892 2890 965 2917 illoa

1057 2109 1105 2133 κε’.
1128 2091 1237 2133 Τούτων
1263 2106 1348 2138 οὕτως
1373 2107 1500 2141 ἑχόντων,
1529 2107 1587 2139 πῶς
1613 2106 1724 2132 τοιαῦτα
1747 2107 1808 2133 λίαν

1022 2151 1146 2186 ἀμαθῶς,
1163 2153 1205 2178 ἵνα
1221 2152 1257 2187 μὴ
1273 2152 1345 2186 λέγω
1363 2153 1464 2183 σκαιῶς
1479 2153 1606 2186 τολμῶσι,
1621 2152 1710 2186 λέγειν
1726 2153 1808 2186 Γραι-

1022 2198 1065 2224 κοί
1081 2207 1088 2231 ;
1101 2199 1165 2229 Ναὶ,
1179 2200 1270 2233 φησιν,
1287 2199 1353 2236 an;
1367 2200 1396 2226 τὸ
1413 2200 1573 2234 προϐάλλειν
1589 2199 1652 2225 ἴδιόν
1666 2208 1738 2230 τινες
1751 2199 1806 2225 τῶν

1020 2244 1188 2270 διδασκάλων
1206 2244 1252 2270 τοῦ
1272 2246 1376 2280 Harpe;
1401 2246 1520 2280 λέγουσι.
1537 2246 1573 2272 Τὸ
1588 2245 1615 2271 δὲ
1630 2245 1694 2272 ίδιον
1705 2245 1735 2270 οὐ
1751 2253 1807 2270 κοι·

1018 2291 1072 2317 νὸν.
1098 2291 1133 2316 Ἣ
1151 2290 1209 2320 πῶς
1238 2291 1313 2318 ἔσται
1344 2293 1433 2319 κοινὸν
1449 2293 1495 2318 καὶ
1513 2292 1577 2319 ῐδιον
1594 2300 1601 2324 ;
1621 2291 1688 2325 ’Ἤδη
1706 2290 1807 2316 πο).λά-

1017 2344 1061 2367 κις
1095 2337 1214 2371 εἴρηται,
1241 2338 1288 2363 καὶ
1314 2337 1394 2364 πάλιν
1419 2337 1549 2371 λεγέσθω.
1578 2337 1657 2363 Ἴδιον
1685 2338 1715 2362 τὸ
1744 2345 1806 2370 γεν.

1017 2382 1114 2409 νᾶδοαι
1141 2382 1187 2408 τοῦ
1218 2382 1293 2410 Υίοῦ,
1320 2384 1492 2418 Διακρίνεται
1518 2385 1571 2417 γὰρ
1595 2383 1680 2417 τούτῳ
1699 2383 1806 2416 Harpe:

1017 2428 1063 2454 καὶ
1107 2428 1276 2462 Πνεῦματος.
1312 2429 1360 2455 Διὰ
1390 2429 1468 2455 τοῦτο
1496 2430 1524 2455 τὸ
1550 2429 1704 2462 ἁγεννήτως
1733 2426 1804 2453 εἶναι

1017 2475 1206 2508 ἐπιθεωρεῖται
1247 2475 1333 2509 Πατρὶ
1374 2477 1421 2501 καὶ
1462 2475 1610 2508 Imaum.
1638 2475 1691 2500 Καὶ
1723 2473 1804 2500 δυνά-

1019 2521 1088 2554 μεθα
1116 2521 1217 2554 λέγειν,
1233 2520 1263 2547 τὸ
1290 2521 1447 2556 ἀγεννήτως
1468 2519 1535 2547 εἶναι
1557 2521 1639 2556 ἤγουν
1667 2521 1704 2554 μὴ
1733 2519 1804 2545 κατὰ

1017 2567 1154 2602 γέννησιν,
1171 2568 1236 2594 ῐδιον
1258 2565 1306 2594 τοῦ
1324 2567 1440 2602 Πατρός.
1464 2567 1494 2592 Ει
1519 2566 1572 2600 γὰρ
1599 2565 1637 2600 τῷ
1665 2564 1803 2599 γεννητῶς

1016 2611 1266 2649 εἷναιδιακρίνεται
1278 2614 1332 2640 τῶν
1362 2614 1408 2640 δύο
1435 2614 1448 2640 ὁ
1477 2613 1551 2646 Υἱὸς,
1579 2612 1618 2646 τῷ
1646 2612 1804 2646 ἀγεννήτως

1017 2657 1085 2685 εἶναι
1098 2659 1318 2694 δινκριθήσονται
1333 2659 1366 2685 τὰ
1382 2658 1428 2685 δύο
1446 2659 1493 2685 τοῦ
1517 2657 1599 2684 αὑτοῦ
1614 2665 1622 2673 ·
1637 2657 1683 2684 καὶ
1707 2656 1803 2692 ὥσπερ

1020 2706 1084 2732 ίόιον
1098 2706 1185 2732 ἐκεῖ-ιο
1199 2704 1246 2731 τοῦ
1261 2705 1325 2732 Υἰοῦ
1341 2705 1460 2740 ἀληθῶς,
1485 2705 1556 2732 οὕτω
1580 2704 1634 2730 τῶν
1656 2703 1704 2731 δύο
1723 2704 1803 2731 τοῦτο

1019 2751 1082 2778 ἴδιον
1097 2751 1212 2787 ἀληθῶς.
1240 2751 1320 2778 Ἀλλὰ
1334 2752 1365 2787 δὴ
1381 2753 1428 2779 καὶ
1444 2752 1543 2780 κοινόν.
1564 2750 1602 2788 ⁷ῌ
1618 2753 1667 2786 μὲν
1683 2751 1737 2786 γὰρ
1757 2752 1803 2778 δύο

1016 2807 1031 2824 τ
1050 2799 1113 2824 ύτου
1126 2798 1295 2830 κοινωνοῦσι,
1311 2799 1409 2829 κοινὸν,
1455 2799 1477 2824 δ’
1491 2799 1621 2834 ἑκάτερος
1647 2800 1733 2832 τούτῳ
1755 2798 1802 2825 τοῦ

1018 2845 1082 2870 Υἰαῦ
1109 2844 1286 2878 διακρίνεται,
1317 2845 1390 2872 ἴδιον,
1422 2846 1501 2871 Ὥστε
1531 2846 1595 2871 ὅταν
1617 2845 1751 2878 λέγωμεν,
1774 2844 1803 2871 τὸ

1018 2889 1250 2926 ἀγενκήτωςεῖναι
1271 2893 1357 2919 κοινὸν
1385 2892 1469 2927 Πατρὶ
1501 2891 1547 2918 καὶ
1576 2891 1725 2925 “vatiuati,
1753 2891 1814 2925 τὴν,
