1916 3057
189 144 244 175 819

784 153 952 186 GEORGII
974 156 1237 188 TBAPEZUNTII

1772 163 1828 196 820

191 198 263 232 quod
278 198 323 231 sit,
341 207 394 228 non
411 203 538 235 producit
554 225 560 236 ,
585 210 633 233 aut
649 208 722 242 quod
745 217 799 237 non
821 211 965 246 praeintelli

1040 212 1123 239 Ἀλλὰ
1138 214 1222 240 ταῦτα
1239 215 1288 242 μὲν
1305 214 1369 247 (sui;
1386 216 1415 242 ἐκ
1429 215 1482 243 τῶν
1508 216 1649 251 ἑπομένων
1676 217 1752 245 ἔσται
1774 227 1826 246 σα-

190 244 265 278 gitur
280 245 399 280 Spiritus
419 247 572 283 hyposlasi.
596 252 650 280 Sed
668 259 798 283 neutrum
815 244 915 284 horum
930 264 976 284 ve-

1031 257 1160 294 φέστερα.

191 298 251 318 rum
274 296 325 321 est.
345 293 411 328 quin
434 295 490 323 imo
508 303 550 326 est
575 299 690 335 impium
704 323 712 336 ,
732 307 761 330 et
784 304 844 331 fieri
870 304 977 340 nequit.
997 301 1129 334 Producit
1154 314 1229 342 ergo.
1261 307 1314 336 Sed
1341 308 1399 336 hare
1432 308 1502 338 forte
1521 318 1554 337 ex
1585 310 1823 346 subsequentibus

190 340 363 370 manifestius
374 343 542 374 clarescent.

226 409 271 436 26.
293 410 333 438 Ad
351 413 504 442 secundum
523 417 590 444 satis
616 418 750 454 admiror,
769 422 909 454 quomodo
924 431 978 451 non

192 455 362 504 percipiunt,
394 460 442 493 qui
471 461 578 495 dicunt.
605 465 627 491 si
644 465 759 493 daretur
773 467 888 502 aliquid,
903 469 978 504 quod

191 500 239 527 uni
254 509 310 529 non
326 502 441 537 inesset,
465 506 594 542 eﬂiceret,
614 514 646 537 ut
672 511 774 546 aliquid
787 500 978 547 deiiceretilli,

189 545 234 573 cui
250 554 303 574 non
327 548 408 578 inest.
426 551 504 585 Quod
535 559 591 582 tum
610 563 664 583 non
682 545 802 591 Spiritus
817 560 915 592 solum,
931 562 978 589 sed

189 595 218 618 et
246 592 338 626 Pater,
360 600 388 622 et
414 596 499 625 Filius
515 598 668 634 imperfecti
685 608 788 630 essent.
806 604 889 632 Multa
904 606 977 633 enim

189 644 334 667 numerata
363 646 427 669 sunt
454 651 468 670 a
497 644 588 677 nobis,
619 653 680 680 quae
708 647 979 681 duobusinsunt.et

191 687 283 710 tamen
310 685 390 713 alteri
412 687 523 716 desunt.
549 690 656 723 Quibus
676 700 757 720 nemo
772 694 874 722 dixerit
886 698 975 732 sequi,

189 729 242 756 nisi
258 731 424 767 theologiam
443 733 600 764 Graecorum
618 743 741 774 Secutus,
757 741 878 776 aliquam
895 729 977 770 unam

187 781 220 801 ex
248 774 349 803 divinis
378 779 505 811 personis
528 780 716 815 imperfectam
731 774 976 816 essm-Perfectum

188 819 325 854 siquidem
360 827 442 858 atque
470 825 660 860 imperfectum
674 838 730 857 non
744 838 776 858 ex
792 831 976 861 discernenti-

187 864 249 897 bus,
266 866 313 893 sed
326 869 498 907 naturalibus
513 872 662 908 colligitur.
673 875 738 907 Quae
757 877 831 904 enim
850 886 977 906 necessa-

187 911 230 938 rio
255 917 361 941 natura:
384 914 465 943 insita
495 922 570 949 sunt.
601 919 649 946 illa
665 920 688 947 si
704 912 857 955 defuerint,
873 923 976 959 imper-

187 956 285 985 fectam
316 965 441 988 naturam
474 964 597 992 efﬁciunt
623 966 708 999 illius,
738 969 781 995 cui
798 977 851 996 non
868 969 976 998 insunt.

187 1001 287 1030 Verum
315 1012 376 1038 quae
403 1006 567 1042 hypostases
595 1006 783 1044 constituunt.
799 1019 827 1042 et
842 1022 975 1049 personas

185 1047 358 1084 discernunt,
388 1060 529 1088 nunquam
559 1055 748 1091 imperfectum
761 1047 901 1095 quidpiam
915 1062 974 1089 elli-

186 1095 262 1122 cient
291 1102 402 1131 natura,
429 1108 490 1128 eum
517 1107 630 1131 naturas
659 1113 712 1132 non
746 1113 903 1138 secernant.
923 1110 973 1137 sed

185 1141 258 1179 circa
282 1149 409 1171 naturam
439 1153 642 1182 secernantur,
669 1156 698 1178 ut
729 1153 885 1188 theologica
921 1163 973 1182 vox

186 1187 303 1216 insonat.
333 1190 370 1218 Ex
402 1192 625 1224 discernentibus
653 1206 719 1225 vero
749 1204 790 1226 est
807 1201 973 1234 producere.

184 1231 242 1271 Non
275 1241 340 1268 ergo
366 1236 554 1271 imperfectum
582 1241 684 1276 aliquid
719 1231 825 1272 natura!
857 1245 974 1281 Spiritus

184 1277 276 1309 inerit.
299 1281 372 1314 quod
398 1291 451 1310 non
476 1285 634 1319 producat;
663 1289 710 1316 sed
736 1297 787 1318 nec
820 1277 970 1326 hypostasi.

1066 419 1122 452 κς·’.
1155 422 1226 456 Πρὸς
1257 422 1286 448 δὲ
1312 422 1342 449 τδ
1369 421 1497 459 δεύτερον
1529 423 1671 459 θαυμάζω,
1698 425 1757 456 πῶς
1791 425 1823 451 οὺ

1033 466 1183 501 συνορῶσιν
1199 467 1224 493 οἱ
1237 468 1373 501 λέγοντες,
1403 468 1448 499 Ὠς
1465 469 1489 495 ει
1513 469 1578 504 δοθῇ
1606 479 1631 496 τι
1657 471 1695 505 μὴ
1719 471 1824 505 προσὸν

1030 512 1068 546 τῷ
1084 513 1134 542 ἑνὶ.
1154 514 1293 547 ποιήσειεν
1313 513 1451 541 ἐλλείπειν
1474 523 1501 541 τι
1516 515 1554 550 τῷ
1571 513 1594 550 ᾦ
1607 516 1644 550 μὴ
1660 516 1823 550 πρόσεστιν,

1030 559 1072 585 ὄπ
1084 559 1114 585 οὐ
1131 559 1161 585 τὸ
1192 559 1302 594 Πνεῦμα
1329 559 1421 594 μόνον,
1437 560 1506 587 ἀλλὰ
1530 561 1577 587 καὶ
1595 561 1608 587 6
1624 561 1718 596 Πατὴρ
1747 563 1794 587 καὶ
1808 562 1823 587 ὁ

1031 605 1093 637 Υἱὸς
1106 605 1224 637 ἀτελεῖς.
1252 606 1340 633 Πολλὰ
1356 606 1410 641 γὰρ
1432 606 1555 641 ἀνεφάνη
1571 607 1635 641 ἡμῖν
1649 608 1749 634 ἐνεῖναι
1764 608 1823 637 τοῖς

1029 652 1099 683 δυσὶ,
1118 651 1156 686 μὴ
1174 653 1309 687 προσόντα
1326 652 1364 687 τῷ
1377 653 1429 679 ἑνί·
1445 652 1475 685 ἐξ
1489 649 1527 679 ὧν
1545 653 1632 684 οὐδεὶς
1655 652 1732 686 λέγει
1753 653 1821 679 ἒπε-

1029 697 1103 728 σϐαι,
1121 697 1145 723 εξ
1161 697 1198 731 μή
1228 705 1280 723 που
1292 697 1362 723 κατὰ
1374 697 1512 732 Γραικοὺς
1528 698 1571 732 εἴη
1587 697 1637 733 τὴν
1663 697 1817 731 θεολογίαν,

1029 742 1122 774 ἀτελὲς
1151 739 1222 768 εἶναι
1258 751 1285 768 τι
1307 742 1362 769 τῶν
1394 743 1476 770 θείων
1509 743 1675 778 προσώπων.
1701 743 1736 769 Τὸ
1764 741 1820 775 γὰρ

1028 788 1122 819 ἀτελὲς
1138 778 1185 815 καί
1200 788 1302 815 τέλειον
1318 789 1348 815 οὐ
1364 790 1421 820 τοῖς
1447 789 1642 824 διακριτικοῖς,
1668 788 1736 814 ἀλλᾶ
1762 787 1821 818 τοῖς

1028 835 1153 867 φυσικοῖς
1171 833 1341 869 θεωροῦμεν.
1361 835 1394 861 ’Δ
1414 834 1465 869 μὲν
1479 834 1533 869 γὰρ
1551 835 1659 868 ἀνάγκη
1674 833 1820 868 προσεῖναι

1026 881 1060 914 τῇ
1085 879 1177 913 φύσει,
1202 878 1289 906 ταῦτα
1306 879 1343 914 μὴ
1359 879 1423 906 ὄντα
1454 880 1548 911 ἀτελὲς
1563 881 1637 906 ποιεῖ
1664 879 1712 914 τὴν
1735 879 1820 914 φύσιν

1027 922 1099 960 τῷῷ
1116 925 1154 960 μὴ
1176 918 1322 960 Διιτρόιηοηιῖι·
1343 926 1379 952 τὰ
1407 926 1434 952 δὲ
1459 926 1632 953 ὑποστατικὰ
1653 925 1741 952 ταῦτα
1770 926 1820 952 καὶ

992 988 1014 1016 Β
1027 971 1184 1005 διακριτικὰ
1200 971 1249 998 οὐκ
1265 971 1299 998 ἄν
1316 980 1381 998 ποτε
1400 971 1496 1003 ἀτελές
1514 980 1542 998 τι
1557 972 1666 1006 ποιήσοι
1681 972 1713 1005 τῇ
1725 970 1818 1005 φύσει,

1031 1017 1068 1053 μὴ
1083 1018 1249 1054 ἀφορίζονται
1266 1017 1371 1051 φύσεις,
1390 1018 1459 1044 ἀλλὰ
1475 1018 1539 1053 περὶ
1559 1017 1609 1052 τὴν
1627 1017 1708 1051 φύσιν
1721 1018 1821 1051 ἀφορι-

1030 1064 1131 1097 ζόμενοι
1147 1063 1217 1090 κατὰ
1233 1063 1283 1098 τὴν
1299 1063 1426 1097 θεολόγον
1444 1063 1548 1098 φωνήν.
1562 1063 1624 1090 Τῶν
1640 1063 1820 1098 διακριτικῶν

1028 1109 1055 1136 δὲ
1069 1110 1099 1136 τδ
1118 1109 1293 1144 προϐάλλειν·
1310 1110 1359 1136 οὐκ
1374 1110 1431 1143 ἄρα
1442 1110 1551 1142 ἐλλιπές
1568 1119 1595 1136 τι
1611 1110 1762 1144 προσέσται
1783 1111 1818 1145 τῇ

1028 1154 1108 1189 φύσει
1124 1153 1171 1181 τοῦ
1190 1155 1348 1189 Πνεύματος
1372 1155 1411 1189 τῷ
1430 1155 1467 1190 μὴ
1482 1155 1656 1188 προὸάλλειν,
1687 1155 1744 1182 ἀλλ’
1756 1155 1819 1181 οὐδὲ

1026 1202 1060 1236 τῇ
1073 1201 1235 1228 ὑποστάσει.
1256 1200 1433 1236 Διακρίνεται
1449 1201 1504 1236 γὰρ
1526 1201 1684 1236 ἀρκούντως
1715 1202 1819 1236 μᾶλλον

1028 1247 1094 1273 Υἱοῦ
1113 1247 1159 1274 καὶ
1178 1247 1286 1283 Πατρὺς
1303 1248 1341 1283 μὴ
1355 1248 1546 1284 προῦάλλον,ῆ
1563 1248 1647 1284 μὴιέξ
1661 1248 1727 1275 Υἱοῦ
1747 1256 1819 1284 προ-

1027 1293 1195 1328 ϐαλλόμενον
1212 1293 1260 1320 τοῦ
1276 1293 1356 1321 Υῐοῦ.

184 1325 343 1356 Secernitur
356 1330 428 1357 enim
443 1332 612 1361 suilicienter
626 1336 711 1370 magis
735 1344 751 1364 a
787 1325 855 1366 Filio
873 1344 901 1367 et
932 1340 1014 1369 Patre
1035 1349 1090 1368 non
1121 1340 1289 1376 producens,
1317 1349 1399 1377 quam
1427 1347 1621 1371 secerneretur
1644 1350 1658 1370 a
1683 1343 1764 1376 Filio,
1784 1349 1818 1370 ex

185 1372 254 1400 Filio
270 1382 323 1401 non
336 1378 497 1410 productus.

218 1447 264 1474 27.
298 1448 398 1477 Verum
424 1451 482 1480 haec
504 1454 572 1483 satis
595 1463 667 1490 esse,
684 1457 707 1485 si
722 1459 756 1486 ad
770 1459 854 1487 alium
869 1461 973 1489 scribe-

184 1500 253 1525 rem,
286 1494 459 1524 viderentur.
485 1498 518 1526 At
542 1501 617 1528 enim
644 1502 694 1530 tibi
706 1504 896 1533 sublimiorem
912 1514 969 1534 rem

185 1538 300 1567 minime
327 1543 484 1571 occultabo.
514 1545 635 1575 Generat
657 1547 756 1577 Filium
781 1551 861 1578 Pater
885 1561 968 1584 vere.

184 1589 212 1611 et
240 1593 302 1613 cum
331 1594 444 1622 generat
476 1592 589 1619 exhibet
615 1593 669 1627 ipsi
693 1603 863 1632 quaecunque
877 1598 968 1632 habet,

185 1635 284 1665 praeter
303 1641 335 1660 ea
345 1642 410 1668 qua:
423 1636 615 1666 confusionem
629 1640 766 1674 inferunt,
784 1648 812 1670 et
831 1651 892 1678 qua:
907 1649 972 1672 ante

1061 1461 1114 1494 κζ’.
1135 1461 1217 1488 Ἀλλὰ
1230 1461 1314 1488 ταῦτα
1331 1461 1381 1497 μὲν
1398 1462 1556 1497 ἀρκούντως
1569 1462 1603 1490 ἂν
1616 1459 1672 1498 εἷχε
1686 1462 1754 1497 πρὸς
1769 1463 1817 1490 ἄλ-

1023 1507 1068 1534 λον
1085 1516 1131 1542 μοι
1150 1507 1293 1542 γράφοντι·
1330 1508 1360 1534 σὲ
1375 1508 1404 1534 δὲ
1422 1508 1469 1535 καὶ
1497 1508 1664 1543 ὑψηλῶερον
1680 1509 1731 1535 οὐκ
1746 1509 1817 1536 ἀπο-

1022 1554 1175 1589 κρύψομαι.
1200 1554 1285 1589 Γεννᾷ
1311 1555 1326 1581 ὁ
1341 1554 1436 1590 Πατὴρ
1457 1555 1503 1582 τὸν
1515 1555 1579 1583 Υιδν
1593 1555 1712 1591 ἀληθῶς,
1724 1556 1772 1583 καὶ
1787 1557 1817 1582 ὲν

1024 1601 1064 1635 τῷ
1078 1602 1178 1636 γεννᾷν
1198 1601 1308 1628 δίδωσιν
1325 1601 1400 1637 αὑτῷ
1414 1602 1512 1633 ’πάνται
1521 1602 1572 1629 ὅσα
1586 1602 1655 1637 ἔχει,
1675 1601 1744 1637 πλὴν
1760 1603 1815 1629 τῶν

1025 1647 1168 1682 σύγχυπιν,
1198 1647 1233 1673 τά
1248 1655 1277 1673 τε
1295 1647 1528 1683 προθεωρούμενα
1559 1647 1608 1683 τῆς
1624 1648 1813 1687 ὑποστάσςως,

183 1682 211 1703 et
233 1683 293 1711 post
320 1679 487 1714 hypostasim
514 1684 717 1721 intelliguntur,
743 1693 771 1716 et
795 1690 897 1717 rationi
923 1691 969 1726 hy-

1028 1679 1124 1720 ualﬂzd
1154 1679 1388 1728 ἑπιθιωρούειενα,
1407 1679 1527 1721 ’ἐναντία
1552 1679 1639 1728 δὲΙτῷ
1664 1693 1736 1729 λόγῳ
1755 1685 1815 1729 Ατῆς

184 1723 302 1756 postasis
329 1724 522 1755 adversantur.
555 1729 732 1767 Quaecunque
770 1741 835 1761 vero
869 1735 972 1763 intelli-

184 1774 298 1802 guntur,
323 1778 376 1799 nec
399 1772 593 1808 adversantur,
618 1784 673 1804 non
696 1782 800 1806 tantum
819 1784 896 1808 extra
912 1789 971 1808 om-

184 1822 246 1842 nem
278 1817 469 1847 confusionem
498 1827 573 1857 sunt,
603 1824 650 1852 sed
685 1829 712 1852 et
730 1826 854 1854 ordinem
868 1829 972 1856 consti-

183 1867 274 1889 tuunt.
286 1862 354 1891 Cum
378 1865 463 1900 igitur
480 1867 574 1896 divina
602 1875 699 1897 natura
717 1873 802 1900 semel
821 1873 887 1900 illud
901 1875 968 1902 absr-

137 1910 141 1915 ‘
183 1915 237 1942 que
267 1911 405 1947 principio
419 1921 480 1942 esse
497 1915 636 1949 habuerit,
666 1917 692 1944 in
709 1919 799 1947 Patris
820 1920 969 1955 hypostqsi,

182 1953 242 1982 ﬂeri
258 1965 310 1984 non
346 1959 447 1992 potuit,
479 1966 509 1988 ut
537 1962 604 1989 illud
619 1963 689 1991 Filio
702 1967 966 1994 communicaretur.

182 2000 406 2039 Praainteiligitur
421 2007 495 2034 enim
509 2027 517 2040 ,
539 2008 760 2045 adversaturque
775 2012 875 2039 rationi
894 2013 966 2040 Filii.

181 2047 267 2076 Filius
281 2051 355 2078 enim
376 2057 436 2084 est,
458 2055 504 2088 qui
519 2057 686 2091 principium
708 2058 790 2086 habet
804 2079 810 2090 ,
825 2067 878 2086 non
893 2060 966 2094 quod

180 2099 304 2129 tempore
336 2105 522 2133 mensuratur,
551 2102 599 2129 sed
628 2103 666 2134 id,
696 2105 771 2139 quod
791 2105 965 2134 estaPatre.

179 2141 273 2176 Neque
296 2143 379 2170 etiam
410 2145 467 2172 fieri
493 2150 594 2180 potest,
618 2154 646 2176 ut
662 2149 714 2177 vim
731 2152 878 2185 generandi
892 2160 967 2179 com-

179 2188 312 2220 municet,
335 2197 379 2222 ne,
403 2195 433 2218 ut
455 2193 539 2220 tradit
560 2193 689 2227 Basilius,
717 2196 743 2223 in
762 2197 964 2226 multitudinem

1024 1738 1283 1779 ὑποστάσεὶωςποσα
1294 1739 1322 1765 δὲ
1337 1739 1528 1774 ίπιθιωρεῖται
1545 1739 1604 1779 μὲν,
1614 1739 1664 1766 οὐκ
1677 1739 1814 1767 ὲναντιοῦο

1022 1793 1068 1813 ται
1082 1785 1111 1811 δὲ
1138 1768 1168 1811 οδ
1186 1768 1266 1820 μόνον
1286 1768 1447 1820 σνγχύσιωξ
1461 1768 1552 1822 πάσηξ
1571 1776 1666 1819 ἐκτὸς,
1685 1786 1755 1813 ἀλλὰ
1765 1789 1812 1813 καὶ

1025 1831 1178 1857 συστατικὰ
1192 1831 1307 1865 τάξεως.
1336 1832 1446 1868 Ἐπειδὴ
1477 1831 1568 1859 οὖντὸ
1595 1833 1712 1867 ἄναρχον
1735 1831 1810 1864 ἅπαξ

1022 1876 1098 1910 ἔσχεν
1114 1877 1130 1911 ἡ
1149 1873 1320 1909 gestat-(piam;
1344 1877 1372 1903 ὲν
1393 1878 1426 1912 τῇ
1449 1876 1496 1904 τοῦ
1515 1877 1621 1912 Πατρὺς
1650 1876 1810 1907 ὑποστάσει,

1022 1923 1153 1949 ἀδύνατον
1168 1921 1202 1958 ἦν
1215 1923 1295 1949 τοῦτο
1320 1923 1486 1957 κοινωνῆσαι
1517 1923 1557 1958 τῷ
1572 1922 1639 1958 Υἱῷ.
1679 1923 1810 1957 “pollem-

1021 1970 1108 2004 ρείται
1117 1968 1181 2004 γὰρ,
1211 1969 1258 1995 καὶ
1275 1969 1396 1995 ἐναντίον
1423 1968 1552 2004 τῷλόγῳ
1577 1969 1616 2004 τῷ
1633 1968 1728 2003 υῐικῷ.
1747 1969 1810 2000 Υἱὸς

1020 2015 1074 2049 γὰρ
1091 2015 1105 2040 ὁ
1125 2014 1195 2049 ἔχων
1208 2014 1306 2050 ἀρχὴν,
1322 2015 1353 2041 οὐ
1368 2014 1417 2050 τὴν
1429 2015 1458 2042 ὲν
1472 2015 1572 2050 χρόνῳ,
1587 2015 1670 2049 λέγω,
1684 2015 1753 2042 ἀλλὰ
1762 2016 1810 2050 τὴν

1020 2061 1052 2087 ὲκ
1062 2060 1107 2086 τοῦ
1125 2061 1242 2095 Πατρός.
1268 2060 1330 2086 Ἀλλ
1354 2060 1416 2087 οὔτε
1446 2061 1500 2095 μὴν
1514 2061 1545 2087 τὸ
1575 2061 1673 2096 γεννᾷν
1697 2062 1811 2088 δυνατῦν

1020 2105 1095 2140 αὺτῷ
1108 2106 1284 2139 κοινωνῆσαι,
1297 2106 1341 2132 ἵνα
1355 2106 1405 2141 μὴ,
1433 2106 1471 2139 ὡς
1489 2109 1556 2141 φησι
1574 2107 1724 2139 Βασίλειος,
1740 2107 1811 2142 πλῆ-

1019 2152 1065 2183 Θος
1092 2151 1206 2186 ἄπειρον
1232 2152 1409 2187 ἀποκαταστῇ
1438 2154 1505 2187 ἡμῖν
1529 2153 1546 2188 ἡ
1564 2153 1657 2188 Τριὰς,
1673 2153 1747 2184 υἱοὺς
1781 2153 1809 2186 ἐξ

1019 2198 1085 2225 υιῶν
1100 2198 1234 2232 γεννῶσα.
1261 2198 1352 2225 Δῐτιον
1369 2199 1396 2225 δὲ
1411 2200 1457 2226 καὶ
1473 2199 1580 2232 τούτου,
1593 2200 1634 2227 ὅτι
1649 2200 1665 2234 ὴ
1681 2199 1808 2234 γέννησις

179 2232 352 2262 innumeram
385 2244 550 2267 excrescens
573 2240 654 2268 nobis
677 2241 808 2274 Trinitas,
838 2243 907 2271 ﬁlios
931 2251 964 2271 ex

1024 2243 1089 2270 κατὰ
1105 2251 1134 2269 τε
1150 2244 1238 2278 ἀρχὴν
1255 2244 1300 2270 καὶ
1314 2245 1402 2278 πέρας
1421 2243 1605 2278 λαμϐάνεται.
1622 2232 1701 2278 At}...
1712 2244 1741 2270 δὲ
1756 2232 1807 2270 lng-

178 2278 242 2306 fiiiis
261 2286 417 2314 generaret.
431 2283 550 2319 Hujusce
580 2291 712 2321 praeterea
728 2296 809 2316 causa
823 2294 875 2321 est,
891 2290 965 2324 quod

176 2326 318 2361 generatio
342 2329 493 2358 secundum
516 2331 683 2367 principium
709 2334 830 2363 etfinem
845 2335 966 2363 desumi-

177 2377 232 2399 tur.
264 2372 359 2401 Finem
389 2383 530 2412 nuncupo,
567 2379 595 2406 in
616 2387 697 2414 quem
725 2383 881 2416 progressio
895 2383 964 2415 finit,

175 2420 354 2454 principium,
380 2423 454 2450 unde
468 2424 574 2459 incipit,
593 2433 648 2453 non
669 2426 814 2462 interjeeto
829 2433 963 2464 tempore,

174 2465 221 2492 sed
242 2467 408 2501 cogitatione
430 2470 487 2497 sola
511 2470 598 2505 ipsius
619 2474 839 2508 progressionis,
858 2483 919 2509 qua?
937 2476 963 2503 in

172 2519 322 2548 generante
350 2520 380 2542 ut
406 2517 574 2552 principium
603 2523 657 2552 est,
669 2524 699 2546 ut
716 2520 778 2548 finis
794 2529 859 2549 vero
875 2522 902 2549 in
917 2531 964 2558 ge-

172 2560 242 2588 nito.
260 2560 409 2589 Generalio
424 2563 518 2597 itaque
543 2569 672 2600 tanquam
685 2567 852 2602 principium
869 2570 962 2597 consi-

173 2606 278 2637 derata,
299 2612 328 2634 ut
344 2612 387 2634 cst
403 2609 429 2635 in
446 2609 527 2637 Patre
557 2612 778 2647 prmintelligitur
801 2614 860 2646 fini,
872 2615 918 2649 qni
935 2615 963 2643 in

172 2661 204 2680 ea
234 2659 292 2686 est;
321 2655 439 2690 ideoque
462 2659 693 2691 praeconsiderata
719 2660 781 2687 Filii
810 2662 961 2697 hypostasi,

173 2707 226 2726 non
255 2706 344 2734 potest
376 2702 413 2728 illi
442 2703 543 2731 inesse.
578 2705 685 2733 Etenim
716 2706 784 2734 nihil
802 2715 834 2735 ex
853 2708 887 2736 iis
901 2717 961 2744 quae

173 2746 300 2778 personis
330 2747 357 2773 in
385 2748 478 2776 divina
501 2751 600 2778 'l‘riade
616 2752 723 2784 insunt,
740 2753 962 2789 prmintclligilur

173 2789 324 2824 hypostasi,
355 2793 381 2820 in
413 2803 467 2830 qua
497 2802 550 2824 est.
583 2797 621 2824 Ne
647 2798 754 2825 scilicet
768 2807 851 2826 unum
867 2808 899 2827 ex
920 2801 961 2828 his

175 2836 282 2863 duobus
312 2839 508 2875 subsequatur,
539 2849 586 2870 aut
617 2849 681 2871 ante
709 2849 736 2872 ct
764 2850 825 2880 post
845 2846 960 2887 intelligi

176 2888 260 2908 unum
283 2889 310 2910 ct
335 2885 416 2919 idem,
440 2893 468 2914 et
493 2897 524 2916 cx
543 2890 632 2925 suipso
647 2899 707 2920 esse
726 2885 959 2926 ,aulmultitudi-

1020 2296 1080 2322 ρας,
1094 2288 1134 2320 εἰς
1150 2288 1164 2314 ὅ
1184 2288 1410 2322 ἁποπεραεοῦται
1432 2289 1449 2323 ἡ
1469 2289 1594 2324 πρόοδος,
1628 2289 1715 2324 ἀρχὴν
1729 2289 1758 2315 δὲ
1778 2289 1807 2321 ἐξ

1017 2331 1048 2360 οὗ
1069 2334 1193 2368 ἄρχεται,
1213 2334 1243 2360 οὐ
1271 2334 1461 2369 μεσιτεύοντος
1488 2335 1596 2369 χρόνον,
1624 2334 1682 2361 ἀλλ’
1698 2335 1807 2369 ἐπινοίᾳ

1019 2379 1089 2414 μόνῃ
1102 2379 1149 2412 τῆς
1161 2379 1247 2415 αὐτῆς
1263 2379 1392 2414 προόδου,
1405 2381 1434 2406 ὲν
1449 2380 1498 2414 μὲν
1511 2379 1549 2414 τῷ
1561 2380 1691 2414 γεννῶντι
1704 2380 1741 2412 ὡς
1758 2381 1807 2415 ἀρα

1017 2426 1066 2461 χῆς
1083 2426 1176 2460 οὔσης,
1198 2426 1235 2457 ὡς
1248 2426 1334 2461 πέρας
1349 2427 1376 2452 δὲ
1391 2427 1420 2453 ὲν
1433 2426 1471 2460 τῷ
1489 2428 1662 2461 γεννωμένῳ.
1686 2426 1716 2452 'H
1745 2427 1806 2460 γέν-

1017 2481 1093 2506 νησις
1106 2473 1170 2506 γοῦν
1185 2473 1223 2504 ὡς
1238 2473 1309 2508 ἀρχὴ
1334 2473 1522 2509 Θεωρουμένη,
1539 2473 1608 2499 καθό
1623 2474 1697 2499 ἐστιν
1725 2474 1754 2499 ὲν
1767 2473 1806 2507 τῷ

1018 2519 1332 2556 Πατρὶ,προθεωρεῐται
1367 2520 1414 2546 τοῦ
1439 2521 1481 2550 ἐν,
1496 2521 1565 2555 αὐτῇ
1596 2521 1723 2556 πέρατος.
1750 2521 1805 2548 Καὶ

1015 2567 1109 2594 τούτου
1127 2567 1207 2603 χάριν
1226 2560 1473 2602 προνοουμῖἐνηετῆς
1486 2567 1533 2593 τοῦ
1547 2567 1613 2593 Υἱοῦ
1627 2566 1804 2598 ὑποστάσεως

1015 2614 1045 2640 οὐ
1061 2614 1172 2641 δύναται
1188 2615 1329 2649 προσεῖναί
1345 2613 1431 2648 αὐτῷ.
1445 2613 1590 2648 Οὐδὲν-γὰρ
1607 2615 1664 2640 τῶν
1681 2622 1734 2640 τινι
1749 2615 1804 2640 τῶν

1015 2661 1172 2695 προσώπων
1187 2661 1216 2687 ὲν
1232 2661 1266 2694 τῇ
1287 2659 1347 2694 Θείᾳ
1375 2660 1474 2695 Τριάδι
1495 2660 1653 2694 προσόντων
1681 2655 1804 2695 πρέθεω-

1016 2708 1103 2741 ρεῖται
1118 2706 1166 2740 τῆς
1214 2705 1319 2732 ἔνεστιν
1331 2705 1519 2737 ὑποστάσεως·
1536 2705 1580 2732 ἵνα
1602 2706 1641 2741 μὴ
1666 2706 1742 2732 δυοῖν
1756 2707 1803 2732 θά-

1013 2762 1104 2788 τερον,
1124 2754 1139 2788 ἢ
1162 2753 1369 2788 προϐεωρεῖται,
1399 2753 1429 2779 ea
1445 2753 1511 2779 αὐτὸ
1534 2753 1592 2787 ἃμα
1611 2755 1659 2780 καὶ
1683 2753 1803 2779 ἐπιθεω-

1016 2801 1114 2834 ρείται,
1128 2800 1174 2826 καὶ
1189 2799 1219 2832 ἐξ
1232 2799 1314 2826 αὐτοῦ
1332 2798 1359 2835 ᾖ,
1374 2800 1389 2835 ἢ
1407 2799 1509 2834 πλῆθος
1529 2799 1595 2825 υἱῶν
1613 2800 1732 2834 σχῶμεν.
1765 2799 1802 2826 Οὐ

1014 2846 1095 2881 γεννᾷ
1107 2846 1160 2880 ἄρα
1177 2847 1190 2872 ό
1210 2846 1281 2877 Υἱός.
1298 2845 1449 2879 Προϐᾱλλξι
1465 2845 1492 2871 δὲ
1518 2845 1564 2872 καὶ
1591 2846 1605 2871 ὁ
1622 2845 1702 2878 λόγος
1732 2846 1801 2871 κατὰ

1013 2893 1042 2920 τὸ
1055 2891 1200 2920 ἀκόλουθον
1213 2891 1322 2919 οὑτωσί.
1337 2890 1508 2926 ιῖροδάλλίιὸ
1525 2890 1618 2925 Πατὴρ
1632 2890 1660 2917 τὸ
1678 2889 1808 2925 Πνεῦμα,
