1916 3057
93 153 146 186 821

544 140 546 143 γ
562 159 608 189 DE
624 160 883 192 PROCESSIONE
902 161 1084 192 SPIRITUS
1105 163 1254 193 SANC'I'I.

1662 160 1716 194 82?

93 212 143 238 καὶ
159 211 188 237 ὲν
202 211 240 246 τῷ
262 212 423 247 προϐάλλειν
441 215 566 241 κοινωνεί
588 215 661 249 αὐτῷ
687 216 777 243 πάντα
794 223 828 242 τα
843 222 880 250 μη

942 225 995 244 rem
1012 217 1144 246 Filiorum
1160 219 1314 246 admittere.
1335 218 1393 246 Non
1409 223 1520 254 generat
1539 225 1604 252 ergo
1617 217 1712 250 Filius,

95 257 328 292 πρυθεωροὺμενα
357 259 406 293 τῆς
425 259 507 286 αὐτοῦ
538 261 732 294 ὑποστάσεως,
765 261 813 287 καὶ
838 260 882 287 διὰ

93 300 175 327 τοῦτο
189 301 220 328 οὐ
234 302 347 329 δυνατὸν
361 306 500 331 κοινωνεῖν
525 306 601 341 αὐτῷ
615 307 645 333 τδ
670 307 847 341 προϐάλλειν,
865 307 882 342 ἢ

96 347 128 374 τὸ
139 348 249 383 γεννᾷν,
269 348 362 384 ὥσπερ
373 350 433 376 aias
448 351 487 386 τῷ
501 351 558 386 Υἱῷ
574 353 605 379 τὸ
627 354 735 388 γεννᾷν.
761 353 884 387 Προθεω-

96 394 184 426 ρεϊται
199 394 252 428 γὰρ
265 394 352 421 ταῦτα
369 396 398 420 ἐν
412 396 450 429 τῷ
466 397 563 432 Πιτρι.
589 397 661 424 Ἀλλ’
680 398 742 424 οὐδὲ
770 398 800 424 τδ
824 406 884 432 γεν-

96 439 208 471 νᾶσθαι,
221 441 289 475 ὅπερ
316 442 403 476 πέρας
418 442 526 475 ἐλέγετο
548 444 598 478 τῆς
623 439 780 478 γεννήσεως,
800 452 884 478 προσ-

99 485 181 512 έσται
196 486 235 521 τῷ
254 487 401 522 Πνεύματι.
428 489 630 522 Προθεωρεῖται
659 489 713 524 γὰρ
727 489 799 524 ήτοῦ
818 489 883 516 Υἰοῦ

99 532 252 564 ὑπόστασις
267 533 315 568 τῆς
333 533 379 560 τοῦ
408 534 576 569 Πνεύματος.
603 535 639 562 Τὸ
660 536 750 570 μέντοι
765 535 884 570 προϐάλ-

99 578 157 604 λειν
175 578 205 605 οὐ
220 579 464 614 προθεωρούμενον
480 581 529 614 τῆς
549 581 595 607 τοῦ
613 581 679 607 Υἰοῦ
698 581 884 612 ὑποστάσεως,

99 623 148 649 καὶ
165 623 214 650 οὐκ
231 624 351 651 ἐναντίον
367 625 437 658 λόγῳ
455 627 507 651 τινὶ
529 626 715 657 ὑποστάσεως.
737 625 806 653 Οὔτε
831 626 885 660 γὰρ

99 671 113 696 ὁ
135 670 228 705 Πατὴρ
241 670 283 696 διὰ
296 669 381 697 ταῦτα
397 671 470 702 Υιδς,
494 670 509 705 ἢ
525 671 684 706 πρόϐλημα,
711 671 771 698 οὔτε
797 673 810 698 ὁ
822 671 886 702 Υἱὸς

100 715 141 746 εἰς
156 714 268 749 Πατέρα
295 716 470 749 μεταπίπτει,
482 715 543 742 οὔτε
565 716 595 742 τὸ
613 715 724 750 Πνεῦμα
743 715 884 748 ἐξίσταται

100 760 156 786 τῶν
169 759 243 786 ἰδίων
256 760 350 786 αὺτοῦ.
364 760 508 795 ’Πηδεμιαν
520 760 566 787 οὖν
591 761 754 795 ὲτιεισφέρον
781 760 886 794 σύγχυ-

101 814 145 831 σιν
164 805 194 831 τὸ
223 805 398 840 προϐάλλειν,
419 806 573 833 τούναντίον
594 806 708 838 δ’ἆπαν,
734 806 759 832 εἰ
778 805 816 840 τῷ
831 805 887 839 Υἰῷ

104 852 247 885 πρόσεστι,
275 851 324 877 καὶ
342 851 391 886 τὴν
420 852 497 883 τάξιν
523 851 684 886 συντηροῦν,
703 853 750 890 καὶ
775 851 824 886 τὴν
838 852 887 885 τῆς

102 896 219 931 Τριάδος
241 897 428 932 ἀκατάλληλον
453 897 546 931 σχέσιν
559 918 566 930 ,
584 898 746 932 κοινωνήσει
778 897 886 928 πάντως

101 941 181 969 τοῦτο
196 942 298 977 τῷΥἰῷ
313 944 327 967 ὀ
347 943 453 978 Πατήρ.
470 944 523 969 Καὶ
540 943 624 975 οὕτως
644 943 760 969 ἕσταιτδ
776 942 886 977 Πνεῦμα

101 990 148 1015 καὶ
163 989 208 1015 τοῦ
223 988 301 1020 Υἱοῦ,
321 988 368 1015 καὶ
379 989 428 1015 οὔκ
444 989 556 1020 ἐλλιπὲς
583 989 613 1014 τὸ
631 988 744 1022 Πνεῦμα
767 988 804 1023 μὴ
822 996 888 1023 προ-

106 1035 215 1067 ϐάλλον,
244 1034 340 1068 ὥσπερ
353 1035 414 1061 οὐδὲ
429 1034 442 1060 ὁ
455 1034 518 1065 Υἱὸς
535 1034 572 1069 μὴ
584 1034 696 1068 γεννῶν.
713 1034 821 1061 Μᾶλλον
834 1034 888 1069 γὰρ

102 1079 256 1114 προϐάλλον
268 1077 340 1114 ἦνᾶν
362 1079 528 1109 ἐλλιπές,“Η
552 1081 606 1114 γὰρ
632 1079 711 1105 ἐαυτδ
734 1078 888 1114 προῦϐαλεν

102 1127 147 1158 ἂν,
159 1126 227 1161 ὅπερ
246 1125 385 1157 ἀδύνατον,
412 1125 517 1159 ἢᾶλλο,
547 1125 593 1151 καὶ
606 1124 694 1155 οὕτως
714 1125 754 1155 εἰς
775 1123 888 1158 ἄπειρον

103 1173 170 1207 ἡμῖν
184 1171 276 1206 ἐξήκει
289 1173 303 1198 ὁ
320 1171 408 1205 λόγος,
427 1172 496 1206 ὅπερ
513 1170 544 1197 οὐ
562 1170 732 1204 τελειότητος
744 1170 792 1196 καὶ
809 1169 888 1200 αὐτὸς
907 1174 909 1177 '

103 1217 191 1249 εἴποις
204 1217 246 1244 ἀν.

140 1352 196 1388 κη’.
212 1352 242 1379 Εἰ
256 1352 284 1378 δὶ
296 1352 385 1385 λέγεις
412 1352 454 1378 ὅτι
471 1351 673 1386 προθεωρεῖται
686 1351 716 1378 ab
730 1351 817 1378 αἴτιον
841 1351 888 1377 τοῦ

105 1398 238 1427 αἰτιατοῦ·
253 1398 373 1430 αἰτιατὺς
387 1397 416 1424 δὲ
432 1398 446 1424 ὁ
467 1397 543 1429 Υἰὸς’
561 1397 590 1424 τὸ
606 1398 636 1424 δὲ
664 1397 827 1432 προϐάλλειν
840 1397 889 1431 τῆς

108 1447 210 1477 αἰτίας·
225 1445 424 1480 προθεωρεῖται
448 1444 503 1481 ᾶρμ
528 1443 578 1478 τῆς
606 1442 652 1469 τοῦ
684 1442 748 1469 Υἱοῦ
771 1443 889 1469 ὑποστά-

110 1499 189 1522 σεως·
202 1491 231 1517 οὺ
246 1490 406 1525 κοινωνήσει
424 1489 479 1523 ἄρα
492 1488 571 1515 τοῦτο
584 1487 620 1522 τῷ
636 1487 693 1522 Υἱῷ
707 1488 721 1515 ὁ
749 1488 842 1521 Πατὴρ
853 1487 890 1518 ὡς

934 271 1028 291 verum
1056 265 1194 298 producit,
1224 269 1252 292 et
1280 265 1351 292 ratio
1373 269 1554 292 consentanea
1578 268 1606 291 et
1617 270 1715 290 conse-

934 316 1023 344 quens
1051 313 1103 336 est.
1130 309 1350 338 ProducitPater
1365 310 1505 344 Spiritum,
1525 313 1554 336 et
1569 316 1630 336 cum
1651 316 1716 342 pro-

934 355 1020 386 ducit,
1039 349 1222 383 communicat
1243 356 1279 382 illi
1293 355 1384 382 omnia
1410 363 1470 390 qum
1485 362 1538 382 non
1557 353 1715 388 praintelli-

934 405 1039 436 guntur
1063 400 1139 428 illius
1155 401 1306 435 hypostasi,
1319 405 1518 435 proptereaque
1534 400 1591 426 fieri
1611 399 1716 433 nequit,

935 452 965 474 ut
983 447 1033 481 ipsi
1053 447 1106 474 vim
1125 446 1293 481 producendi
1312 452 1359 474 aut
1373 446 1519 480 generandi
1531 445 1716 479 impertiatur,

935 491 1163 527 quemadmodum
1189 499 1277 525 neque
1306 491 1374 518 Filio
1397 490 1543 525 generandi
1569 499 1575 517 :
1600 497 1718 523 namque

935 538 994 565 haec
1020 538 1046 564 in
1071 537 1150 564 Patre
1173 536 1431 572 przeintelliguntur.
1459 535 1513 563 Sed
1529 543 1617 570 neque
1633 543 1717 572 ge_ne-

936 584 1002 616 rari,
1029 582 1100 617 quod
1131 583 1191 609 ﬁnis
1217 582 1404 617 generationis
1423 581 1576 614 dicebatur,
1602 566 1717 615 Spiritui

936 629 1026 656 inerit.
1044 629 1263 663 Prmintelligitur
1307 628 1443 662 siquidem
1477 628 1629 663 bypostasis
1658 626 1718 653 Filii

936 675 1078 709 hypostasi
1111 674 1243 708 Spiritus.
1265 674 1366 701 Verum
1392 673 1546 707 producere
1577 680 1639 699 cum
1664 679 1719 698 non

936 719 1164 755 prarintelligatur
1181 717 1243 745 Filii
1268 718 1420 753 hypostasi,
1449 724 1536 751 neque
1552 716 1657 743 ratione
1668 716 1718 750 by.

936 765 1054 800 pnstasis
1069 764 1238 791 adversetur.
1260 763 1353 797 Neque
1378 762 1450 790 enim
1479 766 1623 796 propterea
1638 761 1718 787 Pater

938 809 1036 840 Filius,
1069 813 1115 835 aut
1142 808 1289 842 productio
1300 811 1352 838 est,
1363 814 1451 841 neque
1468 806 1554 833 Filius
1569 805 1595 832 in
1608 806 1717 832 Patrem

938 854 1099 889 prolabitur,
1114 861 1203 888 neque
1217 853 1337 888 Spiritus
1354 860 1386 879 ex
1400 852 1457 879 suis
1474 851 1591 886 propriis
1599 850 1717 878 excedit.

938 899 1005 926 Cum
1027 899 1119 933 itaque
1140 898 1241 924 nullam
1269 897 1458 924 confusionem
1486 902 1598 931 generet
1614 895 1719 930 produ-

937 952 1012 976 cere,
1027 944 1083 971 imo
1098 947 1183 970 totum
1197 943 1365 977 oppositum.
1379 942 1400 968 si
1416 941 1486 968 Filio
1503 941 1585 973 inest,
1601 946 1629 967 et
1646 940 1720 967 ordi-

938 997 998 1016 nem
1016 993 1115 1019 servet,
1134 993 1161 1015 et
1176 987 1284 1014 Triadis
1311 991 1432 1014 mutuam
1462 986 1634 1017 relationem,
1651 984 1718 1012 illud

938 1043 1050 1071 prorsus
1078 1035 1147 1062 Filio
1177 1035 1256 1062 Pater
1282 1032 1505 1061 communicabit.
1530 1032 1563 1059 Et
1586 1032 1631 1064 ,sic
1647 1035 1720 1058 esset

940 1082 1060 1116 Spiritus
1086 1086 1113 1108 et
1139 1080 1212 1112 Filii,
1241 1084 1268 1107 et
1287 1086 1342 1106 non
1365 1078 1553 1113 imperfectus,
1574 1077 1647 1112 quod
1664 1084 1718 1104 non

939 1127 1083 1162 producat,
1114 1125 1194 1153 sicuti
1225 1132 1312 1159 neque
1327 1124 1423 1155 Filius,
1437 1123 1508 1157 quod
1528 1130 1579 1149 non
1594 1126 1717 1156 generet.

938 1174 996 1200 lmo
1016 1174 1038 1200 si
1069 1172 1242 1207 produceret,
1269 1173 1342 1197 esset
1370 1169 1562 1203 imperfectus;
1586 1175 1647 1194 nam
1677 1167 1718 1194 vel

939 1219 1059 1252 seipsum
1085 1217 1142 1251 ipse
1169 1216 1343 1251 produceret,
1367 1215 1438 1249 quod
1461 1214 1520 1240 ﬁeri
1541 1212 1647 1246 nequit,
1676 1211 1718 1238 vel

939 1264 1036 1295 alium,
1050 1267 1078 1289 et
1092 1263 1133 1289 sic
1147 1262 1174 1288 in
1187 1261 1324 1288 infinitum
1336 1259 1536 1295 produceretur
1551 1257 1718 1292 progressio,

939 1308 1012 1343 quod
1032 1315 1086 1334 non
1100 1314 1160 1334 esse
1177 1306 1366 1341 perfectionis,
1383 1310 1441 1332 tute
1455 1304 1537 1331 etiam
1550 1303 1666 1331 diceres.

976 1354 1021 1381 28.
1042 1353 1070 1381 Si
1094 1353 1185 1385 dicas,
1202 1359 1311 1380 causam
1335 1351 1504 1386 praeintclligi
1535 1350 1663 1382 ell‘ectui;
1680 1348 1721 1376 ef-

942 1400 1029 1427 fectus
1040 1407 1105 1427 vero
1117 1399 1212 1430 Filius,
1223 1405 1250 1426 et
1266 1397 1416 1432 producere
1445 1404 1533 1424 causa:
1551 1401 1603 1424 est.
1620 1396 1721 1423 Prazin-

942 1444 1072 1479 telligitur
1083 1451 1148 1478 ergo
1158 1442 1294 1479 hypostasi
1306 1442 1376 1470 Filii.
1386 1442 1445 1469 Non
1456 1440 1670 1468 communicabit
1679 1448 1724 1468 er-

941 1499 975 1526 go
988 1491 1054 1517 illud
1077 1489 1147 1517 Filio
1168 1490 1259 1522 l‘ater,
1273 1496 1335 1516 eum
1355 1487 1578 1522 prmintelligatur
1599 1487 1677 1519 Filio,
1695 1491 1723 1513 et

106 1535 347 1572 προθεωρούμενον
361 1535 407 1562 τοῦ
427 1535 504 1568 Υἰοῦ,
530 1534 578 1561 καὶ
615 1534 746 1575 σύγχυσιν
769 1533 889 1566 εἰσάγον,

943 1537 1132 1564 confusionem
1145 1536 1265 1567 inducat,
1275 1535 1297 1562 si
1311 1535 1361 1569 ipsi
1373 1534 1634 1561 communicaretur.
1645 1532 1723 1559 Ratio

107 1585 132 1610 εἰ
150 1583 241 1616 δοθείη
256 1582 330 1616 αὑτῷ
347 1601 354 1609 .
370 1582 531 1616 Σοφιστικδς
546 1582 559 1606 ὁ
570 1581 659 1613 λόγος.
690 1579 890 1614 Προθεωρεῐται

107 1630 161 1664 γὰρ
177 1629 190 1655 ὁ
202 1627 298 1663 Πατὴρ
313 1628 359 1654 τοῦ
375 1626 441 1654 Υιοῦ
463 1627 503 1662 τῷ
517 1627 607 1661 αἰτίῳ,
627 1626 658 1652 οὐ
674 1625 713 1660 τῷ
739 1625 798 1652 κατ’
809 1625 891 1651 ὲκπό-

110 1683 214 1710 ρευσιν.
229 1674 325 1704 Ἀλλος
342 1673 370 1699 δὲ
382 1673 482 1708 τρόπος
509 1673 652 1707 ὑπάρξεως
675 1668 763 1703 οὗτος.
793 1670 838 1706 Τῷ
864 1671 892 1698 δὲ

109 1721 346 1755 κατ’ὲκτιόρευσιν
360 1719 408 1745 καὶ
427 1718 563 1753 προϐολὴν
584 1718 662 1753 αἰτίῳ
686 1717 748 1744 οὔτε
777 1717 893 1744 ἐπιθεω-

111 1766 226 1802 ρεῖτοιιὸ
244 1765 339 1800 Πατὴρ
366 1764 413 1791 τοῦ
430 1764 506 1791 Υἰοῦ,
534 1764 679 1798 Οὐδέτερος
708 1763 762 1798 γὰρ
789 1762 891 1789 τούτων

114 1812 182 1846 πρὸς
206 1812 250 1838 τὸν
268 1811 363 1844 ἕτερον
390 1810 427 1841 ὡς
445 1809 516 1844 ἀρχὴ
540 1809 556 1843 ἢ
588 1809 676 1843 πέρας
704 1808 819 1842 ταυτησὶ
844 1807 892 1842 τῆς

111 1857 237 1892 προόδου,
255 1857 297 1882 ἴνα
313 1856 350 1890 μὴ
367 1855 475 1885 πάντως
501 1854 612 1888 Πνεῦμα
643 1852 748 1879 τούτων
776 1853 853 1879 ἐσται
879 1853 893 1879 ὁ

114 1903 218 1938 ἕτερος.
233 1903 269 1928 Τὸ
287 1901 380 1937 μέντοι
410 1900 612 1935 προϐάλλεσθαι
645 1898 810 1933 ἀμφοτέρων
835 1898 895 1924 ἑπι-

113 1949 265 1983 Θεωρεῖται.
298 1948 398 1981 Ἄμφω
441 1948 496 1980 γὰρ
523 1944 740 1980 προοεωροῦνται
768 1944 816 1978 τῆς
845 1941 893 1970 τοῦ

113 1995 269 2030 ΙΙνεύματος
295 1994 479 2024 ὑποστάσεως,
504 1992 589 2026 φησὶν
604 1991 752 2026 όΝύσσης,
774 1990 821 2016 καὶ
849 1990 893 2016 διὰ

111 2040 189 2067 τοῦτο
205 2041 234 2073 ἐξ
248 2041 349 2074 ἀμφοῖν
363 2041 394 2065 τδ
408 2038 530 2073 Πνεῦμα.
545 2037 576 2064 Εἰ
591 2037 613 2065 δ’
625 2038 675 2064 οὐκ
689 2037 719 2069 ἒξ
734 2037 845 2070 ἀμφοῖν,
862 2035 893 2061 οὐ

112 2086 333 2120 πρυθεωροῦνται
347 2084 441 2119 ἄμφω.
462 2083 689 2118 Προθεωροῦνται
701 2082 730 2108 δὲ
747 2081 777 2113 ἐξ
790 2081 892 2114 ἀμφοῖν

112 2133 176 2167 ἄρα.
191 2132 223 2158 El
236 2132 264 2157 δὲ
279 2131 360 2156 πάλιν
381 2130 480 2163 λέγεις,
512 2130 552 2156 ὅτι
565 2130 582 2163 ἠ
595 2129 625 2156 ὲν
641 2128 680 2163 τῷ
697 2127 784 2162 Πατρὶ
799 2127 894 2161 θεότης

112 2176 310 2210 προθεωρεῖται
324 2175 372 2209 τῆς
387 2176 415 2201 ὲν
428 2175 467 2209 τῷ
482 2175 538 2209 Υἰῷ
552 2175 601 2201 καὶ
614 2173 653 2208 τῷ
668 2173 818 2208 Πνεύμιιτι,
848 2173 894 2199 καὶ

112 2209 187 2257 ὅμως
218 2209 341 2248 κοινωνεί
364 2221 466 2255 ταύτην
494 2222 550 2252 τοῖς
577 2219 722 2246 ἀπἀὑτοῦ
748 2220 761 2245 ό
788 2219 892 2252 Πατήρ·
910 2209 933 2238 D

111 2267 198 2300 δόξεις
209 2267 257 2301 μὲν
272 2267 336 2297 ἴσως
348 2267 439 2300 λέγειν
450 2275 476 2292 τι
489 2267 544 2298 τοῖς
555 2261 701 2301 ἀμυήτοιςξ
710 2265 786 2292 οὐδὲν
799 2264 822 2291 δ’
835 2265 894 2290 ἐπι-

113 2315 204 2348 φέρεις
220 2315 252 2348 τῇ
269 2313 391 2348 ἀληθείᾳ.
416 2312 448 2339 Ἦ
463 2313 516 2347 γὰρ
530 2313 559 2339 ὲν
573 2312 612 2345 τῷ
640 2311 727 2346 lla-.91
751 2311 856 2345 θεότης,

113 2359 218 2393 θεότης,
235 2359 266 2384 οὐ
285 2359 481 2393 πριθεωρεῖται
498 2358 546 2392 τῆς
563 2357 610 2384 τοῦ
625 2357 700 2389 Υἰοῦ,
718 2358 734 2391 ἡ
746 2356 814 2391 αὑτὴ
828 2355 894 2381 οὖσα

113 2407 184 2432 κατὰ.
197 2406 296 2438 πάντα,
329 2406 376 2431 καὶ
402 2403 587 2439 μηδεμιασοῦν
617 2403 733 2438 σχέσεως
759 2401 896 2436 ἀναμέσον

114 2452 316 2486 θεωρουμένης.
344 2451 426 2477 Ἀλλὰ
453 2450 654 2486 προοεωρεῖται
684 2448 733 2483 μὲν
758 2449 774 2482 ἠ
800 2448 828 2473 ὲν
856 2447 896 2481 τῷ

115 2499 202 2533 Πατρί
215 2498 320 2531 θεότης,
370 2497 464 2532 γεννᾷ,
483 2496 674 2530 ἐπιθεωρεῖται
691 2495 718 2520 δὲ
736 2495 764 2520 ἐν
777 2493 815 2528 τῷ
827 2492 893 2528 Υἰῷ,

113 2542 284 2580 ᾖγεννᾶται.
313 2543 344 2569 Εἰ
366 2543 394 2569 δὲ
423 2542 611 2576 προστιυείης,
643 2542 684 2567 ὃτι
702 2541 788 2566 ταῦτα
808 2540 896 2571 οὐδεὶς

115 2588 174 2616 εἷπε
191 2589 247 2615 τῶν
263 2589 408 2621 θεολόγων,
426 2589 481 2614 δεῖν
498 2588 526 2614 δὲ
541 2588 592 2618 τὰς
605 2587 777 2622 προτάσειςῆ
795 2587 825 2612 ὲκ
843 2586 896 2612 τῶν

114 2636 276 2670 θεολογικὼν
292 2635 381 2670 ῥητῶς
396 2635 594 2669 λαμϐάνεσθαι,
617 2634 633 2668 ἢ
662 2634 767 2660 ἐκεῖθεν
782 2632 896 2658 ἕπεσθαι

113 2684 167 2714 τοῖς
184 2681 418 2717 συλλογιζομένοις
431 2690 438 2697 ·
451 2680 594 2715 Θαυμάζω,
610 2681 667 2711 πῶς
681 2681 711 2707 οὐ
728 2679 835 2714 βλέπεις
864 2681 896 2706 ἐκ

112 2728 166 2755 τῶν
181 2727 349 2754 διδασκάλων
361 2727 446 2754 ταῦτα
465 2727 613 2762 ληφοῆναι.
647 2726 751 2756 Πάντες
778 2724 842 2759 γᾶρ,
860 2725 898 2755 ὡς

113 2775 210 2805 εἰπεῖν,
221 2773 434 2809 προθεωρεῖσοαι
457 2773 505 2808 τὴν
520 2772 568 2798 τοῦ
590 2771 654 2798 Υῐοῦ
670 2771 817 2798 ὑπόστασίν
831 2779 896 2804 φασι

113 2821 161 2854 τῆς
178 2820 226 2846 τοῦ
244 2819 414 2854 ἰῐνεὺματος.
436 2816 575 2845 ’Δλλόἷδα
591 2819 631 2845 ’ὁτι
645 2818 723 2844 τοῦτο
737 2817 832 2848 δώσεις
848 2817 895 2844 καὶ

115 2866 198 2892 ἄκων.
217 2865 271 2901 Τὴν
284 2865 310 2892 δὲ
331 2864 464 2899 λέγουσα-ι
482 2864 625 2900 πρότασιν,
653 2864 693 2891 ὅτι
710 2864 743 2890 τὰ
775 2864 895 2899 προϐλα-

944 1583 993 1610 ista
1006 1590 1039 1609 ex
1063 1590 1134 1616 penu
1153 1581 1336 1616 sophistarum
1352 1585 1404 1607 est.
1415 1579 1634 1614 Prmintell‘gitur
1650 1577 1722 1605 enim

943 1629 1022 1655 Pater
1034 1628 1102 1654 Filio
1119 1634 1199 1654 causa
1213 1634 1268 1654 non
1282 1634 1312 1654 ea
1325 1633 1386 1660 quae
1397 1629 1438 1652 est
1451 1626 1600 1652 secundum
1614 1631 1724 1659 proces-

943 1675 1065 1707 sionetn;
1081 1681 1198 1707 namque
1214 1673 1259 1700 hic
1275 1673 1370 1700 modus
1392 1672 1460 1699 alius
1476 1671 1642 1698 exsistentiar.
1662 1675 1723 1702 est;

944 1727 1026 1747 causa
1048 1727 1123 1752 vero,
1139 1726 1200 1753 qua:
1222 1717 1373 1745 secundum
1391 1716 1594 1751 processionem
1616 1719 1644 1742 et
1659 1722 1724 1749 pro-

943 1766 1100 1804 ductionem
1120 1770 1171 1797 est,
1191 1771 1278 1799 neque
1294 1768 1357 1791 ante
1375 1771 1465 1797 neque
1486 1767 1547 1797 post
1563 1761 1726 1796 intelligitur

943 1811 1024 1839 Pater
1040 1811 1119 1838 Filio.
1130 1810 1212 1838 Nemo
1223 1810 1297 1837 enim
1312 1818 1344 1836 ex
1359 1809 1425 1843 ipsis
1435 1816 1497 1843 erga
1509 1808 1591 1835 alium
1603 1812 1650 1834 aut
1664 1807 1724 1834 vel-

946 1858 984 1885 uti
1011 1857 1186 1891 principium,
1207 1861 1253 1883 aut
1271 1855 1353 1882 veluti
1383 1855 1444 1881 ﬁnis
1468 1859 1510 1881 est
1536 1853 1724 1887 hujuscemodi

946 1910 1130 1938 progressus:
1148 1910 1182 1929 ne
1206 1909 1319 1936 prorsus
1334 1909 1404 1928 unus
1429 1909 1460 1927 ex
1482 1900 1525 1927 liis
1543 1900 1662 1934 Spiritus
1679 1899 1724 1926 sit.

945 1948 1063 1976 Produci
1079 1955 1143 1975 vero
1165 1952 1226 1982 post
1246 1953 1390 1982 utrumque
1413 1946 1585 1981 intelligitur.
1607 1945 1726 1980 Uterque

946 2001 1064 2028 namque
1083 1993 1300 2028 prminlelligilur
1315 1994 1432 2028 Spiritus
1447 1992 1596 2027 hypnstasi,
1613 1995 1644 2018 ut
1659 1992 1726 2026 Nys-

946 2046 1029 2066 scnus
1044 2038 1164 2070 asserit,
1186 2044 1385 2073 proptereaque
1406 2038 1440 2064 ab
1466 2043 1580 2071 utroque
1597 2037 1726 2072 Spiritus.

946 2084 1048 2117 Quodsi
1062 2092 1116 2111 non
1133 2085 1166 2110 ab
1182 2089 1298 2118 utroque
1312 2103 1319 2115 ,
1337 2091 1390 2110 non
1406 2083 1488 2110 ambo
1511 2083 1725 2118 prmiulclligun-

949 2134 1001 2157 tur.
1014 2129 1067 2156 Sed
1079 2129 1336 2164 pratintelliguntur,
1350 2136 1382 2156 ex
1398 2133 1516 2163 utroque
1529 2128 1622 2163 igitur.
1636 2128 1727 2161 Quod-

947 2175 969 2202 si
986 2183 1082 2202 rursus
1095 2175 1170 2202 dicas
1192 2169 1338 2206 deitatem,
1353 2182 1413 2208 quae
1426 2175 1452 2201 in
1470 2175 1547 2201 Patre
1564 2179 1614 2207 est,
1627 2174 1727 2208 prmiu-

949 2221 1032 2256 telligi
1049 2221 1087 2248 illi
1102 2228 1163 2255 quae
1177 2225 1217 2248 est
1234 2221 1261 2247 in
1278 2221 1346 2247 Filio
1357 2226 1385 2247 et
1402 2221 1429 2248 in
1446 2221 1570 2255 Spiritu,
1585 2225 1611 2248 et
1625 2221 1727 2247 nihiln—

948 2267 1040 2294 minus
1058 2274 1117 2294 eam
1139 2267 1341 2294 communicare
1358 2267 1465 2294 Patrem
1492 2267 1525 2294 iis
1550 2275 1611 2301 quas
1636 2275 1668 2294 ex
1698 2275 1728 2294 se

947 2317 1022 2344 sunt,
1035 2312 1172 2339 videberis
1184 2312 1294 2346 quidem
1309 2313 1411 2347 aliquid
1422 2313 1514 2340 dicere
1527 2320 1618 2339 rerum
1630 2313 1726 2339 harum

947 2359 1099 2394 inexpertis
1116 2367 1123 2385 :
1140 2359 1186 2386 sed
1206 2363 1316 2386 ut,vrrc
1330 2359 1416 2386 fatear
1429 2378 1437 2391 ,
1462 2359 1528 2386 nihil
1543 2360 1622 2386 solidi
1635 2360 1726 2386 affers.

948 2405 1038 2432 Deitas
1056 2405 1140 2434 enim.
1153 2413 1213 2440 quze
1227 2406 1253 2432 in
1270 2404 1350 2432 Patre
1363 2411 1416 2437 est,
1428 2414 1480 2440 qua
1498 2406 1584 2433 dcitas
1599 2411 1656 2437 est,
1673 2414 1725 2431 non

948 2451 1173 2491 pracintelligitur
1191 2451 1248 2482 illi,
1274 2459 1334 2485 qua:
1349 2452 1375 2478 in
1395 2451 1463 2478 Filio
1479 2458 1531 2480 est.
1549 2459 1609 2478 cum
1633 2451 1727 2478 eadem

949 2498 986 2524 sit
1003 2497 1153 2524 secundum
1165 2496 1268 2528 ornnia,
1281 2497 1409 2531 nullaque
1425 2497 1520 2524 relatio
1535 2496 1727 2531 interjiciatur.

947 2543 1000 2570 Sed
1018 2543 1238 2578 pratintclligitur
1255 2543 1376 2577 quidem,
1387 2551 1447 2577 qua:
1461 2543 1487 2569 in
1503 2542 1582 2569 Patre
1597 2547 1648 2572 est,
1669 2541 1728 2568 dci-

948 2594 1000 2619 tas,
1017 2597 1069 2623 qua
1085 2594 1206 2623 generat.
1229 2594 1399 2623 postremum
1416 2589 1577 2621 intelligitur
1600 2588 1626 2614 in
1646 2587 1726 2618 Filio,

948 2642 1001 2669 qua
1020 2639 1176 2669 generatur.
1199 2634 1303 2667 Quodsi
1320 2634 1403 2661 addas
1429 2634 1486 2661 lucc
1502 2642 1516 2660 a
1535 2633 1608 2660 nullo
1624 2633 1726 2660 dictata

947 2681 1033 2707 fuisse
1059 2680 1202 2715 theologo,
1221 2685 1247 2707 ct
1262 2680 1463 2715 propositiones
1477 2679 1652 2706 assumendas
1665 2686 1726 2706 ειςμο

948 2731 995 2753 aut
1011 2734 1044 2753 ex
1067 2726 1245 2760 lheologicis,
1265 2734 1325 2761 quae
1348 2735 1475 2761 expresse
1498 2734 1546 2753 cas
1572 2726 1727 2758 enuntiem,

947 2776 995 2798 aut
1010 2779 1042 2798 ex
1064 2771 1297 2804 consequentibus
1321 2778 1484 2806 argumento
1509 2771 1728 2799 demonstrativo

948 2818 1059 2850 elicitis,
1077 2818 1163 2844 miror
1177 2817 1304 2851 equidem
1322 2818 1368 2844 tibi
1387 2826 1440 2845 non
1460 2819 1633 2845 innotescere
1650 2825 1681 2845 ea
1697 2826 1730 2844 ιι

949 2864 1108 2892 doctoribus
1122 2871 1181 2892 esse
1197 2868 1317 2893 accepta.
1331 2863 1397 2891 Nam
1412 2871 1517 2895 omnes.
1532 2869 1560 2891 ut
1578 2864 1614 2891 ita
1628 2863 1731 2896 (licuit,
