1916 3057
162 117 215 147 827

757 113 832 143 GEO
838 112 923 142 RG11
942 112 1018 141 TRA
1024 111 1205 141 PEZUNTlI

1741 105 1798 137 828

162 183 212 210 per
237 173 348 204 Filium,
370 172 517 206 aliquando
542 170 628 198 Filios
652 178 685 197 ex
715 170 882 205 productore
905 175 956 203 per

1010 166 1121 201 Πνεῦμα
1138 167 1170 193 ὲκ
1186 165 1291 199 Πατρδς
1308 165 1340 191 δι’
1353 163 1430 195 Υἰοῦ,
1447 163 1509 190 ποτὲ
1523 163 1551 189 δὲ
1562 162 1607 189 τὸν
1624 162 1690 203 Υῑδν
1701 163 1732 189 ἐκ
1747 162 1798 188 τοῦ

163 221 251 255 ipsum
267 218 440 253 productum,
462 218 607 244 turbantes
635 224 668 244 ac
687 216 835 243 miscentes
848 215 950 247 omnia,

162 271 190 293 et
215 266 241 292 in
268 264 355 291 nudas
382 265 530 291 relationes
546 264 692 291 credentes
707 273 713 290 :
731 268 758 290 et
774 270 856 297 quem
874 269 952 288 mens

163 312 282 338 humana
295 311 374 345 longe
388 318 401 336 ιι
422 314 626 336 rerum'natura
646 310 767 346 alienum
785 307 858 341 nuda
873 307 951 342 cogi-

165 357 266 383 tatione
281 356 409 383 ordinem
428 355 662 386 comminiscitur,
678 355 805 382 Trinitati
822 353 953 388 adaptati-

166 407 223 434 tes,
248 407 276 429 et
299 410 354 429 non
378 399 603 429 verecundamini
616 421 623 433 ,
642 409 686 428 res
702 401 810 428 divinas
828 407 953 434 pronun-

166 448 287 474 tiationis
304 447 391 474 solius
403 447 502 474 ordine
517 447 558 482 agi
575 447 742 478 existimare,
754 450 782 473 et
796 453 848 472 non
861 445 953 480 potius

166 501 212 526 per
228 493 479 524 pronuntiationem
505 501 548 520 res
563 493 636 527 ipsas
652 493 766 527 exprimi
785 501 792 519 2
808 496 864 519 tum
884 492 953 519 divi-

165 539 262 566 dentes
278 547 330 566 una
355 544 451 566 natura
469 539 554 565 Deum
571 539 596 565 in
622 546 733 566 causam
759 543 786 565 et
811 538 952 568 eﬂeetum,

165 593 220 612 non
244 593 273 612 re
294 586 352 620 ipsa
366 585 553 612 subdividere.
573 585 724 612 Considera
743 592 827 619 porro
844 591 953 612 omnem

165 631 286 657 divinam
304 631 474 666 ltypostasim
494 631 611 665 primtttn
628 631 740 665 quidem
759 638 773 657 a
790 630 898 657 duabus
913 637 956 657 re-

165 676 248 711 liquis
263 677 344 704 simul
375 678 495 711 separari
524 677 691 711 proprietate
715 677 816 711 aliqua,
830 684 889 711 qua
907 684 956 710 per

165 723 367 757 oppositionem
390 727 417 749 et
439 724 624 750 communiter
637 723 745 750 duabus
780 722 908 754 inhaeret,
927 727 956 749 ut

165 769 297 799 diximus,
320 773 349 795 et
373 768 509 796 relatione
528 769 620 803 aliqua
640 777 654 796 a
680 769 795 803 reliquis
821 768 954 800 discerni,

165 821 220 839 non
238 813 458 847 acquiesccnlem
472 834 480 845 ,
499 815 684 842 communiter
700 814 819 849 disjungi
837 834 844 846 ,
867 814 899 841 ad
915 814 954 841 vi-

167 859 277 885 tandam
294 867 406 893 prorsus
424 860 450 886 in
472 860 608 887 Tt'initate
628 860 833 892 confusionem,
851 865 881 887 ut
896 860 953 887 sin-

166 905 237 939 gulis
251 905 377 939 personis
391 906 427 932 sit
450 907 502 933 alia
523 907 677 942 proprietas
690 908 724 934 ab
740 915 772 934 ea
791 915 852 938 quae
866 912 907 934 est
927 907 954 934 in

166 951 284 982 duabus,
298 956 325 977 et
341 951 393 978 alia
409 952 442 978 ab
460 960 492 979 ea
516 960 576 987 qua:
591 958 633 980 est
648 953 675 979 in
692 953 818 988 singulis,
836 960 954 987 quorutn

167 994 319 1021 secundum
338 996 365 1022 in
390 997 423 1023 iis
438 1005 498 1031 qua:
516 997 678 1024 relationem
695 998 807 1031 habent,
828 1006 956 1025 necessa-

168 1041 239 1068 rium
255 1046 306 1068 cst.
326 1041 449 1069 Primum
465 1043 537 1070 enim
552 1043 642 1076 Pater,
662 1044 734 1078 quod
751 1044 857 1079 absque
879 1045 956 1079 prin-

167 1087 240 1121 cipio
254 1092 306 1119 est,
332 1087 500 1115 discernitur
523 1097 537 1116 a
566 1089 689 1122 duobus,
704 1090 751 1125 qui
767 1099 799 1118 ex
817 1091 955 1126 principio

167 1137 232 1159 sunt
251 1142 257 1159 :
273 1138 302 1160 et
316 1140 451 1167 generans
467 1134 579 1166 Filium,
597 1140 624 1162 et
640 1136 796 1170 producens
810 1136 955 1169 Spiritum,

169 1178 301 1206 relatione
325 1180 510 1213 generatiOnis
526 1189 541 1207 ιι
557 1180 638 1214 Filio,
663 1182 848 1216 productione
862 1191 877 1209 a
891 1181 957 1217 Spi-

168 1226 222 1254 titu
243 1226 419 1254 disCernitur.
450 1228 512 1254 Pari
531 1227 613 1255 modo
633 1233 662 1255 et
680 1228 767 1256 Filius
781 1228 855 1263 quod
879 1229 957 1264 geni-

170 1278 212 1300 tus
227 1277 279 1304 est,
296 1273 389 1300 didert
412 1281 427 1300 a
450 1273 568 1305 duobus.
594 1275 643 1309 qui
671 1283 726 1301 non
752 1275 887 1302 exsistunt
909 1283 959 1310 per

169 1320 373 1355 generationem
385 1340 392 1352 ,
406 1328 420 1347 a
434 1320 525 1354 Patre,
543 1321 678 1349 relatione
690 1322 890 1356 generationis,
904 1329 958 1356 qua

168 1375 202 1394 ex
222 1375 255 1394 eo
275 1367 405 1402 gignitur.
427 1367 548 1401 Spiritus
565 1375 630 1394 vero
652 1373 764 1395 sanctus
779 1388 787 1400 ,
802 1369 875 1402 quod
893 1376 958 1403 pro-

170 1414 282 1445 cedat,a
298 1414 377 1440 Patre
394 1413 517 1448 Filioque
537 1414 620 1440 simul
636 1413 813 1441 discernitur.
831 1413 960 1449 Propter-

169 1466 259 1493 eaque
299 1459 401 1493 absque
442 1459 622 1493 productione
650 1460 784 1486 exsistere
811 1467 958 1487 commune

1005 213 1162 248 προῦολέως
1182 213 1225 238 διὰ
1246 211 1293 238 τοῦ
1315 211 1521 246 προελήματος,
1551 210 1640 236 πάντα
1666 209 1799 244 συγχέον-

1002 268 1057 290 τες,
1074 259 1122 286 καὶ
1142 259 1181 289 εἰς
1191 257 1273 292 ψιλὰς
1288 256 1427 291 ἀναφορὰς
1455 255 1642 285 πιστείοντες·
1672 255 1718 280 καὶ
1733 255 1766 289 ἦν
1784 255 1798 280 ὁ

1004 304 1174 339 ἀνθρώπειος
1189 302 1252 334 νοῦς
1272 303 1302 328 οὗ
1319 301 1477 336 προσοῦσαν
1494 302 1550 332 τοῖς
1568 300 1713 334 πράγμασι
1727 298 1798 333 ψιλῇ

1004 350 1111 384 ἐπινοίᾳ
1133 349 1273 383 συντίθησι
1300 348 1387 380 τάξιν,
1403 347 1506 380 ταύτην
1528 346 1745 381 ἑφαρμότῑοντες
1762 346 1799 380 τῇ

1005 396 1112 431 Τριάδι.
1126 393 1194 422 Εἶτα
1210 395 1259 421 οὐκ
1272 394 1443 429 αἰσχύνεσθεὶ
1468 394 1503 419 τὰ
1521 393 1581 419 Οεῖα
1608 394 1641 427 τῇ
1657 393 1706 426 τῆς
1724 401 1801 424 προ-

1005 443 1089 477 φορᾶς
1100 441 1177 474 τάξει
1192 441 1325 476 φέρεσθαι
1357 440 1487 475 οἰόμενοι,
1514 440 1561 466 καὶ
1577 439 1606 465 οὗ
1623 438 1724 473 μᾶλλον
1743 438 1801 464 δεῖν

1005 490 1054 524 τὴν
1072 489 1214 524 προφορὰν
1230 489 1287 518 τοῖς
1313 487 1474 522 πράγμασιν
1491 486 1620 512 ἕπεσθαι.
1646 483 1712 511 Εἶτα
1727 484 1800 511 atat.-

1007 535 1116 570 ροῦντες
1134 533 1179 560 τὸν
1194 533 1223 559 ἐν
1243 534 1292 567 μιᾷ
1309 533 1391 566 φύσει
1406 530 1471 557 Θεὸν
1483 531 1523 561 εἰς
1538 529 1626 556 αἴτιον
1647 529 1693 555 καὶ
1708 529 1802 554 αἰτια-

1005 580 1051 606 τὸν
1081 579 1130 612 οὐχ
1161 577 1349 612 ὑποδιαιρεῐτε
1378 577 1541 610 πράγματι.
1573 574 1672 600 Σκόπει
1686 573 1725 603 δὲ,
1756 573 1800 599 ὅτι

1007 627 1082 653 πᾶσα
1096 626 1157 652 Θεία
1174 625 1324 656 ὑπόστασις
1344 624 1454 659 πρῶτον
1472 624 1522 657 μὲν
1538 622 1650 657 ἰδιὸῑητῐ
1673 629 1726 647 τινι
1741 622 1800 650 τοῖς

1005 673 1080 699 δυσὶν
1093 672 1162 707 ὁμοῦ
1174 672 1354 706 διακρίνεται,
1369 671 1428 705 ἥτις
1441 669 1468 702 ἐξ
1481 669 1642 699 ἀντιθέσεως
1659 670 1702 694 κατ
1719 667 1799 701 κοινὴ

1007 719 1165 753 εὑρίσκεται
1180 719 1236 749 τοῖς
1249 718 1336 749 δυσὶν,
1358 717 1394 747 ὠς
1408 716 1459 751 ήδη
1473 715 1613 745 λέλεκται,
1626 715 1673 740 καὶ
1703 713 1800 748 σχέσει

1002 766 1060 800 ,τινὶ
1079 765 1198 798 ἑκάστης
1227 764 1282 790 τῶν
1308 763 1410 789 λοιπῶν
1428 761 1608 796 διακρίνεται,
1633 761 1681 787 οὐκ
1696 760 1800 794 ἀρκου-

1010 812 1077 846 μένη
1097 811 1136 844 τῷ
1150 810 1247 841 κοινῶς
1277 809 1445 841 διίστασθαι,
1471 809 1514 834 ἵνα
1541 807 1683 837 παντελῶς
1705 806 1799 832 πᾶσαν

1007 857 1080 892 φύγῃ
1093 857 1109 890 ἠ
1129 856 1215 891 Τριὰς
1232 856 1374 890 σύγχυσιν,
1388 854 1454 881 ὥσθ’
1468 853 1509 880 ὲνὶ
1524 854 1632 888 ἑκάστῳ
1655 850 1726 879 εἶναι
1743 851 1800 878 τῶν

1009 901 1163 937 προσώπων
1179 901 1245 928 ἄλλο
1266 901 1367 933 ἰδιάζον
1385 900 1453 936 πρὸς
1468 900 1502 926 τὰ
1514 899 1571 930 δύο,
1583 899 1629 926 καὶ
1644 898 1711 933 πρὸς
1734 898 1802 924 ἐκα-

1010 958 1072 975 στον
1088 949 1162 981 ἄλλο,
1177 945 1214 975 ὧν
1227 948 1257 974 τὸ
1281 947 1409 982 δεύτερον
1425 947 1469 974 ἀεὶ
1495 947 1549 973 τῶν
1563 948 1591 972 ὲν
1615 946 1707 980 σχέσει
1728 942 1801 971 εἶναι

1008 996 1167 1029 ἀναγκαῖον.
1183 995 1287 1021 Αὐτίκα
1300 995 1355 1029 γὰρ
1384 995 1398 1020 ὁ
1427 994 1475 1028 μὲν
1503 993 1601 1028 Πατὴρ
1626 992 1666 1027 τῷ
1682 991 1799 1026 ἁνὰρχῳ

1007 1042 1176 1075 διακρίνεται
1205 1042 1261 1067 τοῖν
1277 1040 1350 1067 δυοῖν
1368 1040 1396 1072 ἐξ
1414 1040 1500 1074 ἀρχῆς
1517 1039 1615 1069 ὄντοιν,
1645 1037 1749 1071 γεννῶν
1771 1037 1801 1063 δὲ

1008 1089 1053 1115 τὺν
1071 1088 1145 1120 Υιὺν,
1160 1088 1206 1114 καὶ
1220 1087 1381 1122 προὸόιλλων
1398 1087 1429 1112 τι
1445 1085 1557 1120 Πνεῦμα
1578 1087 1611 1119 τῇ
1643 1085 1691 1118 μὲν
1707 1083 1801 1119 σχέσει

1008 1137 1061 1171 τῆς
1081 1136 1232 1170 γεννήσεως
1258 1134 1304 1161 τοῦ
1326 1134 1402 1166 Υξοῦ,
1421 1135 1454 1168 τῇ
1479 1133 1507 1159 δὲ
1524 1133 1575 1167 τῆς
1591 1131 1727 1167 προὸολῆς
1751 1130 1801 1158 τοῦ

1010 1182 1168 1216 Πνεῦματος
1179 1181 1361 1215 διακρίνεται.
1381 1180 1501 1214 Ὀμοίως
1515 1180 1543 1206 δὲ
1567 1180 1615 1206 καὶ
1639 1179 1652 1205 ό
1669 1179 1734 1209 Υἱὸς
1760 1178 1801 1211 τῷ

1009 1229 1146 1264 γεννητῶς
1160 1225 1230 1254 εἶναι
1245 1227 1386 1262 διενήνοχε
1401 1228 1458 1253 τοῖν
1472 1227 1546 1253 δυοῖν
1570 1225 1725 1260 ἀγεννήτως
1755 1225 1801 1250 ὅν-

1010 1285 1076 1307 τοιν,
1091 1274 1138 1301 τοῦ
1150 1274 1178 1300 δὲ
1194 1274 1302 1308 Πατρδς
1314 1274 1347 1308 τῇ
1363 1273 1454 1308 σχέσει
1470 1274 1520 1308 τῆς
1538 1273 1703 1306 γεννήσεως,
1770 1271 1801 1304 ἐξ

1010 1320 1091 1348 αὑτοῦ
1108 1321 1249 1354 γεννᾶται,
1265 1320 1295 1345 τὸ
1312 1319 1340 1345 δὲ
1370 1319 1484 1354 Πνεῦμα
1501 1319 1531 1345 τδ
1547 1319 1625 1353 ἄτιον
1646 1318 1685 1353 τῷ
1714 1319 1799 1344 ἐκπο-

1012 1367 1114 1403 ρευτῶς
1130 1365 1212 1397 εἶναι,
1238 1365 1305 1392 Tim?
1334 1365 1404 1400 ὁμοῦ
1425 1366 1471 1392 καὶ
1488 1365 1594 1401 Πατρὸς
1618 1365 1799 1399 διακρίνεται.

1010 1415 1059 1440 Διὰ
1072 1414 1151 1440 τοῦτο
1163 1414 1192 1439 τὺ
1205 1412 1414 1446 ἀνεκπορεύτως
1426 1410 1496 1438 εἶναι
1511 1413 1599 1438 κοινὸν
1616 1411 1672 1445 Υἱῷ
1683 1412 1729 1438 καὶ
1743 1411 1801 1437 Πα-

1011 1461 1054 1494 τρὶ
1071 1460 1241 1494 ἀνεφαίνετο.
1252 1459 1292 1494 Τῇ
1310 1458 1428 1493 προὸολῇ
1444 1458 1483 1498 δε,
1533 1457 1608 1492 παρὰ
1631 1457 1678 1484 τοῦ
1694 1457 1800 1492 Πατρὶς

169 1513 230 1532 esse
244 1504 318 1531 Patri
342 1509 369 1531 et
392 1504 460 1531 Filio
490 1504 656 1536 videbatur;
672 1505 853 1538 productione
881 1505 956 1538 vero,

1012 1504 1203 1539 ἐκπορεύεται,
1221 1504 1358 1539 διενήνοχε
1370 1503 1416 1530 τοῦ
1440 1503 1558 1539 Πατρός.
1589 1503 1698 1530 Τούτων
1712 1503 1801 1535 οὕτως

171 1559 224 1585 qua
244 1558 258 1577 ιι
281 1550 361 1577 Patre
381 1550 524 1585 procedit,
552 1549 646 1577 differt
663 1558 678 1576 a
700 1549 790 1577 Patre.
817 1550 878 1578 ch
896 1559 958 1578 cum

171 1597 208 1623 ita
224 1604 252 1623 se
278 1594 407 1627 habeant,
431 1595 522 1621 Patris
545 1595 642 1621 relatio
662 1596 695 1622 ad
716 1603 748 1622 ea
768 1603 829 1630 qua:
848 1603 881 1622 ex
901 1597 959 1630 ipso

170 1647 246 1673 sunt,
262 1647 288 1668 et
306 1649 402 1668 eorum
417 1649 478 1675 qua:
493 1649 526 1667 ex
541 1641 601 1675 ipso
615 1647 689 1673 sunt,
705 1650 768 1676 erga
785 1642 891 1669 Patrem
908 1644 959 1670 sal-

172 1695 204 1713 va
225 1687 308 1713 etiam
330 1691 372 1713 est
391 1685 465 1720 apud
486 1685 607 1713 Grtccos.
628 1686 689 1713 Filii
709 1695 775 1714 vero
794 1692 823 1715 et
841 1687 960 1722 Spiritus

172 1733 245 1759 nulla
266 1732 364 1759 relatio
387 1731 537 1766 reperitur,
560 1733 596 1759 ita
619 1737 648 1759 ut
663 1734 755 1760 omnia
770 1735 804 1761 ab
821 1734 888 1769 ipsis
899 1743 960 1769 per-

172 1778 332 1805 turbentur.
362 1777 602 1810 Quctnadmodum
624 1776 698 1805 enim
726 1779 900 1814 ingenitum,
932 1785 960 1808 et

170 1823 303 1857 genitum,
316 1827 344 1849 et
356 1822 511 1857 procedens
521 1831 582 1850 cum
593 1823 629 1850 sit
641 1824 791 1860 unicuique
803 1825 958 1860 proprium,

169 1876 184 1894 a
199 1866 314 1896 duabus
334 1869 397 1896 aliis
416 1869 574 1902 discernit;
606 1871 642 1897 ita
661 1878 724 1897 cum
745 1873 898 1905 reperiatur
918 1880 960 1899 re-

170 1915 238 1942 latio
255 1915 344 1942 Pntris
355 1923 420 1949 erga
436 1923 466 1942 ea
478 1924 539 1950 qua:
553 1913 586 1943 ex
602 1916 660 1951 ipso
672 1921 747 1949 sunt,
758 1925 854 1944 eorum
864 1919 958 1951 etiam,

169 1968 230 1994 qua:
243 1968 276 1987 ex
292 1961 351 1995 ipso
369 1965 434 1988 sunt
454 1970 518 1996 erga
537 1962 645 1990 Patrem
658 1971 665 1990 :
680 1965 837 1990 necessario
848 1972 960 1998 quoque.

169 2006 331 2041 assignanda
358 2011 400 2033 est
429 2007 524 2039 relatio
554 2013 581 2035 et
608 2017 703 2036 eorum
733 2011 779 2044 qui
817 2018 850 2038 ex
875 2019 957 2038 causa

170 2057 244 2084 sunt,
263 2057 293 2079 ut
308 2053 383 2080 omni
408 2061 440 2080 ett
464 2058 540 2088 parte
558 2063 637 2089 neque
662 2056 808 2091 colligatur
823 2057 957 2091 Trinitas,

168 2103 196 2125 et
217 2099 357 2132 proportio
376 2104 503 2127 servetur
518 2109 524 2127 :
542 2109 624 2135 qttam
641 2097 744 2136 optime
758 2111 877 2131 noscens
892 2104 959 2140 Nys-

169 2151 264 2177 senus,
286 2149 314 2171 et
334 2145 422 2177 illius,
442 2147 516 2180 quod
538 2153 571 2173 ex
590 2155 672 2174 causa
693 2153 746 2181 est,
766 2157 862 2177 rursus
877 2151 956 2177 aliam

1010 1551 1155 1586 ὲχόντωνή
1175 1551 1224 1585 μὲν
1240 1550 1287 1576 τοῦ
1307 1550 1413 1584 Harpe;
1441 1551 1512 1585 πρὸς
1528 1550 1562 1576 τὰ
1585 1549 1613 1582 ἐξ
1627 1543 1720 1576 ἀὑτοῦ
1738 1539 1800 1584 σχέ-

1010 1606 1061 1629 σις,
1072 1598 1118 1624 καὶ
1133 1597 1187 1623 τῶν
1202 1596 1231 1628 ἐξ
1250 1596 1332 1623 αὐτοῦ
1347 1597 1417 1632 πρὸς
1428 1598 1473 1623 τὸν
1486 1597 1596 1630 Πατέρα
1612 1596 1730 1628 σώζεται
1752 1596 1801 1622 καὶ

1009 1644 1222 1679 Γραικοῖς,;Υἱοῦ
1238 1645 1325 1671 δὲκαὶ
1344 1645 1504 1679 Πνεύματος
1519 1645 1634 1680 οὐδεμία
1647 1645 1741 1679 σχέσις
1756 1645 1801 1670 εὖ-

1012 1691 1146 1724 ρίσκεται,
1159 1690 1229 1717 ὥστε
1257 1691 1349 1722 αὐτοῖς
1365 1691 1527 1729 συγχεῖσθαι
1541 1692 1576 1718 τὰ
1591 1691 1800 1726 πάντα.Ὧσπερ

1011 1735 1065 1770 γὰρ
1083 1736 1112 1761 τδ
1136 1737 1296 1771 ἀγέννητον,
1315 1736 1364 1763 καὶ
1394 1737 1534 1772 γεννητὸν,
1556 1738 1603 1764 καὶ
1633 1738 1799 1773 ὲκπορευτὲιν

1012 1781 1077 1808 ἴδιον
1092 1781 1121 1808 ὃν
1134 1782 1258 1809 ,ἕκαστον
1270 1783 1326 1810 τοῖν
1339 1784 1410 1811 δυοῖν
1424 1783 1567 1819 διακρίνει,
1580 1783 1799 1819 οὖτωςεὺρισκο-

1011 1828 1095 1862 μένης
1113 1828 1231 1863 σχέσεως
1246 1829 1294 1855 τοῦ
1316 1830 1425 1865 Πατρὺς
1440 1830 1507 1864 πρὸς
1523 1830 1555 1857 τὰ
1585 1831 1613 1863 ἐξ
1629 1830 1722 1864 αὐτοῦ,
1753 1832 1800 1858 καὶ

1009 1874 1062 1899 τῶν
1078 1874 1107 1906 ἐξ
1118 1874 1205 1903 αὑτοῦ
1219 1875 1287 1910 πρὸς
1304 1875 1352 1902 τὸν
1362 1877 1471 1911 Πατέρα
1487 1877 1667 1912 εὑρίσκεσθαι
1687 1872 1727 1904 δεῖ
1739 1879 1797 1913 σχέ-

1011 1928 1064 1952 σιν,
1081 1921 1129 1946 xui.
1143 1920 1192 1947 τοῦ
1208 1921 1235 1954 ἐξ
1262 1922 1351 1954 αἰτίας
1363 1922 1449 1955 δντος,
1480 1923 1525 1950 ἴνα
1550 1923 1684 1951 πάντοθεν
1710 1925 1799 1956 ἰσάκις

1011 1966 1219 2002 συσφίγγηταιὴ
1237 1967 1333 2002 Τριὰς,
1352 1969 1427 2004 καὶὴ
1443 1969 1576 2003 ἀναλογία
1604 1969 1737 2004 σώζηται,
1766 1970 1799 2004 ἣν

1011 2011 1102 2042 καλῶς
1129 2013 1142 2038 ὁ
1174 2013 1286 2052 Nomm;
1307 2013 1400 2046 εἰδὼς,
1425 2015 1471 2041 καὶ
1490 2015 1537 2041 τοῦ
1551 2016 1579 2049 ἐξ
1607 2016 1695 2047 αἰτίας
1719 2016 1800 2042 πάλιν

1009 2056 1091 2090 εἶναι,
1108 2058 1202 2092 φησὶν,
1223 2059 1308 2093 ἄλλην
1325 2060 1469 2094 διαφορὰν,
1490 2061 1535 2088 ὅτι
1552 2063 1583 2088 τὸ
1598 2061 1657 2096 μὲν
1688 2069 1800 2096 προσε-

1010 2102 1082 2137 χῶς,
1101 2105 1133 2130 τὸ
1150 2104 1185 2130 δὲ
1199 2105 1248 2131 διὰ
1261 2105 1313 2132 τοῦ
1329 2107 1498 2141 προσεχῶς,
1512 2108 1596 2142 ἄλλην
1623 2108 1661 2138 ὡς
1677 2109 1799 2142 ἐκείνην,

1012 2150 1056 2176 ἵνα
1069 2150 1098 2176 τὸ
1115 2151 1176 2177 κατ’
1192 2151 1283 2178 αἰτίαν
1301 2153 1330 2178 ὲν
1342 2154 1444 2188 ἀμφοῖν
1461 2151 1490 2190 ᾖ,
1519 2154 1565 2180 καὶ
1580 2153 1651 2181 οὕτω
1669 2155 1736 2189 μήτε
1751 2156 1801 2189 τὴν

171 2187 353 2216 .lilTerentiam
381 2190 605 2225 assignat,Quod
623 2193 670 2218 hoc
693 2193 799 2225 quidem
819 2195 953 2229 continue,

1009 2196 1086 2228 τάξιν
1097 2196 1153 2232 ζημ
1165 2197 1291 2232 ωθῶμεν,
1310 2180 1504 2235 καὶιμοναρὶἰσ
1519 2201 1645 2235 τηρῆται,
1663 2180 1709 2226 διαί
1724 2180 1801 2226 οὐδέν

171 2234 217 2260 hac
231 2242 291 2260 vero
308 2243 354 2268 per
369 2235 452 2269 illud,
482 2238 550 2271 quod
565 2238 688 2265 continue
705 2245 753 2273 est,
783 2241 863 2268 aliam
880 2247 909 2268 ut
930 2247 958 2270 et

173 2277 256 2310 illam,
283 2284 312 2306 ut
340 2287 422 2307 causa
447 2281 475 2307 in
494 2286 612 2317 utroque
629 2284 674 2316 sit,
695 2292 729 2310 ne
745 2286 851 2313 ordinis
867 2287 957 2321 jactu-

173 2330 228 2350 ratn
247 2329 328 2360 atque
338 2326 469 2354 damnum
485 2327 627 2362 faciamus,
645 2333 674 2356 et
692 2338 775 2357 unum
792 2331 956 2367 principium

1008 2242 1120 2279 ἐλλείπῃ
1133 2244 1165 2278 τῇ
1181 2243 1277 2275 Τριάδι
1291 2244 1350 2276 ταῖς
1367 2244 1476 2280 σχέσεσι
1511 2246 1682 2281 πανταχόθεν
1713 2245 1801 2272 ἀδιαι-

1011 2289 1095 2324 ρέτως
1109 2290 1302 2325 διαιρουμένη,
1317 2292 1364 2317 καὶ
1380 2293 1412 2326 τῇ
1423 2292 1510 2326 ¹φύσει
1538 2293 1683 2327 ἔνουμένῃ,
1739 2292 1802 2324 δόξα

1010 2337 1050 2367 εἰς
1061 2337 1125 2367 τοὺς
1140 2335 1240 2368 αἰῶνας
1256 2337 1311 2363 τῶν
1331 2338 1446 2365 αἰώνων.
1471 2339 1568 2374 ’Δμήν.

173 2377 363 2422 conservetur,
381 2377 409 2400 et
434 2374 508 2401 salva
525 2379 607 2409 atque
628 2375 734 2410 integra
758 2378 851 2405 omnia
886 2379 1014 2408 Trinitati
1051 2381 1244 2414 retineantur,
1271 2384 1452 2412 relationibus
1488 2387 1589 2422 ubique
1609 2387 1725 2416 indivise
1757 2387 1801 2414 di-

174 2424 247 2450 vts.e,
264 2423 291 2445 et
317 2425 414 2447 natura
439 2421 595 2456 conjunctae
610 2443 617 2455 ,
645 2423 688 2450 cui
705 2424 791 2458 gloria
819 2425 844 2452 in
859 2427 958 2454 saecula
978 2428 1151 2456 suillorum.
1174 2430 1273 2457 Amen.

720 2588 1222 2607 -ᾝσῡοοοεΞ--η-
