1916 3057
143 102 196 134 8'39

738 101 898 131 GEORGll
921 103 1175 134 TIMPEZUNTII

1712 103 1770 134 840

146 164 222 190 cunt,
241 159 266 186 in
285 166 362 185 imam
388 157 531 186 Ecclesium
544 158 666 190 credere,
689 166 742 186 non
767 159 793 186 iu
812 165 925 192 emtum,

990 162 1026 193 Εἰς
1049 163 1113 196 μίαν
1130 162 1183 197 γάρ
1207 170 1272 196 φασι
1299 162 1436 188 πιστεύειν
1460 160 1633 196 Ἐκκλησίαν,
1651 162 1701 189 οὐκ
1725 164 1770 194 εἰς

148 211 237 241 tltegt)
255 205 385 236 arbitror,
405 210 432 232 et
447 205 602 232 universam
617 204 838 233 Christianorum
858 206 929 233 mul-

149 252 294 278 titudinem
318 251 480 278 credentes:
496 253 517 279 si
531 252 603 279 enim
630 252 656 279 in
683 252 837 280 universam
862 253 932 280 hanc

149 297 588 326 Christianorum‘multitudinem
603 299 757 331 crederent,
773 303 800 326 et
816 288 931 326 creden-

149 344 213 370 dum
237 350 297 369 esse
314 342 515 375 existimarent,
529 348 557 370 et
580 344 746 371 anathemati
764 344 932 380 subiicerent

151 396 197 416 ros
223 389 268 423 qui
287 388 338 415 hoc
367 388 436 415 idem
466 396 518 415 non
544 394 689 424 peragunt,
719 390 745 416 in
774 390 931 417 chinmram

104 439 112 470 ᾖ
151 434 307 470 quamdam,
331 439 359 461 ut
382 439 523 469 poetarum
549 435 662 462 vocibus
683 440 763 468 utar,
793 436 933 463 haereseon

150 479 273 506 omnium
289 479 420 506 varietate
436 479 544 513 plenam
572 485 653 514 atque
672 480 823 507 confertam
838 481 933 507 crede-

153 529 222 558 rent,
237 525 308 560 quod
326 525 442 551 multum
463 531 536 552 esset
550 527 584 552 ab
611 533 704 552 eortnn
719 525 832 560 spiritali
848 527 933 560 gratia

152 571 331 605 doctrinaque
355 570 486 598 alienum.
511 570 580 602 Quid
609 571 699 605 itaque
719 570 746 597 iu
773 571 864 598 animo
886 572 934 598 ha-

153 618 226 648 bent,
256 623 317 642 cum
344 616 464 642 fatentur
490 616 614 643 eamdem
636 616 686 651 ipsi
707 617 786 644 fidem
810 624 932 649 servare,

152 670 233 696 quam
256 670 308 688 una
326 662 458 689 catholica
478 662 598 689 Ecclesia
617 662 756 697 praedicat,
777 662 859 697 idque
874 663 934 690 aliis

153 706 344 741 prmscribunt,
359 711 386 734 ct
401 707 570 734 anathemati
588 707 738 742 subjiciunt
753 714 801 734 eos
816 707 862 742 qui
880 715 934 735 non

153 757 189 780 ita
205 752 340 780 credunt?
354 752 499 780 Cernimus
511 753 646 787 siquidem
660 760 708 779 eas
722 751 811 780 varias
826 757 886 780 ease
903 760 935 780 ac

153 801 286 833 diversas,
301 805 327 827 at
346 800 384 826 illi
399 807 480 826 unam
496 807 555 826 esse
570 800 768 827 contendentes
781 820 788 833 ,
804 800 831 826 in
853 807 934 826 unam

981 208 1011 234 τὸ
1028 209 1166 244 σύστημα,
1193 209 1230 240 ὡς
1255 207 1310 243 ἐγὼ
1335 206 1421 243 οἶμαι,
1445 209 1499 235 τῶν
1530 208 1703 243 Χριστιανῶν
1721 209 1772 235 καὶ

982 256 1012 281 τὸ
1032 255 1147 283 καθόλου
1167 255 1267 290 πλῆθος
1285 255 1469 287 πιστεύοντες.
1485 255 1516 282 Εἰ
1532 255 1586 290 γὰρ
1601 256 1641 287 εἰς
1663 255 1693 282 τὺ
1709 264 1772 282 τοι-

982 302 1045 328 οῦτο
1069 302 1183 329 καθόλου
1208 302 1264 328 τῶν
1287 301 1460 337 Χριστιανῶν
1483 301 1585 337 πλῆθος
1612 302 1772 335 ἐπίστευον,

984 348 1030 374 καὶ
1046 347 1184 375 πιστεύειν
1205 349 1260 375 δεῖν
1276 347 1370 383 ᾤοντο,
1389 348 1437 374 καὶ
1451 347 1490 382 τῷ
1509 347 1660 382 ἁναθέματι
1682 349 1773 374 καθυ-

984 393 1117 420 πέϐαλλον
1131 393 1194 425 τοὺς
1218 394 1255 428 μὴ
1271 394 1300 419 τὺ
1324 393 1388 419 αὐςῇ
1409 392 1564 425 ποιοῦντας,
1581 393 1621 424 εἰς
1638 393 1774 428 χίμαιράν

984 448 1055 472 τινα,
1074 439 1111 471 ὡς
1132 440 1158 466 οι
1184 439 1296 474 ποιηταί
1320 448 1397 473 φασι.
1420 433 1560 470 παντοίαις
1584 439 1773 474 συγκειμένην

984 485 1121 520 αἱρέσεσιν
1134 484 1277 511 ἐπίστευον
1294 485 1336 517 ἂν,
1355 485 1423 519 ὅπερ
1438 484 1534 519 πόρρω
1548 484 1621 517 ἀπῆν
1634 484 1682 518 τῆς
1697 485 1774 510 ἐκεί-

985 540 1037 558 νων
1053 530 1241 565 πνευματικῆς
1264 531 1373 566 χάριτος
1393 530 1441 557 καὶ
1467 530 1573 564 σοφίας.
1591 531 1624 556 Τί
1647 527 1692 557 οὖν
1708 530 1775 564 βοᾷ-

985 577 1086 609 λονται,
1100 575 1295 611 ὁμολογοῦντες
1308 577 1356 611 τὴν
1372 576 1456 612 αὐτὴν
1467 577 1543 603 αὐτοὶ
1559 577 1650 603 πίστιν
1664 578 1773 611 τηρεῖν,

986 623 1052 658 ῆνή
1076 623 1126 657 μία
1150 622 1283 658 καθολικὴ
1303 622 1451 658 Ἐκκλησία
1475 623 1618 657 κηρύττει,
1644 625 1692 648 καὶ
1716 624 1775 652 τοῖς

986 669 1075 701 ἄλλοις
1087 669 1117 695 τὸ
1128 668 1193 695 αὐτὸ
1206 668 1380 702 διορίζοντες,
1396 669 1442 695 καὶ
1454 668 1698 703 ἁναθεματίζοντες
1710 668 1774 699 τοὺς

988 716 1025 751 μὴ
1048 715 1120 742 οὕτω
1144 715 1340 748 πιστεύοντας,
1366 715 1489 750 Ὀρῶμεν
1506 716 1560 750 γὰρ
1582 714 1681 746 πολλὰς
1700 713 1775 741 εἶναι

986 762 1034 788 καὶ
1047 761 1202 796 διαφόρους.
1213 761 1330 788 Ἐκεῖνοι
1343 761 1370 787 δὲ
1386 762 1451 795 μίαν
1464 759 1534 788 εἶναι
1546 761 1773 796 διισχυρίζοντες,

987 810 1033 835 καὶ
1060 810 1099 839 εἰς
1124 808 1189 842 μίαν
1215 807 1356 834 πιστεύειν
1385 808 1447 839 τοὺς
1473 807 1622 841 μέλλλιντας
1651 807 1773 841 amoma:

153 847 265 874 credere
279 846 424 874 salvandos
439 846 565 878 edocent,
590 850 618 873 et
640 853 723 872 unam
750 851 854 873 tantum
869 854 935 880 prae-

990 855 1145 882 διδάσκουσί
1161 863 1190 880 τε
1208 855 1256 880 καὶ
1271 853 1624 888 ὲντέλλονται.Ἀναοέματι
1643 854 1697 888 γὰρ
1722 862 1775 878 πα-

157 895 253 927 tigunt.
271 891 391 927 Namque
407 891 580 918 anathemate
590 890 692 918 feriunt
703 898 752 918 eos
766 898 873 918 omnes.
888 891 935 926 qui

156 948 182 965 ιιι
199 938 327 974 Symbolo
342 937 540 972 comprehensa
558 936 649 963 omnia
660 944 712 963 non
725 937 851 970 credunt,
869 937 936 964 sub-

154 986 333 1020 sequiturque
346 985 449 1016 statim,
471 988 532 1017 post
554 982 660 1010 Triadis
677 983 935 1018 promulgationem,

153 1033 180 1058 in
206 1039 289 1058 unam
310 1030 455 1057 Ecclesium
473 1028 607 1063 profeSsio
636 1034 664 1055 et
680 1027 758 1055 lides.
787 1028 858 1061 Quid
886 1028 937 1056 hoc

153 1076 213 1103 cst?
236 1076 306 1103 Num
334 1083 414 1102 unam
435 1077 573 1106 asserunt,
594 1074 667 1107 quod
697 1081 750 1100 una
772 1077 847 1101 esset
862 1073 937 1100 anti-

154 1123 247 1157 quitus
263 1122 346 1148 totius
361 1120 436 1148 orbis
457 1118 610 1154 professio?
632 1118 823 1154 Nequaquam.
849 1119 938 1155 Hujus

154 1169 227 1196 enim
245 1168 333 1201 gratia
349 1167 509 1202 Symbolum
527 1165 578 1200 ipsi
595 1170 822 1200 composuerunt,
841 1170 872 1193 ut
890 1165 936 1200 qui

157 1214 222 1241 illud
236 1221 269 1242 ex
280 1213 371 1240 animo
387 1213 524 1246 cordcque
538 1219 591 1239 non
609 1216 802 1247 sequerentur,
816 1211 938 1246 illudque

156 1264 243 1296 palam
267 1260 349 1288 veluti
367 1259 431 1286 tuba
459 1257 679 1293 pronuntiarent,
700 1265 716 1284 ο
740 1257 938 1285 communitate

155 1308 275 1336 hdelium
291 1305 549 1333 exterminarentur.
566 1304 700 1331 Praeterea
714 1323 722 1335 ,
738 1303 801 1338 quis
816 1311 870 1331 non
887 1311 938 1331 no-

155 1355 194 1382 vit
209 1359 345 1381 terrarum
365 1351 458 1379 orbem
484 1349 643 1377 universum
668 1349 759 1382 Ariis,
786 1348 938 1383 Eunomiis,

155 1399 296 1432 Nestorlis,
309 1398 456 1432 multisque
471 1396 532 1424 aliis
546 1397 609 1423 oltm
620 1400 786 1423 commotum
797 1395 893 1429 fuisse,
913 1400 940 1423 et

154 1449 189 1476 ad
210 1449 266 1476 haec
280 1455 366 1482 usque
393 1451 515 1481 tempora
540 1444 797 1480 perturbari?Quod
813 1444 835 1472 si
849 1443 940 1472 addis-

157 1503 218 1523 cere
235 1495 328 1528 vultis,
347 1493 486 1523 Ecelesiis,
509 1499 569 1526 qua:
582 1491 608 1518 in
628 1490 716 1526 Cypro
736 1496 810 1523 sunt,
827 1498 940 1518 enume-

159 1541 235 1572 ratis,
249 1538 417 1574 intelligetis.
433 1539 534 1564 Umnes
558 1536 658 1563 etenim
685 1536 747 1563 unis
760 1536 858 1564 animis
875 1544 940 1564 con~

156 1589 266 1615 iitentur
283 1587 310 1612 iu
321 1592 401 1612 unam
422 1581 712 1611 sanctamealholicum
729 1587 753 1608 et
769 1582 940 1618 apostolicam

157 1633 302 1661 Ecclesium
315 1632 445 1664 credere;
465 1636 493 1657 et
517 1634 594 1656 extra
613 1637 705 1663 unam,
722 1629 833 1664 reliqua:
846 1636 941 1656 omnes

156 1680 336 1708 mentiuntur.
362 1676 431 1709 Quid
455 1676 546 1709 itaque
568 1676 655 1703 sancti
679 1675 771 1702 Patres
799 1676 939 1708 linniunt,

155 1733 215 1753 cum
233 1723 422 1760 praescribunt,
440 1723 467 1748 in
483 1730 562 1748 unam
587 1721 731 1748 Ecclesium
751 1721 942 1749 credendum?

154 1771 325 1797 Manifestum
357 1773 400 1796 est
429 1775 477 1795 eos
506 1767 601 1794 multis
641 1767 750 1799 vitatis.
779 1775 846 1801 quas
872 1768 942 1794 bene

156 1819 268 1847 norunt,
283 1823 336 1842 non
356 1819 433 1841 extra
453 1813 606 1850 periculum
622 1813 737 1846 versari,
748 1813 776 1840 in
790 1820 872 1839 unam
884 1820 942 1840 om-

156 1860 384 1896 nescompcllcre.
401 1860 453 1893 Qui
472 1867 537 1887 vero
550 1859 634 1886 multa
653 1858 731 1891 vitat,
744 1858 827 1886 veluti
840 1859 940 1886 excidii

155 1915 265 1935 causam
283 1911 310 1934 et
329 1907 356 1934 in
372 1914 455 1934 unum
479 1905 601 1940 confugit
619 1910 748 1939 tanquam
774 1905 847 1939 quod
865 1906 942 1933 Salu-

155 1959 208 1982 tem
223 1953 355 1988 impertiri
370 1952 451 1984 valet,
467 1952 494 1978 in
514 1950 727 1978 determinalum
743 1950 852 1985 aliquod
877 1958 942 1977 eon-

155 2001 233 2035 t‘ugit.
247 2000 328 2026 Multa
345 2000 419 2026 enim
434 1998 575 2025 indeﬁnita
589 2005 649 2026 esse
672 2002 795 2033 possunt,
810 2001 838 2023 at
858 2005 941 2024 unutn

155 2048 182 2073 in
199 2046 272 2081 quod
289 2045 425 2080 quispiam
439 2044 550 2079 refugit,
570 2045 679 2079 etquod
700 2048 828 2079 tanquam
843 2044 941 2072 salutis

155 2098 334 2118 suarcausam
365 2091 481 2117 honorat
511 2094 538 2116 ct
558 2090 635 2122 colit,
650 2090 761 2117 omnino
778 2090 942 2117 determina-

156 2142 212 2162 tum
228 2139 282 2163 est.
298 2135 484 2163 Determinata
511 2135 602 2169 itaque
617 2140 669 2168 est,
692 2140 721 2162 et
735 2142 787 2162 una
807 2135 940 2162 catholica

990 902 1113 937 ρέδωκαν
1128 902 1231 932 πάντας
1254 901 1318 932 τοὺς
1335 901 1372 936 μὴ
1388 900 1567 932 πιστεύοντας
1588 900 1708 935 άληθῶς,
1722 901 1775 926 ὅσα

993 948 1118 983 περιέχει
1136 947 1166 974 τὸ
1187 947 1337 981 Σύμσολον.
1360 946 1470 972 Τίοεται
1491 946 1514 972 δ’
1529 946 1610 977 εὐθὺς
1638 946 1706 980 μετά
1724 946 1775 979 τὴν

987 995 1035 1029 τῆς
1059 993 1173 1028 Τριάδος
1196 991 1367 1026 ἀνακήρυξιν
1391 992 1408 1027 ή
1430 993 1474 1025 εἰς
1497 993 1571 1026 μίαν
1591 991 1776 1025 Ἐκκλησίαν

986 1041 1117 1076 ὁμολογία
1138 1040 1185 1066 καὶ
1210 1040 1314 1070 πίστις.
1350 1038 1383 1064 Τί
1405 1038 1500 1071 τοῦτο,
1521 1037 1592 1073 Ἆρα
1609 1037 1671 1072 μίαν
1693 1037 1773 1071 φατὶ,

988 1086 1053 1112 διότι
1080 1086 1128 1121 μία
1143 1083 1177 1121 ἦν
1201 1085 1233 1111 τὸ
1258 1084 1341 1112 πάλαι
1364 1086 1412 1119 τῆς
1439 1085 1601 1119 οἰκουμένης
1624 1083 1776 1118 ὁμολογία;

988 1132 1132 1167 Οὐδαμῶς.
1159 1130 1261 1158 Τούτου
1285 1131 1340 1166 γὰρ
1359 1130 1441 1157 ἕνεκα
1468 1131 1498 1156 τὸ
1520 1129 1659 1165 Σύμὸολον
1681 1130 1776 1160 αὐτοῖς

989 1177 1131 1210 συνετέθη,
1147 1176 1190 1203 ἵνα
1205 1176 1230 1202 οἱ
1247 1176 1285 1211 μὴ
1301 1175 1389 1210 τούτῳ
1406 1177 1437 1202 ἐκ
1452 1175 1565 1210 καρδίας
1595 1175 1776 1202 ἀκολουθούν-

988 1231 1044 1254 τες,
1065 1221 1113 1248 καὶ
1134 1221 1213 1248 τοῦτο
1235 1221 1414 1256 κηρύττοντες
1434 1220 1688 1256 ἀποκηρύττωνται.
1708 1219 1776 1247 Εἶτα

989 1268 1029 1299 τίς
1044 1268 1093 1294 οὐκ
1109 1265 1163 1294 οἶδε
1179 1268 1270 1294 πᾶσαν
1288 1266 1382 1301 σχεδὸν
1405 1266 1454 1301 τὴν
1476 1267 1640 1301 οἰκουμένην
1658 1267 1777 1302 Ἀρείοις

991 1314 1038 1340 καὶ
1050 1313 1192 1348 Εὑνομίοις
1206 1313 1253 1339 καὶ
1266 1312 1435 1346 Νεστορίοις,
1454 1311 1501 1338 καὶ
1515 1311 1623 1343 πολλοῖς
1639 1312 1730 1343 ἄλλοις
1746 1313 1776 1339 τὸ

991 1359 1075 1385 πάλαι
1099 1358 1331 1393 συνταραχθῆναι,
1350 1357 1399 1385 καὶ
1417 1357 1600 1393 ταράττεσθαι
1626 1358 1709 1393 μέχρι
1726 1359 1775 1393 τῆς

992 1405 1131 1439 σήμερον;
1151 1403 1239 1437 Ὅπερ
1255 1404 1279 1428 εἰ
1294 1402 1390 1437 μαθεῖν
1405 1402 1544 1438 βούλεσθε,
1559 1403 1608 1434 τὰς
1625 1403 1654 1429 ἐν
1669 1403 1777 1438 Κύπρῳ

991 1450 1136 1484 ἐκκλησίας
1158 1448 1403 1484 ἀπαριθμήσαντες
1431 1449 1578 1483 γνώσεσθε.
1603 1449 1693 1475 Πᾶσαι
1722 1457 1784 1484 γαρ·

991 1504 1059 1530 φασι
1085 1495 1223 1522 πιστεύειν
1254 1495 1297 1527 εις
1322 1495 1409 1529 μίαν,
1424 1494 1703 1529 ἁγίανίκαθολικὴν
1727 1495 1777 1522 καὶ

991 1542 1200 1576 ἀποστολικὴν
1227 1541 1423 1575 Ἐκκλησίαν·
1449 1542 1496 1568 καὶ
1523 1542 1609 1568 πᾶσαι
1632 1541 1777 1576 ψεύδονται

991 1588 1062 1623 πλὴν
1080 1588 1155 1622 μιᾶς.
1173 1587 1205 1613 Τί
1222 1587 1287 1622 γοῦν
1305 1587 1445 1622 βούλονται
1464 1588 1488 1614 οἰ
1506 1587 1572 1613 θεῖοι
1599 1588 1717 1622 Πατέρες
1733 1589 1777 1620 εἰς

988 1634 1062 1668 μίαν
1080 1631 1217 1660 πιστεύειν
1235 1633 1398 1668 διορίζοντες
1421 1632 1624 1671 Ἐκκλησίαν,
1643 1631 1681 1660 Ἥ
1696 1634 1777 1668 δῆλον

991 1681 1032 1706 ὁτι
1048 1679 1097 1710 τὰς
1111 1679 1212 1710 πολλὰς
1224 1679 1383 1713 φεύγοντες,
1399 1679 1436 1708 ὡς
1452 1680 1542 1711 καλῶς
1554 1679 1655 1711 εἰδότες
1668 1680 1777 1707 ἐπικιν-

991 1726 1084 1757 δύνους
1096 1726 1181 1757 αὑτὰς
1197 1724 1277 1759 εἶναι,
1298 1726 1338 1757 εἰς
1355 1725 1421 1761 μίαν
1439 1726 1502 1757 τοὺς
1519 1726 1624 1757 πάντας
1642 1725 1778 1752 συνωθοῦ-

992 1780 1044 1800 σιν,
1066 1772 1095 1799 '0
1111 1771 1138 1799 δὲ
1151 1772 1185 1798 τὰ
1201 1771 1286 1798 πολλὰ
1303 1771 1412 1805 φεύγων
1431 1771 1469 1803 ὡς
1482 1772 1620 1803 ἀπωλείας
1636 1772 1721 1804 αἰτια,
1737 1773 1776 1804 εἰς

991 1816 1020 1842 ἓν
1032 1817 1059 1843 δὲ
1073 1816 1266 1851 καταφεύγων,
1286 1816 1322 1847 ὡς
1346 1816 1427 1851 μόνον
1451 1816 1548 1848 σώζειν
1563 1816 1723 1852 δυνάμενον,
1737 1817 1777 1848 εἰς

991 1862 1145 1897 ὡρισμένον
1163 1869 1189 1888 τι
1210 1860 1391 1895 καταφεύγει.
1412 1861 1453 1886 Τὰ
1474 1861 1528 1896 γὰρ
1555 1861 1639 1887 πολλὰ
1664 1861 1777 1896 ἀόριστα

992 1906 1061 1934 εἶναι
1084 1907 1208 1940 δύναται,
1223 1907 1254 1933 τὸ
1276 1907 1304 1933 δὲ
1321 1906 1350 1933 ἐν
1376 1908 1415 1938 εἰς
1432 1907 1446 1933 ὅ
1468 1915 1509 1938 τις
1534 1906 1715 1941 καταφεύγει,
1731 1907 1778 1933 καὶ

992 1955 1061 1989 ὅπερ
1074 1953 1109 1985 ὡς
1126 1953 1264 1989 σωτηρίας
1279 1953 1367 1980 αἴτιον
1380 1953 1493 1988 τιμᾶται
1511 1954 1559 1979 καὶ
1575 1953 1696 1986 σέὸεται,
1713 1952 1778 1988 ὥρι-

993 2008 1054 2026 σται
1082 1999 1342 2034 πάντως.Ὥρισται
1375 1999 1429 2034 ἄρα
1454 1999 1502 2025 καὶ
1527 2000 1543 2034 ἡ
1569 1999 1620 2034 μία
1648 1999 1791 2035 καθολικὴ,

999 2045 1158 2080 Ἐκκλησία,
1172 2046 1230 2078 ἢτοι
1255 2044 1415 2080 ὡρισμένως
1437 2045 1602 2079 γινώσκεται
1625 2045 1702 2080 παρὰ
1723 2045 1777 2072 τῶν

993 2092 1113 2125 εἰδότων,
1132 2091 1177 2118 καὶ
1194 2091 1350 2125 γνωσθῆναι
1371 2090 1483 2118 δύναται
1506 2092 1582 2126 παρά
1605 2092 1658 2118 τῶν
1678 2091 1775 2118 εἰδέναι

993 2138 1158 2172 ζητούντων.
1178 2137 1337 2172 Ὀφείλομεν
1359 2137 1388 2164 δὲ
1413 2138 1522 2168 πάντως
1547 2137 1641 2172 ζητεῖν
1658 2138 1714 2164 ὅσοι
1739 2137 1777 2173 τῷ

155 2183 288 2213 Ecclesia,
305 2189 351 2208 seu
367 2181 548 2208 determinate
557 2180 730 2216 cognoscitur
753 2188 768 2207 a
781 2181 938 2212 scientibus,

997 2183 1044 2210 τοῦ
1055 2184 1174 2219 Χριστοῦ
1188 2183 1298 2219 σταυρῷ
1313 2183 1512 2219 σημειούμεθα,
1526 2185 1574 2210 καὶ
1587 2183 1631 2210 διὰ
1644 2183 1690 2210 τοῦ
1704 2184 1745 2209 Oet
1762 2193 1776 2210 o

157 2232 283 2266 valetque
298 2230 425 2264 cognosci
449 2229 483 2256 ab
501 2229 535 2256 iis
552 2229 598 2264 qui
615 2237 675 2256 eam
696 2236 845 2264 agnoscere
866 2235 938 2257 sata-

1000 2229 1187 2265 βαπτίσματος
1204 2230 1436 2265 ἀνεγεννήθημεν.

157 2282 234 2312 gunt.
262 2277 379 2305 Omnino
411 2284 476 2304 vero
506 2284 555 2304 nos
577 2283 688 2303 onmem
723 2283 783 2303 eam
814 2276 979 2312 investigare
998 2277 1141 2309 debemus,
1162 2283 1242 2304 cruce
1264 2276 1366 2304 Christi
1386 2276 1496 2312 signati,
1523 2280 1552 2303 et
1579 2282 1628 2310 per
1654 2280 1777 2303 sanctum

158 2324 293 2360 baptisma
307 2324 468 2358 regenerati.

192 2374 219 2401 7.
240 2372 370 2406 Quanam
396 2379 461 2399 vero
480 2372 525 2398 illa
551 2371 652 2398 fuerit?
670 2370 791 2398 ‘l‘laaum
818 2375 860 2398 est
884 2377 945 2398 esse

159 2421 319 2447 Romanam.
337 2418 370 2446 Et
387 2419 533 2452 undenam,
550 2418 624 2445 dicet
638 2417 730 2445 nescio
742 2417 814 2452 quis,
831 2417 945 2452 perqui-

160 2466 282 2493 rentibus
303 2465 329 2491 id
355 2465 438 2492 fuerit
463 2463 658 2491 manifestum?
681 2463 801 2490 Primum
834 2463 945 2497 quidem

159 2512 230 2546 quod
246 2511 371 2538 Christus
396 2511 454 2544 ipse
482 2510 562 2536 I‘etro
591 2517 646 2544 prae
662 2509 775 2543 reliquis
790 2508 851 2535 aliis
868 2508 943 2542 regni

159 2557 279 2585 caelestis
295 2558 385 2583 claves
401 2556 532 2591 ctargitus
549 2560 600 2587 est,
621 2555 656 2582 Tu
668 2563 694 2582 es
714 2555 820 2588 Petrus,
836 2555 941 2588 dicens,

157 2608 180 2629 ct
192 2611 270 2638 super
289 2604 357 2628 hanc
372 2606 476 2636 petram
488 2601 621 2635 wdiﬁcabo
640 2601 787 2629 Ecclesium
800 2602 884 2628 nteam
898 2609 907 2628 :
919 2605 943 2628 et

158 2654 240 2682 portu:
264 2649 342 2683 inferi
366 2656 417 2674 non
435 2646 614 2683 prwvalebuitl
639 2648 763 2674 adversus
782 2655 839 2674 eam
854 2648 874 2675 '.
907 2648 945 2675 De

161 2696 280 2722 Ecclesia
293 2703 357 2722 \cru
374 2695 493 2721 liotttana
510 2693 568 2720 ha-c
583 2693 758 2728 pronuntiata
772 2701 832 2720 esse
850 2701 864 2720 a
883 2694 946 2721 Ser-

160 2746 251 2768 vatorc
262 2740 326 2767 hinc
340 2744 423 2775 patet,
439 2740 511 2774 quod
525 2739 655 2767 adversus
667 2746 726 2766 eam
740 2739 843 2767 Christi
857 2739 944 2774 gratia

199 2829 314 2856 ‘Mutth.
333 2838 387 2862 XVI,
407 2828 450 2857 18.

1034 2369 1068 2402 ζ’.
1085 2369 1133 2401 Τίς
1155 2367 1202 2396 οὖν
1217 2368 1304 2404 αὖτη;
1328 2367 1412 2402 Δῆλον
1428 2369 1469 2394 ὃτι
1489 2369 1506 2402 ἡ
1520 2368 1569 2402 τῆς
1588 2367 1707 2404 Ῥώμης.
1728 2370 1780 2396 Καὶ

997 2415 1089 2449 πόθεν,
1110 2415 1182 2442 εἰποι
1197 2423 1240 2446 τις
1261 2413 1304 2447 ἂν,
1330 2414 1408 2440 τοῦτο
1422 2414 1568 2449 γενήσεται
1590 2415 1645 2444 τοῖς
1669 2414 1779 2448 ζητοῦσι

997 2461 1115 2496 φανερόν
1129 2469 1135 2494 ;
1151 2461 1263 2495 Πρῶτον
1280 2460 1329 2494 μὲν
1346 2461 1387 2486 ὅτι
1409 2459 1490 2491 αὐτὸς
1511 2461 1524 2486 ό
1545 2460 1661 2495 Χριστὸς
1677 2459 1715 2494 τῷ
1732 2460 1780 2486 Πε-

996 2516 1053 2543 τρῳ
1066 2507 1166 2541 ἐξόχως
1188 2507 1237 2538 τὰς
1251 2506 1300 2541 τῆς
1323 2506 1462 2541 βασιλείας
1478 2506 1532 2532 τῶν
1551 2506 1675 2541 οὐρανῶν
1690 2506 1779 2541 ἐχαρί-

996 2561 1061 2579 σατο
1076 2554 1159 2586 κλεῖς,
1175 2552 1216 2579 Σὺ
1226 2550 1253 2579 εἴ
1267 2551 1388 2586 Πέτρος,
1399 2551 1495 2586 λέγων,
1509 2552 1558 2578 καί
1573 2552 1621 2579 ἐπὶ
1635 2553 1728 2587 ταύτῃ
1746 2552 1780 2587 τῇ

993 2598 1086 2633 πέτρᾳ
1114 2599 1303 2634 οἰκοδομήσω
1324 2607 1384 2633 μου
1412 2599 1470 2633 τὴν
1499 2597 1698 2633 Ἐκκλησίαν,
1730 2599 1779 2625 καὶ

993 2647 1086 2674 πύλαι
1114 2647 1188 2680 ᾅδου
1215 2648 1251 2672 οὐ
1277 2646 1520 2680 κατισχύσουσιν
1545 2645 1727 2680 αὑτῆς-,Ὅτι
1754 2646 1780 2672 δὲ

994 2695 1058 2730 περὶ
1083 2694 1133 2729 τῆς
1151 2693 1309 2728 Ῥωμαῖκῆς
1331 2692 1496 2728 Ἐκκλησίας
1516 2692 1600 2719 ταῦτα
1619 2693 1726 2728 εἴρηται
1744 2692 1780 2727 τῷ

995 2741 1113 2776 Σωτῆρι,
1128 2740 1216 2775 δῆλον.
1235 2739 1324 2774 Μ’ὶνης
1341 2739 1393 2774 γὰρ
1419 2739 1520 2773 ταύτης
1540 2739 1569 2765 οὺ
1587 2738 1779 2773 κατισχύσουσι
