1916 3057
181 192 234 223 8l3

774 196 929 226 GEORGII
952 198 1210 231 ῚΊῌΙἘΖΠΝΤΙΙ.

1753 202 1806 234 SH

177 250 295 278 electus.
310 249 356 284 qui
370 258 429 277 eam
441 258 491 278 suo
505 250 647 278 dominatu
664 255 749 286 reget.
771 251 865 285 Neque
893 251 919 278 id
938 252 962 278 in

1024 254 1079 282 Ἑνὶ
1102 257 1156 290 γὰρ
1176 257 1284 292 γεράνῳ
1295 257 1506 289 ἀκολουθοῦντες
1525 258 1550 284 οἱ
1571 259 1664 285 πολλοὶ
1693 260 1806 295 rip-nm

177 294 335 322 hominibus
360 295 459 329 solum,
476 297 522 323 sed
546 301 573 323 et
598 297 624 323 in
648 297 833 324 animantibus
849 297 962 324 rationis

175 341 335 375 expertibus
359 342 448 369 locum
478 342 569 370 habet.
590 344 674 371 Unam
706 344 841 378 siquidem
867 351 961 378 gruem

176 387 288 421 reliqua:
304 396 384 422 grues
397 394 543 423 sequentes
554 389 678 416 ordinate
693 390 850 420 courolant.
866 395 892 416 et
908 396 962 415 uno

175 432 262 459 ariete
285 434 377 459 ovium
396 435 542 461 multitudo
568 435 595 461 in
618 443 703 461 unum
721 442 830 470 gregem
859 442 961 461 conve.

176 477 302 509 niunt,et
318 486 388 506 unus
402 484 496 506 taurus
512 479 591 506 boum
607 488 716 515 gregem
730 488 813 507 unum
832 481 857 508 in
872 481 961 507 locum

175 522 259 556 cogit.
275 523 368 550 Omnis
384 524 474 558 itaque
495 525 641 552 multitudo
658 525 704 552 uni
722 526 764 553 sui
782 526 890 561 generis
907 533 960 553 non

176 568 321 602 conjuncta
338 570 405 597 nihil
419 571 493 597 aliud
508 571 599 605 fuerit,
620 580 698 606 quam
715 572 841 599 confusio
858 577 885 599 et
900 580 961 606 per-

176 615 254 647 ditio,
274 616 398 643 homines
413 611 528 646 homini.
545 618 629 645 bores
645 618 718 649 bovi,
729 626 794 645 oves
810 620 865 650 ovi,
879 627 960 653 grues

176 662 236 695 grai
251 670 256 687 :
270 669 320 688 nec
339 663 418 690 aliter
433 671 461 689 se
479 664 560 691 habet
577 664 603 690 in
620 665 754 699 piscibus,
770 665 814 699 qui
831 669 880 691 suo
894 672 961 699 quo-

175 715 228 740 que
255 709 347 743 generi
372 709 454 737 etiam
478 710 571 737 inﬁmo
590 711 815 746 congrediuntur.
839 711 960 745 Namque

175 754 202 780 id
218 754 245 781 in
262 756 389 782 omnibus
404 757 640 790 animadvertitur,
657 757 729 792 quod
745 765 855 784 necesse
871 757 906 784 sit
925 757 960 784 ita

177 800 246 827 fieri.
268 800 344 834 Quod
362 802 435 829 enim
456 808 552 840 natura
568 803 606 836 ﬁt,
625 804 779 830 necessario
799 803 961 835 iit;etmul-

178 847 305 875 titudinis
324 856 354 874 ea
381 854 478 876 natura
503 853 557 882 est,
576 850 664 877 scindi
688 850 714 876 in
737 850 837 877 multas
857 856 957 884 partes,

176 900 208 920 ac
226 893 322 927 dividi,
353 900 379 921 et
405 895 545 929 confundi,
578 896 741 930 tandemque
765 895 883 928 absumi,
910 895 959 922 nisi

176 937 298 971 ejusdem
314 925 423 974 generis
437 941 518 967 alicui
534 925 653 968 uniatur.
667 925 741 968 Ni-hil
759 942 850 976 itaque
870 925 963 968 mulli-
978 925 998 953 Β

178 983 253 1012 tudo.
266 991 318 1017 qua
331 985 476 1012 multitudo
487 990 540 1018 est,
556 987 715 1020 operabitur
729 995 737 1020 ;
750 987 797 1014 sed
815 994 867 1021 qua
880 995 963 1014 unum

176 1027 270 1061 fuerit,
286 1036 465 1058 conservatur
480 1037 507 1059 et
523 1033 588 1067 agit.
610 1033 703 1067 Neque
718 1038 806 1066 potest
817 1033 964 1060 multitudo

177 1082 262 1101 unum
283 1075 337 1103 dici
350 1081 377 1104 et
393 1085 463 1108 esse,
488 1078 539 1105 nisi
567 1078 615 1106 uui
632 1080 672 1106 sui
688 1079 816 1106 unil‘ormi
834 1079 860 1106 in
879 1087 963 1106 unum

1018 301 1157 334 εὐτάκτως
1172 304 1311 335 πέτονται,
1325 305 1372 330 καὶ
1387 304 1457 339 κριῷ
1473 305 1513 331 ὲνὶ
1528 305 1558 330 τὺ
1578 305 1633 331 τῶν
1659 307 1807 340 προϐάτοιν

1017 345 1119 381 πλῆθος
1144 349 1184 379 είς
1198 348 1226 375 ἓν
1254 349 1384 383 ἀνάγεται
1415 350 1550 384 ποίμνιον,
1575 351 1622 378 καὶ
1647 351 1746 387 ταῦρος
1764 351 1806 385 εἷς

1019 393 1083 427 μίαν
1099 396 1171 421 ποιεῖ
1185 395 1287 429 ἀγέλην
1303 396 1381 429 βοῶν.
1399 397 1457 422 Πᾶν
1472 394 1519 423 οὖν
1543 397 1646 430 πλῆθος
1661 399 1698 433 μὴ
1729 399 1806 426 ἑνού-

1022 447 1102 472 μενον
1116 440 1157 466 ἑνὶ
1170 441 1299 474 ὁμοειδεῖ,
1326 441 1402 468 οὐδὲν
1414 441 1478 468 ἄλλο
1497 443 1521 468 εἰ
1539 443 1576 478 μὴ
1589 443 1719 478 σύγχυσίς
1745 445 1804 471 ἐστι

1015 484 1060 510 καὶ
1075 485 1172 520 φθορὰ,
1193 486 1333 522 ἄνθρωποι
1350 487 1498 522 ἀνθρώπῳ,
1518 488 1578 522 βόες
1593 489 1645 523 βοῒ,
1672 490 1804 525 προϐάτῳ

1014 530 1151 564 πρόϐατα,
1171 532 1195 558 οἱ
1209 532 1318 566 γέρανοι
1331 535 1452 568 γεράνῳ,
1468 535 1516 560 καὶ
1527 535 1574 560 ἐπὶ
1586 534 1684 570 ἰχθύων
1701 536 1803 569 ὁμοῖως

1012 575 1047 601 τά
1062 576 1122 602 κατ’
1137 576 1250 611 ἔσχατον
1263 577 1331 610 εἶδος
1345 580 1387 606 ἀεὶ
1396 580 1602 615 λαμϐανόμενα.
1624 582 1802 608 Ἐπὶπάντων

1013 621 1068 656 γὰρ
1083 622 1163 649 τοῦτο
1179 623 1335 658 θεωρεῖταμ
1350 626 1417 652 διότι
1441 626 1549 661 ἀνάγκη
1564 628 1641 653 ἐστιν
1665 626 1737 654 οὕτω
1757 629 1802 661 γί-

1013 668 1117 696 νεσθαι.
1135 670 1174 696 Τά
1191 671 1245 705 γὰρ
1263 671 1344 705 φύσει
1361 672 1431 699 κατά
1448 673 1582 708 ἀνάγκην·
1598 673 1628 699 τὸ
1645 673 1672 699 δὲ
1697 673 1801 706 πλῆῡςς

1013 715 1092 748 φίλοις
1106 716 1174 748 ἐστὶ,
1190 717 1220 742 τὸ
1235 717 1382 751 τέμνεσθαι
1400 718 1439 749 είς
1456 718 1540 745 πολλὰ
1554 719 1602 744 καὶ
1627 719 1800 753 μερίζεσθαι,

1013 761 1059 787 καὶ
1068 762 1236 796 συγχεῖσθαι,
1245 763 1292 789 καὶ
1301 763 1374 795 τέλος
1384 764 1624 799 διαφθείρεσθαι,εί
1638 766 1674 799 μή
1684 774 1737 791 τινι
1746 765 1802 791 τῶν

1012 805 1142 840 ὁμοειδῶν
1151 807 1246 835 ἑνοίτο.
1260 808 1341 834 Οὐδὲν
1350 809 1402 842 ἄρα
1412 810 1520 844 ποιήσει
1535 809 1564 836 τὸ
1575 810 1687 843 πλῆθος,
1730 810 1802 844 πλῆ-

1014 851 1070 884 θος,
1081 851 1140 878 ἀλλ’
1190 852 1229 884 ἓν,
1240 855 1413 889 συντηρεϊται
1423 855 1469 881 καὶ
1479 855 1596 890 ἐνεργεῖ.
1605 855 1643 882 Οὐ
1653 855 1762 882 δύναται
1772 856 1803 882 δὲ

1012 897 1139 931 λέγεσθαί
1149 906 1179 924 τε
1186 899 1232 925 καὶ
1242 896 1312 925 εἶναι
1323 899 1352 926 ἓν
1360 899 1389 926 τὺ
1397 900 1498 935 πλῆθος
1510 901 1546 936 μὴ
1555 900 1599 927 διὰ
1607 901 1653 927 τοῦ
1663 900 1802 935 ὁμοειδοῦς

1020 945 1202 979 συναγόμενον
1222 946 1269 971 καὶ
1286 945 1441 980 ἑνούμενον.
1457 947 1567 973 Τούτων
1577 947 1663 978 οὕτως
1684 947 1803 982 ἐχόντων

1019 989 1126 1024 ἀνάγκη
1145 990 1204 1017 ἐστὶ
1222 992 1268 1017 καὶ
1296 991 1346 1026 τὴν
1363 992 1510 1027 καθολικὴν
1547 992 1708 1027 Ἐκκλησίαν
1737 992 1803 1027 μίαν

1018 1035 1114 1068 οὖσαν,
1129 1037 1168 1067 εἰς
1187 1037 1252 1071 μίαν
1282 1037 1336 1071 γὰρ
1365 1038 1506 1064 πιστεύειν
1525 1039 1598 1073 ἡμᾶς
1620 1038 1740 1072 ὀφείλειν
1763 1038 1803 1073 τῷ

1018 1081 1149 1117 Συμὸόλῳ
1169 1082 1348 1117 μανθάνομεν,
1369 1084 1487 1118 ὁμοειδεῖ
1501 1092 1554 1111 τινι
1572 1085 1636 1119 μίαν
1650 1083 1730 1111 εἶναι.

176 1123 370 1156 congrediatur
380 1129 405 1152 et
421 1126 566 1154 coalescat.
581 1127 642 1154 Haec
656 1135 717 1154 cum
734 1127 771 1155 ita
790 1135 819 1155 se
850 1127 977 1161 habeant.
999 1136 1111 1157 necesse
1139 1134 1181 1158 est
1203 1134 1230 1158 et
1252 1131 1414 1158 catholicam
1431 1131 1590 1164 Ecclesiam,
1607 1139 1660 1158 una
1678 1132 1800 1167 cum‘sit,

177 1177 203 1196 ιιι
221 1177 302 1197 uuam
324 1171 458 1207 siquidem
489 1173 568 1201 nobis
602 1174 769 1201 credendum
802 1181 862 1201 esse
893 1181 926 1201 ex
947 1174 1075 1210 Symbolo
1098 1175 1285 1210 addiscimus,
1309 1177 1402 1212 aliquo
1425 1177 1547 1213 ejusdem
1577 1178 1686 1212 generis
1715 1185 1798 1205 unam

175 1224 249 1245 esse.

167 1274 172 1282 -
214 1265 241 1293 8.
261 1265 318 1298 Qua
350 1266 431 1301 igitur
453 1267 574 1296 Ecclesia
601 1269 731 1297 catholica
759 1269 878 1297 Ecclesia
908 1277 962 1297 una

175 1311 248 1343 erit,
264 1312 291 1338 id
313 1313 485 1341 manifestum
511 1315 575 1346 erit.
594 1316 616 1342 si
640 1316 721 1344 altius
739 1324 895 1344 sermonem
915 1325 963 1343 au-

177 1357 358 1391 spieahimur.
375 1359 496 1387 Ecclesia
508 1365 550 1388 est
563 1361 782 1390 Christianorum
798 1363 963 1390 orthodoxo—

178 1410 238 1429 rum
265 1404 423 1438 multitudo,
439 1414 499 1440 qua:
515 1407 542 1433 in
561 1415 645 1434 unum
661 1407 845 1435 Christianum
870 1409 963 1435 ortho-

177 1449 279 1477 doxum
306 1451 448 1486 redigitur,
476 1460 558 1487 quem
579 1454 641 1480 aliis
665 1462 797 1488 prmesse,
815 1454 962 1480 dummodo

176 1496 326 1524 Christiani
343 1498 397 1525 sint
410 1517 417 1529 .
439 1507 552 1527 necesse
569 1504 621 1527 est.
638 1499 675 1527 Ita
690 1501 765 1528 enim
779 1509 808 1528 se
821 1509 866 1528 res
882 1501 963 1528 habet

177 1544 204 1570 in
217 1545 357 1579 omnibus,
373 1546 420 1581 qui
439 1547 533 1582 populi
553 1548 704 1576 dominatui
723 1556 777 1576 non
793 1548 960 1576 subduntur.

175 1589 299 1626 Namque
311 1593 385 1627 gregi
403 1593 545 1628 praefectus
563 1599 668 1628 taurus,
687 1595 874 1630 magnitudine
883 1595 960 1627 alios,

177 1638 342 1673 quandoque
364 1639 445 1666 etiam
467 1639 672 1674 pulchritudine
694 1641 844 1675 prmcellit;
863 1645 890 1668 et
911 1641 962 1667 du—

1043 1269 1079 1304 η¹.
1103 1270 1253 1307 Ἐκκλησία
1269 1271 1326 1297 τινὶ
1340 1271 1394 1306 ἄρα
1409 1270 1458 1305 μία
1470 1271 1572 1305 ἔσταιή
1590 1271 1722 1306 καθολικὴ
1738 1272 1801 1299 Ἑκ-

1014 1316 1126 1351 κλησία,
1156 1316 1226 1350 ὅπερ
1252 1317 1329 1343 ἔσται
1354 1317 1434 1352 δῆλον
1459 1318 1622 1353 ἀρξαμένοις
1651 1318 1798 1354 ἀνώτερον.

1018 1361 1166 1396 Ἐκκλησία
1183 1360 1230 1388 οὖν
1243 1363 1320 1389 ἐστιν
1335 1362 1485 1398 ὀρθοδόξων
1503 1365 1676 1399 Χριστιανῶν
1695 1365 1799 1399 πλῆθος

1013 1406 1052 1437 είς
1078 1406 1127 1432 ἕνα
1148 1407 1319 1442 Χριστιανῶν
1334 1407 1475 1442 ὀρθόδοξον
1503 1409 1694 1443 ἀναγόμενον,-
1708 1409 1738 1436 δν
1752 1411 1801 1437 καὶ

1016 1453 1070 1478 τῶν
1086 1453 1173 1479 ἄλλων
1191 1453 1318 1488 προέχειν
1337 1454 1378 1480 δεῖ
1396 1455 1464 1482 καθὸ
1488 1456 1670 1490 Χριστιανῶν.
1705 1455 1800 1485 οὕτως

1015 1499 1068 1534 γὰρ
1083 1499 1129 1524 ἐπὶ
1145 1499 1256 1525 πάντων
1270 1500 1326 1534 ἔχει
1341 1501 1395 1526 τῶν
1411 1501 1448 1536 μὴ
1471 1501 1748 1536 δημοκρατουμένων.
1769 1501 1800 1527 '0

1011 1545 1066 1578 γὰρ
1079 1545 1287 1579 προηγούμενος
1299 1547 1349 1580 τῆς
1372 1546 1473 1580 ἀγέλης
1488 1546 1588 1580 ταῦρος
1607 1546 1716 1580 μεγέθει
1743 1547 1799 1572 τῶν

1011 1588 1140 1624 ἄλλων,ἤ
1167 1589 1300 1617 ἔστινὸτε
1317 1591 1363 1617 καὶ
1394 1591 1487 1618 κάλλει
1515 1593 1639 1628 προέχει.
1667 1592 1720 1618 Καὶ
1751 1593 1799 1618 τὸν

1012 1636 1200 1675 στρατηγὸν-δὲ
1214 1636 1302 1671 πολλῷ
1312 1638 1366 1663 τῶν
1378 1638 1464 1665 ἀλλων
1481 1639 1614 1674 προέχειν
1643 1639 1696 1673 χρὴ
1711 1637 1800 1674 τόλμῃ

177 1689 280 1712 clm-om
309 1686 445 1712 exercitus
473 1685 558 1712 multo
584 1686 646 1713 aliis
670 1687 886 1721 ριωειιιιιιὶοιοιιι
901 1694 961 1714 esse

1017 1683 1058 1708 καὶ
1074 1682 1207 1718 ἐμπειρίᾳ
1221 1682 1358 1718 πολέμων.
1387 1684 1417 1710 0i
1429 1684 1522 1719 μέντοι
1543 1684 1799 1719 δημοκρατούμενοι

177 1730 301 1761 addecet,
324 1735 351 1757 et
375 1730 500 1762 audacia,
516 1735 544 1758 et
573 1739 664 1758 rerum
689 1731 847 1758 bellicarum
879 1739 962 1766 expe-

178 1776 285 1803 rientia.
302 1775 353 1802 Sed
371 1776 416 1810 qui
440 1783 454 1802 a
473 1776 573 1811 populo
601 1782 742 1812 reguntur,
770 1777 796 1803 id
824 1777 979 1812 neglectui,

178 1823 291 1853 habent.
310 1828 433 1849 naturam
461 1823 674 1857 posthabentes,
705 1830 765 1858 quae
790 1824 960 1858 prmstanlim

178 1875 235 1896 rem
252 1867 390 1903 peioribus
405 1875 522 1903 prmessc
534 1868 697 1901 constituit;
713 1876 803 1903 neque
819 1868 892 1897 enim
919 1876 962 1896 re-

178 1917 231 1944 bus
256 1916 389 1948 honcslis,
407 1916 454 1943 sed
475 1915 682 1950 jucundissimis
707 1915 829 1943 student.
849 1915 962 1943 Videtur

176 1971 244 1992 vero
263 1963 288 1990 in
311 1963 425 1998 gruibus
442 1963 537 1997 procul
563 1970 624 1990 esse
643 1970 658 1989 a
672 1969 756 1990 vero:
784 1970 873 1997 neque
887 1962 960 1989 enim

178 2010 299 2044 optimus
320 2009 459 2043 praecedit,
479 2009 526 2036 sed
544 2009 589 2043 qui
615 2008 712 2036 ordine
741 2008 879 2036 secundus
903 2013 961 2035 est:

178 2056 250 2091 quod
268 2063 357 2090 neque
381 2056 414 2083 ab
430 2055 555 2088 honesto,
574 2063 663 2090 neque
680 2063 694 2082 a
718 2060 814 2083 natura
842 2055 962 2082 excidit:

179 2110 298 2138 namque
314 2103 361 2137 qui
382 2103 480 2129 ordine
495 2102 634 2130 secundus
655 2106 706 2134 est,
721 2102 808 2137 magis
822 2102 883 2128 aliis
898 2101 964 2128 sub-

179 2150 359 2186 sequentibus
381 2149 524 2176 oculorum
547 2148 619 2180 acie,
647 2155 702 2183 quo
720 2147 883 2175 avolandum
905 2152 962 2179 est,

180 2197 305 2224 edidicit.
322 2196 378 2224 lloc
391 2196 462 2223 idem
478 2195 544 2222 etin
561 2194 681 2222 Ecclesia
696 2193 897 2221 observandum
910 2198 962 2221 est.

179 2243 382 2277 Proptereaque
399 2241 584 2269 Christianum
611 2240 697 2273 illum,
724 2239 751 2266 in
779 2247 859 2273 quem
873 2239 964 2266 multi-

181 2290 246 2318 tudo
266 2289 362 2316 collata
385 2289 412 2314 in
439 2295 520 2314 unam
544 2287 690 2314 Ecdesiam
716 2289 907 2321 congregatur,
922 2293 965 2312 sa-

180 2335 295 2363 cerdotii
334 2334 468 2375 dignitate
507 2333 742 2365 coudecoramus,
773 2325 865 2359 et'ut
903 2331 964 2358 aliis

1014 1728 1094 1755 τοῦτο
1111 1729 1318 1765 περιφρονοῦσι,
1340 1731 1578 1766 κατακρατοῦντες
1606 1732 1655 1766 τῆς
1679 1730 1796 1765 φύσεως,

1015 1774 1087 1810 ἥπερ
1106 1774 1152 1801 τὸν
1168 1776 1312 1810 κρείττονα
1327 1776 1381 1802 τῶν
1394 1777 1524 1811 χειρόνων
1539 1777 1634 1812 ἄρχειν
1647 1777 1745 1804 ἐθέλει,
1761 1776 1798 1802 Οὐ

1015 1823 1068 1856 γὰρ
1086 1821 1132 1848 τοῦ
1156 1822 1248 1854 καλοῦ,
1264 1823 1329 1850 ἀλλὰ
1342 1824 1386 1850 τοῦ
1409 1824 1516 1860 ἡδίστου
1527 1824 1710 1857 φροντίζουσι.
1740 1824 1789 1848 Δο-

1015 1868 1058 1894 κεῖ
1070 1867 1162 1901 μέντοι
1179 1868 1224 1894 ἐπὶ
1239 1868 1292 1894 τῶν
1313 1870 1436 1903 γεράνων
1450 1871 1500 1896 οὐκ
1525 1868 1677 1905 ἀληθεύειν.
1710 1869 1801 1904 Προη-

1015 1914 1104 1946 γεῖται
1119 1913 1172 1948 γὰρ
1188 1913 1237 1948 οὐχ
1251 1915 1265 1940 ὁ
1278 1915 1420 1949 κρείττων,
1434 1914 1502 1940 ἀλλὰ
1520 1915 1553 1949 τῇ
1568 1913 1645 1945 τάξει
1659 1913 1797 1948 δεύτερος.

1017 1959 1052 1985 Ἥ
1065 1958 1124 1985 οὐδὲ
1141 1959 1220 1986 τοῦτο
1238 1960 1424 1987 ὲκπίπτειτοῦ
1440 1961 1523 1987 καλοῦ
1546 1963 1592 1986 καὶ
1611 1960 1659 1994 τῆς
1678 1960 1797 1994 φύσεως.

1023 2003 1051 2031 Ὀ
1066 2004 1120 2039 γᾲρ
1137 2005 1309 2041 δεύτερος’τῇ
1328 2007 1404 2039 τάξει
1427 2007 1526 2040 μᾶλλον
1542 2007 1595 2032 τῶν
1608 2006 1749 2040 ἑπομένων
1764 2005 1797 2039 τῇ

1016 2050 1076 2085 ὕψει
1090 2051 1136 2077 ποῖ
1151 2051 1280 2078 πέτεσθαι
1296 2052 1346 2085 δεῖ,
1367 2053 1489 2088 ἐμυήθη,
1507 2052 1593 2079 Τοῦτο
1606 2053 1660 2087 ἄρα
1689 2051 1736 2077 καὶ
1768 2052 1798 2077 ὲν

1016 2097 1049 2132 τῇ
1069 2097 1216 2134 Ἐκκλησία
1227 2099 1322 2133 τηρεῖν
1339 2099 1388 2125 δεῖ.
1421 2099 1466 2125 Διὸ
1480 2099 1527 2125 κα)⁴
1551 2099 1597 2124 τὸν
1622 2097 1798 2133 Χριστιανὸν,

1017 2143 1056 2174 εἰς
1069 2142 1098 2169 δν
1120 2144 1288 2179 ἀναγόμενον
1311 2144 1340 2171 τδ
1355 2144 1457 2177 πλῆθος
1484 2145 1524 2176 είς
1547 2145 1611 2178 μίαν
1636 2143 1799 2177 Ἐκκλησίαν

1018 2189 1176 2222 συνάγεται,
1204 2190 1242 2224 τῷ
1259 2190 1310 2224 τῆς
1333 2190 1483 2224 ἱερωσύνης
1508 2189 1664 2225 κοσμοῦμεν
1689 2188 1798 2224 βαθμῴ,

1016 2236 1065 2262 καὶ
1077 2235 1114 2266 ὠς
1132 2236 1273 2270 κρείττονα
1289 2236 1413 2271 τιμῶμεν
1426 2245 1454 2263 τε
1472 2237 1519 2263 καὶ
1538 2236 1684 2270 σεϐόμεθα,
1705 2235 1741 2266 ὡς
1752 2235 1799 2269 δῆ-

1018 2280 1063 2307 θεν
1078 2281 1154 2312 ἅγιον
1169 2282 1254 2315 ἀρετῇ
1271 2290 1300 2307 τε
1319 2281 1367 2308 καὶ
1380 2283 1413 2317 τῇ
1437 2281 1492 2307 τῶν
1521 2281 1601 2307 θείων
1616 2281 1768 2315 ἐπιστήμῃ,
1782 2279 1799 2314 ἤ

1018 2327 1042 2352 εί
1058 2327 1140 2362 μηδὲν
1152 2327 1227 2360 ἄλλο,
1243 2327 1280 2362 τῷ
1297 2328 1346 2362 τῆς
1367 2327 1517 2362 ἱερωσύνης
1537 2326 1679 2362 χρίσματι.
1705 2325 1800 2355 Οὕτως

182 2369 400 2417 praestantiorem
416 2381 582 2407 houoramus
593 2383 619 2406 et
631 2379 756 2410 colimus,
772 2379 855 2405 veluti
865 2385 962 2413 nempe

1024 2371 1171 2408 Ἐκκλησία
1191 2373 1240 2408 μία
1256 2373 1415 2400 συνίσταται
1430 2375 1446 2408 ἡ
1472 2373 1637 2408 μικροτάτη,
1667 2372 1801 2406 παροικία

183 2434 318 2458 sanctum,
330 2432 358 2454 et
379 2428 495 2458 virtute,
511 2430 538 2453 et
562 2432 651 2451 rerum
669 2424 822 2451 divinarum
839 2424 963 2457 scicntia,

184 2480 213 2503 et
232 2475 254 2501 si
267 2479 363 2502 catera
376 2473 535 2503 deﬁcerent.
562 2470 721 2498 sacerdotali
737 2471 866 2497 unctione
897 2470 964 2497 insi-

182 2521 298 2557 gnitum.
316 2519 373 2546 liae
386 2519 493 2545 ratione
516 2524 568 2544 una
589 2516 707 2544 Ecclesia
718 2516 895 2543 constituitur
907 2523 967 2542 om-

183 2567 258 2594 nium
269 2565 390 2596 minima,
401 2572 461 2599 quae
474 2563 546 2598 apud
555 2563 702 2591 hodiernus
718 2562 828 2590 Latinos
839 2563 965 2597 peractio,

182 2610 255 2646 apud
273 2617 322 2637 uos
340 2616 404 2636 vero
416 2609 518 2639 enoria,
536 2616 635 2635 nouien
652 2608 882 2642 habet,tanquam
906 2615 966 2642 qua:

183 2665 238 2684 uno
264 2656 378 2683 minimo
403 2654 520 2681 termino
540 2653 793 2680 circumscribatur.
815 2652 882 2680 Cum
902 2660 966 2680 vero

183 2704 309 2739 par-meite
332 2703 424 2729 nudtze
449 2701 514 2733 sint,
539 2701 686 2735 multyquc
705 2700 810 2727 similes
824 2699 964 2732 Ecclesire,

181 2755 209 2777 et
225 2757 274 2776 nos
285 2748 495 2778 ostenderimus,
519 2755 630 2774 necesse
652 2754 721 2779 esse,
739 2747 766 2774 in
788 2754 871 2772 unum
895 2746 965 2772 nud-

183 2795 328 2821 tiludinem
343 2794 512 2828 congregari,
522 2801 554 2820 eo
569 2792 641 2827 quod
661 2793 781 2827 ejusdem
792 2792 900 2827 generis
912 2796 964 2823 est,

183 2840 355 2866 naturalibus
381 2839 661 2866 demonswatiouibus
689 2838 774 2867 ducti.
803 2837 902 2864 multas
920 2845 966 2871 pa-

185 2884 283 2911 rmcias
310 2892 391 2911 unam
417 2886 598 2919 episcopalem
620 2884 765 2911 Eeclesiam
800 2884 922 2914 facimus,
939 2887 967 2909 et

169 2936 314 2962 \Ot‘ISCHLIO
338 2937 383 2956 eas
402 2931 602 2965 comungimus.
620 2930 706 2957 Simili
735 2938 840 2965 quoque
862 2929 967 2956 ratione

1021 2420 1070 2455 μὲν
1090 2419 1166 2454 παρὰ
1182 2419 1236 2446 τῶν
1253 2419 1302 2446 νῦν
1317 2420 1450 2452 Λατίνων,
1476 2419 1540 2455 παρ’
1557 2420 1635 2454 ὴμῶν
1664 2418 1692 2444 δὲ
1707 2417 1801 2452 ἐνορία

1020 2465 1186 2500 καλουμένη,
1198 2466 1235 2497 ὡς
1251 2466 1292 2492 ἐν).
1309 2465 1347 2500 τῷ
1362 2466 1519 2501 μικροτάτῳ
1530 2466 1586 2500 ὅρῳ
1603 2464 1799 2500 περιεχομένη.

1024 2511 1134 2546 Ἐπειδὴ
1150 2510 1178 2537 δὲ
1193 2511 1295 2546 ἐνορὶαι
1312 2511 1409 2537 πολλαί
1426 2512 1490 2546 εἱσι,
1503 2511 1551 2537 καὶ
1559 2511 1654 2537 πολλα).
1667 2511 1695 2536 αί
1711 2509 1801 2536 τοιαῦ-

1019 2568 1066 2586 ται
1092 2558 1262 2593 Ἐκκλησῐαι,
1278 2557 1332 2583 δεῖν
1350 2557 1377 2583 δὲ
1397 2556 1577 2591 ἀπεδείξαμεν
1592 2557 1635 2582 ἀεὶ
1652 2557 1682 2582 τὸ
1699 2556 1801 2591 πλῆθος

1020 2606 1059 2638 εἰς
1074 2605 1103 2632 ἓν
1119 2605 1282 2638 συνάγεσθαι
1298 2603 1335 2638 τῷ
1359 2603 1488 2639 ὁμοειδεῖ,
1509 2603 1639 2637 φυσικαῖς
1666 2602 1802 2635 ἀνάγκαις

1020 2651 1187 2686 κινούμενοι,
1217 2650 1265 2680 τὰς
1291 2649 1392 2680 πολλὰς
1417 2649 1521 2684 ὲνορίας
1540 2649 1604 2683 μίαν
1621 2648 1804 2683 ὲπισκοπικὴν

1025 2698 1189 2733 Ἐκκλησίαν
1207 2696 1347 2732 ποιοῦμεν,
1366 2696 1403 2731 τῷ
1416 2696 1556 2731 ἐπισκόπῳ
1565 2695 1651 2726 πάσας
1667 2695 1802 2725 ἑνοῦντες.

1024 2745 1141 2779 Ὁμοίως
1159 2744 1279 2774 καὶτὰς
1311 2742 1410 2773 πολλὰς
1440 2742 1602 2772 ὲπισκοπάς,
1632 2741 1801 2775 μητρόπολεν

1022 2791 1086 2825 μίαν
1104 2790 1276 2824 ποιήσαντες,
1291 2788 1329 2822 τῷ
1340 2789 1380 2814 ἐνὶ
1398 2787 1583 2822 μητροπολίτῃ
1612 2787 1703 2817 πάσας
1719 2787 1758 2817 εἰς
1771 2787 1800 2812 ἒν

1021 2837 1221 2870 συνηγάγομεν.
1241 2834 1323 2860 Πάλιν
1340 2834 1368 2859 δὲ
1389 2834 1436 2864 τὰς
1455 2833 1638 2868 μητροπόλεις
1667 2833 1716 2866 μιᾷ
1750 2841 1802 2858 ποι-

1020 2883 1168 2918 τριαρχικῇ
1225 2880 1372 2914 Ἐκκλησία
1418 2879 1636 2913 συναρμόσαντες
1671 2879 1709 2905 ὲνὶ
1752 2887 1803 2904 πλη

1022 2930 1138 2964 τριάρχῃ
1157 2932 1194 2954 si:
1210 2927 1276 2962 μίαν
1295 2926 1418 2961 μεγάλην
1436 2926 1599 2960 Ἐκκλησὶαν
1627 2925 1799 2961 συνήψαμεν·
