1916 3057
177 136 226 178 έῖῖ

766 149 934 180 GEORGII.
950 149 1188 180 TRAPEZUNTl
1198 151 1216 179 l'

1754 146 1812 178 848

178 200 233 239 quc
248 202 329 229 modo
345 203 446 230 malum
462 224 469 236 ,
504 211 557 230 non
584 212 780 239 usquequaque
795 205 895 232 malum
918 209 963 231 est,

1023 205 1072 239 τῆν
1101 206 1164 238 ἔξω.
1188 207 1256 240 μήτε
1284 207 1334 241 τὴν
1361 207 1513 242 ἡμετέραν,
1534 205 1581 232 καὶ
1604 204 1680 231 θείαν
1708 202 1808 237 σοφίαν

177 257 237 276 cum
252 249 321 275 male
339 257 392 276 non
409 249 445 276 fit,
465 249 607 278 Undenam
631 251 712 285 igitur
736 251 772 277 illi
790 250 846 277 ltrec
859 251 960 277 discer—

175 296 252 325 nc‘nt.
284 302 345 321 cum
369 303 456 329 neque
482 296 507 322 in
529 301 669 327 extranea,
688 304 777 331 neque
804 297 830 323 in
857 302 960 327 nostra,

174 348 263 374 neque
275 341 301 367 in
315 340 407 368 divina
423 342 556 376 sapientia
565 343 676 369 exerciti
693 343 775 369 sunt?
791 342 843 370 Sed
857 346 884 368 et
898 350 963 375 apo-

175 387 248 418 stoli,
261 387 399 419 inquiunt,
417 395 477 415 cum
494 388 603 415 litteras‘
613 389 760 420 nescirent,
780 396 794 414 a
812 388 915 422 Spiritu
932 387 962 414 il—

174 432 298 459 luminati
309 439 383 466 sunt,
391 434 567 468 etAEgyptius
576 435 619 462 ille
630 435 763 461 Antonius
770 441 899 469 perquam
909 425 964 459 me;

175 479 260 506 ditate
272 479 379 506 divitias
388 480 431 506 Sct
440 480 545 514 ipturas
557 481 722 507 tntcllexisse
735 479 845 511 dicitur,
857 479 902 513 qui
911 486 962 506 nec

1015 251 1203 286 ἐσκήταντεςς
1230 253 1312 279 Ἀλλὰ
1334 254 1380 279 καὶ
1406 253 1430 278 o'.
1452 252 1613 279 ἀπόστολοι.
1643 249 1736 284 φασιν,
1768 247 1808 282 μὴ

1017 298 1116 328 slain;
1131 299 1295 333 γράμματα,
1315 299 1507 334 ἑφωτίσθησαν
1524 298 1561 332 τῷ
1585 297 1733 330 Πνεύμα-τι.
1751 293 1810 319 Καὶ

1016 344 1029 368 ὁ
1045 342 1192 375 Αἰγύπτιος
1207 345 1312 376 ἐκεῖνος
1331 344 1474 375 ’Λντώνιος
1490 344 1588 378 ἄριστα
1606 342 1715 376 λέγεται
1742 338 1810 372 νοῆ-

1018 396 1062 413 σαι
1077 388 1125 418 τὰς
1141 389 1215 420 θείας
1225 390 1347 424 Γραφὰς,
1361 390 1426 425 μηδὲ
1439 390 1636 423 ἀναγινώσκειν
1650 387 1808 421 γράμματα

1017 433 1121 464 μαθών.
1147 435 1326 467 Ἀποστᾶλους
1344 437 1391 463 καὶ
1409 427 1551 465 ’Λντώνιον
1564 434 1660 466 είπὼν,
1673 432 1743 458 κατὰ
1756 429 1807 457 σοῦ

1015 480 1144 515 καὶὺπὲρ
1159 482 1207 513 τῆς
1223 482 1351 516 ἀληθ.ίας
1367 483 1510 516 ἠγώνισαι.

175 528 282 555 litteras
291 535 439 562 agnoscere
446 528 593 555 didicerat:
603 529 740 562 apostolos
755 533 781 565 et
794 528 942 554 Antonium
953 526 980 553 in
996 528 1113 555 medium
1127 530 1279 562 proferens.
1289 536 1383 557 contra
1395 536 1420 558 te
1428 534 1455 557 el
1465 538 1513 564 pro
1522 529 1636 556 veritate
1646 526 1808 554 decertasti.

213 574 255 599 10.
274 574 342 600 Cum
367 573 461 608 itaque
481 581 534 600 una
562 574 597 600 sit
623 573 745 601 Ecclesia
764 573 915 603 catholica,
934 576 961 598 et

175 626 228 645 una
245 626 292 653 per
321 618 482 651 Romanam,
495 624 524 645 ut
548 626 629 653 supra
647 619 737 645 oratio
753 616 959 649 demonstravit,

175 668 203 690 et
231 671 275 690 res
301 663 367 699 ipsa:
387 664 460 690 dicto
478 665 556 691 tidem
573 665 705 692 adhibere
728 665 810 691 etiam
837 664 962 690 uolentes

175 715 286 744 Cogunt,
306 717 420 744 prorsus
431 718 543 737 necesse
555 716 596 737 est
614 718 725 741 omnes,
747 714 774 736 et
786 717 834 736 vos
851 709 962 743 potissi-

177 764 251 783 mum
267 761 393 790 tanquam
404 756 465 783 aliis
479 756 672 791 prudentiores
682 756 708 783 in
724 764 817 787 unam,
828 761 962 784 sanctam,

176 802 340 829 catholicam
370 807 397 830 et
423 803 598 837 apostolicam
630 803 784 834 credentes,
802 810 883 828 unam
903 808 963 828 esse

177 849 358 876 universalem
378 857 426 884 per
452 849 600 876 Romanam
618 849 753 880 conﬁteri,
779 854 807 876 et
835 856 896 883 quae
915 855 964 882 per

179 896 299 931 synodos
325 896 513 922 decernuntur
541 895 654 922 credere
676 901 704 922 et
739 894 899 929 prmdicare,
923 893 964 920 sic

180 950 288 970 summo
313 942 440 977 pontifice
463 943 666 976 praescribente.
693 941 768 968 Adde
795 941 876 968 etiatn
892 950 898 967 :
913 947 962 967 ne-

1052 573 1076 601 t'.
1101 575 1209 609 Ἐπειδὴ
1225 574 1271 601 οὖν
1290 576 1340 610 μία
1371 576 1444 601 ἐστὶν
1461 577 1477 610 ἡ
1495 574 1627 608 καθολικὴ
1642 571 1806 604 Ἐκκλησία,

1017 621 1064 645 καὶ
1080 620 1128 653 μία
1143 622 1174 655 τῇ
1189 621 1239 654 τῆς
1253 620 1375 654 Ῥώμης,
1408 621 1444 651 ὡς
1461 620 1508 646 καὶ
1536 621 1549 645 ὁ
1563 619 1641 652 λόγος
1666 617 1806 645 ἀπέδειξε.

1017 666 1064 701 καὶ
1079 665 1112 691 τὰ
1127 666 1278 701 πράγματα
1293 666 1434 692 πείθεσθαι
1448 667 1495 693 καὶ
1513 667 1549 701 μὴ
1569 665 1695 696 θέλοντας
1715 664 1807 695 ἀναγ-

1017 711 1106 741 κάζει,
1136 713 1247 742 πάντως
1274 712 1315 738 δεῖ
1344 712 1448 743 πάντας
1475 713 1522 738 καὶ
1545 711 1618 745 ὑμᾶς
1643 709 1697 736 τῶν
1715 709 1806 736 ἄλλων

1019 757 1117 790 μᾶλλον
1133 757 1171 788 ὡς
1191 758 1413 792 φρονιμωτέρους
1445 758 1484 788 είς
1502 758 1566 792 μίαν
1584 757 1664 790 ἁγίαν
1694 756 1808 781 καθολι-

1017 802 1068 836 κὴν
1084 803 1130 828 καὶ
1146 802 1327 836 ἀποστολικὴν
1347 802 1513 837 Ἐκκλησίαν
1532 802 1723 832 πιστεύοντας,
1737 801 1807 835 μάν

1018 847 1088 875 εἶναι
1103 849 1153 883 τὴν
1167 849 1280 875 καθόλου
1297 851 1328 884 τῇ
1345 850 1394 884 τῆς
1409 848 1520 884 Ῥώμης
1538 849 1692 883 ὁμολογεῖν,
1711 848 1758 874 καὶ
1771 848 1807 874 τὰ

1016 895 1176 928 κυρωθέντα
1191 895 1335 926 συνοδικῶς
1367 895 1508 921 πιστεύειν
1525 903 1556 921 τε
1574 895 1619 921 καὶ
1645 894 1803 927 κηρύττειν,

1017 941 1088 967 οὕτω
1105 941 1152 967 τοῦ
1171 942 1255 976 ἄκρου
1270 943 1423 976 ἀρχιερέως
1446 941 1622 976 διορίζοντος.
1655 941 1725 975 Πρδς
1739 939 1807 966 τού-

177 996 254 1016 cesse
270 993 312 1016 est
329 995 392 1015 eum
420 988 469 1022 qui
491 988 519 1015 in
536 988 649 1022 aliquod
671 987 769 1019 credit,
785 986 963 1014 determinate

1018 995 1073 1017 τοις
1095 986 1201 1022 ἀνάγκη
1233 987 1291 1012 ἐστὶ
1320 987 1366 1012 τὸν
1390 987 1429 1017 εἷς
1456 995 1483 1013 τι
1513 986 1677 1013 πιστεύοντα
1704 985 1808 1012 ειδέναι

178 1035 259 1066 scire,
280 1039 411 1068 quantum
433 1034 520 1069 ipsius
540 1035 611 1061 vires
640 1033 811 1065 concedunt,
828 1033 965 1067 quomodo

178 1081 275 1114 credit,
288 1085 316 1108 et
330 1081 405 1114 quid,
417 1084 444 1107 et
462 1085 573 1114 propter
591 1079 669 1114 quid.
681 1080 714 1107 Et
727 1079 893 1107 credendum
906 1086 965 1106 esse

180 1127 206 1153 in
225 1134 304 1153 uuam
320 1125 470 1153 Eeclesiam
488 1133 569 1152 nemo
586 1131 628 1152 est
642 1126 714 1152 inter
727 1125 907 1156 Christianos,
919 1124 964 1158 qui

180 1173 208 1200 id
237 1172 354 1206 ignoret,
378 1179 466 1207 neque
492 1172 628 1207 quispiam
656 1172 738 1199 etiam
764 1179 798 1198 ex
829 1170 965 1198 haereticis

180 1219 247 1254 ipsis
262 1219 366 1246 inlicias
391 1218 482 1246 iverit.
501 1218 643 1251 Quomodo
659 1226 723 1246 vero
741 1225 793 1245 una
814 1218 860 1248 sit,
887 1216 964 1251 pauci

179 1269 290 1292 norunt.
323 1264 451 1292 Attamen
471 1264 566 1291 dicuttt
583 1271 665 1291 unam
686 1271 746 1291 eam
763 1264 858 1298 ipsam,
883 1270 964 1297 quam

179 1310 230 1344 ipsi
258 1310 386 1338 distincte
413 1314 577 1344 sequuntur,
605 1309 835 1344 quemadmodum
863 1312 890 1336 et
918 1315 965 1335 vos

179 1362 258 1383 antea
282 1357 624 1391 Constantinopolitanam,
646 1362 674 1384 et
698 1356 744 1383 alii
770 1355 846 1382 alias.
863 1354 964 1382 Verum

179 1403 267 1430 oratio
283 1403 488 1436 demonstravit,
504 1407 531 1430 et
547 1410 590 1430 res
612 1403 669 1436 ipsa
692 1408 804 1437 propter
829 1401 966 1428 immissas

180 1449 348 1476 calrttnitates
384 1457 466 1476 unam
503 1449 588 1477 solam
619 1449 781 1476 catholicam
814 1447 964 1475 Ecclesiam

181 1495 340 1530 praedicant,
355 1495 428 1522 nulla
440 1495 625 1522 Ecclesiarum
637 1495 689 1522 alia
701 1495 818 1522 nisisola
832 1494 964 1521 Romana.

181 1542 353 1570 Anathemati
367 1543 452 1576 igitur
472 1541 609 1569 obnoxius
632 1546 685 1575 est,
707 1542 754 1576 qui
768 1548 827 1568 eam
844 1548 898 1568 non
920 1547 965 1567 se-

181 1589 285 1623 quitur,
307 1595 357 1615 nt‘c
371 1588 457 1615 credit
472 1593 502 1614 ut
527 1588 582 1614 illa.
606 1587 708 1614 Omnes
729 1587 801 1615 enim
823 1591 925 1614 sanctas
938 1591 966 1613 et

182 1633 348 1661 universales
362 1633 469 1668 synodi,
498 1633 590 1660 statim
620 1632 654 1658 ab
677 1632 735 1667 ipsa
752 1631 870 1659 secunda
897 1630 964 1658 inci-

182 1681 297 1715 piClll‘l'S,
313 1680 480 1707 anathemati
497 1678 771 1706 tradideruntomnes
779 1678 825 1713 qui
843 1678 869 1705 in
883 1684 964 1704 unam

181 1725 331 1753 Ecclesiam
346 1724 508 1752 catholicam
532 1729 559 1752 et
578 1731 699 1752 sanctam
728 1732 782 1752 non
799 1724 926 1757 credunt,
938 1729 966 1751 ct

181 1779 244 1798 cum
269 1771 403 1799 dixissent
434 1779 526 1805 unam,
548 1771 730 1799 determinate
760 1779 843 1798 unam
859 1771 966 1799 intelle-

181 1823 291 1846 xerunt.
312 1819 379 1846 Nam
401 1819 422 1845 si
453 1825 507 1846 non
526 1818 717 1851 delerminate,
743 1818 827 1852 igitur
847 1817 967 1845 indeter—

182 1865 286 1892 minate
297 1873 303 1891 :
314 1864 385 1899 quod
400 1869 441 1892 est
453 1865 561 1899 plenum
575 1864 723 1899 impietatis
738 1869 765 1892 et
776 1863 964 1899 blasphemia}.

181 1912 323 1944 Quomodo
335 1907 407 1938 enim
424 1911 451 1938 in
465 1919 546 1938 unam
564 1911 670 1942 credes,
688 1918 761 1942 cum,
777 1918 901 1945 quaenam
919 1910 966 1937 illa

181 1958 227 1990 sit,
243 1957 354 1984 minime
373 1962 465 1984 teneas
479 1957 542 1983 ?An
566 1957 636 1984 forte
659 1957 686 1983 in
702 1956 856 1984 universam
882 1956 965 1984 totius

181 2004 256 2030 orbis
278 2004 391 2030 credere
411 2007 436 2030 te
461 2003 555 2030 dices?
572 2003 632 2030 Erit
653 2011 718 2038 ergo
738 2003 809 2036 apud
828 2007 853 2030 te
868 2008 896 2030 et
914 2003 965 2030 ltr-

182 2057 278 2077 ntenus
304 2049 526 2079 orthodoxus,et
554 2049 692 2083 Althiops,
711 2054 741 2076 et
765 2050 811 2084 qui
839 2049 965 2084 Sergium

182 2100 375 2122 consectantur
389 2095 458 2125 Indi,
472 2100 499 2122 et
515 2095 709 2128 MOIIOlllclilzl',
729 2100 757 2122 et
771 2096 815 2130 qui
833 2095 966 2122 Divinita-

183 2147 236 2168 tem
257 2141 342 2175 ipsam
362 2141 436 2167 cruci
462 2140 585 2175 all‘igttnt.
601 2140 689 2173 Quare
712 2149 792 2167 unam
810 2148 872 2168 cum
895 2141 964 2168 dici-

182 2194 243 2213 mus
256 2187 416 2213 catholicam
434 2186 596 2216 Ecclesium.
621 2186 762 2213 sciendum
776 2194 836 2213 esse
855 2194 966 2214 asseve-

181 2240 284 2263 ranms,
301 2239 349 2266 per
363 2239 507 2265 quamnam
522 2231 546 2258 al
561 2239 636 2258 arum
653 2232 834 2259 Eeclesiarum
848 2240 898 2260 una
913 2240 963 2260 cst.

181 2276 310 2312 Ejusdem
337 2276 410 2302 enim
434 2277 542 2311 generis
562 2285 614 2304 uno
633 2278 781 2305 multitudo
805 2286 889 2305 unum
913 2285 964 2306 est.

1017 1031 1188 1066 ὡρισμένως,
1203 1033 1264 1058 ὅσον
1280 1032 1354 1065 αὺτῷ
1371 1032 1491 1066 ἐφικτὸν,
1520 1032 1578 1063 πῶς
1595 1031 1733 1062 πιστεύει,
1758 1031 1808 1056 καὶ

1017 1078 1052 1110 τί,
1078 1078 1126 1104 καὶ
1145 1077 1224 1105 διατί.
1238 1079 1297 1104 ’Ότι
1313 1080 1363 1113 μὲν
1384 1078 1430 1105 οὖν
1447 1080 1487 1110 εἰς
1514 1079 1577 1113 μίαν
1607 1079 1660 1113 χρὴ
1685 1076 1806 1111 Ἐκκλη-

1018 1124 1079 1150 σίαν
1097 1125 1245 1157 πιστεύειν,
1258 1125 1346 1152 οἴδασι
1366 1126 1468 1156 πάντες
1483 1125 1655 1158 Χριστιανοὶ,
1683 1125 1731 1150 καὶ
1744 1123 1807 1150 οὐδὲ

1017 1170 1071 1197 τῶν
1087 1171 1235 1205 αίρετικῶν
1252 1180 1293 1202 τις
1318 1171 1397 1198 τοῦτο
1415 1171 1573 1205 ἀρνήσεται·
1606 1170 1664 1201 πῶς
1687 1169 1716 1195 δὲ
1744 1169 1807 1204 μία,

1016 1216 1102 1251 ὀλίγοι
1115 1217 1212 1243 οἴδασι.
1239 1217 1355 1250 Λέγουσι
1388 1217 1410 1242 δ’
1427 1217 1501 1251 ὅμως
1519 1216 1584 1251 μίαν
1613 1216 1662 1251 τὴν
1729 1215 1809 1242 αὐτοὶ

1017 1262 1262 1290 κατακολουθοῦσιν
1281 1263 1455 1298 ὡρισμένως,
1468 1263 1563 1298 ὥσπερ
1584 1263 1631 1289 καὶ
1646 1263 1724 1296 ὑμεῖς
1736 1261 1806 1295 ςτρὸ-

1015 1318 1095 1344 τερον
1117 1310 1148 1343 τῇ
1167 1309 1216 1343 τῆς
1246 1308 1573 1342 Κωνστοιντινουπόλεως,
1598 1308 1646 1334 καὶ
1668 1308 1745 1334 ἄλλοι
1760 1308 1808 1334 ἆλ-

1016 1355 1090 1386 λαις.
1110 1354 1141 1380 '0
1159 1354 1187 1380 δὲ
1200 1354 1279 1388 λόγος
1296 1354 1432 1386 ἀπέδειξε,
1449 1354 1497 1381 καὶ
1516 1355 1549 1381 τὰ
1578 1355 1731 1389 πράγματα
1761 1354 1806 1380 διὰ

1017 1400 1070 1427 τῶν
1087 1401 1234 1435 συμφορῶν
1250 1401 1393 1436 κηρύττει,
1411 1401 1477 1436 μίαν
1503 1399 1575 1428 εἶναι
1591 1402 1642 1434 τὴν
1657 1401 1809 1436 καθολικὴν

1023 1447 1187 1483 Ἐκκλησίαν
1213 1447 1327 1483 οὐδεμιᾷ
1352 1447 1407 1474 τῶν
1423 1447 1594 1484 Ἐκκλησιῶν
1622 1448 1700 1484 ἄλλῃ,
1718 1447 1741 1473 εί
1769 1447 1808 1485 μὴ

1019 1492 1099 1528 μόνον
1111 1494 1144 1528 τῇ
1157 1493 1207 1528 τῆς
1223 1493 1345 1528 Ῥώμης.
1366 1494 1534 1529 ’Λναθέματι
1557 1495 1610 1530 ἄρα
1628 1495 1774 1520 ὑπόκειται
1793 1495 1808 1520 ὁ

1019 1540 1055 1575 μὴ
1068 1539 1155 1576 ταύτῃ
1172 1540 1316 1575 ἑπόμενος,
1335 1541 1402 1575 μηδὲ
1416 1540 1554 1568 πιστεύων
1565 1542 1602 1573 ὼς
1619 1541 1699 1576 αὕτη.
1715 1542 1808 1568 Πᾶσαι

1017 1586 1070 1622 γὰρ
1086 1587 1113 1612 αι
1127 1585 1203 1619 ἅγιαι
1219 1587 1266 1613 καὶ
1281 1587 1423 1614 καθολικαὶ
1438 1587 1554 1621 σύνοδοι,
1575 1588 1629 1615 ἀπὸ
1644 1588 1693 1623 τῆς
1711 1588 1807 1614 δευτέ-

1020 1642 1068 1667 ρας
1101 1634 1183 1664 εὐθὺς
1202 1633 1367 1669 ἀρξάμεναι,
1387 1634 1426 1669 τῷ
1447 1635 1600 1669 ἀναθέματι
1628 1635 1806 1669 παραδιδόασι

1021 1681 1125 1709 πάντας
1151 1680 1214 1711 τοὺς
1245 1680 1283 1713 μὴ
1301 1680 1341 1709 είς
1359 1680 1424 1714 μίαν
1441 1680 1607 1716 Ἐκκλησίαν
1624 1680 1807 1711 πιστεύοντας

1020 1725 1167 1760 καθολικὴν
1181 1725 1226 1752 καὶ
1243 1726 1334 1759 ἁγίαν,
1365 1726 1429 1760 μίαν
1444 1725 1471 1752 δὲ
1489 1726 1625 1760 εἰπόντες,
1644 1726 1807 1761 ὡρισμένως

1019 1772 1084 1806 μίαν
1101 1771 1224 1807 ἐνόησαν.
1234 1772 1267 1798 El
1278 1773 1332 1806 γὰρ
1346 1772 1383 1808 μὴ
1399 1773 1574 1808 ὡρισμένως,
1592 1773 1728 1808 ἀορίστως
1739 1773 1804 1808 ἄρα·

1017 1819 1086 1853 ὅπερ
1101 1819 1192 1854 πάσης
1217 1818 1276 1845 ἐστὶ
1291 1818 1467 1853 βλασφημίας
1483 1818 1593 1853 μεστόν,
1620 1819 1680 1850 Πῶς
1693 1819 1748 1854 γὰρ
1764 1819 1806 1850 είς

1019 1864 1083 1900 μίαν
1098 1863 1247 1896 πιστεύεις,
1271 1864 1308 1898 μὴ
1331 1863 1408 1895 εἰδὼς
1423 1865 1465 1896 εἰς
1488 1864 1570 1898 τίνα;
1597 1862 1671 1899 *Αρα
1698 1865 1737 1895 εἰς
1751 1864 1802 1899 τὴν

1016 1910 1130 1937 καθόλου
1146 1909 1195 1944 τῆς
1210 1909 1374 1944 οἰκουμένης
1400 1909 1543 1936 πιστεύειν
1575 1910 1679 1944 λέξειςς
1702 1910 1801 1937 Ἔσται

1018 1965 1059 1983 σοι
1074 1956 1127 1992 ἄρα
1152 1957 1199 1983 καὶ
1217 1957 1231 1982 ὁ
1246 1956 1390 1992 Ἀρμένιος
1415 1956 1566 1991 ὀρθόδοξος,
1583 1958 1630 1984 καὶ
1652 1958 1666 1983 ὁ
1685 1958 1802 1992 Δίθίωψ,

1017 2003 1065 2030 καὶ
1076 2004 1100 2029 οἱ
1115 2002 1148 2028 τὰ
1162 2003 1274 2037 Σεργίου
1287 2002 1446 2034 δοξάζοντες
1469 2003 1558 2034 Ἰνδοι,
1586 2004 1634 2029 καὶ
1648 2003 1803 2037 Μονοθελῆ-

1016 2057 1072 2082 ται,
1085 2049 1130 2075 καὶ
1141 2049 1166 2075 oi
1178 2048 1227 2083 τὴν
1242 2048 1356 2082 θεότητα
1367 2048 1547 2083 σταυροῦντες
1562 2049 1658 2084 αὑτήν.
1673 2049 1742 2077 Μίαν
1752 2048 1802 2076 οὖν

1017 2094 1141 2129 λέγοντες
1151 2095 1200 2130 τὴν
1210 2094 1356 2129 καθολικὴν
1369 2095 1541 2130 Ἐκκλησίαν,
1553 2095 1592 2122 δεῖ
1602 2096 1699 2123 ειδέναι
1713 2097 1804 2131 φαμὲν

1016 2141 1063 2167 καὶ
1072 2141 1184 2168 τίνιτῶν
1193 2140 1362 2175 Ἐκκλησιῶν
1370 2142 1427 2167 ἐστι
1438 2141 1545 2176 μία.Τῷ
1553 2143 1671 2176 ὁμοειδεῖ
1683 2142 1737 2177 γάρ
1747 2144 1805 2168 ἐστι

1017 2188 1071 2214 πᾶν
1087 2187 1189 2221 πλῆθος
1200 2187 1239 2212 ἓν.
1252 2187 1328 2213 Ἔστι
1342 2187 1370 2213 δὲ
1384 2187 1432 2222 μία
1452 2190 1466 2221 ἡ
1482 2188 1615 2223 καθολικὴ
1628 2190 1660 2223 τῇ
1673 2190 1723 2223 τῆς
1739 2188 1806 2216 Ῥώ-

1020 2242 1071 2268 μης
1089 2233 1126 2262 ὼς
1143 2233 1304 2268 ἀπεδείχθη.
1335 2233 1428 2269 Ταύτῃ
1445 2234 1500 2268 ἄρα
1517 2235 1556 2261 δεῖ
1569 2234 1687 2261 ἔπεσθαι
1718 2235 1805 2269 τόνγε

1017 2279 1053 2309 ὼς
1064 2279 1169 2312 ἀληθῶς
1184 2279 1324 2313 ὸρθόδοξον
1339 2279 1409 2305 κατά
1424 2279 1473 2313 τὴν
1486 2280 1536 2314 τῆς
1561 2280 1680 2311 πίστεως
1707 2281 1805 2314 ὁμολο-

181 2322 229 2348 Est
249 2321 331 2356 igitur
350 2329 402 2348 una
418 2322 549 2349 catholica
573 2331 622 2357 per
646 2324 808 2356 Romanam,
826 2329 855 2351 ut
874 2329 963 2354 osten-

1018 2325 1090 2359 γίαν.
1113 2325 1188 2351 Ἐπεὶ
1204 2325 1230 2351 δὲ
1245 2326 1291 2352 καὶ
1322 2327 1338 2360 ἡ
1366 2327 1413 2359 τῆς
1446 2327 1556 2360 Ῥώμης
1585 2326 1735 2361 Ἐκκλησία
1756 2326 1804 2361 μία

181 2375 240 2394 sum
253 2372 304 2394 est.
319 2367 392 2394 Illius
407 2375 471 2401 ergo
489 2368 613 2402 vestigiis
630 2369 811 2402 insistendum
827 2374 870 2397 est
885 2371 918 2396 ab
931 2378 963 2397 eo

180 2415 227 2448 qui
253 2421 282 2441 se
308 2421 371 2440 vere
396 2419 524 2448 recteque
550 2415 652 2441 sentire
669 2415 795 2448 ailirmat,
812 2417 963 2444 secundum

183 2459 244 2486 Iidei
259 2459 467 2494 professionem.
495 2459 563 2486 Cum
583 2467 647 2486 vero
663 2465 690 2487 et
706 2460 827 2488 Romana
843 2461 964 2489 Ecclesia

183 2514 235 2532 una
251 2507 295 2539 sil,
311 2507 363 2532 erit
376 2511 402 2532 et
413 2506 469 2540 ipsa
485 2514 536 2532 una
551 2513 600 2532 suo
611 2507 747 2540 pontiiiee.
761 2506 799 2533 E0
816 2507 963 2542 siquidem,

181 2561 242 2586 qute
259 2552 285 2578 iu
304 2561 333 2578 ra
359 2557 410 2583 est,
429 2551 609 2582 sacerdotum,
631 2553 822 2586 episcoporum
849 2559 876 2581 et
898 2562 966 2588 pne-

181 2599 270 2625 solum
298 2598 445 2625 multitudo
470 2598 497 2624 in
521 2605 604 2624 unum
632 2599 748 2632 cogitur,
775 2600 890 2634 ideoque
912 2601 966 2627 Ro-

182 2653 277 2671 ntanus
316 2644 540 2678 archiepiscopus
571 2648 598 2670 et
629 2644 749 2677 pontifex
779 2651 963 2680 nuncupatur.

181 2691 238 2722 Qua
255 2698 335 2723 porro
353 2690 457 2716 ratione
471 2689 598 2715 universa
614 2690 697 2716 totius
711 2690 785 2718 orbis
801 2691 922 2718 Ecclesia
937 2693 963 2720 in

182 2744 265 2762 unum
279 2743 326 2770 per
337 2736 490 2762 Romanum
504 2735 640 2770 dirigitur,
665 2744 717 2762 nun
740 2737 889 2769 Romanus,
915 2739 962 2765 sed

181 2787 304 2807 suunnus
331 2781 450 2814 pontifex
477 2780 640 2813 appellatur.
659 2780 700 2808 0b
725 2783 787 2816 hoc,
806 2784 852 2818 qui
882 2785 963 2811 simul

183 2833 235 2850 una
251 2833 440 2852 cunrsunttlto
461 2826 589 2859 pontiﬁce
606 2835 660 2856 tum
673 2829 767 2861 sentit,
784 2832 859 2864 quasi
881 2839 962 2858 unam

184 2871 342 2897 catholicam
369 2871 515 2898 l-lrclcsinm
544 2871 702 2908 denegaret,
722 2881 850 2911 tanquam
878 2885 960 2904 incut-

1019 2372 1104 2403 ἐστὶν,
1119 2371 1252 2398 ἑσταικαὶ
1269 2371 1338 2406 αὑτὴ
1355 2373 1402 2405 μία
1418 2372 1456 2406 τῷ
1466 2372 1551 2406 αὐτῆς
1565 2373 1701 2406 ἀρχιερεῖ.
1711 2372 1805 2406 Τούτῳ

1018 2419 1073 2453 γὰρ
1088 2418 1118 2444 τδ
1133 2419 1161 2444 ὲν
1186 2418 1254 2453 αὐτῇ
1268 2417 1372 2452 πλῆθος
1393 2418 1488 2452 ἱερέων
1514 2426 1544 2444 τε
1570 2418 1617 2443 καὶ
1645 2418 1806 2444 ἐπισκόπων

1020 2465 1067 2490 καὶ
1096 2465 1248 2499 ἀρχιερέων
1275 2466 1316 2495 εἰς
1343 2464 1371 2490 ἓν
1389 2465 1546 2498 συνάγεται,
1567 2464 1613 2490 καὶ
1636 2465 1708 2491 κατὰ
1727 2464 1805 2491 τοῦτο

1025 2508 1136 2544 Ῥώμης
1163 2510 1380 2544 ἀρχιεπίσκοπος
1425 2511 1473 2536 καὶ
1505 2510 1652 2545 ἀρχιερεὺς
1683 2511 1804 2544 λέγεται.

1020 2555 1094 2581 Καθδ
1109 2555 1138 2581 δὲ
1161 2556 1178 2590 ὴ
1195 2555 1309 2582 καθόλου
1326 2556 1376 2590 τῆς
1407 2556 1568 2591 οἰκουμένης
1588 2556 1739 2592 Ἐκκλησία
1767 2558 1806 2588 εἰς

1019 2599 1047 2626 ἓν
1067 2600 1109 2627 διὰ
1135 2601 1182 2627 τοῦ
1211 2601 1320 2636 Ῥώμης
1348 2603 1506 2635 συνάγεται,
1526 2602 1566 2629 Qth
1600 2602 1718 2638 Ῥώμης,
1748 2604 1806 2630 ἀλλ’

1020 2646 1103 2681 ἄκρος
1120 2647 1245 2673 καλεῖται
1265 2648 1423 2682 ἀρχιερεύς.
1441 2648 1491 2674 Διὰ
1506 2648 1584 2674 τοῦτο
1610 2649 1656 2675 τὸν
1688 2649 1726 2683 μὴ
1741 2649 1805 2684 ὀμό-

1017 2692 1092 2724 ὄπξον
1107 2691 1146 2725 τῷ
1162 2693 1240 2727 ἄκρῳ
1250 2693 1374 2728 ἀρχιερεῖ
1400 2693 1438 2724 ὡς
1462 2694 1630 2728 ἀρνούμενον
1660 2695 1711 2729 τὴν
1741 2695 1805 2730 μίαν

1018 2737 1166 2772 καθολικὴν
1179 2738 1344 2773 Ἐκκλησίαν
1359 2739 1539 2773 ἁποϐλητέον,
1561 2740 1599 2771 ὡς
1613 2740 1737 2775 σεσηπὸς
1755 2742 1803 2776 μέ-

1017 2783 1071 2814 λος.
1089 2784 1144 2818 Οὐχ
1154 2785 1275 2818 ὁμοδοξεῖ
1288 2786 1340 2811 δὲὸ
1355 2786 1392 2821 μὴ
1407 2787 1597 2821 μνημονεύων.
1616 2788 1804 2822 Μνημονεύειν

1017 2828 1070 2863 ἄρα
1085 2829 1125 2855 δεῖ
1144 2830 1172 2855 ἐν
1189 2832 1248 2862 ταῖς
1261 2831 1348 2863 θείαις
1367 2833 1550 2867 λειτουργίαις
1579 2834 1625 2860 τοῦ
1642 2834 1727 2868 ἄκρου
1756 2836 1803 2867 ὀρ-

1018 2875 1143 2910 χιερέως.
1159 2876 1196 2902 Οὐ
1214 2877 1267 2912 γὰρ
1291 2878 1325 2904 ἵν’
1342 2879 1422 2910 αὐτὸς
1450 2880 1554 2915 τιμηθῇ
1582 2880 1611 2906 τὸ
1631 2880 1803 2916 μνημόσυνον
