1916 3057
186 134 238 171 855

783 141 950 171 GEORGII
972 142 1234 173 TRAPEZUNTII

1771 146 1828 177 856

188 203 268 222 mana
297 196 562 231 taetuicxa‘qnalur.
588 197 717 232 Reliquas
730 203 844 224 necesse
870 201 913 224 est
941 197 976 224 ita

1046 196 1116 228 ῢτως
1131 196 1205 230 ἔχειν
1225 196 1385 230 ἀναγκαῖον.
1405 196 1527 232 Δευτέρα
1542 196 1616 223 ὲστῖν
1638 197 1655 232 ἡ
1680 197 1729 231 τῆς
1747 199 1828 225 Κων-

189 241 345 276 disponere.
367 243 493 270 Secunda
513 248 554 271 est
575 243 893 278 Constantiuopolitana,
920 250 982 278 quae

189 295 320 314 sensuum
354 289 487 321 secundo,
506 289 596 323 gustui
625 289 740 320 scilicet,
759 288 980 322 comparabitur;

188 333 233 360 ille
258 334 332 372 enim
361 339 421 369 post
446 339 546 362 tactum
568 335 669 370 primas
689 335 740 362 sibi
758 335 889 366 vindicat.
908 335 981 370 quod

187 384 277 407 tactus
287 380 490 414 quodammodo
499 381 545 413 sit,
560 386 587 408 ct
599 387 656 415 post
671 385 771 408 tactum
781 381 842 408 aliis
854 381 982 408 sensibus

187 427 272 460 magis
292 427 393 454 animal
415 432 569 455 conservat.
599 428 631 454 Et
659 427 980 461 Constantinopolitanus

186 477 248 507 post
263 473 414 499 Romanum
430 474 455 499 in
476 473 558 500 rebus
576 473 770 501 ecclesiasticis
781 473 895 501 eﬂ'ertnr
912 473 981 500 dit-i-

187 525 284 546 net-um
296 527 430 546 canonum
441 520 554 547 sauritis
564 529 570 552 ;
582 520 619 547 ita
637 525 666 547 ut
676 520 737 547 aliis
749 520 836 547 tribus
851 519 981 547 Ecclesiis

188 564 273 590 tutius
301 564 624 600 Coustantinopoiimnus
645 565 795 592 Ecclesiam
813 572 979 592 conservare

187 610 259 644 polis
286 610 332 643 sit,
357 611 589 646 quemadmodum
621 617 650 639 et
677 617 774 647 gustus
801 612 887 646 magis
914 612 976 639 aliis

187 657 327 690 sensibus,
344 665 428 684 unum
448 658 471 685 si
487 658 608 693 excipias
627 663 741 689 tactum,
759 658 871 689 animal.
899 658 980 692 quod

189 708 218 729 rt
244 703 326 730 rebus
351 703 419 737 ipsis
450 704 579 731 inuoluit.
610 704 646 731 Ea
670 704 807 739 siquidem
834 704 891 732 sola
919 709 980 738 post

188 749 333 776 dissidium
347 749 514 777 Orientalem
542 749 690 778 Ecclesiaui
704 751 859 778 universam
877 751 980 778 consti-

189 795 293 828 tuebat,
319 804 373 822 nou
402 801 477 824 recte
499 796 610 831 quidem
644 804 659 824 a
692 796 814 824 Romana
842 801 979 832 separata,

189 842 375 869 constituebat
390 843 582 875 nihilominus,
606 842 678 877 quod
698 847 773 870 esset
805 842 935 870 Romanae
951 847 980 870 et

190 888 247 921 ipsa
263 889 403 924 exemplar
426 889 575 924 quoddam,
592 889 676 917 veluti
695 893 723 917 et
738 894 834 924 gustus
848 893 891 917 est
913 897 981 924 quo-

190 934 337 962 dammodo
358 940 456 963 tactus.
467 936 559 963 Tertia
573 935 756 963 Alexandrina
770 936 849 963 tertio
857 937 981 968 omnino,

190 980 262 1007 visui
294 988 412 1015 nempe;
447 987 544 1015 quarta
575 981 747 1008 Autiochena
773 981 901 1013 auditui,
934 982 981 1016 qui

190 1032 320 1060 quartum
337 1027 427 1054 locum
441 1032 560 1062 occupat
574 1027 646 1054 inter
655 1034 753 1055 sensus
769 1036 776 1060 ς
798 1028 903 1062 reliqua
919 1028 983 1055 Hie-

191 1073 385 1108 rosolymitana
412 1078 552 1108 postremo
585 1074 729 1105 odoratui,
765 1078 794 1101 nt
825 1074 895 1101 ratio
924 1074 981 1108 ipsa

193 1119 293 1153 poscit,
309 1119 525 1153 comparabitur.
539 1119 586 1146 llis
600 1123 686 1154 patet,
703 1119 725 1146 si
746 1124 810 1146 ante
825 1119 982 1146 Graecorum

191 1164 310 1192 Schisma
327 1169 382 1192 tres
396 1164 549 1192 Orientales
561 1165 690 1193 Ecclesiae
703 1169 835 1199 separata:
855 1164 981 1196 fuissent,

192 1215 282 1238 tamen
314 1211 361 1246 qui
393 1219 439 1238 eas
463 1212 611 1242 amiserant
641 1209 804 1243 Christiani,
834 1210 982 1239 orthodoxi

191 1258 319 1293 equidem
331 1263 420 1290 erant,
436 1258 518 1286 rectis
535 1257 710 1294 dogmatibus
720 1258 835 1290 addicti,
851 1259 917 1286 licet
929 1266 982 1285 non

191 1313 389 1340 usquequaque
405 1305 474 1333 bene
491 1306 624 1334 valerent.
655 1305 792 1332 Animalia
806 1305 907 1333 etenim
927 1305 984 1339 ple-

193 1359 277 1385 raque
291 1356 450 1381 suntczeca.
467 1351 600 1386 pleraque
615 1351 709 1381 surda.
722 1351 850 1386 pleraque
868 1351 983 1378 odoratu

191 1397 318 1430 spoliata.
342 1397 374 1424 Et
389 1397 455 1425 licet
473 1397 561 1425 tribus
576 1398 619 1425 his
643 1398 772 1425 sensibus
788 1397 912 1432 privetur
927 1397 985 1425 ani-

149 1463 152 1466 .
192 1443 258 1475 mal,
275 1450 372 1470 rursus
385 1443 486 1470 animal
502 1448 553 1471 est.
579 1443 670 1476 Quare
685 1448 714 1470 et
727 1443 878 1471 Christiani
898 1443 985 1470 tribus

192 1489 270 1517 hisce
306 1489 438 1518 Ecclesiis
468 1489 576 1524 privati,
604 1489 863 1524 liierosolymitana,
891 1489 986 1516 Antio-

1036 242 1302 274 σταντινουπόλεως·
1323 244 1356 278 τῇ
1380 243 1497 278 δευτέρᾳ
1520 243 1575 270 τῶν
1597 244 1750 278 αἰσθήσεσιν
1772 246 1829 280 ἄρα

1035 290 1242 324 εἰκασθήσεται,
1258 291 1290 326 τῇ
1307 290 1401 323 γεύσει
1421 290 1504 324 ὶέγω.
1527 291 1600 326 Αὐτὴ
1617 291 1671 325 γὰρ
1690 292 1758 325 μετὰ
1776 292 1829 326 τὴν

1035 334 1106 370 ἁφὴν
1125 334 1364 366 εὐθὺς”τάττεται,
1387 335 1454 362 διότι
1471 336 1526 370 ἁφή
1549 336 1590 366 τίς
1605 337 1674 369 ἐστι,
1690 337 1737 363 καὶ
1757 337 1831 370 μετὰ

1033 379 1083 415 τὴν
1110 380 1182 414 ἁφὴν
1199 380 1301 414 μᾶλλον
1325 381 1380 407 τῶν
1405 381 1492 408 ἄλλων
1517 382 1670 417 αίσῦήσεων
1699 383 1730 408 τὸ
1757 382 1831 414 ζῶον

1035 427 1173 460 συντηρεῖ.
1201 425 1256 453 Καὶ
1273 427 1287 453 ὁ
1304 427 1623 459 Κωνσταντινουπόλεως
1640 428 1668 454 δὲ
1693 428 1764 461 μετὰ
1781 428 1831 454 τὸν

1033 471 1082 504 τῆς
1110 471 1219 506 Ῥώμης
1239 472 1267 497 ὲν
1294 473 1350 503 τοῖς
1371 471 1613 507 ἐκκλησιαστικαῖς
1639 472 1830 507 μεγαλὺνετσι

1033 518 1178 552 πράγμασι
1193 517 1264 544 κατὰ
1283 518 1348 548 τοὺς
1372 517 1460 548 Θείους
1491 518 1620 550 κανόνας,
1636 519 1706 545 ὥστε
1725 519 1831 554 μᾶλλον

1032 563 1081 598 τὴν
1098 564 1148 599 τῆς
1167 564 1375 591 Κωνσταντίνου
1391 564 1446 591 τῶν
1469 565 1572 592 λοιπῶν
1598 566 1682 600 τριῶν
1708 563 1830 601 Ἐκκλη-

1033 610 1100 636 σιῶν
1118 612 1264 644 συντηρεῖν
1279 611 1411 638 δύνασθαι
1427 612 1477 647 τὴν
1499 612 1676 647 Ἐκκλησίαν,
1696 612 1735 644 ὡς
1750 613 1798 639 καὶ
1812 613 1829 647 ἡ

1034 654 1126 688 γεῦσις
1157 657 1212 682 τῶν
1238 656 1316 688 ζώων
1347 657 1448 690 μᾶλλον
1473 657 1528 683 τῶν
1555 657 1644 683 ἄλλων
1671 657 1829 693 αἰσθήσεων

1034 702 1103 737 πλὴν
1118 703 1166 737 τῆς
1183 703 1268 738 ἁφῆς.
1283 703 1373 738 ’Ὅπερ
1395 704 1442 731 καὶ
1457 703 1550 736 αὐτοῖς
1572 704 1689 739 φανερὸν
1703 704 1828 739 ἀνεφάνη

1031 750 1089 780 τοῖς
1105 749 1279 784 πράγμασιν.
1307 750 1382 785 Αὕτη
1405 751 1459 785 γὰρ
1484 751 1551 785 μόνη
1571 750 1641 784 μετὰ
1667 751 1697 777 τὸ
1722 750 1829 785 σχίσμα

1032 794 1082 830 τὴν
1099 795 1264 829 ἀνατολικὴν
1284 796 1450 831 Ἐκκλησίαν
1477 796 1590 823 συνίστα
1608 797 1709 829 πᾶσανν
1726 797 1757 824 οὐ
1775 807 1828 824 κα-

1032 840 1086 872 λῶς
1116 841 1165 876 μὲν
1193 841 1359 876 χωρισθεῖσα
1383 840 1434 876 ⁴ἑῆς
1449 842 1499 877 τῆς
1519 842 1640 877 Ῥώμης,
1668 843 1782 869 συνίστα
1799 843 1829 870 δὲ

1034 888 1109 922 ὅμως
1127 887 1173 914 eti
1191 888 1222 914 τὸ
1252 888 1362 923 Ῥώμης
1378 886 1447 915 εἶναι
1472 889 1519 915 καὶ
1544 889 1630 923 αὐτὴν
1653 888 1738 915 τύπον
1755 890 1828 922 τινὰ,

1034 933 1129 970 ὥσπερ
1143 935 1190 962 καὶ
1204 935 1220 970 ἠ
1234 934 1328 968 γεῦσις
1349 935 1405 970 ἁφή
1434 943 1503 966 πως.
1523 935 1611 970 Τρίτη
1628 936 1643 970 ἡ
1660 935 1714 962 τῶν
1737 936 1828 968 Ἀλεξ-

1034 979 1150 1014 ανδρὲων
1167 981 1200 1014 τῇ
1222 980 1303 1015 τρίτῃ
1317 981 1437 1012 πάντως,
1452 981 1512 1015 ἤτοι
1526 981 1558 1016 τῇ
1575 980 1670 1015 ὁράσει.
1684 988 1692 996 ·
1708 982 1830 1016 τετάρτη

1034 1026 1050 1060 ή
1063 1027 1112 1060 τῆς
1135 1026 1299 1061 Ἀντιοχείας
1315 1029 1348 1062 τῇ
1362 1028 1430 1062 ἀκοῇ
1442 1027 1513 1063 οὔσῃ
1525 1028 1647 1063 τετάρτῃ
1662 1027 1715 1054 τῶν
1732 1028 1832 1062 αῑσοήο

1035 1079 1105 1098 σεων
1122 1079 1129 1086 ·
1150 1073 1197 1098 καὶ
1215 1073 1296 1107 λοιπὴ
1323 1074 1377 1107 ἄρα
1404 1074 1418 1108 ἡ
1444 1072 1500 1099 τῶν
1523 1073 1721 1108 Ἰεροσολύμων
1745 1066 1830 1108 λοιπῇ

1038 1118 1224 1154 ’κῇ-ὀσφρήσει
1257 1119 1328 1146 κατὰ
1350 1119 1430 1153 λόγον
1447 1119 1674 1155 συγκριοήσεται,
1699 1120 1748 1146 Ἐκ
1771 1120 1833 1146 τού-

1034 1173 1089 1191 των
1111 1165 1235 1200 ὁηλονότι
1259 1167 1283 1191 εἰ
1300 1166 1352 1200 πρὸ
1375 1165 1422 1192 τοῦ
1447 1166 1501 1193 τῶν
1529 1166 1654 1201 Γραικῶν
1679 1166 1832 1201 σχίσματος

1035 1214 1109 1247 τρεῖς
1125 1213 1152 1239 al
1173 1213 1347 1240 Ἀνατολικαὶ
1362 1213 1571 1249 ἀπεσχίσθησαν
1582 1223 1588 1230 ·
1604 1214 1677 1248 ὅμως
1693 1215 1719 1240 οῑ
1730 1214 1832 1241 ἀπολέ-

1036 1264 1133 1285 σαντες
1143 1255 1245 1288 ταύτας
1261 1257 1421 1291 Χριστιανοὶ
1434 1257 1573 1292 ὁρθόδοξοι
1585 1258 1618 1286 ἂν
1629 1256 1710 1294 ἦσαν,
1728 1258 1832 1291 ζῶντες

1038 1301 1088 1335 μὲν
1104 1303 1133 1328 ὲν
1151 1302 1306 1338 ὀροῡδοξίᾳ,
1321 1303 1474 1338 πάσχοντες
1488 1303 1510 1330 δ’
1525 1305 1610 1339 ὅμως.
1629 1304 1691 1331 Ζῶα
1705 1305 1762 1340 γάρ
1777 1306 1832 1332 εισι

1037 1348 1126 1375 πολλὰ
1151 1349 1258 1383 τυφλὰ,
1284 1349 1371 1377 πολλὰ
1396 1351 1487 1384 κωφὰ,
1515 1350 1601 1378 πολλὰ
1626 1351 1664 1386 μὴ
1681 1352 1833 1386 ὀσφραινό-

1040 1403 1119 1428 μενα.
1135 1395 1165 1421 El
1180 1395 1208 1421 δὲ
1226 1395 1274 1422 καὶ
1294 1396 1349 1422 τῶν
1373 1391 1458 1431 τριῶν
1480 1397 1583 1423 τούτων
1599 1397 1754 1432 αἰσθήσεων
1770 1407 1835 1424 crre—

1039 1439 1109 1475 ρηθῇ
1136 1440 1166 1466 τδ
1189 1440 1272 1473 ζῶον,
1302 1441 1385 1468 πάλιν
1411 1441 1480 1473 ζῶόν
1496 1443 1582 1473 ἐστιν,
1606 1442 1678 1469 ὥστε
1703 1442 1833 1475 καὶτοὺς

1038 1487 1220 1519 Χριστιανοὺς
1243 1487 1298 1514 τῶν
1320 1487 1404 1523 τριῶν
1431 1488 1615 1522 στερηθέντας
1645 1489 1832 1524 Ἐκκλησιῶν,

193 1539 291 1568 cliena,
322 1537 520 1568 Alexandrina,
543 1536 658 1564 omnino
673 1535 820 1563 orthodoxi
845 1535 984 1563 nihilomi~

1045 1533 1252 1568 Ἱεροσολύμων,
1279 1531 1458 1568 Ἀντιοχείας,
1490 1534 1709 1569 Ἀλεξανδρείας,
1725 1534 1832 1570 6128066-

195 1590 246 1610 nus
261 1588 334 1609 sunt.
350 1583 412 1610 Post
435 1590 501 1609 vero
514 1582 673 1610 Graecorum
686 1582 805 1609 schisma
821 1582 871 1608 soli
887 1581 984 1609 Roma-

194 1636 236 1656 nae
262 1628 389 1655 Ecclesia:
406 1628 479 1655 salva
495 1632 523 1655 et
547 1627 651 1662 integra
674 1631 747 1654 recta
767 1627 894 1662 dogmata
921 1633 986 1653 con-

193 1679 348 1702 servantur.
361 1673 485 1708 Namque
499 1673 600 1700 animal
610 1673 701 1701 adhuc
713 1672 846 1707 perdurat
859 1671 986 1699 sensibus

195 1720 336 1753 aliis,prm
354 1727 409 1746 uno
434 1724 507 1746 tactu
533 1718 690 1754 spoliatum.
716 1718 746 1745 Et
765 1722 846 1753 gustu
877 1724 987 1752 quoque

195 1765 347 1799 ili-perdito.
366 1765 484 1791 vivimus
502 1770 594 1792 tamen
612 1764 672 1791 solo
687 1768 772 1791 tactu.
798 1763 826 1790 Si
840 1763 903 1798 quis
925 1767 986 1790 ele-

196 1811 254 1839 nim
275 1811 383 1838 edendo
404 1811 578 1846 bibendoque
592 1817 717 1845 saporem
731 1817 786 1836 non
805 1808 922 1844 percipit
942 1815 989 1836 ne-

196 1865 250 1892 que
260 1857 380 1888 dulcem,
397 1864 486 1891 neque
503 1863 638 1887 amarum,
664 1862 753 1890 neque
769 1855 884 1887 salsum,
899 1861 988 1888 neque

197 1903 317 1934 acidum.
344 1910 433 1938 neque
466 1902 598 1936 reliquos.
617 1909 687 1936 quos
717 1905 814 1937 gustus
838 1900 984 1935 diiudicat,

198 1951 329 1984 perdurat
345 1954 435 1976 tamen
452 1948 557 1976 etvivit
568 1949 702 1976 rationem
715 1955 845 1982 sequens,
855 1951 882 1974 et
893 1946 987 1978 edens,

199 2002 225 2023 et
255 1994 362 2028 bibens,
392 2003 446 2022 non
477 1995 619 2030 voluptate
640 1998 743 2027 motus,
762 1994 810 2021 sed
825 1997 990 2020 lautum-ut

201 2044 284 2076 vivat,
302 2047 330 2070 et
341 2042 408 2069 vivit
425 2041 547 2077 quidem.
560 2041 610 2068 etsi
623 2048 676 2068 non
693 2039 827 2075 jucunde,
842 2045 869 2067 et
885 2040 990 2074 absque

200 2089 368 2116 discrimine.
394 2088 440 2115 Sic
468 2087 553 2121 igitur
574 2092 603 2114 et
619 2086 742 2113 Romana
763 2085 886 2122 Ecclesia
917 2088 991 2112 recte

199 2135 311 2170 quidem
324 2134 358 2162 de
373 2133 535 2161 rebustidei
561 2132 662 2165 sentit,
680 2132 728 2159 sed
743 2131 846 2165 patitur
858 2130 920 2157 aliis
939 2130 990 2158 Ec-

200 2182 292 2208 clesiis
320 2180 445 2215 spoliata.
477 2178 546 2207 Cum
572 2186 638 2206 vero
662 2177 739 2205 solus
763 2181 851 2204 tactus
880 2176 990 2204 animali

1039 1578 1101 1611 ξους
1117 1577 1186 1605 εἶναι
1202 1580 1322 1611 πάντως.
1340 1580 1418 1606 Μετὰ
1433 1580 1463 1606 δὲ
1483 1581 1531 1607 τοῦ
1548 1581 1602 1607 τῶν
1624 1581 1750 1617 Γραικῶν
1771 1583 1829 1617 σχί-

1039 1634 1143 1660 σματος
1170 1627 1238 1661 μόνῃ
1258 1627 1291 1662 τῇ
1312 1626 1463 1662 Ἐκκλησία
1478 1628 1526 1661 τῆς
1548 1626 1658 1663 Ῥώμης
1670 1629 1798 1664 τηρεῖται
1816 1630 1832 1663 ἠ

1037 1671 1176 1706 ὀροοδοξία
1206 1671 1263 1698 ad):
1289 1673 1337 1698 καὶ
1359 1673 1500 1708 ἀκέραιος.
1526 1674 1694 1701 Φυλάττεται
1724 1674 1778 1710 γὰρ
1803 1676 1833 1702 τι,

1038 1717 1108 1749 ζῶον
1125 1718 1218 1744 πασῶν
1236 1719 1368 1753 στερηθὲν
1394 1720 1448 1746 τῶν
1465 1719 1554 1746 ἄλλων
1580 1721 1736 1755 αἰσθήσεων
1762 1721 1833 1756 πλὴν

1039 1764 1122 1798 ἁφῆς.
1141 1764 1195 1789 Καὶ
1214 1763 1264 1799 τὴν
1280 1764 1378 1797 γεῦσιν
1395 1764 1450 1799 γὰρ
1475 1766 1670 1798 ἀπολέσαντες,
1687 1766 1764 1801 ὅμως
1779 1767 1830 1798 ζῶκ

1041 1818 1091 1844 μεν
1110 1809 1176 1844 μόνῃ
1190 1811 1223 1843 τῇ
1240 1810 1306 1845 ἁφῇ.
1323 1810 1354 1836 El
1369 1811 1424 1845 γάρ
1447 1819 1489 1842 τις
1503 1812 1532 1837 ὲν
1546 1811 1585 1846 τῷ
1601 1812 1704 1838 ἐσθίειν
1726 1813 1832 1838 καλπί-

1040 1864 1096 1881 νειν
1114 1854 1176 1889 μηδ’
1201 1855 1269 1885 ὅλως
1295 1854 1456 1882 αἰσθάνεται
1481 1855 1569 1890 χυμοῦ
1586 1865 1672 1888 τινος,
1690 1852 1747 1882 dav
1770 1856 1833 1890 γλυ-

1041 1901 1112 1933 κέος,
1127 1901 1247 1935 πικροῦ,
1275 1901 1412 1937 ἁλμυροῦ,
1430 1901 1550 1934 ὀξώδους
1565 1902 1612 1928 καὶ
1638 1901 1692 1928 τῶν
1718 1901 1832 1934 λοιπῶν,

1040 1943 1077 1973 ῶν
1093 1948 1109 1982 ἡ
1122 1947 1217 1980 γεῦσις
1228 1947 1347 1981 διαρκεῖ,
1362 1948 1438 1981 ὅμως
1451 1947 1500 1973 καὶ
1513 1947 1546 1982 ζῇ
1564 1947 1602 1981 τῷ
1623 1947 1696 1982 λόγῳ
1717 1947 1834 1974 ἀκόλου-

1042 1994 1106 2026 Οῶν,
1123 1994 1171 2020 καὶ
1194 1992 1292 2019 ὲσοίων
1307 1994 1356 2020 καὶ
1375 1993 1474 2025 πίνων,
1493 1993 1543 2028 οὐχ
1560 1993 1643 2029 ἡδονῇ
1658 1993 1833 2028 κινούμενος,

1041 2041 1098 2067 ἀλλ’
1115 2041 1157 2067 ἶνα
1172 2041 1220 2076 ζῇ”
1241 2041 1288 2067 καὶ
1305 2041 1338 2076 ζῇ
1356 2041 1417 2075 μὲν,
1435 2041 1484 2076 οὐχ
1500 2041 1585 2076 ἡδέως
1601 2041 1641 2074 δὲ,
1663 2040 1724 2067 οὐδὲ
1739 2041 1835 2067 ἀνεπι-

1042 2087 1184 2117 κινδύνως.
1201 2086 1295 2116 Οὕτως
1317 2087 1372 2120 ἄρα
1393 2086 1439 2113 καὶ
1453 2088 1469 2122 ἡ
1483 2086 1534 2120 τῆς
1554 2087 1664 2122 Ῥώμης
1684 2086 1835 2120 Ἐκκλησία

1042 2133 1182 2167 ὀρθοδῡξεῖ
1197 2133 1258 2167 μὲν,
1285 2134 1386 2167 πὰσχει
1415 2132 1443 2159 δὲ
1474 2132 1530 2159 τῶν
1553 2132 1643 2160 ἄλλων
1664 2131 1836 2166 Ἑκκλησιῶν

1044 2179 1220 2214 στερηθεῖσα.
1241 2179 1317 2205 Ἐπεὶ
1334 2179 1361 2206 δὲ
1378 2179 1444 2214 μόνη
1457 2179 1474 2214 ἡ
1492 2179 1549 2214 ἁφὴ
1564 2180 1704 2213 ἀναγκαία
1722 2179 1782 2205 ἐστὶ
1799 2178 1837 2212 τῷ

203 2226 375 2254 necessarius
391 2226 436 2257 sit,
453 2229 483 2253 ut
507 2225 609 2252 animal
623 2225 669 2257 sit,
683 2223 782 2258 reliqui
800 2231 866 2251 vero
879 2230 987 2255 sensusI

1044 2224 1116 2258 ζώῳ,
1138 2223 1171 2250 ἵν’
1223 2224 1304 2257 ζῶον,
1327 2225 1354 2250 αι
1378 2224 1405 2251 δὲ
1424 2225 1519 2251 λοιπαὶ
1535 2225 1590 2251 τῶν
1608 2225 1774 2260 αἰσθήσεων,
1789 2224 1838 2259 οὐχ

203 2282 257 2301 non
271 2278 299 2300 ut
314 2272 415 2300 animal
429 2271 476 2304 sit,
489 2272 536 2299 sed
555 2276 584 2298 ut
599 2271 670 2298 bene
682 2276 710 2298 et
723 2269 845 2306 jucunde
865 2271 950 2301 vivat.
965 2273 993 2296 et

204 2321 307 2355 absque
322 2318 454 2354 periculo,
467 2323 494 2345 et
506 2318 562 2346 sola
575 2318 697 2345 Romana
715 2317 797 2344 lartui
808 2320 994 2351 comparetur,

204 2367 261 2394 sola
276 2366 360 2401 igitur
378 2365 422 2392 illa
435 2365 489 2392 erit
505 2365 662 2392 necessaria
692 2363 861 2395 hominibus,
877 2363 924 2397 qui
953 2369 996 2389 re-

206 2419 276 2442 ctam
290 2419 371 2448 atque
388 2411 570 2439 orthodoxam
597 2410 751 2438 doctrinam
766 2409 910 2436 ambiunt:
930 2408 995 2436 reli-

165 2458 169 2463 ’
206 2469 267 2495 qua:
293 2467 357 2487 vero
385 2459 512 2487 Ecclesia:
551 2457 584 2485 ad
614 2457 684 2484 bene
709 2461 737 2483 et
768 2455 883 2488 facilius~
915 2458 998 2490 atque

207 2508 318 2536 suavius
343 2514 445 2534 rectam
486 2506 654 2533 doctrinam'
675 2504 806 2532 tuendum
835 2503 999 2531 necessaria:

207 2553 380 2582 solummodo
408 2558 500 2580 erunt.
526 2551 589 2579 Haec
602 2552 675 2579 enim
698 2551 790 2578 omnia
819 2558 853 2577 ex
882 2550 999 2577 adducta

208 2602 389 2629 similitudine
405 2604 624 2635 consequuntur,
644 2607 727 2634 quam
756 2598 844 2626 sancti
860 2598 957 2633 l’atres
972 2601 1000 2623 et

209 2649 335 2675 doctores
348 2647 476 2675 Ecclesia:
499 2651 646 2681 usurpant,
663 2645 728 2672 dum
740 2645 862 2679 quinque
889 2650 1001 2678 magnas

211 2694 348 2721 licele~ias
362 2693 485 2728 quinque
504 2692 653 2720 animantis
683 2691 811 2719 Sensibus
828 2695 999 2725 comparant.

213 2741 291 2768 Velut
302 2741 376 2767 enim
390 2740 491 2767 animal
507 2744 559 2770 est.
578 2739 650 2774 quod
679 2746 778 2766 sensus
792 2738 885 2769 habet.
902 2741 930 2764 et
946 2744 1000 2763 non

213 2786 271 2820 ipse
291 2794 401 2816 scusus.
411 2786 484 2813 aliud
501 2786 574 2813 enim
602 2791 644 2813 est
658 2785 704 2820 qui
724 2783 858 2820 possidet,
873 2787 902 2810 et
928 2782 1000 2809 aliud

213 2831 285 2864 qum]
298 2831 469 2865 possidetur;
485 2831 541 2866 pari
558 2831 637 2858 modo
652 2839 704 2858 non
718 2835 759 2858 est
779 2829 913 2859 Ecclesia,
929 2827 1000 2862 quod

218 2877 353 2904 ECCiC:iﬂS
368 2877 458 2911 habet,
477 2878 522 2906 sed
541 2878 713 2906 Christianus
736 2876 914 2905 orthodoxus.
932 2875 1002 2903 Dcii-

1046 2270 1081 2296 ῖν¹
1130 2270 1212 2301 ζῶον,
1225 2271 1284 2296 ἁλλ¹
1299 2271 1332 2297 ἶν’
1348 2271 1378 2298 εὖ
1399 2271 1447 2297 καὶ
1463 2271 1548 2306 ἡδέως
1566 2270 1611 2306 ζῇ,
1628 2272 1675 2297 καὶ
1697 2271 1839 2297 ἁνεπικιν-

1045 2316 1187 2348 δυνότερον
1214 2317 1363 2351 ἀναγκαία.
1382 2317 1414 2343 Δί
1432 2317 1459 2343 δὲ
1483 2317 1576 2343 λοιπαὶ
1593 2317 1646 2343 τῶν
1669 2307 1840 2350 Ὲκκλῗισιιῖιν

1047 2362 1115 2398 πρδις
1139 2363 1170 2389 τὸ
1193 2361 1222 2388 εὖ
1247 2362 1321 2397 ἔχειν
1350 2364 1396 2390 καὶ
1414 2364 1480 2398 ῥᾷον
1508 2363 1555 2390 καὶ
1575 2363 1662 2397 ἡδέως
1687 2362 1840 2398 ὀρθοδσξεῖν

1047 2410 1193 2443 ἀναγκαῖαι
1222 2410 1301 2444 μόνον
1331 2410 1394 2436 εἰσί.
1426 2409 1521 2436 Ταῦτα
1549 2409 1603 2444 γὰρ
1632 2409 1721 2436 πάντα
1742 2409 1774 2434 ὲκ
1791 2408 1839 2442 τῆς

1048 2455 1205 2491 ὁμοιώσεως
1231 2455 1340 2488 ἕπεται,
1368 2456 1400 2491 ἢν
1417 2455 1442 2482 οι
1460 2456 1528 2482 θεῖοι
1554 2455 1676 2490 Πατέρες
1695 2455 1743 2481 καὶ
1769 2453 1839 2480 διδά-

1051 2503 1145 2530 σκαλοι
1161 2503 1212 2536 τῆς
1235 2502 1402 2537 Ἐκκλησίας
1419 2502 1570 2532 ποιοῦνται,
1590 2501 1639 2532 τὰς
1656 2501 1737 2526 πέντε
1757 2499 1840 2534 μεγά-

1049 2550 1098 2581 λας
1117 2549 1283 2584 Ἐκκλησίτς
1304 2549 1363 2580 ταῖς
1379 2549 1461 2575 πέντε
1476 2548 1522 2574 τοῦ
1537 2546 1608 2580 ζώου
1625 2546 1773 2580 αἱσῡήσεσι
1792 2554 1841 2570 τα-

1051 2595 1242 2631 ραϐάλλοντες.
1260 2595 1366 2628 ’Ὥσπερ
1395 2593 1442 2621 οὖν
1471 2594 1542 2626 ζῶόν
1567 2594 1626 2620 ἔστι
1653 2593 1684 2619 τὸ
1709 2592 1771 2626 ἕχον
1795 2592 1841 2622 ei;

1051 2641 1205 2675 αἰσθήσεις,
1239 2640 1288 2666 οὐκ
1319 2640 1456 2674 αἴσθησις,
1478 2639 1542 2666 ἄλλο
1566 2639 1621 2672 γὰρ
1643 2638 1673 2664 τὸ
1699 2638 1772 2672 ἕχον,
1799 2638 1843 2663 καὶ

1051 2689 1115 2716 ἄλλο
1129 2688 1160 2715 τὸ
1169 2687 1298 2722 ἐχόμενον
1310 2696 1316 2703 ·
1329 2686 1416 2718 οὕτως
1431 2687 1482 2713 οὐκ
1503 2686 1652 2720 Ἐκκλησία
1668 2686 1727 2711 ἐστὶ
1738 2684 1768 2710 τὸ
1784 2685 1843 2718 ἔχον

1052 2735 1101 2766 τὰς
1123 2734 1306 2768 Ἐκκλησίας,
1334 2733 1392 2760 ἀλλ’
1410 2733 1548 2768 ὀροὸδοξος
1572 2731 1748 2766 Χριστιανός.
1773 2730 1843 2764 ’(νρί-

1054 2782 1130 2813 {atat
1147 2781 1175 2807 δὲ
1191 2780 1222 2806 τὸ
1239 2780 1309 2812 ζῶον
1326 2781 1358 2815 τῇ
1376 2780 1432 2815 ἀφῇ
1446 2787 1452 2794 ·
1481 2777 1603 2813 ὁρίζεται
1620 2778 1675 2809 ἄρα
1701 2776 1748 2802 καὶ
1773 2777 1788 2809 ἡ
1803 2775 1845 2809 ἐρ-

1055 2826 1161 2858 Οοδῡξτα
1182 2827 1214 2861 τῇ
1232 2826 1282 2858 τῆς
1302 2824 1414 2859 Ῥώμης
1435 2823 1598 2857 Ἐκκλησία,
1622 2822 1658 2852 ὡς
1684 2818 1754 2847 εἶναι
1770 2819 1845 2854 ὀρού-

1056 2871 1129 2904 ὁοξιιν
1155 2873 1200 2898 τὸν
1225 2873 1257 2907 τῇ
1286 2864 1415 2906 (lavini/Ii;
1442 2871 1489 2905 τῆς
1513 2869 1658 2904 Ῥωμαίων
1681 2867 1842 2901 Ἐκκὶησῑας
