1916 3057
77 135 140 166 857

581 139 628 169 DE
652 140 732 170 UNA
755 141 801 170 ET
822 141 1036 173 CATIIOLICA
1053 144 1245 177 ECCLESIA.

1662 152 1715 184 858

78 192 229 226 ἑπόμενον.
249 191 368 224 Σώζεται
386 192 413 218 δὲ
429 192 516 224 οὐδεὶς
534 193 572 227 μὴ
588 193 741 228 ὀρθὸδοξος.
763 194 860 221 ’Λδύνα

925 195 1000 222 uitur
1011 205 1076 224 vero
1091 199 1191 227 animal
1209 203 1292 232 laetu,
1317 202 1487 230 detiniuutur
1507 209 1533 231 et
1554 205 1612 239 ipsa
1641 213 1713 234 recta

78 247 130 264 τον
147 238 200 272 ἄρα
217 238 335 273 σωθῆναι
349 238 394 264 τὴν
416 239 453 274 μὴ
469 240 502 274 τῇ
525 239 673 275 Ἐκκλησία
689 241 738 274 τῆς
758 240 871 276 Ῥώμης

79 283 339 317 συνορθοδοξοῦντα.

927 241 1052 276 dogmata
1080 243 1202 272 Ecclesia
1229 247 1350 274 Romana
1376 257 1382 279 ;
1417 254 1446 275 iit
1471 249 1641 278 ortliodoxus
1667 253 1713 279 ille

914 291 1083 321 'reputetiir.
1099 291 1145 324 qui
1161 291 1290 318 Romanu:
1308 293 1434 321 Ecclesim
1453 295 1650 329 professionem
1668 305 1712 324 se-

81 332 191 365 quitur.
209 332 244 358 At
269 333 372 362 nullus.
396 334 442 368 qui
464 333 633 361 ortliodoxus
649 342 703 361 non
720 334 766 367 sit,
784 335 898 362 salutem
920 337 1107 371 consequitur.
1123 337 1193 365 Fieri
1218 346 1283 374 ergo
1305 349 1358 367 non
1375 346 1473 375 potest,
1488 347 1516 369 ut
1531 351 1601 371 unus
1614 344 1713 379 aliquis

79 380 166 406 saluti
185 388 240 407 sine
267 381 420 415 provideat,
433 382 478 416 qui
502 390 564 409 eum
583 382 703 410 Romana
728 383 848 410 Ecclesia
877 391 931 410 una
950 385 1117 412 ortliodoxus
1131 394 1185 413 non
1203 393 1254 414 est.

118 427 160 454 ιδ’.
177 428 312 463 Βούλομαι
324 429 345 454 δ’
359 430 452 464 ἐπειδὴ
465 430 542 462 τάξιν
552 430 626 465 ἔχειν
639 432 689 463 τὰς
709 432 871 468 Ἐκκλησίας

79 473 113 498 ἐκ
133 473 186 499 τῶν
210 475 383 509 πραγμάτων
406 475 496 501 αὐτῶν
525 476 572 502 καὶ
596 477 644 510 τῆς
670 475 869 514 ὁμοιώσεως,ᾖ

79 519 305 553 παραϐάλλουσιν
321 521 345 546 οἱ
363 522 430 547 Baio:
448 522 572 556 Πατέρες
588 522 673 554 αὑτὰς
688 525 748 555 ταῖς
773 524 869 558 αἰσθή-

79 571 167 595 σεσιν,
184 563 376 598 ἀπεδείξαμεν,
391 565 422 591 οὐ
436 566 485 600 τὴν
502 567 562 592 κατ’
585 567 784 604 ἀπαρίθμησιν,
803 569 870 596 ἀλλὰ

79 610 280 645 πραγματικὴν
297 612 344 637 καὶ
357 611 496 646 ἀληθινὴν,
511 612 572 647 ἥτις
590 613 689 649 tottot)
705 615 764 640 κατ’
779 615 867 646 ἀξίαν·

78 656 110 680 οὐ
132 656 187 688 γὰρ
217 656 331 683 δυνατὸν
362 657 445 692 ἄλλην
469 658 485 692 ἢ
513 659 563 692 τὴν
593 661 654 686 κατ’
685 661 763 694 ὀξίαν
793 661 869 694 τάξιν

77 703 286 736 πραγματικῶς
316 703 390 736 ἔχειν
418 705 467 735 τὰς
498 705 672 739 Ἐκκλησίαῇ
701 707 779 740 ὀλίγα
807 709 868 734 τινὰ

81 750 148 782 περὶ
177 749 226 782 τῆς
262 751 459 784 πραγματικῆς
496 750 598 785 ταύτης
629 751 731 784 τάξεως
767 754 866 781 εἰπεῖν.

80 793 170 818 ῐΙλείω
185 796 238 826 γὰρ
249 794 279 819 οὺ
296 794 415 827 δύναμαι
431 796 461 820 τό
476 803 507 828 γε
522 795 568 821 νῦν
585 796 647 830 ἕχον
664 797 754 831 λέγειν
765 806 772 812 ’
788 799 867 824 τοῦτο

75 839 131 872 μὲν
142 839 182 873 τῷ
198 839 288 871 ἄλλοις
304 840 472 874 ἐνοχλεῖσθαι
488 841 608 875 πολλοῖς,
624 843 704 869 τοῦτο
718 844 745 870 δὲ
768 845 814 870 καὶ
829 845 867 878 τῷ

963 434 1005 460 14.
1024 434 1071 461 Est
1088 443 1171 468 porro
1195 436 1220 462 iii
1247 437 1349 468 animo,
1378 445 1438 465 cum
1454 439 1580 466 ordinem
1596 448 1656 467 esse
1683 442 1710 468 in

925 478 1064 512 Ecclesiis,
1086 489 1118 507 cx
1146 481 1227 508 rebus
1249 482 1325 516 ipsis,
1352 489 1379 511 et
1395 485 1582 518 similitudine,
1597 494 1650 520 qua
1664 494 1711 514 cas

923 526 1010 553 sancti
1022 526 1117 554 Patres
1132 535 1192 554 cuin
1210 529 1336 556 sensibus
1348 536 1516 564 comparant,
1528 533 1709 565 ostendimus,

924 579 979 598 non
1005 579 1068 598 eum
1086 573 1131 607 qui
1158 582 1191 600 ex
1213 575 1422 602 enumeratione
1442 578 1630 610 consequitur,
1660 580 1708 606 sed

924 617 1023 644 realem
1043 623 1071 645 et
1091 626 1196 652 verum,
1213 620 1259 654 qui
1287 625 1329 647 est
1357 621 1508 648 secundum
1530 623 1707 657 dignitatem;

921 669 1010 696 neque
1024 663 1096 690 enim
1121 664 1178 690 ﬁeri
1193 670 1295 698 potest,
1312 670 1341 692 ut
1360 666 1441 693 alium
1458 675 1539 701 quam
1557 669 1644 700 illum,
1660 670 1708 702 qui

919 713 952 733 ex
974 707 1106 741 dignitate
1129 714 1180 739 est.
1200 710 1323 737 ordinem
1352 711 1440 744 reipsa
1470 712 1599 740 Ecclesiae
1621 715 1709 748 possi-

920 751 1014 783 deant,
1027 752 1112 786 pauca
1124 755 1248 788 quaedam
1276 755 1309 781 de
1330 756 1396 782 reuli
1421 756 1473 783 lioc
1499 757 1596 784 ordine
1622 755 1708 785 disse-

919 805 996 831 rere;
1011 806 1073 825 cuiu
1087 808 1140 826 non
1160 801 1235 834 plura
1251 801 1322 828 vires
1336 802 1361 829 in
1382 803 1526 836 praesentia
1545 809 1704 838 suppetant,

920 847 976 870 tum
1004 845 1078 879 quod
1108 846 1169 873 aliis
1199 848 1292 874 militis
1315 856 1479 882 prmgravor,
1497 853 1553 875 lum
1580 851 1652 884 quod
1679 851 1706 877 iii

80 887 118 919 μὴ
133 886 278 912 διακεῖσθαί
296 895 351 920 μοι,
368 887 405 918 ὡς
422 887 563 922 βούλομαι,
578 888 623 914 τὸν
641 889 761 922 Ἕλληνα
775 890 861 923 λόγον.

918 889 1007 924 lingua
1021 891 1124 921 Grirca.
1137 897 1165 918 iit
1182 892 1288 924 vellem,
1301 893 1437 920 exercitus
1452 902 1505 920 non
1519 894 1568 921 siin
1579 903 1586 927 ;
1596 897 1707 929 quando

79 932 135 958 Kal.
156 932 223 958 αὐτὸ
239 933 293 967 γὰρ
313 933 343 958 τὸ
367 935 513 968 χαράττειν
536 935 600 966 τοὺς
622 934 796 970 Ἑλληνικοὺς
811 936 866 962 τῶν

77 978 252 1012 γραμμάτων
280 979 457 1014 χαρακτῆρας
482 980 612 1015 δυσχερές
636 981 681 1015 μοί
698 981 768 1008 ἐστι.
786 981 817 1008 Et
838 981 866 1008 δὲ

76 1023 168 1060 δοθείη
188 1025 232 1058 μοί
249 1033 312 1051 ποτε
335 1025 428 1060 σχολὴ,
444 1026 542 1060 γράψω
559 1027 714 1059 Λατινικῶς
732 1028 796 1063 περί
811 1028 865 1054 τῶν

76 1069 211 1096 τοιούτοιν
229 1070 409 1105 πλατύτερον,
433 1071 529 1106 ὥσπερ
545 1073 591 1098 καὶ
607 1074 670 1108 περὶ
688 1074 776 1100 ἄλλων
800 1074 866 1101 πολ-

77 1114 133 1141 λῶν
144 1123 152 1129 ·
166 1115 207 1141 ἵνα
221 1117 245 1141 εἰ
260 1116 306 1142 καὶ
318 1116 402 1151 μηδὲν
413 1116 487 1149 ἄλλο,
499 1118 669 1152 ἁμαρτωλῶν
678 1119 764 1146 ὄντων
774 1120 863 1156 ἡμῶν,

78 1161 146 1187 ἀλλὰ
160 1161 224 1194 γοῦν
238 1161 272 1188 τὰ
285 1162 333 1196 τῆς
353 1162 508 1196 όρϐοδοξιας
523 1164 572 1198 τῆς
586 1164 724 1198 ἡμετέρας
741 1166 780 1196 είς
800 1166 865 1200 ὕφε-

77 1207 122 1238 λος
148 1207 203 1233 τῶν
222 1207 370 1241 μετέπειτι
398 1210 592 1244 περιφέρηται.
611 1211 716 1246 Ὥσπερ
734 1212 788 1246 γὰρ
812 1212 864 1248 χρὴ

77 1253 298 1288 ἐξομολογεῖσθαι
323 1253 372 1284 τὰς
391 1254 459 1286 ιδίας
476 1256 616 1291 ἁμαρτίας
633 1256 719 1290 τόνγε
735 1257 865 1291 Χριστια-

77 1301 155 1337 νὶνσί
171 1299 242 1325 οὕτω
270 1300 318 1326 καὶ
343 1301 391 1334 τὴν
423 1300 578 1335 ὁροοόοξίαν
604 1302 686 1328 αὑτοῦ
717 1303 864 1337 κηρύττειν

74 1346 238 1379 ἀναγκαῖον,
253 1345 289 1377 ὡς
301 1346 367 1381 παρ’
378 1347 461 1373 αὑτοῦ
475 1347 656 1382 δεδιδάγμεθα
667 1348 713 1374 τοῦ
727 1348 861 1383 Σωτῆρος.

82 1391 281 1427 Ὀμολογήσειν
295 1392 351 1427 γὰρ
368 1393 567 1426 ἐπαγγέλλεται
583 1393 738 1428 ἔμπροσθεν
749 1394 796 1420 τοῦ
810 1395 864 1421 Πα-

76 1438 139 1472 τρὲις
154 1439 216 1469 τοὺς
244 1438 443 1472 ὁμολογοῦντας
468 1439 549 1465 αὐτὸν
578 1439 732 1475 ἔμπροσθεν
747 1440 803 1466 τῶν
818 1441 862 1467 ἀν-

78 1483 206 1518 θρώπων.
224 1484 307 1516 Τάξις
321 1482 367 1511 οὖν
381 1485 455 1510 ἐστιν
479 1486 508 1510 ἐν
525 1486 557 1520 τῇ
579 1485 727 1520 Ἐκκλησία
746 1486 776 1512 οὺ
803 1486 862 1512 κατ’

77 1530 266 1565 ἀπαρίθμησιν
278 1552 285 1561 ,
317 1531 385 1558 ἀλλὰ
402 1532 595 1566 πραγματικὴ,
614 1531 643 1557 οὐ
660 1531 778 1565 φύπεως,
806 1531 862 1557 ἀλλ’
877 1549 897 1576 c

78 1575 167 1607 ἀξίας.
182 1575 238 1609 Τῆς
253 1576 281 1602 δὲ
296 1577 492 1611 πραγματικῆς
505 1575 609 1609 τάξεως
624 1576 702 1602 τοῦτο
715 1576 780 1603 ἴδιόν
792 1577 860 1612 ἐστι,

75 1622 106 1646 τὸ
119 1621 243 1657 προέχειν
257 1622 310 1648 τῶν
324 1623 465 1657 ἑπομένων
479 1622 512 1648 τὰ
521 1623 649 1657 ,πρότερα
658 1631 664 1637 ·
680 1621 734 1649 οἷον
747 1623 777 1649 τὸ
788 1623 862 1657 πρῶ-

75 1674 122 1692 τον
137 1667 216 1698 εὐθὺς
234 1669 343 1694 πάντων
363 1668 416 1694 τῶν
433 1669 491 1702 μετ’
507 1669 606 1700 ἐκεῖνο,
629 1668 677 1694 καὶ
691 1668 721 1695 τὸ
736 1668 862 1703 δεύτερον

78 1713 249 1747 ἐξῃρημέναι)
264 1713 311 1738 τοῦ
329 1712 435 1747 πρώτου
452 1714 560 1740 πάντων
575 1714 628 1741 τῶν
643 1714 752 1749 ἑφεξῆς.
768 1715 815 1741 καὶ
829 1715 860 1741 τὸ

75 1760 166 1793 τρίτον
183 1758 285 1792 ὁμοίως
308 1759 363 1785 τῶν
389 1759 461 1785 κατὰ
486 1758 585 1786 ταῦτα.
611 1760 660 1786 Διὰ
675 1760 756 1786 τοῦτο
775 1761 792 1795 ή
808 1761 860 1786 τῶν

83 1805 279 1840 Ἰεροσολύμων
299 1805 447 1840 Ἐκκλησία
465 1806 570 1840 ἐσχάτη
586 1805 653 1832 οὖσα
667 1808 699 1841 τῇ
721 1807 796 1838 τάξει
812 1807 860 1832 αὑ-

76 1853 125 1886 τὴν
155 1852 240 1885 μόνην
259 1851 423 1887 κυϐερνήσει
442 1852 489 1878 καὶ
506 1852 636 1886 οὐδεμίαν
663 1852 718 1884 ἕξει
736 1851 861 1883 ἐξουσίαν

50 1901 58 1909 ¹
77 1898 147 1924 κατᾶ
160 1898 214 1924 τῶν
231 1898 329 1926 ἄλλων.
353 1898 386 1923 Ἢ
410 1897 438 1924 δὲ
463 1898 512 1932 τῆς
546 1898 709 1931 Ἀντιοχείας
729 1898 795 1931 πρὸς
811 1898 860 1932 μὲν

76 1947 124 1976 τὰς
144 1945 354 1979 προηγουμένας
369 1944 446 1970 οὐδὲν
459 1944 583 1975 δύναται,
600 1943 696 1978 καιροῦ
708 1944 735 1969 δὲ
747 1943 860 1970 καλοῦνο

76 1999 120 2021 τος
144 1989 288 2024 δυνήσεταί
315 1998 376 2016 τινα
407 1990 476 2024 μετὰ
503 1989 551 2024 τῆς
575 1989 630 2015 τῶν
656 1990 763 2024 Ἱεροσοῖ
774 1989 858 2023 ύμων.

77 2033 138 2062 υἴόν
154 2045 179 2062 τι
207 2036 286 2069 λέγω.
314 2037 452 2071 ’Λφορίζει
478 2037 491 2062 6
509 2036 564 2062 τῶν
585 2035 781 2070 Ἰεροσολύμων
806 2043 859 2061 πα-

76 2083 207 2118 τριάρχης
225 2083 296 2109 τινά.
318 2082 345 2108 '0
368 2083 396 2108 δὲ
419 2082 589 2115 καταφεύγει
605 2082 651 2107 ἐπὶ
666 2082 711 2107 τὸν
727 2081 775 2116 τῆς
800 2082 859 2108 Ἀν-

77 2130 203 2163 τιοχειας.
232 2129 296 2154 Λύει
323 2127 419 2154 τοῦτον
436 2128 557 2160 ἐκεῖνος,
583 2126 668 2161 μηδὲν
697 2127 752 2152 τῶν
772 2126 860 2153 ἄλλων

77 2175 240 2206 ποιούντων,
273 2174 289 2208 ἢ
321 2173 467 2207 λεγόντων.
495 2171 570 2208 Ἀρα
603 2173 640 2204 ὡς
669 2173 859 2207 ἀφωρισμένον

918 938 946 960 et
964 934 1035 968 ipsas
1050 935 1207 963 Grmiarum
1227 937 1381 964 litterarum
1406 943 1485 964 notas
1511 947 1624 966 c\arare
1639 948 1706 974 per-

918 979 1030 1007 difﬁcile
1048 981 1113 1008 milii
1129 982 1185 1008 sit:
1204 983 1275 1017 quod
1295 984 1316 1009 si
1327 984 1438 1022 dubitur
1450 984 1595 1018 aliquando
1605 986 1705 1018 otium,

918 1025 952 1053 de
964 1026 997 1053 iis
1015 1026 1109 1054 iisdem
1125 1028 1208 1055 rebus
1229 1029 1345 1056 scribam
1371 1029 1466 1057 Latine
1483 1031 1580 1064 fusius,
1605 1039 1703 1065 queui-

917 1071 1063 1099 admodum
1078 1074 1173 1108 scripsi
1187 1075 1260 1102 etde
1276 1076 1338 1103 aliis
1362 1076 1474 1109 multis;
1494 1082 1533 1110 ut,
1551 1079 1603 1104 etsi
1633 1078 1701 1105 nihil

916 1117 1002 1151 aliud,
1029 1126 1090 1146 cum
1121 1120 1229 1154 ﬂagitiis
1257 1129 1414 1154 oneremur,
1445 1124 1540 1150 saltem
1561 1132 1622 1158 qua:
1652 1132 1704 1152 nos

917 1169 991 1191 recte
1001 1164 1146 1197 sentimus.
1168 1166 1200 1192 ad
1228 1172 1398 1200 posterorum
1419 1169 1562 1196 utilitatem
1582 1170 1701 1196 circum-

916 1208 1050 1236 feruntur.
1079 1209 1122 1237 Uti
1148 1211 1220 1238 enim
1245 1211 1430 1240 Christianum
1451 1214 1566 1241 addecet
1593 1216 1701 1249 propria

915 1256 1039 1282 conﬁteri
1055 1263 1175 1290 pec-ala,
1192 1257 1227 1283 ita
1249 1262 1276 1284 et
1289 1258 1425 1292 propriam
1444 1263 1545 1285 rectam
1565 1263 1647 1294 atque
1662 1261 1703 1286 in-

917 1304 1017 1334 tegram
1038 1300 1071 1327 dc
1087 1302 1169 1328 rebus
1192 1302 1253 1328 ﬁdei
1279 1302 1453 1336 dogmatibus
1470 1304 1596 1338 evulgarc
1621 1304 1701 1331 debet

915 1345 1087 1376 sententiam,
1106 1350 1135 1372 ut
1149 1346 1182 1372 ab
1197 1346 1256 1380 ipso
1270 1346 1414 1374 Sci'vatore
1431 1352 1526 1374 nostro
1540 1348 1701 1381 didicimus,

915 1390 960 1424 qui
977 1391 1108 1424 promittit
1121 1399 1150 1418 sc
1162 1399 1252 1417 coram
1271 1391 1349 1418 Patre
1375 1392 1564 1419 confessurum
1582 1393 1642 1420 illos
1653 1394 1711 1428 qiii‘

914 1442 976 1461 eum
989 1442 1080 1461 coram
1096 1435 1253 1463 hominibus
1264 1437 1482 1470 conﬁtebuntur.
1497 1437 1546 1465 Est
1564 1438 1657 1472 itaque
1673 1439 1700 1465 in

914 1481 1028 1507 ecclesia
1044 1481 1174 1508 ordonon
1198 1483 1417 1515 eniiiiicratioue,
1438 1483 1485 1510 sed
1501 1492 1540 1517 re,
1571 1492 1624 1511 non
1652 1493 1701 1512 na-

916 1532 993 1560 turm,
1007 1527 1054 1555 sed
1069 1527 1220 1562 dignitatis.
1248 1528 1338 1555 Rei-lis
1355 1537 1436 1563 porro
1451 1530 1556 1557 ordinis
1583 1531 1608 1557 id
1635 1538 1701 1565 pro-

917 1572 1004 1606 prium
1015 1576 1064 1603 est,
1074 1573 1163 1606 priora
1178 1572 1210 1598 iis
1220 1580 1291 1606 quae
1304 1579 1521 1606 consequuntur,
1531 1576 1698 1607 prazcellere,

916 1618 1030 1650 exempli
1055 1618 1154 1652 gratia,
1183 1618 1299 1652 primum
1324 1619 1455 1646 continuo
1479 1620 1618 1653 omnibus,
1640 1629 1701 1654 qua:

916 1669 976 1698 post
994 1664 1059 1691 illud
1079 1670 1152 1696 sunt,
1165 1670 1193 1691 et
1220 1665 1383 1696 secundum,
1401 1673 1455 1692 uno
1471 1671 1585 1700 excepto
1599 1667 1699 1701 primo,

916 1709 1053 1741 omnibus,
1075 1717 1134 1743 qua:
1165 1714 1220 1735 tum
1246 1709 1308 1736 inde
1323 1715 1514 1741 numerantur,
1528 1715 1555 1737 et
1589 1714 1699 1738 tertium

915 1753 1041 1780 similiter
1053 1754 1087 1781 iis
1101 1762 1161 1789 qua:
1183 1755 1334 1781 secunde
1357 1755 1422 1781 illud
1448 1761 1522 1782 sunt.
1550 1756 1699 1790 Proliterea

915 1797 1157 1834 llierosolyniilana
1184 1799 1316 1832 Ecclesia,
1344 1807 1405 1826 cum
1431 1800 1466 1826 sit
1497 1802 1618 1827 omnium
1652 1810 1700 1836 po-

915 1848 1015 1870 strema
1031 1845 1138 1875 ordine,
1156 1845 1329 1879 semetipsum
1357 1845 1442 1872 solam
1461 1846 1635 1880 gubernabit,
1649 1856 1700 1875 nec

917 1889 998 1915 ullam
1014 1890 1040 1915 in
1058 1891 1177 1924 reliquas
1190 1890 1325 1917 Ecclesias
1343 1892 1534 1917 anetoritatcm
1546 1892 1697 1920 adhibebit.

914 1934 1084 1962 Aiitiucliena
1095 1943 1159 1970 erga
1171 1944 1217 1962 cas
1234 1944 1293 1970 qua:
1308 1944 1369 1964 sese
1382 1937 1551 1971 praecedunt,
1567 1937 1612 1971 jus
1637 1940 1699 1966 nul-

914 1979 970 2007 luin
985 1980 1036 2007 sibi
1048 1981 1192 2006 veiidieat:
1215 1983 1236 2007 si
1254 1988 1313 2007 sese
1332 1986 1422 2008 tamen
1438 1981 1529 2008 tulerit
1562 1984 1672 2010 occasio
1689 2005 1697 2016 ,

913 2026 1044 2053 nonnulla
1060 2026 1087 2053 iii
1103 2026 1376 2061 Hierosolymitanam
1394 2027 1544 2054 cxercebit.
1577 2028 1697 2064 Exempli

913 2079 995 2100 causa
1007 2077 1124 2107 ponatur
1138 2082 1145 2100 :
1164 2073 1320 2099 Patriarelia
1344 2073 1607 2108 llierouolymitanus
1623 2083 1698 2103 com-

913 2120 1042 2146 munione
1058 2119 1178 2147 tidelium
1193 2120 1311 2154 aliquem
1336 2120 1426 2154 privat
1446 2121 1512 2148 :ille
1538 2121 1571 2148 ad
1603 2123 1698 2149 Antio-

913 2167 1032 2194 chenum
1056 2167 1188 2201 confugit,
1216 2167 1345 2200 huncque
1368 2167 1425 2199 ille,
1451 2168 1519 2195 nihil
1551 2169 1612 2196 aliis
1642 2169 1699 2196 etii-

77 2220 296 2255 ἁποστρέφεσθαι
312 2220 365 2254 χρὴ
381 2220 427 2245 τὸν
443 2219 538 2253 ἄνδρα,
560 2218 635 2254 ἠοῦς
654 2219 767 2255 Μεγάλῃ
784 2220 859 2254 φωνῇ

916 2212 1060 2244 cientibus,
1081 2217 1128 2239 aut
1161 2212 1396 2244 auiiuntiaiitibus,
1413 2213 1440 2239 iii
1477 2215 1696 2242 communionem

78 2267 170 2301 κράςω
184 2265 214 2291 τὸ
225 2264 333 2297 δοκοῦν,
346 2266 370 2291 εἰ
389 2264 496 2298 ἀνάγκη
513 2272 559 2299 μοι
581 2265 657 2291 ἔσται
681 2265 760 2290 τοῦτο
783 2272 858 2298 περι-

78 2309 178 2342 πεσεῖν,
211 2311 334 2344 κρεῖττόν
361 2318 405 2344 μοι
434 2308 505 2336 εἶναι
533 2310 637 2344 νομίζω
668 2310 858 2345 ἀφωρισμένον

77 2356 144 2384 εἶναι
170 2359 246 2392 παρὰ
264 2356 313 2383 τοῦ
333 2356 536 2391 Ἱεροσολύμων,
563 2357 609 2382 καὶ
625 2356 769 2390 λελυμένον
784 2357 858 2390 παρὰ

77 2404 122 2431 τοῦ
146 2404 321 2438 Ἀντιοχείας,
346 2403 361 2438 ἢ
380 2403 572 2437 ἁῳωρισμένον
591 2403 665 2434 ’παρὰ
688 2400 734 2428 τοῦ
756 2403 859 2428 Ἀντιου

77 2451 149 2484 λείας
165 2450 211 2475 καὶ
227 2449 372 2482 λελυμένον
391 2447 466 2482 παρὰ
480 2447 527 2473 τοῦ
549 2446 753 2481 Ἰεροσολύμων.
773 2446 857 2474 Τοῦτο

77 2504 128 2530 γαρ
139 2504 151 2521 ο
167 2495 243 2527 λόγος
257 2494 303 2528 τὴς
326 2494 428 2525 τάξεως
446 2495 494 2519 καὶ
520 2494 550 2518 τὸ
572 2494 676 2527 πρέπον
692 2493 757 2519 αὐτὸ
773 2495 857 2519 ἁπαι-

78 2543 127 2569 τεί,
150 2542 206 2566 ’Λεὶ
219 2542 273 2574 γὰρ
289 2539 335 2565 τοῦ
352 2541 487 2574 προτέρου
505 2540 539 2574 τῇ
555 2538 642 2571 τάξει,
668 2539 715 2564 καὶ
735 2540 767 2574 τῇ
795 2539 858 2574 ἀξίᾳ

79 2588 94 2623 ἡ
108 2587 217 2620 δύναμις
231 2586 344 2620 φέρεται
359 2588 397 2616 εὶς
422 2587 458 2611 τὰ
479 2584 592 2618 ὕστερον
604 2590 610 2598 ⁸
627 2583 673 2610 τοῦ
689 2584 716 2610 δὲ
740 2584 856 2619 ὑστέριιυ

79 2634 115 2665 είς
128 2633 160 2659 τὰ
175 2632 309 2666 πρότερον
322 2632 459 2665 οὐδαμῶς.
483 2632 533 2657 Διά
547 2630 625 2657 τοῦτο
639 2632 653 2657 ὁ
666 2630 716 2664 μὲν
731 2630 856 2664 βασιλεὺς

77 2681 136 2710 τοὺς
149 2677 319 2713 στρατηγοὺς
337 2678 439 2712 κρίνειν
455 2677 576 2708 δικαίως,
590 2677 636 2703 καὶ
652 2677 776 2708 κολάζειν
789 2677 857 2703 κατὰ

77 2726 136 2756 τοὺς
151 2726 248 2759 νόμους
264 2725 311 2749 κει.)⁸
331 2723 364 2749 τὰ
382 2722 430 2757 ἕοη
447 2721 572 2753 δύναται,
598 2723 644 2749 καὶ
666 2723 680 2748 ὁ
705 2722 856 2757 στρατηγὸς

78 2773 136 2803 τοὺς
161 2771 328 2806 χιλιάρχους,
354 2770 401 2796 καὶ
429 2770 443 2795 ὁ
466 2770 606 2804 χιλίαρχος
630 2769 693 2799 τοὺς
712 2769 756 2794 ὑπ’
775 2769 856 2795 αὑτὸν

80 2818 289 2853 ἐκατοντᾶρχους
313 2818 404 2844 τάττει
424 2817 461 2848 ὡς
484 2817 535 2849 δεῖ,
560 2816 608 2842 καὶ
623 2815 685 2847 τοὺς
703 2817 741 2850 μὴ
757 2816 855 2849 φυλάτ-

79 2873 168 2897 τοντας
181 2865 231 2900 τὴν
244 2864 321 2897 τάξιν
338 2863 456 2897 κολάζει,
475 2862 520 2888 καὶ
540 2862 554 2888 ὁ
578 2862 775 2897 ἑκατόνταρχος
791 2862 853 2892 τοὺς

910 2258 1039 2285 restituit.
1057 2258 1159 2284 Eritne-
1181 2258 1226 2284 liic
1248 2258 1330 2284 homo
1353 2262 1481 2292 tanquam
1499 2259 1566 2286 diris
1581 2261 1698 2288 devotus

909 2304 1038 2331 vitandus
1056 2303 1097 2331 vel
1114 2303 1188 2330 non?
1211 2303 1306 2338 Magna
1320 2311 1386 2331 voce
1417 2306 1583 2332 sententiain
1608 2314 1694 2334 meam

910 2350 1015 2382 intouo,
1034 2350 1057 2376 si
1071 2349 1220 2377 necessitas
1232 2357 1274 2377 me
1286 2358 1406 2384 utiquam
1418 2351 1452 2378 ad
1470 2351 1496 2378 id
1509 2353 1672 2386 compulerit
1686 2362 1694 2379 ε

909 2396 1080 2423 commodius
1101 2397 1166 2423 milii
1181 2397 1239 2423 fore
1248 2397 1374 2424 existimo
1395 2397 1430 2424 ab
1449 2397 1696 2434 llierosolyiiiitano

909 2445 1104 2470 communione
1118 2444 1238 2470 tidelium
1249 2451 1309 2471 esse
1324 2445 1472 2479 privatum,
1485 2445 1696 2481 restitutumque

909 2490 942 2516 ab
957 2490 1137 2523 Aiitiocbeiio,
1158 2498 1240 2521 quam
1254 2490 1288 2517 ab
1316 2491 1490 2518 Aiitioclieiio
1506 2492 1651 2526 privatum,
1669 2498 1697 2520 ct

910 2536 1065 2562 restitutum
1088 2537 1123 2563 ab
1148 2530 1404 2571 llierosolyniitaiio.
1426 2537 1483 2565 Hoc
1507 2538 1642 2572 siquidem
1668 2545 1697 2565 et

908 2582 1013 2608 ordinis
1029 2582 1110 2613 ratio,
1134 2586 1162 2608 et
1183 2582 1303 2616 postulat
1322 2583 1347 2610 id
1375 2583 1449 2617 quod
1465 2584 1555 2610 decet.
1580 2583 1695 2617 Semper

909 2629 981 2655 enim
996 2634 1023 2655 et
1038 2629 1136 2655 ordine
1152 2634 1179 2655 et
1196 2629 1329 2663 dignitate
1355 2629 1555 2656 excelleiitioris
1581 2630 1695 2658 facultas

910 2676 935 2701 iii
965 2675 1158 2709 subsequentia
1184 2677 1268 2702 robur
1293 2675 1396 2702 habet:
1420 2679 1447 2701 at
1462 2675 1633 2709 subsequens
1667 2676 1693 2702 in

908 2721 1101 2749 excellentiam
1124 2729 1274 2755 nunquam.
1311 2721 1428 2755 ideoque
1454 2728 1501 2746 rex
1533 2720 1694 2755 jiireiiicrito

907 2767 1039 2794 exercitui
1052 2767 1324 2802 pnefectosjudicare
1339 2772 1366 2794 et
1382 2767 1514 2801 castigare
1540 2766 1692 2793 secundum
1713 2798 1719 2805 _

908 2813 982 2847 leges
1001 2817 1030 2840 et
1054 2812 1279 2842 consuetudinem
1292 2817 1392 2846 potest,
1410 2819 1436 2838 ei
1459 2811 1592 2838 exercitui
1614 2819 1692 2845 prte-

909 2859 1162 2892 icciicliiliarotios,
1174 2864 1201 2886 et
1216 2858 1383 2887 cliiliarclius
1395 2866 1443 2887 eos
1453 2859 1499 2894 qui
1513 2858 1563 2887 sub
1573 2866 1602 2886 se
1617 2864 1694 2891 sunt,
