1916 3057
195 88 248 123 ειτ

196 149 294 187 synodi
309 149 498 178 deﬁnitionem
519 150 705 179 verebimini?
722 149 756 178 Et
773 158 899 185 quaenam
911 152 990 180 vobis
1004 157 1026 186 Α

195 197 269 232 apud
287 196 463 225 tremendum
480 195 583 224 Christi
609 195 719 224 tribinal
744 196 889 231 responsio
915 205 994 241 ευρ-ἐ

193 248 268 278 petet
279 244 291 270 τ

229 333 275 361 20.
293 333 328 361 Ει
350 341 414 361 reor
432 333 540 361 nullum
565 339 598 360 ex
623 333 703 361 vobis
729 341 862 362 ausurum
887 339 983 363 contra

193 387 346 415 opponere,
366 379 440 406 aliud
458 386 567 414 papam,
585 379 661 406 aliud
683 380 868 414 patriarcham
885 381 983 416 praeci-

194 434 270 461 pere.
301 426 380 453 Hunc
406 425 544 460 siquidem
581 425 770 453 deﬁnitionem
798 427 981 460 servandam;

193 473 282 505 illum,
292 476 321 500 et
330 479 362 499 ex
377 472 447 499 Filio
459 471 594 507 Spiritum
606 477 730 500 sanctum
744 473 905 508 procedere,
918 481 985 502 voce

193 518 394 546 enuntiandum
404 525 464 546 esse
480 518 622 546 mandare.
634 519 697 547 Haec
711 519 830 547 iortasse
845 521 982 555 quispiam

192 563 294 592 dixerit
325 564 395 591 male
414 564 549 596 sentiens.
571 573 625 592 non
648 565 746 592 eadem
774 573 848 598 esse,
871 566 982 601 planum

192 617 259 637 vero
272 613 315 637 est
329 609 426 637 eadem
441 617 517 638 esse.
534 608 658 645 Namque
675 610 801 638 deﬁnitio
811 612 982 640 credendum

193 662 254 683 esse
265 655 444 688 determinat,
460 655 593 690 Spiritum
618 661 744 684 sanetum
764 665 798 685 ex
811 657 881 685 Filio
909 665 982 691 esse,

192 701 382 728 sanctissimus
397 706 487 729 autem
512 709 581 736 papa
594 702 738 734 Callistus,
763 703 816 731 hoc
832 704 904 731 idem
916 711 983 732 voce

193 747 431 780 pronuntiandum
457 747 585 782 imponit.
595 747 661 781 Qua-
674 755 740 783 ergo
754 748 907 777 differentia
923 750 986 778 est?

191 793 240 821 Vel
253 801 307 828 quo
323 797 403 828 pacto
413 801 528 821 necesse
542 801 596 821 non
612 798 665 826 est,
679 800 709 821 ut
723 795 797 829 quod
808 796 871 831 quis
882 796 983 830 credit,

195 847 263 866 voce
276 840 361 867 etiam
376 840 513 875 exprimat
527 839 539 867 ?
553 839 640 867 Corde
654 840 735 873 enim,
755 841 846 876 inquit
871 842 983 876 Paulus,
1000 833 1022 862 Β

192 884 240 919 qui
253 884 281 911 in
299 885 410 912 tertium
424 885 526 913 cretum
545 886 687 920 ascendit,
702 887 750 922 qui
766 887 856 915 audiit
876 888 986 916 inenar-

192 930 290 957 rabilia
302 931 396 965 verba,
412 939 474 966 qua
490 939 544 959 non
568 931 633 959 iicet
659 933 766 960 homini
791 933 878 968 loqui,
897 939 984 962 terra-

192 983 252 1003 rum
264 976 339 1004 orbis
353 977 496 1012 magister,
506 977 626 1012 Spiritus
638 979 754 1014 gladius,
764 987 812 1007 vas
822 981 982 1015 electionis:

192 1021 290 1054 Corde,
322 1023 429 1056 inquit,
444 1024 564 1050 creditur
591 1025 625 1050 ad
649 1025 805 1059 justitiam,
830 1034 875 1053 ore
895 1032 984 1054 autem

190 1068 322 1102 confessio
343 1068 374 1102 ﬁt
399 1069 433 1096 ad
458 1069 607 1096 salutem‘.
635 1070 668 1097 Et
690 1070 835 1105 Christus,
860 1080 910 1101 eos
935 1074 982 1108 qui

191 1114 358 1142 conlitcntur
376 1115 465 1149 ipsum
480 1122 572 1142 coram
596 1115 768 1150 hominibus,
791 1118 982 1147 confessurum

191 1168 220 1187 se
233 1167 326 1187 coram
339 1160 421 1188 Patre
435 1161 582 1196 promittit.
593 1161 640 1190 Est
650 1171 716 1190 vero
727 1165 831 1192 Veritas
844 1165 981 1194 Christus.

190 1206 242 1239 Qui
273 1206 356 1241 igitur
380 1207 524 1235 veritatem
551 1216 605 1236 non
622 1209 770 1238 conﬁtetur
794 1211 822 1238 in
840 1213 981 1246 omnibus,

190 1252 238 1280 sed
256 1253 431 1287 potissimum
446 1254 473 1281 in
492 1254 623 1282 Ecclesia:
634 1256 820 1292 dogmatibus,
839 1259 981 1288 Christum

191 1300 280 1333 ipsum
308 1307 363 1326 non
392 1300 556 1334 conﬁtetur;
575 1301 623 1335 qui
649 1308 741 1330 autem
765 1304 906 1333 Christum
926 1315 982 1334 non

189 1344 351 1377 conﬁtetur,
369 1345 511 1373 Christum
537 1354 687 1382 pernegat;
717 1353 747 1376 et
772 1350 819 1384 qui
841 1351 981 1379 Christum

188 1395 330 1426 pernegat,
343 1399 457 1427 regnum
473 1392 607 1420 calorum
621 1401 676 1420 non
689 1395 834 1424 obtinebit.
853 1398 982 1433 Propter-

188 1445 221 1464 ea
247 1437 389 1466 sucvimus
417 1446 524 1473 omnes,
539 1447 603 1467 cum
625 1441 715 1476 ipsum
740 1442 881 1471 Christum
909 1445 982 1473 inter

187 1484 281 1511 divina
300 1485 447 1512 missarum
477 1486 621 1520 solemnia,
645 1492 673 1514 et
695 1490 823 1523 mysteria
844 1491 982 1524 videmus,

188 1537 244 1556 non
275 1531 382 1565 Credo,
411 1531 536 1565 Domine,
565 1533 654 1560 solum
671 1534 774 1568 dicere,
803 1535 866 1569 sed,
883 1537 979 1572 Credo,

189 1577 316 1609 Domine,
346 1582 370 1604 et
398 1577 538 1612 conﬁteor.
572 1578 655 1607 Fides
682 1582 767 1615 enim,
800 1590 881 1617 quam
917 1586 981 1620 qui-

187 1624 274 1658 spiam
301 1631 356 1651 non
388 1625 548 1658 confitetur,
576 1626 644 1653 ﬁdes
663 1634 718 1655 non
744 1634 795 1663 est,
813 1631 860 1657 sed
878 1633 979 1666 aptius,

187 1670 289 1697 dixerit
316 1670 398 1703 alius,
429 1670 516 1703 fraus,
543 1671 621 1706 prius
641 1673 669 1699 in
694 1681 723 1701 se
750 1682 846 1703 errore
871 1678 978 1711 hausto,

188 1716 256 1743 alios
271 1715 299 1743 in
308 1722 430 1743 errorem
454 1716 605 1744 adducens.
623 1717 691 1746 Iline
710 1720 776 1748 satis
797 1726 883 1756 patet,
900 1729 975 1756 eum,

186 1761 234 1797 qui
260 1761 344 1790 corde
365 1762 464 1796 credit,
491 1767 521 1790 et
541 1770 590 1790 ore
614 1771 669 1792 non
689 1765 838 1794 conﬁtetur
852 1767 878 1795 id
903 1769 976 1803 quod

186 1810 285 1841 credit,
315 1817 456 1844 nunquam
485 1810 602 1837 salutem
632 1818 871 1848 consecuturum,
898 1816 977 1850 cujus

186 1855 309 1883 haerech
328 1863 379 1884 nos
392 1862 454 1884 esse
474 1855 522 1883 ﬁat
542 1856 629 1891 gratia
658 1857 765 1886 Domini
791 1860 878 1889 nostri
910 1861 975 1890 Jesn

185 1901 297 1930 Christi.
311 1902 407 1930 Amen.

225 1961 231 1976 '
251 1960 330 1988 liom.
344 1968 377 1994 ex,
395 1960 439 1988 10.

790 92 961 125 GEORGII
980 94 1242 126 TBAPEZUNTll

1040 153 1166 189 ὁρισμὸν,
1182 153 1245 180 οὔτε
1259 153 1308 188 τὴν
1325 153 1372 180 τοῦ
1394 152 1568 188 πατριάρχου
1584 152 1696 188 ἐντολὴν
1713 152 1846 188 φοϐηθήο

1048 199 1132 226 σεοῠε
1148 208 1156 233 ;
1174 199 1236 226 οὔτε
1265 200 1311 228 τὸν
1340 200 1391 235 τῆς
1414 200 1524 227 συνόδου
1543 201 1605 235 ὅρον
1625 199 1845 236 αἰδεσθήσεσοε;

1045 248 1101 274 Καὶ
1115 247 1180 274 ποία
1196 247 1263 282 ἡμῖν
1275 246 1352 274 ἔσται
1372 246 1504 281 ἀπολογία
1521 246 1596 282 παρὰ
1612 245 1643 272 τὸ
1658 246 1778 282 φοδερδν
1793 246 1846 273 τοῦ

1044 293 1164 329 Χριστοῦ
1181 293 1257 329 βῆμα
1269 302 1276 327 ',

1080 338 1115 367 κ’.
1136 338 1225 374 Οἶμαι.
1239 340 1279 371 δὲ.
1297 339 1338 367 ὅτι
1361 339 1392 366 οὐ
1415 339 1548 374 τολμήσει
1570 347 1612 370 τις
1635 338 1849 374 ἀνθυποφέρειν

1042 385 1107 411 ἄλλο
1118 385 1164 411 τὸν
1177 385 1295 412 πάππαν
1308 385 1476 417 ἐπιτάττειν,
1492 385 1538 411 καὶ
1555 383 1618 411 ἄλλο
1632 384 1679 411 τὸν
1697 385 1845 419 πατριάρ-

1043 440 1095 466 χην
1112 431 1306 466 προστάττειν.
1328 431 1381 458 Τὸν
1403 431 1452 466 μὲν
1467 431 1521 466 γὰρ
1536 431 1583 457 τὸν
1598 430 1661 465 ὅρον
1677 430 1842 465 φυλάττειν,

1043 478 1090 504 τὸν
1102 477 1132 504 δὲ
1141 478 1172 504 τὸ
1184 478 1216 504 ὲκ
1232 477 1279 504 τοῦ
1294 477 1361 504 Υἱοῦ
1376 476 1575 512 ἐκπορεύεσθαι
1587 477 1618 503 τὸ
1630 476 1709 510 ἅγιον
1722 476 1844 511 Πνεῦμα

1044 525 1180 559 ἑκφωνεῖν
1195 523 1351 558 βούλεσθαι.
1371 524 1464 551 Ταῦτα
1483 523 1505 550 δ’
1525 524 1590 555 ἴσως
1609 523 1706 559 φήσειέ
1726 532 1771 555 τις
1789 526 1844 550 οὐκ

1044 568 1114 596 εἶναι
1129 570 1216 597 ταυτὰ
1237 570 1330 602 κακῶς
1348 570 1465 605 φρονῶν.
1478 570 1599 604 Φανερὸν
1614 569 1668 604 γὰρ
1691 569 1733 596 ὅτι
1748 571 1843 596 ταυτά

1041 616 1127 642 ἐστιν.
1148 615 1178 642 '0
1193 616 1244 650 μὲν
1258 616 1313 650 γὰρ
1327 615 1390 650 ὅρος
1402 613 1541 641 πιστεύειν
1557 613 1717 649 διορίζεται,
1731 613 1774 640 ὃτι
1791 614 1840 640 καὶ

1041 662 1075 689 ἐκ
1088 661 1134 689 τοῦ
1155 661 1222 688 Υἱοῦ
1238 662 1268 688 τὸ
1283 661 1360 696 ἅγιον
1376 652 1500 696 Πνεῦμα,
1517 661 1531 686 ὁ
1543 660 1572 687 δὲ
1587 659 1741 694 ἁγιώτατος
1758 659 1839 686 πάπ-

1042 715 1098 739 πας
1116 707 1268 739 Κάλλιστος
1282 706 1356 734 τοῦτ’
1371 706 1438 733 αὐτὸ
1454 707 1587 741 ὲκφωνεῖν
1603 706 1838 742 παρακελεύεται.

1041 754 1090 787 Τίς
1104 751 1151 781 οὖν
1167 755 1184 790 ἡ
1201 754 1336 790 διαφορά;
1352 755 1387 781 Ἣ
1399 753 1457 786 πῶς
1472 753 1523 780 οὐκ
1536 753 1644 787 ἀνάγκη
1658 753 1806 787 ὲκφωνεῖν,
1823 752 1839 778 ὃ

1039 810 1082 833 τις
1097 802 1241 836 πιστεύει;
1261 801 1373 835 Καρδίᾳ
1388 801 1444 835 μὲν
1459 799 1526 836 γὰρ,
1547 800 1614 835 φησὶ
1631 799 1748 832 Παῦλος,
1759 801 1775 826 ὀ
1795 800 1838 831 είς

1036 848 1128 883 τρίτον
1148 849 1263 883 οὐρανὸν
1278 848 1392 879 ἀναϐὰς,
1407 848 1421 874 ὁ
1435 847 1555 878 ἀκούσας
1576 847 1686 883 ἄῤῥητα
1707 847 1835 881 ῥήματα,

1035 893 1053 920 ἃ
1069 893 1120 920 οὐκ
1134 893 1197 926 ἐξὸν
1214 892 1354 928 ἀνθρώπῳ
1373 893 1501 928 λαλῆσαι,
1513 893 1529 920 ὁ
1545 892 1595 925 τῆς
1610 893 1777 928 οἰκουμένης
1792 893 1835 919 δι·

1035 939 1181 972 δάσκαλος,
1195 941 1212 975 ἡ
1229 939 1277 966 τοῦ
1294 939 1454 974 Πνεύματος
1467 939 1600 975 μάχαιρα,
1615 939 1645 966 τὸ
1663 939 1760 970 σκεῦος
1779 940 1832 974 τῆς

1035 987 1162 1021 ἐκλογῆς,
1177 985 1201 1013 Κ
1203 986 1302 1020 αρδίᾳ,
1318 986 1396 1021 φησὶ,
1416 987 1592 1013 πιστεύεται
1611 987 1656 1019 εὶς
1671 986 1830 1013 δικαιοσύ-

1035 1041 1104 1068 νην,
1119 1033 1246 1067 στόματι
1262 1032 1296 1058 δὲ
1313 1032 1501 1066 ὁμολογεῖται
1515 1033 1559 1065 εἰς
1573 1033 1737 1065 σωτηρίαν.
1756 1033 1789 1058 '0
1803 1032 1832 1058 δὲ

1034 1079 1154 1114 Χριστὸς
1176 1079 1239 1111 τοὺς
1255 1078 1456 1113 ὁμολογοῦντας
1470 1078 1626 1114 ἔμπροσθεν
1643 1079 1698 1105 τῶν
1718 1078 1831 1113 ἀνθρὼ-

1036 1135 1095 1154 πων
1113 1126 1207 1158 αὐτὸν,
1222 1126 1334 1156 τούτους
1348 1125 1528 1161 ὁμολογήσειν
1543 1125 1698 1160 ἔμπροσθεν
1713 1125 1761 1152 τοῦ
1775 1126 1831 1152 Πα-

1033 1172 1098 1206 τρὸς
1115 1171 1329 1206 ἐπαγγέλλεται.
1347 1171 1426 1197 Ἔστι
1443 1170 1471 1197 δὲ
1486 1170 1604 1205 Χριστὸς
1621 1172 1637 1205 ἡ
1649 1171 1777 1205 ἀλήθεια.
1799 1171 1831 1197 ’0

1034 1219 1100 1252 γοῦν
1173 1218 1314 1253 ὁμολογῶν
1327 1218 1377 1253 τὴν
1392 1217 1524 1253 ἀλήθειαν
1538 1218 1568 1244 ὲν
1581 1218 1649 1244 πᾶσι
1668 1217 1729 1252 μὲν,
1749 1217 1830 1251 μάλῑῖ

1034 1273 1084 1291 στα
1099 1265 1127 1291 δὲ
1147 1265 1176 1291 ὲν
1198 1265 1254 1295 τοῖς
1269 1263 1319 1298 τῆς
1341 1264 1507 1298 Ἐκκλησίας
1520 1263 1664 1302 δύγμασιν,
1683 1263 1767 1290 αὺτὸν
1782 1264 1830 1289 τὸν

1033 1311 1152 1346 Χριστὸν
1168 1311 1217 1346 οὐχ
1233 1311 1382 1346 ὁμολογεῖ·
1399 1312 1413 1337 ὁ
1429 1311 1458 1337 δὲ
1477 1310 1515 1345 μὴ
1537 1309 1677 1345 ὁμολογῶν
1694 1309 1740 1336 τὸν
1760 1309 1830 1344 Χρι-

1034 1357 1096 1384 στὸν
1108 1358 1232 1391 ἀρνεῖται
1245 1357 1290 1383 τὸν
1305 1357 1423 1392 Χριστόν
1433 1365 1440 1372 ·
1453 1358 1467 1383 ὁ
1481 1357 1510 1383 δὲ
1524 1356 1695 1392 ἀρνούμενος
1703 1357 1750 1382 τὸν
1760 1355 1828 1390 Χρι-

1035 1403 1096 1429 στὸν
1113 1403 1255 1438 βασιλείαν
1268 1403 1392 1438 οὐρανῶν
1407 1403 1437 1429 οὐ
1451 1403 1665 1439 κληρονομήσει.
1680 1403 1730 1429 Διὰ
1745 1401 1827 1428 τοῦτο

1033 1449 1169 1484 εἰώθαμεν
1194 1450 1306 1482 πάντες,
1325 1450 1392 1476 ὅταν
1410 1449 1492 1476 αὑτὸν
1517 1449 1564 1475 τδν
1585 1448 1703 1485 Χριστὸν
1724 1449 1753 1475 ὲν
1770 1449 1826 1480 τοῖς

996 1507 1018 1536 c
1035 1496 1118 1528 θείοις
1132 1498 1182 1529 τῆς
1197 1496 1374 1531 εὐχαριστίας
1393 1495 1554 1530 μυστηρίοις
1571 1495 1691 1530 ὁρῶμεν,
1712 1495 1755 1527 οὐ,
1776 1496 1828 1522 Ih-

1032 1543 1140 1574 στεύω,
1150 1542 1251 1576 Κύριε,
1263 1543 1355 1577 λέγειν
1367 1543 1461 1576 μόνον,
1474 1542 1552 1574 ἀλλὰ,
1567 1542 1713 1576 Πιστεύω,
1723 1541 1825 1576 Κύριε,

1031 1589 1081 1616 καὶ
1100 1588 1244 1624 ὁμολογῶ.
1267 1589 1300 1615 'H
1318 1588 1372 1624 γὰρ
1387 1589 1425 1624 μὴ
1440 1588 1645 1624 ὁμολογουμένη
1658 1588 1752 1619 πίστις
1773 1588 1824 1615 οὐκ

1030 1636 1087 1662 ἔστι
1104 1637 1206 1667 πίστις,
1223 1635 1291 1662 ἀλλὰ
1316 1636 1403 1667 δόλος,
1419 1635 1492 1662 εἴποι
1517 1643 1560 1668 τις
1576 1635 1621 1668 ἂν,
1639 1631 1687 1662 καῖ
1713 1634 1823 1661 πλανῶν

1029 1682 1076 1710 καὶ
1093 1682 1281 1717 πλανώμενος.
1301 1682 1383 1708 Ὀθεν
1399 1682 1488 1717 δῆλον,
1504 1682 1544 1708 ὅτι
1567 1682 1581 1708 ό
1595 1683 1628 1716 τῇ
1648 1680 1748 1717 καρδίᾳ
1773 1681 1822 1715 μὲν

1029 1728 1178 1760 πιστεύων,
1190 1728 1229 1763 τῷ
1245 1727 1362 1763 στόματι
1385 1727 1413 1754 δὲ
1436 1728 1474 1763 μὴ
1490 1727 1642 1762 ὁμολογῶν,
1655 1727 1669 1753 ὃ
1685 1727 1822 1760 πιστεύει,

1029 1775 1079 1802 οὐκ
1097 1775 1257 1808 ἑπιτάξεται
1269 1775 1317 1810 τῆς
1333 1774 1482 1809 σωτηρίας,
1500 1771 1535 1809 ἧς
1549 1773 1736 1810 κληρονόμους
1745 1775 1823 1808 γενέο

1031 1820 1094 1847 σθαι
1112 1820 1215 1852 πάντας
1233 1821 1307 1855 ἡμᾶς
1321 1820 1426 1854 γένοιτο
1440 1820 1532 1856 χάριτι
1555 1818 1603 1846 τοῦ
1618 1819 1722 1855 Κυρίου
1742 1819 1822 1855 ἡμῶν

1036 1865 1125 1901 Ἰησοῦ
1142 1865 1273 1902 Χριστοῦ.
1299 1866 1396 1902 Ἅμήν.
1543 1874 1548 1879 ·

1015 2043 1335 2050 ηἯ

583 2127 877 2186 GEORGII
922 2129 1414 2192 TRAPEZUNTll

472 2238 512 2269 ΙΝ
546 2238 852 2271 EXPOSITIONEM
885 2239 1014 2271 ILLIUS

1049 2240 1205 2272 TEXTUS
1236 2243 1455 2276 EVANGELII
1476 2246 1491 2264 “
1515 2256 1534 2277 :.

689 2320 756 2352 SIC
782 2319 885 2352 γοιο
900 2320 995 2352 EUM
1010 2320 1205 2359 MANERE,
1221 2322 1304 2353 ETC.

383 2393 433 2423 ET
455 2393 561 2430 QUOD
587 2394 618 2425 S.
641 2394 818 2425 JOANNES
846 2367 979 2425 ἐνΑΝο

1031 2395 1125 2426 ISTA
1146 2395 1315 2428 NONDUM
1337 2399 1398 2430 SIT
1420 2399 1611 2433 MORTUUS

692 2466 734 2488 AD
749 2466 868 2489 SIXTUM
882 2466 916 2488 ιν
937 2466 1123 2490 PONTIFICEM
1139 2468 1300 2492 MAXIMUM.

460 2523 630 2555 (Monumenta
646 2522 692 2547 SS.
715 2522 815 2547 Patrum
828 2522 1069 2555 orthodoxographa.
1084 2523 1190 2549 Basileas
1212 2517 1282 2550 1559.
1295 2525 1339 2551 iol.
1355 2526 1442 2552 Latine
1462 2529 1580 2561 tantum.)

210 2647 313 2682 Nuper,
331 2646 503 2674 sanctissime
525 2646 615 2680 Pater,
631 2654 693 2674 cum
713 2654 774 2674 eam
805 2647 966 2682 particulam

175 2693 314 2728 Evangelii
327 2693 445 2721 Joannis
461 2693 593 2728 legerem,
610 2701 664 2729 qua
682 2693 780 2721 Petrus
799 2693 847 2721 Dei
863 2694 964 2722 Filium

174 2739 209 2766 de
235 2739 281 2767 illo
307 2740 488 2775 interrogavit
513 2740 634 2767 dicens:
655 2739 778 2773 Domine,
804 2741 845 2768 hic
875 2745 964 2768 autem

172 2785 257 2821 quid?
268 2785 427 2821 audivitque
440 2795 447 2814 :
458 2785 487 2813 Si
496 2794 556 2813 eum
569 2787 625 2814 volo
640 2795 746 2814 manere
756 2788 838 2814 donec
848 2789 963 2822 veniam,

1021 2650 1085 2684 quid
1097 2650 1131 2677 ad
1143 2655 1167 2677 te
1177 2651 1190 2677 ?
1199 2652 1318 2686 primum
1328 2659 1519 2688 occurrerunt,
1534 2663 1595 2690 quae
1609 2657 1677 2685 alias
1688 2657 1723 2686 de
1735 2660 1773 2687 sit:
1783 2666 1809 2688 et

1020 2696 1054 2723 de
1079 2697 1102 2723 si
1129 2698 1261 2731 particula
1287 2699 1408 2727 disserui
1427 2710 1433 2728 :
1456 2701 1558 2730 deinde
1574 2708 1666 2732 utrum
1685 2712 1809 2735 mortuus

1019 2742 1055 2769 sit
1078 2751 1112 2770 an
1136 2744 1227 2771 adhuc
1247 2745 1323 2772 vivat
1337 2745 1466 2774 Tonitrui
1484 2747 1566 2782 (ilius,
1583 2751 1655 2786 empi
1674 2753 1805 2788 cogitare.

1019 2787 1087 2816 Nam
1112 2790 1163 2817 etsi
1180 2791 1319 2828 utrumvis
1342 2793 1404 2827 quis
1429 2794 1539 2829 dixerit,
1557 2803 1573 2824 a
1597 2798 1659 2826 sinu
1679 2799 1807 2829 Ecclesiae

204 2844 213 2878 ξ
229 2842 644 2883 Georgiorcontradirit-cardinalis
663 2845 792 2871 Bessarion
804 2845 871 2871 hunc
883 2846 997 2872 eumdem
1008 2846 1089 2872 locum
1108 2853 1244 2879 exponens.
1259 2849 1320 2879 Vide
1332 2852 1466 2885 Supra_col.
1479 2852 1532 2879 625.
