1916 3057
127 105 183 137 869

514 106 555 136 ΙΝ
580 105 711 143 ILLUD,
736 111 745 128 ι
763 104 822 135 SIC
843 103 941 135 νοις)
959 90 1046 135 VEUM
1068 103 1241 141 MANERE,
1263 109 1272 127 ι
1295 103 1374 134 ETC.

1710 106 1762 138 870
1770 106 1777 131 ἶ

130 173 184 192 non
205 163 327 191 recedat.
344 163 403 192 Non
424 164 497 192 enim
513 163 556 191 vel
572 168 662 190 morte
681 163 721 190 vel
740 162 794 190 vita
807 162 922 190 Joannis
938 172 958 200 Α
974 156 1090 196 poribus
1108 162 1286 189 miseratione
1299 162 1392 189 divina
1407 166 1492 195 tenet,
1507 167 1599 198 posset
1615 164 1763 207 ostendero

129 210 196 238 salvi
211 209 274 237 facti
293 217 399 242 sumus,
415 217 465 238 nec
479 209 597 237 alterum
616 212 711 243 aperte
728 208 768 236 sic
783 208 809 235 in
830 207 920 234 Evan-

129 256 200 292 gelia
223 256 325 283 dicitur
342 261 373 283 ut
392 246 509 283 alterum
527 255 641 282 credere
664 254 743 282 nefas
760 254 806 282 sit.
832 254 920 280 liabet

129 307 219 329 tamen
247 301 424 336 investigatio
448 302 487 328 rei
513 301 598 336 hujus
616 307 671 327 non
691 307 787 334 parum
812 298 920 326 fructus

129 348 151 375 si
177 355 230 374 non
251 347 430 374 contentione
454 347 595 380 vincendi,
622 346 669 373 sed
687 345 811 373 veritatis
826 351 920 372 amore

131 393 292 428 inquiritur.
308 393 376 420 Cum
392 392 466 419 enim
485 391 644 426 investigari
662 396 736 418 recte
760 397 814 417 non
836 390 921 424 possit.

129 439 184 466 uisi
210 447 259 474 per
284 438 473 473 Evangelium,
501 442 570 472 opus
594 443 649 470 est,
668 437 735 464 dum
758 436 919 470 qiuerimus,

132 485 271 520 Evangelii
287 485 371 512 verba
383 485 484 520 srepius
499 489 635 519 repetere.
649 483 676 510 ld
694 491 748 510 uon
761 483 849 510 solum
862 483 921 509 ani-

132 537 206 557 mum
215 530 249 556 ab
262 530 323 557 aliis
334 529 546 564 cogitationibus
559 528 706 560 abstrahit,
716 523 763 556 sed
777 533 805 556 et
815 528 849 554 ad
862 528 921 562 api-

132 584 192 604 cem
211 577 299 610 ipsum
312 581 469 602 sanctarum
484 575 642 603 litterarum
656 574 781 608 impellit.
797 574 920 605 Accedit,

132 622 224 657 utqui
243 622 300 648 haec
325 621 447 648 faciliora
463 625 493 649 et
518 623 547 648 in
569 621 672 656 quibus
695 628 750 648 non
776 627 923 656 possumus

133 675 198 695 eum
222 673 325 696 aeterna
346 668 471 703 pernicie
495 667 578 695 animi
602 675 707 700 errare,
726 671 877 698 scrutatur.
900 667 923 695 is

132 714 332 741 exerritatioue
359 714 414 749 jam
448 714 550 750 ingenii
577 714 665 749 gradu
693 714 756 742 hinc
786 714 859 741 facto
890 714 923 741 ad

132 761 231 788 altiora
246 761 370 788 securior
392 762 477 796 possit
492 761 688 789 conscendere.

170 806 227 834 Hoc
247 811 338 833 autem
351 811 380 834 et
395 806 447 841 ipsi
464 807 581 834 salutem
599 807 746 834 allaturum
763 810 843 834 estet
857 806 924 834 alios

974 207 1000 234 id
1018 215 1052 235 ex
1076 215 1149 235 nunc
1173 212 1271 243 sponte
1288 213 1402 243 totoque
1415 209 1517 241 animo,
1535 217 1646 244 revoco,
1671 210 1764 245 ejicio.

974 261 1083 288 respuo.
1105 259 1133 281 et
1159 255 1232 281 sicut
1249 262 1302 282 non
1331 255 1434 282 dictum
1459 254 1554 282 haberi
1580 256 1714 291 supplico.
1736 256 1765 284 Id

973 300 1055 326 modo
1073 299 1118 326 hic
1142 300 1259 333 dictum,
1282 301 1360 335 quasi
1381 300 1484 328 dictqu
1510 302 1537 328 in
1553 303 1682 329 omnibus
1704 309 1766 329 esse

972 346 1055 373 velim
1073 354 1134 380 quae
1148 351 1196 373 aut
1211 347 1304 374 Graece
1316 351 1363 374 aut
1378 346 1475 374 Latine
1488 347 1563 382 attigi
1578 352 1607 374 ut
1621 348 1766 383 attingam.

973 391 1001 418 ln
1011 391 1102 418 animo
1111 392 1248 423 enimcst,
1262 392 1312 420 nisi
1323 392 1363 419 vel
1378 398 1506 420 senectus
1520 394 1711 426 retardaverit,
1722 394 1765 420 vel

972 437 1114 472 a‘grotatio
1126 437 1293 472 impedierit,
1309 439 1351 465 vel
1366 439 1490 465 teuuium
1511 438 1683 465 fortunarum
1696 446 1765 466 con-

973 482 1042 510 ditio
1059 483 1240 514 revocaverit.
1256 483 1406 510 nonnullos
1422 484 1571 518 Scriptura:
1588 484 1662 512 locos
1684 490 1766 519 prout

973 528 1045 556 Deus
1064 529 1196 564 aspir-abit
1221 534 1349 556 tractare.
1376 529 1429 557 Sed
1455 530 1524 556 alios
1551 530 1662 564 quidem
1688 531 1765 562 alias,

974 582 1048 602 nunc
1063 580 1154 602 autent
1171 574 1257 610 ipsius
1277 575 1392 602 Joannis
1409 575 1443 602 de
1463 583 1517 610 quo
1538 575 1640 602 dicturi
1657 583 1765 608 sumus,

975 620 1176 648 intercessione
1199 621 1274 653 freti.
1301 622 1543 656 quaestiunculam,
1565 630 1623 656 qua!
1640 629 1654 648 a
1674 622 1767 649 verbis

975 666 1116 701 Evangelii
1129 667 1262 702 originem
1280 667 1389 694 trahere
1402 668 1521 700 videtur,
1535 667 1667 700 dilucide,
1679 675 1767 702 quan-
1807 685 1815 690 κ

977 717 1034 739 tum
1054 711 1127 739 Deus
1142 713 1297 744 donaverit,
1316 717 1432 740 tractare
1452 713 1624 740 conabituur.

1011 758 1117 794 Saepius
1141 764 1201 794 post
1229 761 1461 787 resurrectionem
1488 759 1607 787 diversis
1634 759 1768 788 Dominus

976 805 1065 832 modis
1081 806 1208 840 apparuit
1227 805 1383 841 discipulis,
1406 811 1434 834 et
1459 807 1559 841 saepius
1575 814 1637 835 cum
1653 807 1720 842 ipsis
1739 813 1768 834 et

135 853 168 879 ad
187 860 326 880 sacrarum
341 853 496 880 litterarum
512 852 603 880 studia
619 854 719 888 poterit
736 860 921 880 commovere.
940 854 962 882 Β
976 851 1095 879 comedit
1118 856 1146 879 et
1163 852 1241 884 bibit,
1256 852 1326 880 latus
1341 860 1451 887 quoque
1474 857 1502 880 et
1521 861 1618 881 manus
1630 859 1657 880 ct
1671 853 1767 888 pedes,

137 899 271 928 Primum,
287 898 415 933 quoniam
442 899 464 926 si
489 899 552 933 quis
568 899 686 927 divinas
699 899 804 926 litteras
826 899 927 926 crebro

132 949 161 971 et
177 952 239 971 eum
265 944 316 971 fide
332 945 446 976 lectitat,
463 944 526 972 huic
551 945 594 972 via
611 945 706 972 sabttis
721 945 747 971 in
768 944 826 972 dies
842 944 928 979 magis

140 990 284 1027 magisque
313 990 458 1026 aperitur;
487 990 617 1022 alterum,
646 990 713 1025 quia
746 990 811 1017 licet
837 990 927 1021 omnia

135 1036 281 1064 doctorum
310 1035 439 1062 Ecclesiae
467 1035 621 1071 diligentia,
650 1036 703 1063 hoc
729 1040 783 1067 est,
809 1035 928 1070 Spiritus

134 1082 222 1110 sancti
243 1082 330 1117 gratia
346 1081 419 1109 unde
436 1081 527 1108 omnia
542 1081 613 1108 dona
633 1081 775 1116 profluunt
796 1082 862 1108 satis
879 1089 929 1115 pa-

136 1133 224 1160 teant,
239 1132 329 1154 tamen
348 1132 375 1154 et
390 1135 461 1154 uova
478 1134 593 1162 quasque
610 1126 748 1154 delectant
762 1131 790 1153 ct
804 1127 928 1161 legentes

135 1175 168 1202 ad
184 1175 405 1210 frequentiorem
420 1173 479 1209 ipsa
492 1174 614 1201 novitate
630 1173 755 1200 alliciunt
769 1173 926 1200 lectionem.

135 1219 238 1248 Crebra
254 1225 345 1246 autem
377 1219 475 1246 harum
492 1226 586 1246 rerum
608 1218 690 1245 lectio
709 1218 863 1244 animorqu
887 1221 930 1244 est.

135 1266 215 1293 cibus
237 1272 291 1300 quo
313 1264 446 1291 adversus
463 1264 621 1300 voluptates
639 1264 852 1290 corroborentur
866 1270 928 1289 car-

136 1311 192 1338 nis.
209 1310 286 1337 Adde
303 1309 377 1345 quod
401 1309 518 1345 abyssus
538 1317 588 1336 nec
603 1308 719 1343 simplex
743 1310 790 1335 sed
815 1307 927 1342 duplex,

136 1359 228 1386 divina
243 1357 385 1392 Scriptura
399 1362 452 1388 est,
468 1356 490 1382 si
505 1355 549 1382 cui
573 1355 663 1389 placet
685 1354 752 1381 illud
779 1354 928 1381 l’salmistze

137 1406 172 1434 ad
207 1411 285 1433 vetus
312 1409 511 1438 nonnunquam
548 1401 673 1428 conferre
707 1401 926 1433 Testamentum,

138 1453 210 1488 quod
227 1451 385 1479 Creatorem
406 1447 605 1484 magnitudine,
630 1446 809 1474 rnultitudiue
833 1446 928 1472 altitu-

139 1499 258 1533 dineque
273 1504 364 1524 rerum
378 1494 589 1523 admirationem
603 1493 772 1528 compulsus,
785 1491 925 1520 exclama-

140 1546 197 1572 vit:
212 1554 221 1570 ι
233 1546 354 1580 Ahyssus
362 1542 492 1577 abyssum
505 1541 614 1569 invocat
624 1540 658 1567 ad
673 1546 767 1567 vocem
781 1542 931 1566 cataracta-

140 1601 200 1619 runt
211 1596 331 1618 tuarum.
344 1598 353 1615 ι
366 1589 473 1617 Veteris
481 1588 554 1615 enim
568 1585 736 1614 Tcstamenti
750 1593 799 1621 per
812 1584 929 1620 gratiam

142 1637 293 1667 Salvaturis
323 1636 422 1671 abysso
443 1635 589 1670 patefacta,
614 1638 643 1660 et
663 1633 725 1660 velo
750 1632 844 1666 templi
862 1631 930 1666 (quo

141 1684 357 1721 prohibebantur
373 1682 505 1708 interiora
522 1680 691 1715 prospicere)
712 1685 760 1713 per
775 1685 853 1704 suam
870 1684 931 1711 pas-

142 1733 248 1760 sionem
265 1729 361 1760 scisso,
381 1727 508 1753 invocata
523 1725 623 1752 eil‘udit
637 1731 666 1752 se
680 1724 744 1751 novi
760 1723 928 1751 Testamenti

143 1779 268 1813 abyssus,
284 1779 312 1802 ct
333 1772 463 1800 excitavit
478 1778 572 1798 vocem
598 1774 798 1797 cataractarum
819 1768 880 1801 Dei,
903 1768 930 1795 id

143 1826 187 1850 est
198 1818 439 1854 evangelistarum,
456 1815 646 1850 apostolorum
661 1814 861 1848 doctorumque
872 1820 931 1841 om—

141 1868 218 1895 nium
235 1863 375 1893 Ecclesiae.
395 1862 423 1889 Si
437 1868 503 1896 ergo
515 1860 666 1895 Scriptura:
681 1859 799 1886 altitudo
814 1859 930 1895 abyssus

140 1919 182 1942 est
199 1918 307 1948 magna,
331 1915 472 1944 nunquam
489 1907 607 1934 deerunt
624 1913 688 1933 cum
711 1905 772 1932 zelo
786 1905 867 1932 nobis
884 1911 930 1932 ve-

141 1963 250 1991 ritatem
280 1959 445 1988 rimantibus
472 1964 533 1993 quat
556 1963 620 1984 cum
643 1955 762 1983 utilitate
788 1953 930 1982 communi

146 2008 363 2038 conscribamus.
386 2005 471 2040 Cujus
493 2003 533 2031 rei
551 2009 695 2030 excessum
716 2008 747 2028 ac
765 1999 931 2036 magnitudi-

144 2064 207 2084 nem
230 2044 406 2089 Evaugelium
425 2049 595 2086 significasse
610 2048 735 2080 videtur,
753 2047 801 2074 ubi
818 2046 931 2078 dicitur,

143 2102 200 2131 Nec
216 2101 346 2128 mundum
364 2097 476 2133 quidem
494 2097 594 2131 ipsum,
612 2095 634 2122 si
647 2094 755 2130 singula
771 2100 833 2128 quin
849 2092 931 2120 Jesus

143 2148 209 2176 fecit
221 2145 476 2175 conscriberentur,
489 2141 578 2169 videri
593 2138 751 2176 capturum.
767 2139 808 2166 Ad
826 2139 931 2166 sancti-

979 905 1033 925 uon
1049 898 1138 926 oculis
1158 899 1258 933 solum,
1272 907 1368 927 verum
1389 900 1474 927 etiam
1493 900 1578 927 tactui
1605 900 1715 934 obtulit,
1738 906 1769 928 ut

979 943 1101 979 undique
1130 945 1257 973 eumdem
1274 945 1392 980 seipsum
1412 953 1473 974 esse
1495 946 1704 974 daemonstraret
1720 947 1768 981 qui

978 996 1148 1024 surrexerat,
1163 992 1209 1027 qui
1225 991 1374 1019 cruciﬁxus
1390 992 1491 1026 fuerat,
1512 993 1615 1028 quique
1628 999 1691 1021 ante
1706 1001 1770 1029 pas-

978 1037 1082 1065 sionem
1099 1045 1160 1065 cum
1173 1038 1227 1065 illis
1240 1038 1467 1066 conversabatur.
1484 1040 1597 1067 Demum
1615 1041 1768 1068 secundum

978 1084 1093 1112 Joannis
1110 1083 1286 1119 Evangelium
1303 1086 1431 1120 apparuit
1447 1085 1529 1114 Jcsus
1547 1086 1575 1113 in
1599 1087 1693 1115 littore
1713 1089 1770 1116 illis

978 1129 1160 1164 piscantibus,
1178 1130 1413 1166 interrogavitque
1428 1133 1450 1160 si
1469 1132 1622 1168 quidquam
1639 1135 1769 1168 pulmen-

981 1176 1042 1203 tarii
1056 1177 1197 1204 haberent.
1212 1177 1318 1210 Quibus
1330 1177 1495 1212 negantibus
1506 1179 1590 1213 jussit
1607 1179 1634 1206 iu
1646 1179 1770 1207 dextram

980 1221 1081 1256 navigii
1101 1227 1206 1257 partem
1228 1228 1286 1250 rete
1309 1226 1477 1257 immittere;
1494 1233 1549 1259 quo
1570 1226 1641 1253 facto
1658 1233 1769 1254 centum

979 1273 1007 1296 et
1024 1269 1224 1304 quinquaginta
1247 1274 1303 1297 tres
1325 1277 1438 1305 magnos
1466 1271 1561 1305 piscati
1587 1272 1676 1306 pisces
1691 1279 1770 1300 sunt.

978 1314 1058 1347 Quod
1068 1314 1178 1349 quidem
1191 1315 1224 1342 ad
1239 1314 1357 1342 futuram
1370 1320 1529 1343 sanctorum
1544 1317 1663 1352 quietem
1678 1327 1770 1346 sacra-

979 1359 1136 1386 mentalitcr
1164 1359 1324 1393 pertinere,
1351 1360 1529 1396 perspicuum
1559 1367 1611 1389 est.
1641 1363 1708 1391 Nam
1742 1370 1771 1391 et

980 1405 1140 1439 magnitudo
1157 1410 1184 1432 et
1205 1405 1354 1432 multitudo
1376 1412 1403 1434 et
1422 1415 1554 1436 numerus
1576 1410 1689 1443 piscium
1709 1419 1770 1438 cer-

981 1455 1024 1477 tus
1041 1455 1068 1478 et
1086 1451 1183 1478 tractio
1200 1457 1296 1478 eorutn
1311 1459 1360 1486 per
1377 1447 1478 1481 ﬂuctus
1493 1455 1586 1488 maris,
1610 1457 1718 1484 tandem
1736 1459 1770 1484 ad

982 1496 1075 1523 littora
1100 1497 1196 1530 tutior,
1220 1501 1249 1525 et
1271 1497 1454 1526 ducentorum
1477 1507 1491 1526 a
1508 1500 1599 1528 littore
1612 1502 1768 1530 cubitorum

982 1541 1111 1569 distantia
1128 1547 1155 1569 ct
1178 1542 1204 1569 in
1222 1542 1349 1570 dextrqu
1367 1545 1433 1571 retis
1446 1545 1578 1573 demissio
1596 1553 1624 1574 et
1640 1553 1772 1583 septena-

982 1589 1040 1615 rius
1052 1589 1253 1623 discipulorum
1266 1596 1409 1624 numerus,
1423 1590 1480 1619 hazc
1494 1592 1586 1619 omnia
1602 1601 1655 1621 non
1668 1596 1772 1630 absque

981 1643 1080 1670 magno
1096 1635 1226 1670 mysterio
1252 1635 1400 1671 diligenter
1424 1643 1572 1666 narrantur
1595 1645 1624 1668 et
1651 1641 1771 1669 futuram

983 1681 1180 1716 triumphantis
1205 1682 1335 1710 Ecclesia:
1349 1691 1412 1711 cum
1434 1684 1551 1712 Domino
1574 1686 1659 1714 vitam
1676 1695 1771 1723 aperte

982 1727 1138 1763 significare
1154 1727 1299 1756 videntur.'
1309 1729 1376 1757 Erat
1394 1729 1423 1757 id
1445 1737 1520 1759 certe
1538 1739 1619 1760 suum
1634 1733 1709 1762 illius
1722 1735 1770 1770 qui

982 1774 1044 1809 plus
1069 1775 1130 1802 aliis
1145 1775 1290 1802 amabatur
1315 1783 1330 1803 a
1353 1775 1465 1804 Christo
1483 1778 1530 1813 qui
1549 1778 1575 1806 in
1596 1779 1771 1808 Dominicqu

982 1825 1079 1855 pectus
1101 1821 1226 1848 incubuit
1247 1827 1275 1849 et
1297 1821 1362 1850 inde
1378 1822 1470 1850 hausit
1495 1824 1710 1858 profundissima
1726 1835 1775 1854 sa-

983 1871 1122 1894 cramenta
1144 1867 1188 1894 cui
1204 1867 1317 1896 Matrem
1334 1869 1410 1896 orbis
1426 1869 1565 1898 dominam
1589 1871 1648 1906 ipse
1680 1871 1774 1900 Domi-

983 1921 1037 1940 nus
1056 1913 1178 1941 moriens
1191 1914 1407 1948 commendavit,
1423 1919 1454 1942 ut
1470 1916 1702 1950 quemadmodqu
1718 1919 1774 1946 ini-

984 1959 1052 1986 tium
1068 1958 1208 1994 Evangelii
1222 1959 1264 1987 sui
1281 1961 1308 1987 in
1325 1965 1428 1988 a:terna
1442 1962 1620 1996 generatione
1645 1963 1707 1992 Filii
1724 1965 1772 1993 Dei

983 2004 1108 2033 fundavit
1123 2005 1209 2032 instar
1225 2006 1339 2032 tonitrui
1360 2007 1482 2034 clamans
1498 2015 1504 2034 :
1523 2007 1555 2034 In
1571 2009 1700 2046 principio
1716 2019 1776 2038 erat

988 2050 1112 2083 Verbum,
1125 2054 1151 2078 et
1168 2050 1281 2078 Verbum
1303 2055 1361 2078 erat
1376 2053 1447 2086 apud
1472 2050 1566 2087 D'eum,
1583 2060 1608 2081 et
1628 2056 1696 2083 Deus
1711 2063 1774 2084 erat

984 2097 1096 2124 Verbum
1112 2097 1172 2124 :sic
1192 2097 1314 2125 culmina
1331 2105 1380 2133 per
1395 2098 1517 2126 futuram
1535 2105 1693 2129 sanctorum
1709 2104 1773 2131 vita:

983 2142 1128 2178 mysticam
1149 2143 1303 2170 orationem
1317 2143 1483 2178 imponeret,
1499 2145 1533 2172 ad
1547 2153 1630 2180 quam
1645 2151 1674 2174 ut
1687 2148 1773 2176 tutius

143 2200 225 2222 tatem
250 2193 342 2219 autem
363 2195 437 2216 tuam
456 2193 483 2216 et
507 2195 568 2223 qua:
592 2195 666 2215 nunc
687 2187 714 2214 in
731 2187 782 2214 hac
807 2185 930 2221 perfacili
949 2196 969 2223 ο
985 2188 1054 2216 mari
1070 2188 1165 2224 jactati
1193 2192 1222 2216 et
1249 2189 1342 2221 undis,
1372 2191 1458 2217 sancti
1479 2191 1624 2225 pervenire
1649 2199 1772 2228 possent.

142 2239 304 2276 qua‘slione,
326 2235 429 2263 auxilio
449 2235 508 2270 ejus
526 2234 606 2270 cujus
624 2238 651 2261 tu
671 2234 699 2260 in
715 2232 796 2260 terris
810 2231 930 2260 vicarius

144 2295 186 2319 es,
198 2290 226 2313 et
237 2287 330 2320 postea
345 2289 405 2317 quae
427 2279 603 2312 dictabimus,
622 2279 719 2306 merito
732 2277 865 2306 mittenda
880 2285 931 2313 pu-

142 2335 261 2362 tavimus
278 2341 285 2359 :
306 2337 340 2358 ne
356 2329 422 2357 dum
443 2327 569 2356 volumus
591 2332 618 2354 et
639 2326 720 2354 nobis
733 2330 760 2353 et
785 2325 847 2353 aliis
865 2332 930 2360 pro-

143 2381 234 2412 desse,
261 2379 288 2405 iu
315 2378 442 2412 laqueum
458 2374 626 2402 dilabamur.
647 2372 675 2399 ld
698 2372 772 2399 enim
793 2375 822 2399 et
838 2370 891 2398 fuit
904 2373 931 2397 et

144 2432 185 2456 est
210 2431 238 2453 et
257 2425 350 2452 divina
371 2425 507 2458 praesente
535 2420 621 2456 gratia
645 2419 699 2446 erit
725 2425 834 2453 semper
862 2416 930 2444 mihi

146 2473 260 2501 insitum
282 2475 310 2498 ct
332 2468 514 2504 propositum,
535 2470 653 2494 mortem
678 2469 773 2500 optare
795 2464 886 2500 potius
904 2468 933 2491 et

146 2520 250 2548 exitum
271 2516 353 2551 hujus
376 2514 450 2548 vitar,
473 2520 556 2549 quam
574 2511 690 2547 aliquid,
707 2518 764 2538 non
785 2510 848 2538 dico
864 2510 934 2537 scri-

148 2568 213 2594 bere
221 2567 269 2591 uut
280 2563 385 2594 dicere,
403 2560 450 2588 sed
464 2567 498 2587 ne
513 2559 633 2594 cogitare
648 2557 771 2593 quidem,
782 2555 855 2592 quod
867 2563 933 2590 apo-

145 2611 247 2641 stolicte
262 2608 395 2637 doctrinae
410 2614 442 2634 ac
457 2605 587 2633 Ecclesia:
599 2604 657 2638 Dei,
670 2604 749 2640 cujus
760 2607 790 2630 tu
804 2603 933 2638 princeps

144 2666 185 2691 cs,
205 2662 359 2691 repugnare
383 2653 520 2680 videatur.
541 2650 631 2684 Quare
650 2650 672 2678 si
687 2651 757 2678 forte
771 2657 867 2685 parum
885 2649 933 2677 ad-

145 2702 291 2734 v'ertendo,
316 2698 420 2734 aliquid
443 2697 612 2733 hujusmodi,
630 2700 677 2723 aut
698 2697 779 2723 etiam
797 2703 831 2723 ex
855 2695 932 2730 igno-

142 2751 243 2783 rantia,
272 2746 445 2782 scripserim,
464 2744 592 2776 dixerim,
609 2743 799 2779 cogitaverim,
831 2746 880 2769 aut
905 2741 933 2769 in

143 2798 266 2824 futurum
285 2795 434 2830 scripsero,
452 2793 559 2825 dixero,
576 2792 744 2827 cogitavero,
761 2789 835 2825 quod
853 2796 934 2817 aures

143 2842 298 2872 sanctitatis
314 2848 367 2870 tu-e
382 2848 443 2876 quae
460 2840 536 2875 regni
553 2838 685 2867 cmlorum
697 2838 786 2867 claves
804 2837 847 2865 his
861 2841 932 2866 tem~

981 2233 1079 2262 Petrus
1104 2238 1197 2262 autem
1219 2235 1330 2269 quando
1352 2234 1404 2270 ipsi
1427 2236 1517 2264 claves
1543 2239 1621 2272 regni
1639 2239 1772 2268 ccelorum

982 2280 1182 2308 commendatae
1206 2279 1338 2313 fuerunt,
1370 2275 1501 2309 Ecclesiae
1527 2282 1612 2311 totius
1645 2283 1775 2319 princeps

982 2326 1159 2359 constitutus,
1183 2327 1305 2362 apertius
1325 2331 1391 2355 tunc
1415 2327 1457 2355 vel
1475 2329 1630 2357 restituitur
1645 2330 1686 2358 vel
1708 2338 1775 2358 con-

983 2372 1117 2400 firmatur.
1135 2373 1204 2401 Nam
1231 2380 1267 2401 ne
1283 2372 1354 2401 forte
1375 2373 1486 2409 aliquis,
1515 2376 1644 2410 quoniam
1663 2381 1704 2404 ter
1721 2376 1774 2404 Do-

984 2419 1259 2454 minumuegaverat,
1284 2419 1410 2448 amisisse
1431 2420 1520 2456 ipsum
1543 2420 1671 2450 Ecclesia
1696 2423 1775 2458 prin-

984 2466 1104 2501 cipatum
1131 2469 1252 2501 putaret,
1285 2468 1326 2493 ter
1349 2466 1537 2502 interrogatur
1565 2475 1600 2495 an
1626 2469 1772 2496 Dominum

984 2517 1108 2543 amaret,
1122 2511 1170 2546 qui
1186 2511 1273 2539 multo
1288 2511 1449 2546 prudentior
1460 2513 1516 2548 jam
1530 2517 1614 2548 atque
1629 2514 1774 2542 sublimior

984 2557 1072 2593 gratia
1095 2557 1254 2590 Salvetoris,
1272 2565 1328 2585 nou
1348 2557 1461 2585 ell'ertur
1486 2560 1712 2594 praesumptione,
1738 2568 1774 2587 ne

985 2611 1097 2632 rursum
1122 2604 1269 2639 negatione
1291 2609 1524 2639 prosterneretur,
1539 2612 1574 2632 ne
1598 2606 1729 2641 lacrymis
1746 2612 1776 2634 et

985 2658 1078 2678 amaro
1091 2651 1155 2678 fletu
1173 2651 1273 2678 iterum
1290 2651 1341 2678 sibi
1356 2650 1390 2678 ad
1405 2651 1615 2686 propellendum
1634 2648 1774 2686 piaculum

984 2706 1054 2733 opus
1071 2702 1154 2730 esset,
1173 2698 1220 2725 sed
1243 2697 1287 2732 pia
1306 2698 1479 2725 confessione
1504 2705 1597 2726 amare
1618 2698 1729 2733 quidem
1743 2707 1775 2726 se

986 2745 1068 2772 tertio
1081 2744 1233 2779 respondit,
1244 2744 1291 2771 sed
1309 2743 1375 2778 quid
1393 2748 1508 2776 amaret,
1527 2744 1617 2780 ipsum
1636 2744 1707 2772 scire
1725 2747 1775 2776 ait,

985 2790 1029 2818 cui
1044 2790 1110 2817 nihil
1131 2795 1221 2825 potest
1234 2797 1295 2818 esse
1303 2788 1462 2817 occultum.
1479 2789 1525 2818 Sic
1546 2790 1680 2818 Dominus
1697 2795 1775 2818 terna

986 2837 1212 2872 interrogatione,
1230 2842 1362 2873 ternaque
1376 2837 1450 2865 Petri
1465 2837 1638 2866 confessione
1652 2837 1774 2870 amandi,
