1916 3057
144 89 194 122 871

746 87 906 118 GEORGII
927 73 1185 120 TtiAPEZUNTn

1726 91 1782 123 872

147 152 224 175 teme
239 145 347 174 curavit
376 145 531 181 negationis
545 145 643 173 vulnus
667 145 752 180 quod.
781 145 844 173 ﬂetu
863 145 936 172 Petri
952 146 1126 178 Allrmando
1151 153 1280 182 expresse
1306 146 1437 174 dixerunt
1463 151 1494 173 ut
1516 154 1597 175 nemo
1624 147 1781 184 ambigeret

148 196 274 220 sanatum
291 191 324 218 sd
339 191 497 219 cicatricem
522 199 610 226 usque
629 191 803 226 productum,
819 190 931 218 creden-

147 240 209 266 dum
234 242 286 265 est.
313 237 391 264 Tunc
414 237 487 264 enim
517 237 740 272 interrogationis
761 237 836 264 illius
853 238 878 264 vi
903 242 933 264 et

145 284 327 312 confessionis
337 283 441 310 virtute
460 283 629 315 humillimae,
649 283 806 310 cicatricem
822 290 933 317 quoque

147 331 232 365 ipsam
256 329 387 356 abolitam
413 336 494 355 nemo
517 329 664 361 dubitavit,
682 336 714 357 ae
741 329 803 356 ideo
825 334 865 356 ter
881 329 934 356 sibi

147 379 176 402 ut
190 382 258 403 sano
274 375 329 410 jam
344 378 373 401 et
391 373 534 402 humiliter
549 380 643 410 aperte
657 374 867 402 commendatur
883 373 934 401 Ec-

144 422 238 454 clcsia,
260 427 289 448 ut
304 425 397 456 pascat
412 428 478 448 oves
498 428 638 456 agnosqne
653 421 773 453 Domini,
786 428 846 455 quae
859 428 935 448 eom-

147 467 285 495 trendatio
302 467 448 494 militantis
458 467 590 494 Ecclesia:
602 466 684 494 Petro
698 470 765 494 tunc
777 466 859 499 facta,
872 473 934 493 suc-

145 514 306 542 cessoribus
322 513 410 541 etiam
435 513 495 540 suis
520 512 591 540 facta
615 514 801 547 cognoscitur.
819 512 935 547 Oportet

145 560 231 595 enim,
247 559 319 587 sicut
335 566 400 586 oves
413 559 530 593 agnique
546 563 663 591 veteres,
684 558 811 585 videlicet
828 559 853 584 in
870 558 933 591 ildc,

145 609 227 640 atque
243 604 355 636 novelli,
383 604 416 631 ad
439 604 511 630 diem
539 611 625 638 usque
641 603 776 631 adventus
802 603 934 639 ingloria

147 651 254 678 Domini
282 658 330 686 per
355 650 560 678 successionem
586 649 710 677 duraturi
734 655 810 681 sunt.
836 650 932 677 eodem

147 697 241 732 utique
267 697 348 723 modo
376 696 454 723 illum
476 703 639 730 permanere
662 696 705 723 ctti
730 695 934 723 commendatio

145 743 215 771 facta
232 747 284 770 est.
302 742 455 770 Uuiversali
472 750 537 776 ergo
553 741 682 770 Ecclesiae
697 742 779 769 Petro
793 742 934 776 proposito

146 791 278 818 decenter
306 797 382 816 mors
398 796 508 824 quoque
538 788 590 816 sibi
617 788 788 823 prrdicitnr,
813 793 842 815 ut
870 788 935 815 hinc

149 837 232 866 vitam
259 836 342 865 etiam
368 835 476 863 Domini
503 835 711 870 exprimendam
741 842 791 870 pro
818 834 934 867 viribus,

146 884 253 911 duabus
275 883 396 911 disceret
421 882 587 915 rationibus,
613 883 742 917 quoniam
770 882 935 910 universalis

146 934 238 964 pastor
255 933 283 957 et
298 929 419 956 vicarius
433 928 536 955 Christi
558 928 715 962 prmcipuus
730 927 782 954 fuit
798 928 934 956 constitu-

145 980 191 1003 tus
206 979 234 1002 et
249 975 380 1009 quoniam
395 974 487 1001 erucis
505 973 630 1008 patibulo
649 972 736 1000 Deum
755 977 817 1000 erat
832 972 935 1007 gloriﬁ-

145 1026 271 1054 caturus,
285 1028 404 1056 quorutn
430 1019 547 1047 alterum
569 1019 687 1046 trahitur
701 1026 734 1046 ex
752 1019 850 1047 altero.
866 1019 934 1046 Nam

146 1068 168 1095 si
181 1075 234 1094 non
247 1072 289 1094 est
304 1073 400 1094 servus
411 1065 523 1093 domitto
537 1065 634 1099 major,
656 1069 765 1100 oportet
779 1065 885 1100 patroni
895 1066 934 1093 la-

147 1114 229 1140 bores
244 1113 372 1140 clicntctn
387 1110 490 1138 subire.
511 1110 544 1138 Et
568 1110 615 1145 qui
635 1109 745 1138 labores
762 1110 865 1138 domini
886 1119 934 1138 su.

147 1159 196 1186 tnit
216 1158 269 1189 sui,
288 1157 311 1185 is
335 1161 450 1184 mortem
477 1164 530 1183 non
550 1155 633 1183 debet
657 1155 774 1184 similem
787 1164 934 1189 recusare;

149 1212 237 1240 quare
253 1204 318 1231 vitm
333 1210 442 1239 quoque
459 1202 543 1230 totius
559 1202 674 1229 imitatio
695 1210 745 1237 pro
763 1202 867 1230 viribus
887 1210 936 1230 ne-

146 1251 266 1279 cessaria
291 1255 332 1278 est
360 1258 422 1285 qua:
449 1249 556 1284 liquido
572 1249 714 1284 Evangelii
733 1249 826 1276 verbis
842 1249 935 1285 expri-

147 1298 241 1325 mitur.
272 1296 340 1324 Nam
370 1300 457 1322 morte
490 1295 582 1322 crucis
610 1295 771 1322 extensione
802 1302 933 1322 manuum

146 1343 198 1371 sub
213 1342 301 1370 oculis
317 1342 389 1369 Petri
409 1341 510 1376 posita,
528 1341 621 1368 statim
638 1341 663 1368 ei
681 1340 794 1374 dicitur,
812 1341 934 1376 Sequere

147 1397 202 1422 mc,
218 1388 244 1415 id
260 1392 313 1420 est,
342 1387 394 1421 Qui
420 1392 507 1414 lltortc
529 1394 571 1414 me
591 1392 738 1414 secuturus
757 1394 799 1420 es,
821 1387 933 1422 vestigia

146 1442 256 1470 quoque
275 1434 386 1461 vivendi
405 1434 430 1460 in
446 1441 477 1460 ea
498 1433 636 1467 sequeris.
922 1429 929 1436 '

181 1481 278 1508 Petrus
295 1480 378 1514 igitur
396 1479 544 1506 Dominum
558 1478 737 1513 sequebatur,
751 1477 874 1513 dumque
889 1486 932 1506 se-
946 1499 967 1527 ο

145 1529 291 1559 queretur,
307 1523 376 1551 vidit
391 1523 524 1551 Joannem
543 1523 578 1557 (is
592 1523 666 1550 enirn
685 1522 836 1557 discipulus
849 1531 930 1557 quetn

145 1571 278 1606 diligebat
296 1568 387 1604 Jcsns)
415 1573 587 1604 sequentem.
604 1568 638 1595 Et
655 1568 817 1596 curiositate
833 1568 934 1595 tuentis

146 1617 283 1649 humanae,
294 1623 348 1650 qua
365 1616 452 1650 magis
468 1615 557 1642 aliena
570 1621 652 1648 quam
667 1619 762 1642 nostra
772 1614 932 1649 quaerimus,

147 1662 263 1689 nitnium
279 1666 434 1689 commotus
447 1662 512 1696 (non
533 1661 608 1688 enim
629 1664 689 1688 erat
712 1659 804 1688 adhuc
821 1660 934 1687 omnino

147 1709 308 1744 perlectus),
323 1706 429 1734 audeta
445 1705 560 1734 Domino
571 1711 676 1741 petere,
690 1714 743 1741 qua
756 1711 843 1734 morte
852 1705 933 1734 Joan-

145 1763 195 1782 ttcs
214 1757 386 1785 moreretur,
411 1753 507 1780 dicens
522 1760 528 1779 :
545 1751 657 1780 Domine
667 1771 675 1785 ,
691 1753 732 1779 hic
747 1757 837 1779 autem
850 1752 935 1787 quid?

146 1800 277 1828 Dominus
293 1803 385 1827 autem
406 1803 434 1826 et
457 1797 528 1825 hanc
542 1798 732 1826 curiositatem
757 1797 935 1833 reprehendit

146 1855 196 1875 nec
215 1846 382 1875 moriturum
401 1845 535 1874 Joannem
553 1852 641 1880 usque
663 1844 698 1872 ad
721 1844 826 1872 exitum
851 1844 933 1881 hujus

145 1893 237 1928 seculi
253 1893 296 1929 (ut
311 1900 362 1928 ego
380 1891 513 1927 arbitror)
530 1890 664 1924 ostendit,
689 1890 805 1918 dicens:
823 1890 853 1918 Si
874 1898 934 1918 eum

144 1937 202 1965 noto
217 1945 323 1964 manere
338 1937 420 1964 donec
435 1936 539 1964 neniam
550 1955 558 1970 ,
573 1935 636 1971 quid
657 1936 691 1964 ad
707 1935 754 1963 te?
777 1935 847 1964 Hinc
859 1943 934 1971 quae-

150 1984 288 2012 stiuncula
307 1984 432 2011 naScitur
456 1990 485 2010 re
504 1982 604 2016 tacitis,
620 1982 753 2010 varietate
771 1982 933 2018 opinionum

144 2030 272 2058 dttﬁcilts.
287 2028 354 2056 Natu
370 2029 449 2056 nmlti
471 2028 527 2064 jam
555 2032 695 2055 mortuum
719 2035 780 2057 esse
800 2027 932 2056 Joannem

145 2075 335 2108 contendunt,
361 2075 487 2103 nonnulli
511 2075 642 2102 extremis
669 2074 838 2110 temporibus
870 2081 933 2102 cum

147 2122 242 2150 Enoch
260 2126 288 2150 et
301 2121 361 2150 Elia
375 2121 541 2148 moriturum
555 2121 716 2157 opinantur.
733 2120 813 2154 Quod
827 2128 877 2148 nos
890 2128 933 2148 se-

987 200 1047 219 eam
1065 200 1176 227 quoque
1200 193 1320 220 Crxccam
1345 193 1510 228 particulam
1528 201 1581 220 non
1596 193 1676 221 aliter
1693 202 1779 230 quain

987 236 1149 265 amt-marive
1165 238 1202 265 ibi
1226 238 1341 273 positam
1355 244 1427 265 esse.
1451 237 1504 265 Sed
1522 238 1555 265 de
1571 238 1674 273 duplici
1700 244 1780 274 pote-

986 288 1056 311 state
1071 285 1094 310 εἰ
1110 284 1250 318 particulae
1260 305 1267 316 ,
1282 284 1365 311 latius
1380 284 1460 311 nobis
1476 284 1503 310 in
1517 285 1579 312 ali's
1600 284 1704 313 dictum
1735 290 1780 312 est

985 335 1014 356 ct
1028 330 1111 365 vulgo
1125 334 1210 363 patet.
1227 329 1294 362 Quis
1309 330 1382 357 enim
1395 337 1449 357 non
1464 330 1577 362 viderit,
1594 331 1669 358 aliud
1689 331 1778 366 signi-

987 376 1062 403 iirari
1091 384 1152 403 cutn
1173 375 1292 408 dicitur,
1322 376 1351 403 Si
1370 384 1430 403 amo
1459 381 1494 408 te,
1518 367 1569 402 non
1584 376 1777 409 detraltAtibi;

986 421 1060 449 aliud
1077 431 1084 450 :
1097 421 1126 449 Si
1142 430 1262 449 artiorem
1276 427 1310 453 te,
1324 431 1376 449 non
1388 422 1555 449 detraherem
1568 422 1636 448 tibi?
1651 422 1777 449 Alterum

985 469 1060 496 enim
1075 473 1103 496 et
1118 476 1240 497 amorem
1251 468 1370 496 aﬂirmat
1384 475 1412 495 et
1425 475 1480 495 non
1496 468 1661 496 detrahendi
1677 468 1778 495 volun-

986 518 1070 541 tatem
1080 513 1236 545 conﬁrmat.
1248 514 1364 541 alterum
1377 522 1392 541 e
1404 513 1515 549 regione
1526 521 1651 541 amorem
1662 514 1776 549 quidem

986 561 1028 587 vel
1045 560 1200 595 suspendit,
1217 559 1390 594 dubiumque
1405 560 1480 591 facit,
1491 560 1534 587 vel
1552 560 1664 594 penitus
1681 564 1775 594 negat,

986 610 1145 640 quantoque
1159 604 1258 641 (amor)
1277 605 1364 640 major
1380 608 1509 639 negatur,
1522 608 1598 632 tanto
1611 604 1774 631 detrahendi

985 651 1111 679 voluntas
1138 651 1283 678 asseritur.
1301 650 1387 677 item:
1406 649 1434 676 Si
1458 657 1497 676 me
1520 650 1648 682 audisset,
1673 649 1777 676 dortior

984 702 1050 725 esset
1065 705 1073 724 :
1089 696 1247 730 signiﬁcant
1262 696 1337 724 enim
1351 704 1405 723 non
1426 703 1487 723 esse
1501 695 1622 728 doctum,
1638 703 1700 723 cum
1719 703 1775 722 non

985 743 1115 771 attdierit.
1130 743 1232 770 Contra
1246 751 1254 770 :
1269 741 1298 770 Si
1315 742 1411 769 multos
1431 742 1520 768 audivi
1535 742 1633 774 doctos,
1650 741 1673 768 si
1691 741 1775 767 multa

987 791 1046 825 legi,
1057 790 1080 816 si
1093 789 1179 816 multa
1191 789 1298 824 scripsi,
1311 796 1360 816 cur
1374 796 1413 816 me
1426 788 1580 823 imperitum
1597 792 1674 818 putas
1686 787 1698 814 ?
1713 786 1774 814 Non

952 827 972 854 Β
985 839 1029 862 est
1044 842 1114 869 opus
1138 834 1217 870 plura
1233 834 1327 862 dicere
1344 833 1378 861 de
1399 841 1428 860 re
1445 833 1601 865 manifesta,
1622 840 1674 867 qua
1698 833 1773 868 pleni

988 884 1053 908 sunt
1067 879 1152 913 libri,
1171 879 1253 915 plena
1269 880 1425 915 priscorutn
1452 880 1601 907 volumina.
1626 878 1690 905 Ἐάν
1707 886 1776 914 quo-

987 935 1040 963 que
1055 926 1149 955 Grtcca
1162 926 1340 961 coniunctio,
1363 925 1475 953 easdem
1502 925 1587 952 habet
1612 929 1773 960 potestates.

986 973 1077 1001 Testis
1105 977 1146 1000 est
1172 973 1352 1005 Priscianus,
1378 971 1621 1007 grammaticorum
1648 971 1774 998 omnium

986 1017 1246 1050 excellentissimus,
1260 1025 1309 1044 nec
1324 1018 1414 1045 minus
1430 1017 1456 1044 in
1468 1016 1570 1044 Graecis
1580 1023 1662 1050 quam
1679 1015 1707 1042 in
1723 1014 1776 1042 La-

988 1065 1052 1092 tinis
1067 1064 1168 1092 litteris
1184 1064 1300 1098 peritus,
1328 1063 1430 1098 quippe
1452 1062 1499 1096 qui
1522 1062 1634 1090 Graecus
1661 1062 1774 1089 natione

986 1112 1047 1138 fuit.
1065 1111 1127 1138 Fuit
1141 1110 1215 1138 enim
1227 1117 1261 1137 ex
1276 1109 1411 1142 Caesarea,
1430 1108 1662 1144 Cappadocensis,
1677 1115 1729 1136 nec
1744 1107 1774 1134 in

986 1157 1061 1185 Italia
1073 1177 1081 1190 ,
1097 1156 1145 1184 sed
1164 1156 1281 1184 Athenis
1295 1159 1323 1183 et
1340 1154 1434 1183 Graece
1449 1155 1548 1183 didicit
1571 1160 1599 1183 et
1614 1154 1722 1182 Latine.
1747 1154 1775 1182 Is

986 1203 1013 1231 in
1029 1203 1109 1230 libris
1125 1202 1163 1229 De
1180 1202 1384 1235 constructione,
1399 1201 1444 1228 ubi
1460 1201 1494 1228 de
1507 1200 1694 1236 subjungendi
1713 1208 1774 1228 mo-

985 1249 1031 1281 do,
1047 1253 1075 1276 et
1094 1249 1129 1276 de
1146 1248 1282 1283 particula
1297 1248 1331 1281 si,
1349 1247 1460 1275 easdem
1485 1247 1598 1277 omnino
1615 1247 1653 1274 ait
1669 1247 1774 1275 habere

986 1295 1072 1330 ipsam
1099 1295 1172 1322 vires
1196 1301 1264 1328 quas
1286 1293 1333 1320 ἑαν
1348 1293 1454 1326 Graeca,
1481 1293 1563 1327 idque
1587 1297 1642 1320 tam
1667 1292 1774 1321 Latinis

986 1349 1066 1376 quam
1085 1340 1188 1368 Graecis
1204 1340 1325 1368 ostendit
1343 1339 1486 1375 exemplis.
1508 1339 1562 1367 Sed
1575 1347 1666 1368 sermo
1685 1339 1772 1367 etiam

986 1387 1043 1422 ipse
1057 1387 1168 1415 Graecus
1182 1387 1359 1421 pchpicuum
1381 1386 1407 1413 id
1423 1386 1498 1419 iacit,
1511 1385 1579 1414 adeo
1595 1391 1625 1413 ut
1637 1385 1774 1420 exemplis

985 1441 1055 1468 opus
1074 1440 1127 1460 nou
1154 1432 1200 1460 sit.
1233 1432 1345 1461 Dicatur
1372 1431 1455 1460 alicui
1476 1439 1573 1459 carnes
1593 1431 1637 1459 die
1659 1431 1773 1459 Sabbnti

985 1479 1140 1507 comedenti
1154 1487 1160 1505 :
1172 1478 1272 1506 Games
1287 1483 1315 1505 tu
1329 1479 1443 1506 comedis
1456 1479 1483 1505 in
1496 1478 1612 1505 Sabbato
1627 1477 1639 1504 7
1659 1485 1773 1512 respou-

986 1527 1058 1559 deat,
1083 1525 1145 1552 Ἐὰν
1175 1525 1266 1560 φάγω,
1284 1525 1310 1551 τί
1325 1524 1393 1560 apo;
1409 1525 1457 1558 et;
1484 1525 1509 1552 id
1526 1528 1578 1557 est,
1599 1523 1628 1552 Si
1653 1526 1771 1557 comedo,

985 1574 1047 1608 quid
1063 1572 1098 1600 ad
1116 1572 1160 1599 te?
1177 1572 1254 1600 Patet
1270 1572 1334 1606 quia
1359 1570 1504 1599 comedere
1520 1571 1630 1598 asserit.
1644 1571 1723 1604 Quod
1747 1572 1772 1599 si

985 1620 1100 1650 diceret,
1131 1618 1160 1645 Si
1178 1618 1352 1650 contraderent,
1372 1617 1434 1652 quid
1449 1617 1484 1644 ad
1506 1617 1555 1644 te?
1581 1624 1636 1644 non
1660 1618 1774 1645 omnino

985 1665 1130 1692 comedere
1143 1665 1318 1697 concederet,
1332 1664 1379 1691 sed
1397 1664 1476 1699 quasi
1498 1663 1624 1699 negando
1640 1664 1692 1691 sub
1705 1671 1773 1691 eon-

985 1709 1090 1737 ditione
1107 1714 1234 1745 poneret.
1252 1710 1310 1738 Hoc
1326 1710 1353 1737 in
1368 1709 1463 1737 Graeco
1479 1716 1606 1736 sermone
1617 1716 1673 1736 non
1682 1713 1772 1744 potest

985 1756 1093 1792 liquido
1109 1756 1224 1792 percipi.
1238 1755 1292 1784 Sed
1304 1757 1372 1784 latet
1384 1756 1464 1788 adeo,
1482 1761 1512 1784 ut
1528 1755 1674 1791 peritiores
1687 1756 1772 1784 etiam

986 1802 1069 1838 hujus
1086 1803 1174 1830 aetatis
1188 1802 1285 1838 fugiat,
1298 1802 1352 1830 nisi
1369 1802 1475 1830 Latina:
1498 1803 1599 1838 lingua:
1616 1803 1772 1839 proprieta-

986 1853 1026 1876 tes
1042 1849 1223 1883 inspexerint.
1239 1847 1324 1884 Cujus
1342 1849 1381 1877 rei
1396 1856 1480 1877 causa
1495 1853 1548 1882 est,
1560 1849 1691 1884 quoniam
1706 1850 1773 1878 sub-

983 1893 1108 1928 jicientia
1126 1893 1211 1921 verba
1229 1894 1334 1922 minuta
1351 1894 1470 1929 quadam
1493 1894 1631 1922 scribendi
1646 1894 1681 1922 ab
1699 1893 1771 1921 indi-

986 1940 1114 1968 cantibus
1142 1940 1298 1967 diﬂ‘erentia
1329 1940 1552 1975 distinguuntur.
1581 1939 1673 1968 Prima
1696 1941 1771 1969 enim

984 1987 1130 2022 praesentis
1147 1987 1273 2014 indicans
1300 1993 1418 2022 persona
1434 1991 1463 2014 et
1486 1995 1556 2014 voce
1581 1992 1610 2015 et
1632 1988 1772 2022 scriptura

985 2034 1079 2063 eadem
1095 2036 1139 2060 est
1158 2040 1221 2060 cum
1246 2032 1442 2068 subjungendi.
1460 2032 1537 2060 Sicut
1563 2033 1590 2060 in
1618 2034 1771 2068 proposito,

990 2076 1054 2104 Volo
1071 2085 1130 2104 eum
1155 2085 1272 2111 manere,
1291 2077 1360 2104 θέλω
1377 2077 1458 2103 αὑτὸν
1485 2079 1597 2112 μένειν,
1618 2078 1684 2105 illud
1701 2079 1771 2104 Θέλω

985 2128 1077 2159 potest
1096 2128 1125 2150 et
1147 2124 1205 2150 volo
1235 2128 1263 2151 et
1288 2123 1382 2150 vellem
1400 2123 1454 2150 dici
1472 2124 1580 2151 Latine.
1606 2123 1659 2151 Sed
1680 2124 1772 2151 vellent

146 2173 274 2202 quentes,
292 2172 390 2202 aperte
402 2166 592 2199 ostendemus,
609 2166 636 2193 id
652 2165 742 2200 ipsum
756 2171 786 2193 et
799 2174 847 2201 per
860 2166 934 2193 hunc
950 2167 971 2195 D
987 2169 1064 2196 nullo
1085 2173 1166 2204 pacto
1185 2168 1325 2201 convenit,
1349 2169 1463 2196 omnino
1480 2170 1554 2196 enim
1570 2177 1584 2196 a
1601 2174 1684 2197 renus
1705 2171 1771 2197 alic-

146 2213 288 2249 Evangelii
300 2213 392 2241 locum
410 2212 572 2248 significari,
584 2216 612 2240 et
626 2211 688 2239 aliis
702 2211 856 2239 rationibus
870 2219 935 2239 Cotl-

147 2260 252 2287 tirmari
269 2266 309 2296 etv
324 2265 383 2288 tum
404 2260 491 2296 ipsius
506 2259 621 2287 Joannis
636 2259 663 2286 in
687 2258 850 2294 Apocalypsi
877 2263 934 2287 tum

147 2307 285 2342 Evangelii
304 2306 471 2334 auctoritate
489 2313 522 2333 ac
548 2305 705 2333 testimonio
733 2305 934 2341 signiﬁcantius

146 2353 344 2388 comprobari,
365 2356 448 2387 atque
462 2351 532 2380 adeo
549 2352 733 2379 demonstrari
749 2360 756 2379 :
775 2351 806 2378 Si
822 2352 933 2387 (inquit)

145 2407 205 2426 eum
221 2398 279 2425 volo
290 2406 395 2426 manere
406 2398 487 2425 donec
499 2398 603 2425 neniam
613 2417 621 2430 ,
633 2399 698 2432 quid
713 2398 748 2424 ad
759 2403 784 2424 te
793 2398 806 2424 ἵ
827 2397 932 2430 Graece,

146 2446 169 2472 si
187 2445 302 2473 verbum
316 2444 351 2472 de
366 2444 450 2471 verbo
472 2443 636 2478 exprimitur
648 2463 656 2476 ,
674 2450 729 2471 non
744 2442 788 2471 Sic
802 2451 863 2471 eum
876 2444 933 2471 volo

147 2499 273 2524 manere,
300 2489 360 2522 sed,
381 2488 409 2517 Si
437 2497 496 2516 eum
513 2489 572 2516 volo
597 2496 714 2522 manere,
732 2489 864 2525 scriptum
881 2495 933 2518 est.

148 2537 250 2565 Verum
273 2536 417 2573 quoniam,
442 2536 517 2563 sicut
539 2535 677 2571 particula
691 2536 714 2562 si
726 2535 799 2570 apud
816 2543 877 2569 nos,
894 2537 934 2564 sic

145 2582 218 2618 apud
235 2581 344 2610 Graecos
364 2581 514 2609 indicativo
535 2579 647 2617 quidem
670 2580 754 2609 verbo
775 2581 932 2616 conjuncta,

151 2628 315 2657 adﬁrmative
330 2627 448 2663 capitur,
465 2626 641 2663 subjunctivo
659 2631 749 2655 autem
773 2626 934 2662 suspensive

148 2675 376 2709 dubitativeque,
397 2673 521 2709 jungitur
533 2677 624 2700 autem
649 2672 695 2700 hic
717 2672 876 2706 indicativo,
892 2671 934 2700 id-

147 2721 221 2748 circo
237 2728 292 2748 non
303 2721 326 2748 si
340 2720 389 2748 sed
400 2720 438 2747 sic
449 2719 546 2748 Patres
561 2719 734 2755 interpretati
745 2723 820 2751 sunt,
831 2726 866 2746 ne
880 2719 934 2746 sci-

146 2766 212 2794 licet
224 2767 247 2792 si
273 2766 408 2801 particula
423 2765 528 2794 Latinae
542 2765 698 2802 Graecaeque
718 2765 819 2801 linguae
832 2765 934 2794 sciolos

148 2815 262 2847 propter
275 2811 411 2847 duplicem
430 2816 595 2847 potestatem
609 2812 742 2840 turbaret.
757 2810 800 2839 Sic
811 2818 876 2840 vero
890 2810 933 2839 af-

988 2222 1065 2241 nutn.
1082 2213 1172 2246 Quare
1194 2220 1245 2240 nec
1261 2214 1333 2240 ullus
1351 2221 1473 2248 unquatn
1495 2213 1522 2240 id
1538 2213 1681 2249 cogitavit.
1696 2212 1771 2246 Quas

985 2259 1022 2286 ob
1046 2267 1090 2287 res
1114 2264 1142 2286 et
1160 2258 1325 2286 auctoritate
1349 2258 1461 2286 illorum
1477 2259 1526 2294 qui
1548 2260 1770 2286 traduxeruntct

986 2305 1187 2333 consuetudine
1202 2305 1353 2332 multorum
1368 2306 1544 2339 saeculorum,
1556 2311 1583 2333 et
1596 2306 1682 2340 ipsius
1696 2305 1771 2332 Grie-

986 2351 1010 2379 ci
1024 2351 1162 2378 sermonis
1181 2352 1359 2386 proprietate,
1376 2357 1404 2379 et
1425 2352 1556 2386 quoniam
1573 2359 1617 2379 res
1634 2353 1692 2386 ipsa
1715 2352 1771 2378 dis-

984 2397 1109 2434 junctiva
1127 2397 1270 2424 dubitandi
1288 2405 1383 2424 vocem
1403 2406 1457 2425 non
1485 2397 1591 2433 patitur
1605 2417 1612 2430 ,
1632 2398 1772 2426 aﬂirtnans

987 2442 1118 2469 Dotninns
1130 2441 1198 2469 dixit
1212 2450 1218 2469 :
1231 2441 1273 2468 Ita
1290 2442 1348 2470 volo
1360 2450 1418 2469 eum
1432 2451 1549 2477 manere,
1562 2443 1642 2470 donec
1654 2444 1771 2478 veniam,

985 2488 1048 2523 quid
1065 2488 1165 2529 mite?
1183 2487 1236 2516 Sed
1252 2488 1326 2517 dicet
1342 2489 1461 2518 fortasse
1478 2489 1617 2525 quispiam
1632 2491 1771 2517 neminem

987 2542 1108 2569 unquam
1125 2541 1223 2562 ausum
1242 2535 1328 2564 fuisse
1350 2536 1430 2563 aliter
1441 2544 1524 2571 quam
1541 2536 1705 2564 amr-malive
1721 2537 1773 2564 Dc-

985 2579 1085 2608 ntinica
1099 2579 1157 2608 hinc
1172 2581 1257 2609 verba
1278 2581 1473 2617 interpretari;
1490 2582 1540 2611 sed
1557 2582 1645 2610 Donec
1666 2583 1771 2609 veniant

984 2633 1040 2653 non
1052 2630 1207 2654 extremum
1220 2625 1296 2654 illum
1308 2627 1465 2665 signiﬁcare
1477 2629 1626 2657 adventum
1641 2627 1750 2657 Domini
1760 2637 1770 2657 :

985 2679 1064 2707 posse
1085 2679 1204 2708 namque
1229 2673 1379 2701 adventum
1400 2674 1510 2703 Domini
1537 2676 1668 2711 appellari
1685 2676 1770 2703 etiam

983 2727 1047 2746 cunt
1062 2726 1117 2756 quo
1135 2719 1325 2755 unusquisque
1345 2726 1459 2749 vocatus
1472 2742 1480 2755 ,
1500 2726 1606 2749 natura:
1622 2723 1771 2757 concedit;

985 2769 1015 2793 ut
1025 2765 1096 2792 velle
1107 2764 1243 2793 Joannem
1261 2766 1301 2794 sic
1314 2767 1406 2795 vivere
1421 2772 1528 2795 asserat
1541 2787 1549 2801 ,
1564 2766 1653 2796 donec
1667 2769 1770 2803 veniat,

985 2810 1013 2838 id
1028 2815 1070 2839 est
1086 2810 1175 2840 donec
1198 2812 1287 2849 ipsum
1302 2820 1352 2849 per
1373 2817 1490 2843 mortem
1506 2814 1541 2842 ad
1555 2821 1586 2843 se
1601 2814 1717 2844 vocarit.
