1916 3057
133 180 186 212 873

522 181 561 212 ΙΝ
584 181 715 219 ILLUD,
741 189 750 206 ί
769 182 828 213 SIC
846 182 946 215 νοω
965 182 1048 213 EUM
1068 182 1240 219 ΜᾹΝΕΒΕ,
1261 190 1270 207 ι
1293 183 1375 213 ETC.

1712 182 1765 214 87L

169 233 226 262 Hac
246 234 384 263 sententia
399 234 498 268 divisa,
513 235 633 269 primum
658 241 770 264 constat
786 236 921 264 Joannem
936 238 959 266 Α
977 236 1154 265 Pentecostes
1174 237 1296 265 adventu
1314 236 1448 265 Paracleti
1468 237 1500 264 ad
1517 237 1716 273 perfectionem
1736 239 1764 265 in

132 282 224 309 vivere
237 282 327 309 donec
345 282 460 315 veniat,
485 283 632 310 Dominum
657 283 771 310 dixisse.
796 283 919 310 Alterura

131 335 199 363 ergo
216 333 375 363 quaeratur,
392 336 427 356 an
443 328 523 361 illud,
539 328 628 355 Donec
642 329 758 359 ueniam.
775 328 855 355 tinem
872 336 922 356 sae-

131 376 184 403 cnli
198 375 281 411 hujus
299 374 447 408 significet,
468 375 512 402 vel
531 375 679 402 terminum
698 375 807 401 vivendi
825 375 852 402 in
868 375 921 402 hoc

130 421 230 449 saculo
244 425 388 448 monstret.
401 420 478 453 Quod
494 425 582 452 certe,
595 421 617 447 si
633 420 695 455 quis
707 421 841 454 attendat,
856 428 920 455 pro-

131 468 174 495 cul
191 475 206 494 a
232 474 299 494 vero
314 474 375 494 esse
397 466 548 494 videbitur.
570 466 643 494 Nihil
667 466 740 494 enim
757 466 831 494 aliud
853 467 921 494 dicit

130 514 178 548 qui
194 514 232 541 ita
249 513 327 546 dicit,
341 513 396 540 nisi
412 517 442 541 ut
455 514 562 547 planius
574 519 602 541 et
615 513 667 540 sub
682 513 771 541 oculis
786 518 920 548 ponatur,

132 559 199 587 Volo
218 566 281 586 eum
300 558 395 585 vivere
409 557 500 585 donec
523 558 673 590 moriatur;
692 558 741 585 sed
768 559 919 586 absurdum

131 613 180 638 per
198 604 318 638 seipsum
332 607 420 631 totum
434 603 518 631 fuerit
530 604 551 631 si
567 611 690 631 connexa
705 604 767 632 talis
782 605 919 639 expositio

131 651 224 679 fuerit.
238 652 426 681 Connectatur
442 654 526 688 igitur
538 658 566 681 et
581 653 691 681 dicatur
708 663 715 681 :
732 654 776 682 Sic
787 662 845 682 eum
862 655 919 682 volo

130 707 241 727 manere
260 699 343 727 donec
358 700 464 727 veniam
478 720 487 732 ,
506 700 572 734 quid
585 718 587 720 τ
599 700 634 727 ad
656 701 705 728 te?
725 700 751 728 id
777 706 829 733 est,
852 701 919 729 Volo

130 753 193 773 cum
211 746 303 773 vivere
331 747 418 773 donec
437 747 591 778 moriatur,
607 746 673 782 quid
689 747 722 774 ad
752 748 799 775 te?
825 747 918 775 Dicam

130 797 226 826 aperte
241 792 314 827 quod
331 793 411 820 modo
425 793 452 820 in
467 798 589 821 mentem
606 794 714 822 incidit.
727 794 815 822 llomo
831 799 918 827 certe,

131 845 186 864 non
199 838 261 865 dico
273 839 371 867 doetus
383 844 410 866 ct
425 839 528 874 gravis,
538 839 585 867 sed
601 839 779 867 mediocriter
792 839 920 867 eruditus

131 891 163 910 ac
182 883 269 910 levior
281 904 289 916 ,
316 885 338 911 si
360 885 422 912 data
438 886 491 912 sibi
516 891 651 921 potes'ate
669 886 789 914 hominis
805 886 922 921 alicuius

132 929 206 961 vitro,
232 934 316 964 atque
333 931 520 964 interrogatus
543 932 584 959 sic
602 930 789 966 respondeat,
827 939 922 966 parum

132 975 363 1004 animadvertisse
386 977 528 1011 potabitur
545 986 551 1004 :
570 979 710 1012 quomodo
727 979 811 1013 igitur
837 979 921 1006 Deum

132 1029 181 1048 ore
201 1029 252 1049 suo
274 1023 314 1049 sic
330 1022 453 1049 locutum
472 1021 608 1058 quispiam
622 1024 794 1052 crediderit?
807 1024 859 1052 Sed
873 1033 922 1052 cn-

133 1067 275 1099 riositatis.
293 1068 418 1103 inquiet,
435 1077 552 1105 arguere
571 1059 857 1106 discipulum'voluit.
878 1071 924 1099 Sic

134 1114 265 1147 arbitror,
295 1120 324 1142 et
344 1115 460 1151 Cyrillo,
477 1116 537 1144 viro
550 1116 676 1144 doctrina
691 1117 842 1152 praecipuo,
860 1125 924 1145 san-

134 1160 230 1188 ctitate
247 1169 356 1196 magno,
380 1162 527 1196 prudentia
543 1168 570 1190 et
586 1164 745 1198 eloquentia
760 1165 847 1200 gravi,
869 1165 923 1192 hoc

135 1206 224 1240 ipsum
248 1208 390 1243 placuisse.
410 1209 538 1245 legimus,
551 1216 580 1238 et
600 1211 678 1243 illud,
692 1212 755 1246 quid
779 1211 814 1239 ad
834 1211 880 1240 te?
895 1213 922 1240 id

134 1258 230 1288 aperte
248 1255 379 1282 ostendit.
398 1254 451 1283 Sed
469 1256 496 1283 in
512 1257 744 1291 reprehendendo
770 1257 850 1286 Petro
878 1265 917 1287 sa:

135 1305 305 1327 crumentum
320 1300 403 1328 etiam
417 1301 485 1328 illud
505 1303 612 1337 aperire
625 1303 724 1334 voluit,
736 1311 790 1330 non
804 1304 922 1331 moritu-

136 1352 197 1371 rum
226 1345 361 1373 Joannem
387 1354 476 1382 usque
500 1347 535 1375 ad
562 1352 684 1375 extrema
710 1348 801 1376 saeculi
829 1349 922 1385 hujus.

135 1389 202 1416 Nam
220 1391 242 1418 si
258 1392 428 1420 curiositatis
445 1393 533 1429 ipsum
552 1400 667 1428 arguere
683 1394 857 1422 solummodo
877 1403 923 1421 νο-

135 1435 229 1464 luisset
242 1457 249 1469 ,
268 1438 334 1465 illud
359 1439 498 1472 ultimum,
514 1440 577 1474 quid
591 1440 624 1466 ad
641 1444 675 1474 te,
692 1441 745 1473 vel,
761 1441 817 1468 Cur
834 1441 923 1468 aliena

137 1484 249 1515 quaeris,
265 1482 379 1514 dixisse.
395 1484 461 1512 satis
474 1493 614 1520 superque
630 1491 701 1518 erat,
714 1487 785 1513 sient
796 1487 924 1515 onmibus

137 1526 219 1553 simul
245 1529 452 1562 quaerentibus,
478 1530 501 1556 si
522 1537 555 1557 eo
580 1538 652 1557 anno
681 1531 828 1559 rcstiturus
851 1537 924 1560 esset

139 1579 255 1606 regnum
275 1572 380 1605 lsraeli,
402 1575 544 1609 respondit
557 1576 699 1604 lenissime
713 1584 851 1611 arguens:
865 1577 924 1604 Non

137 1622 174 1644 est
186 1623 303 1645 vestrum
316 1627 470 1654 cognoscere
497 1625 615 1654 tempora
631 1621 672 1648 uel
687 1627 831 1649 momenta.
848 1622 925 1650 Nunc
939 1620 961 1631 "

137 1668 230 1691 autem
246 1671 300 1690 non
326 1665 414 1698 arguit
431 1666 519 1693 solum
536 1660 597 1693 cdm
617 1667 806 1694 vehementius
827 1667 926 1695 intule-

138 1710 184 1741 rit,
202 1711 265 1745 quid
286 1711 321 1737 ad
337 1711 384 1737 te?
400 1719 496 1738 verum
510 1712 592 1739 etiam
610 1713 644 1740 ad
662 1713 742 1740 tinem
759 1721 844 1748 usque
864 1713 926 1741 vita:

138 1756 221 1792 hujus
243 1757 382 1784 victurum
409 1758 543 1785 Joannem
565 1760 684 1786 asseruit
708 1760 804 1788 dicens
827 1769 834 1788 :
858 1759 927 1788 Volo

137 1810 202 1829 eum
224 1810 335 1830 manere
354 1803 442 1830 donec
471 1805 589 1831 veniam.
617 1805 655 1832 Ita
680 1811 707 1832 ct
740 1806 926 1834 conditionem

139 1849 201 1876 vin
222 1848 337 1876 Joannis
353 1849 463 1883 aperuit
478 1854 506 1876 et
528 1849 719 1877 curiositatem
744 1851 817 1878 Petri
833 1851 928 1879 redar-

138 1895 208 1928 guit.
229 1895 319 1921 Exivit
336 1899 424 1922 autem
450 1903 537 1922 sermo
556 1897 605 1922 iste
629 1896 657 1922 in
686 1897 827 1932 discipulos
858 1898 928 1932 quod

139 1941 289 1977 discipulus
304 1942 349 1969 ille
367 1951 420 1969 non
436 1943 560 1970 moritur.
581 1942 673 1970 Exivit
689 1949 779 1970 sermo
794 1943 829 1970 ad
845 1943 929 1973 disci-

141 1988 230 2022 pulos.
250 1989 271 2015 Δ
294 1996 350 2023 quo
375 1988 479 2016 exivit?
500 1996 549 2023 per
577 1996 659 2023 quem
677 1989 827 2025 dissipatus
856 1988 927 2016 fuit?

140 2035 202 2068 quis
216 2034 359 2068 discipulis
374 2035 505 2062 omnibus
526 2035 703 2070 praedicavit?
715 2034 773 2063 Duo
795 2039 869 2062 certe
882 2043 927 2062 so-

140 2080 196 2106 lum
215 2087 369 2112 sermonem
386 2081 459 2108 hunc
473 2080 582 2108 Domini
598 2080 767 2112 audierunt,
791 2080 889 2108 Petrus
901 2085 928 2107 et

140 2126 269 2158 Joannes,
285 2126 393 2153 caeteris
409 2126 557 2154 Dominum
573 2134 604 2153 ea
625 2125 782 2161 replicasse.
799 2133 860 2160 quae
879 2125 928 2152 Pe-

141 2177 200 2200 trus
215 2178 242 2200 et
262 2172 381 2200 Joannes
397 2173 530 2200 secretius
550 2177 724 2209 acceperant.
744 2173 856 2200 minime
869 2181 929 2200 cre‘

140 2219 261 2246 dendum
285 2224 338 2246 est.
363 2219 484 2246 Joannes
500 2223 590 2246 autem
606 2239 614 2251 ,
640 2223 669 2246 et
695 2218 852 2253 virginitate
871 2223 928 2245 tum

978 282 1030 309 hac
1045 282 1100 310 vita
1116 283 1242 311 ultimam
1266 283 1384 319 apostoli
1409 288 1605 319 pervenerunt.
1623 288 1713 311 tamen
1732 292 1765 311 eo

977 327 1032 360 die,
1048 336 1103 363 quo
1120 329 1179 356 haec
1193 334 1252 357 acta
1277 329 1391 357 fuerunt
1407 330 1493 357 multo
1508 329 1687 357 sublimiores
1705 338 1767 357 om-

979 374 1061 402 nibus
1083 376 1293 403 successoribus
1319 376 1379 403 suis
1404 375 1500 404 fuisse.
1531 375 1613 404 Fides
1639 375 1712 404 enim
1737 376 1763 402 in

976 420 1117 448 Christum
1136 421 1299 449 crucifixum
1317 427 1345 449 et
1359 429 1374 449 e
1390 422 1508 450 mortuis
1522 423 1697 454 suscitatum,
1715 429 1764 449 sua

977 467 1064 501 gratia
1079 472 1108 494 et
1124 467 1251 496 doctrina
1268 467 1419 496 Salvatoris
1435 468 1597 495 confirmata
1610 468 1761 503 plurimum

976 521 1025 541 eos
1040 513 1166 541 elevabat
1183 514 1210 541 in
1227 513 1297 542 dies.
1315 513 1379 541 Fuit
1394 518 1486 541 autem
1499 514 1560 541 dies
1574 514 1630 545 ille,
1644 521 1700 549 quo
1712 514 1766 540 Do-

978 559 1070 586 minus
1090 559 1148 586 iure
1161 560 1278 594 peregit,
1299 560 1400 587 tertius
1412 560 1594 594 apparitionis
1615 568 1670 586 sua:
1697 559 1764 586 Nam

975 605 1028 633 etsi
1041 606 1141 640 sat-pius
1156 613 1186 633 se
1203 609 1257 633 tam
1276 606 1442 634 mulieribus
1462 613 1542 641 quam
1559 605 1627 634 viris
1649 605 1766 632 manife-

977 650 1070 684 stavit,
1087 656 1115 678 et
1129 651 1210 678 aliter
1224 651 1286 678 aliis
1308 651 1391 679 tnodo
1405 651 1541 686 pluribus,
1558 652 1638 678 modo
1655 652 1766 686 paucio-

975 698 1065 729 ribus,
1087 703 1177 725 tamen
1195 697 1279 725 tertio
1295 697 1416 725 dicimus
1432 698 1478 725 die
1494 705 1568 725 nunc
1593 698 1765 732 apparuisse,

975 743 1105 779 quoniam
1125 744 1214 772 tribus
1242 744 1362 772 maxime
1380 744 1478 772 diebus
1494 744 1636 779 apertius,
1653 752 1767 779 expres—

976 790 1047 823 sius,
1064 790 1260 818 miracuiosius
1274 791 1405 826 apparuit
1422 790 1540 826 primum
1556 791 1583 818 in
1601 791 1662 826 ipso
1675 799 1768 818 resur-

975 836 1107 863 rectionis
1121 836 1175 869 die,
1201 837 1302 865 deinde
1329 837 1357 864 in
1384 842 1483 864 octavo
1501 844 1517 864 a
1540 837 1764 868 resurrectione:

979 882 1104 914 tertium,
1118 882 1230 917 quando
1253 883 1367 911 Petrum
1386 884 1509 918 praefecit
1524 883 1669 914 Ecclesite.
1686 891 1718 911 ac
1733 884 1767 910 de

941 919 959 946 δ
976 929 1091 957 Joannis
1103 934 1192 957 morte
1208 930 1409 964 pronuntiavit,
1424 930 1480 957 duo
1496 935 1669 957 sacramenta
1684 929 1766 956 disci-

977 977 1048 1012 pulis
1065 977 1252 1011 patefaciens;
1273 977 1321 1004 sed
1343 978 1415 1012 quod
1433 976 1568 1011 sequitur.
1593 977 1684 1004 forsan
1711 976 1765 1002 alio

977 1022 1117 1050 trahitur?
1132 1023 1322 1058 Nequaquam.
1334 1023 1406 1056 Quid
1417 1023 1492 1049 enim
1508 1022 1652 1057 sequitur?
1667 1021 1698 1048 Et
1715 1029 1766 1047 non

977 1069 1043 1096 dixit
1060 1070 1082 1095 ei
1097 1068 1186 1101 Jesus.
1204 1068 1280 1101 Quod
1296 1077 1349 1097 non
1367 1068 1492 1102 moritur,
1509 1068 1566 1102 sed,
1582 1067 1625 1095 Sic
1637 1076 1695 1094 eum
1708 1067 1766 1094 volo

977 1122 1094 1148 manere,
1112 1116 1194 1142 donec
1208 1116 1325 1149 ueniant,
1341 1115 1404 1150 quid
1418 1115 1453 1142 ad
1469 1116 1517 1142 te?
1540 1114 1652 1142 Putabit
1668 1113 1768 1148 aliquis

977 1161 1059 1194 forte,
1072 1161 1220 1196 perspicuo
1236 1161 1282 1188 hic
1295 1161 1493 1196 evangelistam
1510 1160 1564 1187 illis
1578 1159 1766 1187 contradicere

977 1207 1024 1242 qui
1048 1207 1222 1235 arbitrentur
1238 1214 1293 1234 non
1320 1207 1485 1234 moriturum
1510 1205 1600 1239 ipsum
1631 1212 1716 1239 usque
1732 1204 1765 1231 ad

979 1253 1060 1280 finem
1074 1254 1166 1281 saeculi
1182 1253 1276 1289 hujus,
1291 1261 1356 1280 cum
1374 1253 1477 1281 scribat
1494 1261 1502 1279 ι
1516 1251 1576 1280 Non
1593 1252 1659 1278 dixit
1679 1251 1702 1277 ei
1721 1250 1764 1276 Je-

977 1307 1021 1326 sus
1035 1299 1105 1334 quod
1129 1307 1181 1326 non
1197 1300 1321 1331 moritur,
1345 1307 1431 1334 usque
1451 1299 1484 1326 ad
1506 1303 1628 1326 extrema
1645 1302 1766 1329 tempora

977 1345 1085 1373 scilicet
1098 1345 1149 1381 (sic
1164 1345 1238 1373 enim
1260 1345 1444 1380 supplendum
1463 1352 1573 1380 semper
1592 1344 1656 1379 est),
1676 1343 1766 1370 excla-

979 1391 1120 1426 mabitque
1140 1391 1175 1419 ab
1194 1399 1228 1419 eo
1249 1392 1311 1426 ipso
1331 1392 1508 1427 explanatum
1525 1399 1587 1420 esse
1603 1390 1683 1417 vobis
1693 1389 1766 1424 quod

978 1437 1129 1473 quaeritur,
1141 1442 1222 1473 atque
1236 1441 1343 1466 mutare
1363 1446 1419 1466 non
1440 1443 1585 1474 oportere.
1599 1439 1655 1473 Ego
1675 1441 1766 1464 autent

979 1492 1029 1519 pro
1050 1484 1183 1512 modestia
1204 1492 1311 1512 summa
1332 1489 1359 1512 et
1389 1485 1516 1520 virginali
1538 1485 1694 1512 humilitate
1713 1491 1766 1518 qua

979 1530 1093 1565 gloriam
1114 1530 1263 1558 humanam
1294 1530 1417 1559 Joannes
1435 1531 1549 1558 omnino
1569 1530 1706 1562 calcavit,
1728 1529 1765 1557 ita

978 1583 1041 1603 eum
1067 1575 1213 1611 scripsisse
1232 1576 1396 1604 crediderim
1415 1579 1445 1603 ut
1469 1581 1498 1604 et
1512 1575 1656 1604 veritatem
1680 1575 1766 1610 digito

979 1621 1152 1654 monstrarit,
1164 1625 1192 1649 et
1210 1622 1319 1648 inanem
1341 1621 1424 1657 hujus
1444 1621 1536 1648 szeculi
1553 1613 1669 1655 gloriam
1686 1619 1767 1654 abjc-

977 1669 1055 1695 cerit.
1070 1667 1128 1694 Non
1140 1668 1212 1695 enim
1223 1672 1304 1702 negat
1320 1675 1389 1699 rem,
1401 1666 1448 1694 sed
1459 1673 1617 1694 sermonem
1633 1669 1661 1692 et
1671 1664 1764 1691 verba.

979 1715 1169 1751 Subjieiantur
1184 1714 1275 1742 oculis
1291 1714 1394 1741 omnia.
1421 1713 1491 1747 Quid
1516 1713 1597 1741 Jesus
1613 1711 1701 1739 dixit?
1721 1711 1766 1737 Si:

978 1770 1039 1789 cum
1055 1761 1113 1790 volo
1134 1769 1243 1789 manere
1265 1762 1348 1788 donec
1362 1752 1479 1792 senium,
1503 1757 1667 1789 aftiymando
1684 1757 1765 1784 Jt-sus

980 1809 1060 1842 dixit,
1079 1813 1108 1836 et
1131 1808 1276 1844 quisquam
1296 1806 1509 1842 negabit?Quid
1533 1804 1683 1840 discipuli?
1697 1811 1766 1839 quo-

979 1855 1061 1882 modo
1077 1855 1102 1881 id
1124 1862 1187 1883 cum
1206 1854 1309 1882 exisset
1326 1854 1353 1881 in
1379 1852 1519 1888 publicum
1534 1869 1542 1883 .
1558 1850 1766 1880 intellexerunt,

979 1899 1053 1935 quod
1070 1900 1191 1927 Joannes
1209 1907 1264 1927 non
1283 1898 1418 1926 moritur?
1437 1897 1531 1926 Teneo
1553 1894 1766 1923 affirmationem

979 1945 1088 1975 Domini
1106 1949 1134 1971 et
1158 1945 1346 1980 apostolorum
1370 1943 1536 1972 sententiam
1554 1940 1678 1969 omnium
1693 1939 1767 1974 quod

980 1999 1035 2018 non
1051 1991 1181 2017 moritur.
1203 1990 1274 2022 Quid
1295 1994 1389 2023 postea
1404 1988 1546 2017 Joannes?
1570 1995 1625 2014 non
1643 1990 1697 2013 tam
1715 1985 1769 2011 vir—

980 2037 1064 2073 ginali
1077 2035 1214 2064 modestia
1226 2036 1441 2068 humilitathuc
1456 2034 1589 2069 prteditus
1602 2040 1683 2068 quam
1698 2032 1770 2058 veri:

981 2083 1045 2111 tatis
1070 2081 1185 2112 amicus,
1216 2081 1282 2116 quid
1305 2081 1361 2107 ait?
1384 2079 1436 2108 Sed
1465 2088 1518 2107 non
1539 2080 1605 2106 dixit
1635 2079 1658 2105 ei
1682 2077 1769 2107 haus,

980 2130 1050 2165 quod
1065 2137 1116 2156 non
1134 2128 1261 2156 moritur.
1277 2127 1337 2154 Non
1353 2127 1426 2154 enim
1455 2126 1509 2153 hoc
1523 2123 1769 2164 verbumprotulit

979 2177 1071 2210 Jesus,
1092 2175 1140 2203 sed
1162 2175 1224 2202 aliis
1238 2173 1334 2202 verbis
1350 2180 1416 2201 usus
1430 2177 1483 2199 est.
1511 2171 1636 2205 Quibus?
1653 2171 1698 2198 Sic
1711 2178 1771 2197 cum

980 2223 1039 2250 υοΙο
1055 2229 1163 2250 manere
1178 2221 1259 2248 donec
1272 2220 1389 2248 veniam.
1405 2216 1613 2248 Animadverto,
1625 2215 1699 2250 quod
1715 2223 1770 2241 non

141 2264 267 2299 corporis
284 2269 340 2291 tum
359 2264 474 2298 spiritus
488 2265 611 2298 apprime
628 2265 760 2299 praeditus
774 2270 801 2292 et
820 2265 926 2292 caeteris
940 2270 967 2300 ι)
981 2268 1058 2296 stetit
1080 2267 1200 2296 Joannes
1216 2266 1252 2294 ibi
1268 2285 1276 2298 ,
1302 2263 1364 2292 Non
1391 2264 1457 2291 dixit
1475 2263 1498 2290 ei
1524 2262 1602 2289 Iesus
1629 2260 1698 2296 quod
1720 2268 1774 2296 non.

142 2310 290 2337 virtutibus
305 2317 441 2342 sutnmns,
458 2310 532 2343 quod
549 2315 576 2337 et
592 2310 741 2338 dilectione
771 2311 877 2338 Domini
898 2314 926 2337 et

142 2356 383 2383 commendatione
397 2355 493 2383 Matris
507 2355 567 2390 ejus
578 2356 739 2391 percipitur,
754 2364 925 2392 nequaquam

142 2403 168 2431 id
182 2404 257 2437 quod
277 2403 311 2430 ad
324 2402 438 2438 gloriam
455 2410 533 2429 suam
554 2402 692 2437 pertinere
709 2403 830 2434 videbat,
846 2403 928 2430 sociis

142 2449 221 2483 quasi
245 2448 429 2484 iactabundus
455 2448 639 2483 praedicasset.
665 2448 841 2482 Relinquitur
862 2455 927 2483 ergo

142 2503 158 2522 a
172 2495 254 2523 Petro
269 2496 402 2523 fratribus
417 2500 544 2523 enarrata
564 2495 648 2530 fuisse
664 2503 724 2530 qua:
743 2495 877 2522 Dominus
896 2497 929 2522 de

143 2541 251 2569 Joanne
270 2541 350 2568 dixit.
369 2542 481 2568 Petrum
502 2547 593 2568 autem
621 2540 701 2567 aliter
719 2540 821 2567 dixisse
846 2548 927 2574 quam

143 2587 269 2614 audierat
284 2587 361 2613 nefas
372 2592 413 2613 est
425 2587 512 2614 dictu.
525 2586 596 2620 Quid
609 2593 674 2622 ergo
691 2587 784 2614 retulit
797 2586 930 2614 fratribus

146 2633 263 2660 Petrus?
280 2633 360 2666 Quod
377 2633 507 2659 Dominus
525 2633 558 2660 de
579 2633 684 2660 Joanne
700 2633 787 2660 dixit:
808 2632 852 2660 Sic
872 2641 931 2659 eam

146 2679 204 2706 uolo
219 2686 326 2705 manere
343 2678 425 2705 donec
444 2679 560 2706 veniam.
577 2679 610 2706 ld»
630 2687 644 2706 a
664 2679 761 2711 Petro,
783 2687 797 2706 a
824 2678 932 2706 ett-teris

147 2725 279 2754 omnibus
291 2725 389 2753 eodem
408 2725 576 2752 intellectum
592 2726 676 2753 modo
685 2726 746 2759 fuit,
759 2728 832 2761 quod
847 2726 931 2754 disci-

149 2772 231 2806 pulus
250 2771 295 2798 ille
316 2778 369 2798 non
386 2770 513 2797 moritur.
533 2771 624 2804 Quare
641 2772 698 2807 ipse
718 2780 828 2807 quoque
844 2774 931 2800 deliu-

148 2827 233 2854 quere
251 2817 316 2845 mihi
333 2817 452 2845 viderer.
465 2817 488 2843 si
506 2825 559 2844 uon
574 2819 609 2844 ita
622 2818 695 2845 hunc
711 2819 816 2846 Domini
832 2828 936 2847 sermo-

150 2872 212 2892 nem
239 2870 377 2899 capcrem,
400 2862 473 2890 sicut
504 2870 600 2890 omnes
617 2864 744 2899 discipuli
766 2870 831 2893 tunc
856 2867 936 2893 intel-

152 2913 287 2939 lexerunt.
305 2909 395 2937 Facile
417 2916 538 2944 namque
556 2910 733 2946 crediderint,
751 2913 877 2946 quamvis
892 2913 936 2941 die

983 2315 1117 2345 moritur;
1132 2313 1254 2340 stetisset
1271 2317 1363 2339 autem
1389 2310 1411 2337 si
1429 2317 1486 2337 rem
1508 2309 1594 2347 ipsam
1610 2313 1711 2341 negare
1722 2314 1771 2332 vo-

983 2360 1094 2388 luisset.
1109 2358 1162 2387 Sed
1179 2358 1296 2390 addidit,
1320 2355 1383 2391 Sed,
1403 2355 1514 2390 supple.
1531 2354 1597 2381 dixit
1623 2361 1632 2380 :
1653 2351 1696 2380 Sic
1713 2359 1772 2378 eum

983 2407 1042 2434 υοιο
1066 2414 1174 2434 manere
1189 2427 1197 2439 ,
1228 2405 1311 2432 donec
1336 2404 1451 2431 veniam.
1466 2401 1608 2430 Sermonis
1636 2398 1720 2434 igitur
1747 2402 1775 2423 ct

985 2454 1134 2481 verborum
1149 2453 1325 2480 collationem
1351 2451 1430 2481 facit,
1446 2457 1502 2477 non
1527 2455 1632 2475 rerum.
1656 2446 1724 2473 Nam
1752 2445 1774 2470 si

986 2507 1079 2527 rerum
1104 2499 1192 2528 facere
1217 2498 1394 2526 collationem
1412 2495 1563 2524 voluisset,
1590 2492 1657 2520 illud
1686 2491 1775 2518 solum

985 2547 1143 2580 scripsisset
1161 2553 1167 2572 :
1183 2545 1244 2572 Non
1261 2544 1330 2571 dixit
1346 2544 1370 2570 ei
1390 2542 1464 2577 quod
1488 2549 1542 2568 non
1562 2539 1699 2570 moritur;
1724 2537 1778 2564 huc

988 2593 1062 2619 enim
1085 2592 1121 2619 ita
1144 2592 1249 2618 dictum
1265 2609 1272 2621 .
1299 2590 1391 2617 statim
1414 2588 1535 2616 ostendit
1550 2586 1622 2622 quod
1650 2585 1778 2612 moritur.

989 2637 1054 2669 Sed,
1073 2637 1131 2664 Non
1143 2635 1290 2671 dixitquod
1307 2643 1358 2662 non
1374 2635 1498 2664 moritur,
1517 2632 1619 2667 inquit,
1633 2631 1679 2658 scd
1695 2629 1777 2660 dixit,

990 2683 1032 2711 Sic
1045 2691 1104 2709 eum
1117 2682 1174 2709 volo
1191 2689 1297 2709 manere
1308 2684 1388 2708 donec
1399 2679 1513 2712 ueniant,
1527 2678 1591 2713 quid
1603 2677 1638 2704 ad
1652 2681 1675 2703 te
1685 2677 1698 2703 ?
1713 2676 1779 2704 Pcr-

990 2730 1116 2764 spicuum
1140 2735 1206 2761 ergo
1221 2732 1282 2759 est,
1306 2726 1455 2755 verborum
1480 2725 1569 2760 ipsum
1598 2722 1776 2751 collationem

991 2775 1092 2806 facere,
1107 2782 1163 2801 non
1179 2781 1286 2804 rerum,
1307 2773 1434 2808 quamvis
1456 2771 1485 2800 et
1499 2778 1591 2799 rerum
1613 2770 1706 2798 dicere
1723 2777 1778 2797 non

993 2821 1102 2849 dubito.
1119 2820 1195 2847 Alter
1211 2820 1285 2847 enim
1305 2826 1396 2846 sermo
1417 2825 1534 2846 mortetn
1554 2818 1667 2845 omnino
1687 2822 1778 2852 negat,

994 2866 1067 2902 quod
1085 2867 1215 2901 quoniam
1232 2865 1329 2891 falsum
1345 2867 1388 2891 est
1405 2871 1459 2891 non
1478 2863 1556 2901 dixit,
1567 2864 1627 2891 Non
1639 2863 1758 2891 moritur
1774 2870 1781 2893 ;

995 2914 1072 2946 alter,
1090 2911 1199 2948 quando
1215 2910 1368 2939 moriturus
1379 2915 1431 2943 est,
1444 2910 1582 2943 ostendit;
1601 2910 1694 2938 Donec
1708 2910 1781 2937 enim
