1916 3057
156 146 209 177 875

750 142 910 175 GEORGII
932 141 1194 173 TliAPEZUNTlI

1721 141 1787 173 7-816

157 190 265 234 veniam
281 201 393 236 (inquit)
407 201 469 232 volo
486 200 576 236 ipsum
592 201 633 228 sic
649 208 773 231 manere,
800 205 883 234 atque
901 201 943 226 vi—
958 199 984 227 Α
998 206 1062 225 vere
1091 203 1119 225 et
1144 198 1272 232 decipere
1286 197 1408 231 scilicet.
1428 203 1460 225 ac
1476 196 1503 224 in
1527 203 1652 225 errorem
1674 195 1785 223 demum

157 257 222 276 vere
242 249 358 277 scilicet.
377 249 451 281 Quas
468 248 503 276 ob
520 255 565 275 res
579 248 601 275 si
619 248 681 282 quis
697 247 845 281 diligenter
855 247 944 274 Evan-

155 295 219 329 gelii
237 295 321 322 verba
341 295 491 327 exatninet,
502 299 530 322 et
543 294 678 322 assertive
691 293 795 320 dictum
812 300 889 324 esse,
901 291 944 318 Sic

156 351 214 369 eum
233 342 290 369 talo
307 350 415 369 manere
441 343 522 369 donec
549 342 670 372 veniam.
690 340 852 375 perpendat,
871 339 943 373 quod

156 390 259 416 l‘rustra
272 393 320 415 aut
336 388 476 423 superﬂue
496 388 600 415 diclttm
619 392 713 422 putare
727 386 804 413 nefas
818 390 860 413 est
873 395 880 411 ε
900 385 944 412 vi-

156 435 271 461 deretur
285 440 376 461 autem
391 442 451 462 esse
466 434 647 469 superﬂuum,
673 434 695 460 si
720 434 753 460 ad
771 433 942 468 singulorum

155 481 261 508 exitum
285 481 434 508 adventum
466 480 575 508 Domini
597 479 722 512 referas;
755 479 778 507 si
813 479 943 514 praedicta

156 535 253 554 omnes
279 528 360 555 simul
383 527 511 562 discipuli
533 535 582 563 per
609 527 654 554 illa
682 526 767 556 verba
787 534 840 553 non
872 525 942 552 mori

155 573 288 600 Joannem
301 581 387 608 usque
403 573 436 600 ad
451 580 574 601 extretna
590 579 713 608 tempora
730 572 942 604 intellexerunt;

155 618 177 645 si
201 618 318 652 denique
339 617 460 645 Joannes
482 619 543 653 ipse
570 626 625 645 non
652 624 758 650 rerum,
780 617 827 644 sed
846 617 943 644 verbo-

155 670 217 690 rum
231 669 258 690 et
269 663 407 691 sermonis
422 664 487 691 facit
497 664 683 695 collationem,
697 663 751 695 vel,
763 663 836 698 quod
850 663 944 690 verius

155 713 208 741 est,
225 709 307 736 etiam
325 716 435 737 rerum:
461 710 524 745 quis
542 709 691 741 dubitabit,
710 709 798 744 ipsum
816 708 942 736 Tonitrui

157 753 254 785 tilium,
270 761 352 788 quem
370 755 502 782 Dominus
520 755 639 782 maxime
655 755 779 782 omnium
794 754 943 790 discipulo-

157 807 218 826 rum
244 800 360 833 dilexit,
384 801 428 828 cui
450 801 564 828 Matrem
587 801 708 828 moriens
734 802 763 828 in
780 808 863 828 cruce
892 801 942 828 soli

153 846 371 877 commendavit,
394 847 483 874 adhuc
504 847 608 879 vivere,
624 848 818 883 victurtnnque
844 847 886 874 vel
909 847 942 874 ad

157 897 280 919 extrema
309 893 402 920 smculi
430 893 534 928 huius?
552 894 593 921 vel
625 894 697 921 sicut
723 894 767 921 ille
798 894 844 928 qui
864 894 945 929 lorige

158 943 222 964 ante
236 937 307 965 alios
323 938 413 972 ipsum
431 938 536 971 dilexit,
559 939 708 971 ordinavit,
727 939 858 971 instituit,
873 947 945 974 pra:-

159 982 318 1011 deslinavit.
330 983 429 1010 Verum
445 989 580 1019 quantum
598 985 644 1012 hic
656 985 797 1021 Evangelii
814 985 891 1013 locus
911 985 944 1012 ad

158 1027 230 1055 hanc
244 1036 300 1055 rem
318 1029 453 1063 conferat,
470 1038 505 1057 ne
521 1030 636 1057 nimium
658 1035 767 1059 crescat
783 1038 810 1058 et
833 1031 945 1058 modum

159 1073 275 1101 excedat
307 1074 415 1108 oratio,
436 1076 502 1103 satis
518 1076 574 1111 jam
604 1076 650 1104 sit.
672 1077 751 1104 Nunc
781 1077 946 1105 ratiunculis

159 1127 270 1154 quoque
286 1121 436 1154 nonnullis,
453 1121 572 1156 idipsum
589 1122 719 1149 aiﬁrmari
743 1123 908 1157 aperiamus.

194 1165 315 1192 Primum
341 1165 425 1200 igitur
445 1166 582 1198 dicimus,
601 1166 749 1201 diligenter
771 1168 799 1201 in
817 1167 945 1194 omnibus

159 1208 310 1243 Scripturis
328 1210 470 1237 canonicis
485 1210 627 1238 observari
645 1216 789 1249 otiortere,
811 1212 883 1247 quod
901 1211 945 1238 ni-

160 1255 198 1282 hil
225 1255 338 1287 frustra,
364 1256 432 1282 nihil
463 1257 611 1291 superﬂue,
635 1257 704 1285 nihil
733 1258 792 1285 sine
812 1265 894 1286 causa
917 1258 945 1285 in

159 1301 227 1335 ipsis
248 1302 382 1336 scriptum
401 1307 454 1329 est.
479 1302 584 1337 Spiritu
614 1304 686 1331 enim
708 1308 805 1331 sancto
824 1304 945 1331 dii-tante

159 1353 255 1373 omnes
271 1346 380 1381 scriptae
393 1351 469 1378 sunt,
488 1347 608 1380 Spiritus
634 1356 698 1374 vero
724 1352 835 1375 sanctus
851 1347 944 1374 omnia

159 1392 222 1424 scit,
245 1393 338 1419 omnia
355 1393 487 1427 praevidet
500 1406 508 1424 ,-
523 1394 614 1420 omnia
635 1394 757 1421 breviter
769 1399 798 1421 .et
815 1398 844 1420 ut
865 1401 947 1428 opor-

160 1442 199 1464 tet
215 1441 243 1465 et
260 1442 390 1473 quantum
406 1443 515 1473 oportet
530 1445 558 1467 et
578 1440 648 1467 sicut
665 1444 793 1475 oportet,
814 1440 945 1474 disponit,

160 1484 278 1518 dictitat,
299 1486 365 1513 edit.
386 1486 445 1513 Non
466 1490 507 1513 est
523 1494 588 1521 ergo
608 1486 756 1521 quidquam
779 1487 805 1513 in
823 1486 948 1521 Evange-

157 1530 203 1556 liis
217 1530 322 1565 absque
337 1539 434 1566 magno
452 1531 583 1566 mysterio
605 1531 721 1558 dictum.
749 1529 802 1557 Sed
829 1530 882 1557 nisi
910 1537 943 1556 eo
957 1546 979 1575 C

158 1583 272 1609 prorsus
283 1581 362 1610 pacto
378 1576 594 1603 intellexerimus
609 1576 738 1609 praedicta
755 1575 861 1603 Domini
883 1583 945 1604 ver-

159 1621 206 1654 ba,
225 1622 264 1649 sic
280 1629 376 1650 omnes
390 1622 507 1657 apostoli
524 1630 554 1649 ac
572 1622 697 1657 discipuli
714 1623 761 1657 qui
778 1627 844 1649 tunc
854 1626 943 1654 erant,

160 1671 335 1702 acceperunt,
349 1667 450 1694 frustra
470 1671 543 1694 totus
561 1667 605 1694 ille
617 1668 694 1694 locus
709 1667 743 1694 de
757 1667 862 1694 Joanne
877 1674 944 1694 con-

159 1713 280 1746 scriptus
304 1719 365 1739 esse
385 1711 536 1738 videbitur.
562 1711 619 1738 Cur
653 1711 729 1739 enim
764 1716 943 1747 posteaquam

162 1757 329 1784 universalis
345 1757 476 1785 Ecclesia:
487 1758 650 1792 praefectura
664 1758 746 1785 Petro
761 1763 788 1785 et
801 1766 944 1786 successo-

160 1803 238 1831 ribus
252 1803 349 1830 collata
368 1808 420 1834 est,
440 1809 468 1830 et
485 1811 559 1831 mors
581 1805 642 1839 ejus
658 1804 747 1838 qualis
765 1804 854 1831 futura
871 1806 956 1832 esset‘

158 1848 192 1875 ad
210 1852 334 1882 apertum
353 1848 387 1875 de
401 1848 517 1876 Joannis
533 1853 621 1876 morte
637 1849 806 1877 disseritur?
828 1849 895 1877 Nam
909 1850 944 1877 de

157 1893 232 1921 Petri
257 1892 370 1927 quidem
399 1898 487 1921 marte
505 1895 658 1928 prtedicere
679 1895 773 1929 multis
795 1896 827 1923 de
852 1897 944 1924 causis

157 1939 293 1974 oportuit.
308 1939 366 1966 Non
381 1939 455 1967 enim
471 1940 586 1967 tacenda
602 1944 668 1967 sunt
692 1945 874 1968 sacramenta.
894 1941 944 1969 Sa-

158 1989 330 2012 cramentum
362 1988 452 2011 autem
478 1985 610 2020 quiddam
638 1992 700 2013 esse
723 1986 797 2021 quod
824 1987 944 2015 vicarius

158 2030 273 2064 Christi,
290 2029 421 2058 Ecclesia
437 2037 494 2058 suae
511 2031 675 2065 praepositus
690 2035 718 2059 et
732 2031 855 2066 pontifex
867 2039 943 2059 sum-

160 2084 222 2104 mus
246 2076 407 2104 imtnediate
424 2082 486 2112 post
510 2076 649 2105 Christum
675 2082 703 2105 et
729 2078 835 2113 primus
853 2078 944 2106 crucis

112 2138 118 2144 -
160 2122 287 2149 similiter
299 2128 388 2149 morte
404 2122 555 2150 moriturus
566 2127 640 2150 esset
652 2130 707 2150 non
720 2127 763 2151 est
774 2123 941 2159 ncgandum,

156 2168 309 2203 pnesertim
339 2175 404 2194 cum
431 2167 497 2195 huic
519 2168 691 2203 apertissime
718 2168 801 2196 vitam
831 2176 942 2203 quoque

1001 244 1158 277 intrudere;
1175 245 1272 272 deinde
1299 243 1418 274 infertur
1437 252 1443 270 :
1462 243 1518 278 Ego
1534 246 1623 269 autent
1648 242 1723 269 oravi
1737 249 1788 275 pro

1001 296 1036 323 te,
1059 299 1091 318 ne
1116 291 1221 324 deﬁciat
1242 291 1307 325 ﬁdes
1329 296 1395 323 tua;
1421 294 1450 316 tu
1469 297 1530 316 vero
1558 288 1704 323 aliquando
1726 296 1789 315 con-

997 347 1085 366 versus
1113 338 1240 372 conﬁrma
1268 338 1364 373 fratres
1384 341 1440 364 tuos
1460 337 1481 364 '.
1512 335 1563 363 Ubi
1587 336 1642 362 duo
1669 335 1788 363 maxima

997 391 1091 419 aperte
1115 385 1308 419 exprimuntur
1330 384 1458 419 mysteria
1482 391 1490 410 :
1509 383 1628 417 primum
1645 381 1717 416 quod
1736 381 1789 408 Pe-

999 431 1033 458 tri
1052 431 1137 458 solius
1162 436 1190 458 et
1213 438 1403 458 successorum
1433 436 1559 460 suorum,
1585 428 1611 455 id
1635 433 1678 455 est
1694 427 1790 455 Eccle-

997 477 1045 504 sia:
1063 477 1203 509 Romana,
1220 476 1300 510 cujus
1315 477 1391 504 urbis
1407 476 1540 503 duntaxat
1551 476 1710 509 episcopum
1721 481 1790 501 con—

992 529 1052 551 stat
1069 523 1156 550 fuisse
1177 523 1287 550 Petrum
1300 543 1308 555 ,
1335 530 1388 549 non
1415 521 1526 550 deﬁciet
1543 521 1629 553 tides;
1649 520 1787 552 alterunt,

995 569 1070 604 quod
1089 573 1253 596 cteterorum
1270 567 1382 595 deﬁciet
1407 566 1566 602 aliquando.
1582 565 1672 598 Quare
1686 565 1788 599 inquit,

1000 615 1036 641 Tu
1051 613 1197 648 aliquando
1210 621 1361 646 conversus,
1375 612 1505 647 conﬁrma
1525 613 1622 647 fratres
1640 615 1710 638 tuos.
1725 611 1744 637 Α
1754 610 1789 636 li-

998 662 1106 696 quanda
1124 665 1218 688 autem
1231 661 1302 688 dixit
1314 681 1322 694 ,
1338 664 1370 687 ut
1384 659 1556 691 ostenderet,
1568 659 1708 686 neminem
1722 665 1787 693 apo-

997 707 1130 735 stolorum
1146 706 1268 741 Spiritus
1285 707 1376 734 sancti
1394 705 1588 734 conﬁrmatum
1604 704 1692 737 gratia
1709 711 1786 731 erra-

998 759 1101 785 tttrum,
1116 754 1163 781 sed
1176 760 1360 785 successores,
1370 753 1403 780 ad
1414 751 1653 780 conﬁrmationem
1668 757 1786 785 quorum

997 799 1104 830 Petrus,
1122 799 1175 826 hoc
1197 803 1239 826 cst
1251 798 1338 833 ipsius
1353 805 1529 826 successores
1543 797 1665 825 converti
1687 796 1788 832 juben-

999 849 1058 877 tur;
1075 845 1148 879 quod
1165 844 1256 879 rcipsa
1270 844 1423 879 perfectum
1439 852 1448 873 ;
1465 851 1536 878 saepe
1551 850 1669 878 namque
1680 847 1787 870 caetera».

998 891 1074 918 orbis
1102 890 1231 918 Ecclesiae
1249 898 1264 917 a
1292 890 1415 917 Romana
1441 889 1611 917 conﬁrmatae
1633 893 1708 921 sunt,
1727 889 1786 923 ipsa

998 937 1032 964 ab
1045 937 1105 964 aliis
1115 943 1268 970 nunquam.
1282 935 1335 963 Sed
1351 937 1473 970 tempora
1486 943 1599 970 quoque
1614 933 1787 969 praefectura:

997 982 1070 1009 Petri
1090 982 1302 1009 admirationem
1317 1002 1324 1014 ,
1341 981 1363 1008 si
1381 981 1596 1009 considerantur
1610 1000 1618 1013 ,
1635 981 1786 1015 adaugent.

997 1035 1022 1056 et
1038 1029 1118 1055 tidem
1138 1029 1178 1056 rei
1196 1029 1301 1056 faciunt
1317 1028 1481 1055 ﬁrmiorem.
1496 1027 1594 1055 Claves
1617 1027 1785 1061 promittun-

999 1080 1054 1108 tur,
1069 1083 1130 1108 cum
1145 1075 1203 1109 ipse
1216 1080 1281 1101 ante
1300 1075 1367 1102 alios
1383 1074 1484 1102 Filium
1503 1073 1550 1101 Dei
1568 1073 1622 1100 vivi
1641 1072 1786 1100 confessus

997 1126 1092 1156 esset;
1111 1121 1171 1148 ﬁdei
1191 1129 1244 1148 non
1263 1121 1410 1148 defecturze
1425 1121 1541 1156 gratiam
1557 1128 1571 1147 a
1593 1120 1786 1155 proticisecnte

998 1166 1024 1193 in
1041 1174 1151 1194 crucem
1170 1167 1246 1200 quasi
1263 1170 1430 1193 testamento
1442 1166 1561 1200 accepit,
1581 1165 1784 1200 pascendarum

998 1212 1090 1239 ovium
1105 1211 1420 1248 simplicitchomnium,
1442 1216 1525 1246 atque
1541 1219 1675 1246 agnorum
1690 1215 1786 1237 aucto-

999 1258 1120 1290 ritatem,
1147 1262 1209 1294 post
1234 1258 1490 1290 resurrectionem,
1511 1265 1608 1292 parum
1634 1262 1783 1291 antequam

997 1303 1131 1331 Dominus
1144 1304 1171 1331 in
1188 1304 1272 1331 ctelos
1293 1303 1465 1332 ascenderet.
1488 1303 1628 1336 Quorsum
1650 1302 1729 1329 hac?
1748 1302 1784 1329 Ut

998 1350 1177 1378 ostendamus
1190 1356 1306 1378 mortem
1320 1350 1432 1385 quidem
1452 1349 1525 1377 Petri
1541 1354 1570 1377 et
1585 1356 1671 1384 genus
1685 1349 1784 1375 mortis

998 1396 1203 1431 praedicendum
1227 1396 1324 1428 fuisse,
1341 1396 1456 1423 Joannis
1473 1400 1562 1422 autem
1585 1401 1713 1426 mortem,
1729 1395 1784 1421 nisi

999 1442 1061 1477 quis
1079 1442 1107 1469 in
1130 1442 1261 1469 extremis
1278 1442 1361 1478 hujus
1381 1442 1473 1469 smculi
1495 1441 1614 1469 futuram
1633 1449 1693 1468 etim
1720 1448 1786 1475 apo-

999 1488 1079 1515 stolis
1102 1488 1253 1521 existimet,
1270 1496 1325 1516 non
1349 1488 1435 1516 fuisse
1451 1488 1636 1515 scribendam.
1654 1487 1694 1515 Ad
1716 1487 1785 1522 quid

998 1535 1072 1561 enim
1091 1535 1268 1567 moriturum,
1284 1542 1347 1562 cum
1365 1534 1496 1562 Dominus
1510 1534 1543 1562 ad
1557 1542 1620 1562 eum
1639 1534 1744 1562 venerit
1755 1534 1783 1561 in

997 1579 1048 1607 hac
1069 1580 1226 1607 conditione
1244 1580 1398 1613 communi,
1417 1580 1605 1608 scriberetur?
1622 1580 1662 1608 Ad
1689 1587 1783 1614 repre-

996 1627 1156 1654 hensionem
1175 1627 1342 1654 curiositatis
1361 1627 1459 1655 Petri?
1480 1627 1513 1654 At
1527 1627 1609 1654 unico
1633 1627 1719 1654 verbo
1741 1635 1784 1654 re-

998 1673 1154 1708 darguitur,
1168 1680 1203 1700 ne
1216 1678 1321 1707 quaerat
1337 1673 1438 1704 aliena,
1454 1677 1484 1699 ut
1502 1672 1684 1706 interroganti
1700 1673 1783 1700 Petro

995 1719 1152 1746 satislicret.
1178 1721 1213 1746 At
1230 1719 1392 1753 increpatur
1405 1724 1433 1746 et
1459 1718 1571 1753 quidem
1591 1718 1781 1745 vehementer.

995 1765 1066 1797 Quid
1083 1765 1156 1792 enim
1174 1765 1265 1792 acrius
1278 1771 1358 1799 quam
1373 1769 1547 1799 quaerentem
1577 1763 1674 1790 audire
1689 1772 1696 1790 :
1713 1762 1782 1795 Quid

995 1810 1030 1837 ad
1050 1810 1099 1837 te?
1128 1809 1183 1837 Cur
1213 1814 1305 1838 autem
1331 1802 1492 1837 aliirmando
1520 1809 1634 1840 intulit.
1655 1815 1781 1835 commu-

995 1864 1056 1883 nem
1085 1856 1156 1883 hanc
1177 1856 1353 1883 mortalitatis
1376 1861 1477 1882 nostra:
1514 1854 1783 1882 conditionem-om-

995 1901 1078 1928 nibus
1092 1900 1235 1927 certiorcm
1257 1905 1340 1934 atque
1366 1899 1554 1927 inevitabilem
1567 1918 1575 1931 ,
1605 1899 1658 1926 nisi
1675 1902 1782 1925 naturae

995 1946 1083 1982 ipsius
1098 1945 1231 1974 Dominus
1246 1946 1327 1973 aliter
1346 1945 1493 1973 statuerit?
1516 1945 1688 1980 Quapropter
1703 1944 1724 1971 si
1741 1944 1782 1970 ni-

994 1992 1142 2020 hilfruslra
1157 1997 1184 2020 et
1199 1992 1302 2027 absque
1316 1999 1397 2019 causa
1412 1991 1560 2026 Scriptura)
1577 1991 1700 2018 referunt
1712 2010 1720 2022 ,
1740 1995 1782 2017 to-

995 2037 1050 2066 tius
1066 2041 1157 2064 autem
1171 2037 1224 2064 loci
1242 2043 1298 2071 quo
1311 2036 1346 2063 de
1360 2035 1466 2064 Joanne
1482 2035 1526 2062 hic
1541 2035 1673 2062 scribitur
1684 2055 1692 2067 ,
1706 2035 1781 2062 nulla

994 2083 1217 2118 potest‘inveniri
1232 2089 1315 2110 causa
1329 2082 1382 2109 nisi
1401 2082 1474 2116 quod
1492 2081 1626 2109 Dominus
1644 2081 1730 2108 voluit
1746 2081 1780 2108 ad

995 2133 1118 2156 extrema
1135 2133 1258 2162 tempora
1274 2128 1362 2162 ipsum
1378 2134 1556 2161 conservare,
1568 2132 1644 2162 patet
1657 2127 1780 2154 nondum

995 2173 1062 2200 ³0311
1068 2172 1129 2200 nem
1147 2178 1286 2200 mortuum
1304 2180 1375 2200 esse.

157 2213 285 2248 Magistri
300 2212 467 2248 sequendam
483 2214 607 2248 apprime
631 2213 747 2241 dicerel-
767 2214 801 2241 El
816 2219 889 2241 certe
905 2215 942 2242 Si-
954 2215 983 2246 D
1031 2219 1084 2246 Sed
1098 2219 1234 2246 dubitabit
1246 2218 1314 2246 forte
1326 2218 1439 2253 aliquis:
1450 2217 1479 2246 Si
1493 2217 1559 2246 nihil
1576 2217 1707 2252 scriptum
1723 2217 1781 2245 sine

158 2264 205 2286 cut
217 2266 278 2293 qua:
291 2259 447 2286 necessaria
465 2264 530 2287 sunt
542 2261 643 2294 saepius
654 2260 814 2295 repetenda,
831 2262 870 2288 sic
882 2269 943 2296 qua:

158 2305 229 2333 nihil
255 2304 419 2338 conferunt,
440 2313 521 2333 nemo
545 2305 660 2339 scribit,
683 2306 846 2340 prtefectura
869 2307 942 2335 Petri

158 2351 239 2378 aliter
255 2358 327 2386 sape
339 2355 421 2386 atque
435 2351 515 2378 aliter
535 2351 701 2386 exprimitur
718 2360 751 2380 ne
772 2353 834 2387 quis
849 2354 877 2381 in
895 2362 944 2389 po-

156 2402 262 2424 sterum
279 2397 379 2424 audeat
395 2397 497 2425 mutire
513 2398 555 2425 vel
570 2398 680 2430 dicere,
694 2398 834 2427 Romanos
853 2401 944 2435 ponti-

157 2443 224 2470 fices
237 2443 284 2477 qui
300 2443 381 2470 Petro
398 2449 612 2477 successerunt,
630 2443 761 2472 Ecclesia:
776 2446 942 2475 universalis

157 2497 212 2516 non
237 2496 297 2515 esse
310 2493 445 2523 pastores.
459 2489 593 2521 Quocirca
610 2490 701 2518 claves
716 2492 792 2526 regni
808 2493 941 2520 ccelorum
966 2484 968 2487 ’

157 2536 182 2562 ei
199 2535 338 2570 praecipue
363 2536 584 2568 committuntur,
603 2540 631 2563 et
646 2544 695 2572 per
711 2537 785 2565 hunc
805 2537 942 2574 Evangelii

157 2583 247 2609 locum
263 2589 343 2616 quem
360 2580 442 2607 modo
458 2582 652 2615 tractavimus,
666 2591 732 2617 grex
748 2591 880 2618 agnorum
901 2591 943 2614 at-

157 2634 211 2661 que
224 2627 316 2654 ovium
331 2626 438 2653 Domini
453 2626 492 2653 illi
507 2628 726 2661 commendatur,
760 2635 788 2656 et
805 2635 869 2658 ante
882 2639 943 2665 pas-

159 2673 265 2700 sionem
281 2672 315 2699 ad
329 2672 440 2700 Petrum
461 2679 588 2700 sermone
604 2681 739 2702 converso
756 2681 784 2703 et
799 2677 831 2702 ad
846 2685 943 2705 omnes

160 2721 342 2748 communiter
359 2720 447 2754 primo
466 2720 569 2748 dicitur
581 2729 590 2748 :
604 2721 680 2755 Ecce,
703 2721 804 2757 Simon,
826 2723 942 2752 Satanas

160 2769 283 2802 expetivit
298 2776 343 2796 vos
358 2768 473 2796 cribrare
494 2771 570 2806 quasi
590 2772 704 2799 triticum
723 2777 804 2808 atque
831 2774 943 2801 convol~

197 2853 204 2868 ¹
223 2853 289 2880 Luc.
309 2862 376 2887 χιιι,
393 2855 438 2882 δι.

997 2273 1078 2292 causa
1095 2270 1147 2297 est,
1167 2273 1254 2300 neque
1271 2265 1371 2292 factum
1395 2265 1482 2291 multo
1500 2264 1597 2298 magis,
1619 2271 1669 2290 cur
1685 2269 1781 2298 putan-

997 2310 1061 2338 dum
1075 2316 1127 2342 est,
1146 2319 1198 2337 non
1211 2311 1325 2339 cessisse
1334 2309 1423 2338 adhuc
1439 2315 1544 2337 natura:
1556 2309 1700 2341 Joannem,
1717 2317 1779 2336 cum

996 2357 1080 2384 etiam
1093 2356 1173 2391 hujus
1189 2363 1271 2383 causa
1285 2363 1340 2383 non
1356 2355 1489 2383 alreratur
1519 2355 1632 2386 certior,
1653 2359 1681 2382 et
1696 2355 1779 2381 multa

998 2404 1053 2431 sint
1067 2403 1093 2430 in
1105 2402 1254 2437 Scripturis
1269 2409 1386 2437 quorum
1404 2409 1501 2429 causas
1516 2401 1674 2436 ignoremus
1685 2401 1696 2425 τ
1709 2401 1779 2427 Mul-

998 2454 1088 2477 torum
1115 2449 1239 2484 ignorare
1273 2456 1322 2476 nos
1344 2455 1453 2480 causas,
1482 2454 1563 2474 nemo
1584 2446 1635 2473 ibit
1665 2445 1780 2473 inlicias.

997 2497 1086 2524 Causa
1103 2496 1176 2522 enim
1204 2495 1300 2522 mortis
1328 2494 1355 2520 in
1376 2494 1481 2521 Joanne
1503 2492 1672 2523 dill'erendze,
1701 2492 1780 2526 plane

996 2541 1113 2577 percipi,
1137 2541 1199 2575 quis
1229 2538 1330 2575 poterit.
1357 2536 1515 2572 ambigere?
1537 2535 1661 2563 Proiecto
1688 2542 1779 2561 nemo.

996 2586 1102 2622 Clamat
1127 2586 1200 2613 enim
1220 2585 1369 2619 Scriptura,
1388 2583 1479 2610 Enoch
1496 2586 1524 2609 et
1546 2581 1650 2609 Heliam
1672 2580 1705 2607 ad
1727 2580 1780 2606 alia

996 2634 1067 2666 loca,
1085 2633 1113 2660 in
1127 2633 1209 2660 vitam
1231 2632 1337 2659 scilicet
1352 2630 1503 2665 longiorem
1529 2627 1687 2659 translatos,
1703 2626 1782 2668 cujus

1000 2678 1186 2707 translationis
1195 2685 1275 2705 causa
1290 2677 1379 2712 primo
1393 2675 1503 2710 quidem
1514 2673 1692 2709 ignorabatur
1702 2679 1710 2705 ;
1720 2679 1781 2698 crc-

997 2726 1101 2753 debant
1115 2730 1217 2756 tamen,
1234 2722 1297 2758 quia
1310 2728 1439 2756 expresse
1458 2719 1543 2746 dicta.
1562 2718 1607 2745 Sic
1620 2716 1779 2751 accipienda

997 2772 1076 2799 nobis
1088 2775 1161 2804 sunt,
1175 2774 1203 2797 ut
1212 2774 1239 2797 et
1252 2769 1366 2796 lirmitcr
1375 2766 1487 2794 credere
1499 2765 1658 2795 debeamus,
1672 2762 1779 2789 etiamsi
