1916 3057
103 165 156 198 877

496 169 540 201 ΙΝ
562 171 688 208 lLLUD,
712 180 722 196 σ
740 173 801 204 SIC
820 175 919 206 νοω
939 176 1019 208 EUM
1043 179 1213 217 MANERE,
1231 188 1241 205 ι
1262 182 1342 212 ETC.

1681 166 1733 217 sis

102 221 206 274 pullam
226 223 502 274 causamvideamus,
519 230 583 261 post
596 227 816 256 incarnationem
827 230 895 257 νει-ο
909 230 932 260 Δ
945 233 1002 260 Ιιιιιι
1018 235 1091 262 aliud
1111 237 1271 263 mandatum
1300 238 1424 265 exstabat
1455 238 1624 271 hominibus,
1650 247 1731 274 quant

103 267 145 300 bi,
157 267 239 303 hujus
253 276 363 304 quoque
378 270 430 304 rei,
446 271 519 299 sicut
541 272 657 300 aliarum
676 273 824 302 multarum
848 283 893 302 re-

105 321 178 344 rum.
194 322 227 342 ac
239 323 309 349 pene
332 316 457 344 omnium
475 324 557 345 causa
570 318 651 346 nobis
662 319 796 347 innotuit.
831 321 893 347 Dia-

104 360 186 388 bolus
202 361 276 388 enim
292 362 423 391 licentius
435 363 462 390 in
479 364 584 392 ultimis
598 366 768 400 temporibus
780 371 894 401 propter

106 412 219 442 peccata
233 413 328 436 nostra
342 410 472 438 omnibus
488 411 545 438 suis
556 411 662 438 vit-ibus
675 419 779 440 usurus
792 417 845 446 est,
863 417 893 441 ut

104 453 188 481 etiam
202 454 295 487 electi,
309 455 330 482 si
341 455 472 490 possibile
485 456 533 489 sit,
546 457 573 484 in
585 465 710 485 errorem
725 458 894 486 contrudan-

106 503 163 526 tur.
172 498 241 526 Nam
256 507 318 528 cum
332 501 469 529 revelatus
486 501 539 529 erit
551 504 635 529 homo
651 502 808 537 iniquitatis
823 504 894 539 (om-

107 551 157 571 nes
171 545 247 572 enim
266 545 346 573 liberi
367 546 477 574 arbitrii
493 554 590 575 sumus
604 547 804 582 )‘prtestigiosis
833 548 894 583 ejus

105 591 248 619 miraculis
256 591 365 627 decepti
377 593 545 628 periremus.
559 593 613 621 nisi
628 593 763 621 Dominus
776 594 896 629 duplici-

106 642 148 666 ter
164 638 300 672 praecipue
328 639 513 673 providisset:
537 639 659 674 primutn
684 639 894 674 Scripturarum

106 683 327 724 praemonitioue,
341 692 403 719 qute
416 692 514 720 magna
525 692 596 712 voce
613 685 743 720 ﬁgmenta
754 690 784 714 et
798 686 896 721 impie-

108 734 191 757 tatem
206 729 285 758 illius
298 730 459 765 praedicant,
474 730 624 767 sugillant;
643 731 744 759 deinde
769 735 809 759 tot
831 739 895 759 san-

105 780 214 803 ctorum
241 776 382 804 hominum
410 777 563 811 miraculis,
582 777 719 812 doctrina,
733 777 895 813 prophetiis.

106 829 178 855 quos
198 829 281 856 parvo
298 827 421 858 tempore
435 823 584 858 antequam
596 823 749 858 impietatis
763 823 838 851 illius
854 823 896 852 vis

106 871 134 894 et
150 867 217 895 falsa
226 867 352 896 doctrina
365 869 501 897 missurus
511 874 565 902 est,
581 870 629 904 qui
646 874 677 897 ut
694 869 780 897 etiam
797 874 895 897 aucto-

105 914 188 941 ritate
210 922 265 948 qua
282 914 401 942 maxime
415 923 468 943 nos
495 919 636 947 moveant,
660 923 676 943 a
702 915 898 944 vetustissimis
911 908 935 939 Β

106 959 277 994 temporibus
288 964 316 987 et
331 961 409 995 quasi
420 961 514 989 statim
528 969 543 989 a
558 961 660 997 triplici
672 969 777 995 rerum,
791 966 896 997 tempo-

107 1013 179 1038 rum,
195 1009 307 1034 aetatum
318 1006 462 1042 principio,
477 1011 504 1035 et
523 1007 657 1035 reservati
671 1008 705 1036 ad
722 999 782 1036 hoc.
792 1008 895 1036 divini-

107 1055 152 1079 tus
166 1052 352 1081 ministerium
369 1058 478 1081 suntet
493 1058 650 1081 reservatus
669 1061 732 1082 esse
758 1054 894 1089 scriptum

105 1103 158 1132 est,
172 1103 202 1127 ut
218 1099 463 1133 praedicationibus
475 1099 545 1135 ipsis
560 1101 608 1135 qui
624 1100 680 1128 sint
696 1104 784 1129 etcur
802 1107 895 1128 vene—

106 1145 153 1178 rit,
165 1146 274 1174 s'tneera
291 1146 454 1182 integraque
466 1147 521 1174 ﬁde
549 1146 707 1178 credamus,
741 1146 896 1181 Scripturis

106 1192 274 1227 prasmoniti,
287 1192 372 1226 docti,
384 1192 551 1226 conﬁrmati,
565 1193 640 1227 qttod
650 1193 812 1221 Antichristi
827 1198 894 1220 tem-

108 1238 224 1273 poribus
237 1239 347 1266 venturi
361 1244 436 1268 sunt.
455 1240 583 1275 Oportuit
603 1245 696 1268 autem
715 1248 800 1267 unum
816 1247 849 1267 ex
861 1240 895 1267 il—

106 1285 141 1312 iis
151 1285 261 1313 mittere
278 1286 326 1320 qui
338 1291 402 1313 ante
417 1287 503 1322 legem
520 1286 643 1319 fuerunt,
662 1294 750 1314 unum
779 1287 826 1321 qui
843 1287 895 1314 sub

107 1332 182 1366 lege,
196 1333 308 1359 tertium
328 1333 374 1368 qui
385 1333 527 1360 Christum
546 1334 635 1367 ipsum
659 1333 809 1366 audiverit,
824 1333 894 1360 allo-

106 1383 189 1407 cutus
225 1379 322 1412 i‘uerit,
345 1380 488 1415 multoque
518 1380 603 1415 magis
631 1387 743 1407 necesse
761 1379 894 1407 adversus

106 1426 321 1459 Atttichristum,
331 1426 377 1461 qui
391 1434 420 1454 se
433 1425 575 1453 Christum
591 1425 691 1453 Filittm
709 1433 769 1453 esse
787 1426 833 1453 Ι)ρί
845 1425 895 1451 ﬁtt-

106 1477 161 1508 εει,
177 1481 258 1508 quam
285 1473 404 1508 aliquem
438 1480 472 1501 ex
499 1472 706 1500 vetustissimis.
733 1472 895 1500 Reservavit

107 1524 199 1546 autem
213 1527 246 1546 ex
268 1519 409 1547 veteribus
422 1519 511 1547 duos:
528 1520 682 1547 reservavit
705 1519 790 1554 igitur
808 1518 892 1546 etiant

107 1573 139 1593 ex
151 1566 292 1600 apostolis.
310 1567 378 1594 Tres
390 1574 456 1602 ergo
469 1567 600 1594 reservati
616 1571 680 1593 sunt
692 1566 824 1593 adversus
837 1565 892 1592 Att-

108 1612 275 1644 ticltristutn,
297 1613 472 1647 proveritate
488 1613 557 1639 utin
578 1613 659 1640 ﬁnent
693 1616 831 1639 tantorum
854 1611 895 1638 vi-

109 1665 202 1685 rorum
219 1659 388 1690 testimonio,
405 1659 546 1687 miraculis
566 1659 737 1691 conﬁrmato,
755 1658 789 1686 ab
801 1658 898 1693 impie—

110 1708 166 1732 tate
179 1705 331 1732 incredibili
344 1710 426 1743 atque
437 1705 560 1732 inaudita
575 1705 700 1733 homines
715 1706 789 1732 illius
805 1705 898 1733 saeculi

111 1755 288 1778 revocentur.
304 1751 364 1777 Erit
390 1755 481 1777 autem
507 1751 695 1778 testimonium
716 1751 839 1784 Joannis,
869 1757 899 1779 ut

110 1803 162 1832 ego
177 1795 312 1828 arbitror,
327 1795 414 1822 multo
431 1796 543 1831 majoris
560 1796 714 1831 dignitatis,
731 1797 802 1832 quod
815 1798 894 1825 facile

110 1843 270 1878 percipitur,
282 1842 304 1870 si
320 1842 398 1876 quasi
423 1843 638 1869 controversiam
651 1843 836 1871 instituamus.
854 1844 898 1871 Di-

109 1893 174 1917 cant
185 1889 258 1923 impii
267 1889 467 1916 Antichristum
477 1895 537 1916 esse
547 1888 670 1915 Messiam
680 1893 707 1915 et
719 1889 816 1917 Filium
827 1890 874 1917 Dei
890 1899 897 1924 ;

111 1939 196 1962 testes
217 1934 318 1962 vetusti
332 1940 449 1968 negent,
466 1938 644 1969 asserantque
662 1934 762 1962 Tiberii
784 1936 899 1970 Augusti

111 1981 284 2015 temporibus
299 1980 438 2008 Christum
453 1981 734 2016 vcnisse,qnanquam
753 1982 823 2009 male
850 1988 900 2017 po-

111 2032 206 2055 terunt
231 2032 322 2054 tamen
353 2028 554 2055 contendentes
577 2028 654 2063 impii
683 2028 828 2063 replicare,
842 2036 898 2057 non

110 2073 196 2100 fuisse
221 2072 283 2100 illos
298 2076 364 2100 lunc
390 2073 587 2108 liierosolymis
607 2078 636 2102 et
657 2079 804 2110 propterea
824 2074 894 2102 falso

110 2119 234 2146 attestari
252 2118 325 2153 quod
341 2125 394 2145 non
409 2119 548 2145 viderunt.
564 2119 598 2146 At
623 2117 744 2147 Joannes
756 2123 784 2147 et
796 2120 899 2147 vidisse

111 2164 276 2191 clamabitet
288 2164 399 2191 audisse
416 2165 494 2192 illttm
509 2169 536 2192 et
551 2165 687 2200 tetigisse,
704 2170 732 2193 et
745 2165 898 2194 allocutum

111 2210 195 2237 fuisse
213 2213 240 2237 et
259 2209 380 2237 astitisse
405 2210 433 2237 in
457 2217 540 2237 cruce
553 2211 683 2246 pendenti
709 2216 738 2239 et
759 2212 898 2247 aspexisse

947 280 1022 314 quod
1037 286 1134 308 natura
1149 282 1175 309 in
1188 283 1359 318 singulorum
1372 284 1531 319 pecloribus
1543 285 1656 312 iusilttttt
1674 291 1733 318 est;

949 327 1022 354 Elias
1039 328 1185 362 propheta,
1200 330 1245 364 qui
1264 330 1305 357 vel
1324 334 1448 358 ntortuos
1462 331 1490 358 in
1504 331 1588 358 vitatn
1613 333 1736 360 restituit

949 373 1075 401 oratione
1094 379 1121 402 et
1145 376 1195 403 sub
1219 376 1280 411 lege
1312 378 1488 411 coruscavit;
1509 378 1630 406 Joannes
1651 387 1737 407 evan-

948 420 1065 454 gelista,
1089 429 1171 456 quem
1191 423 1325 451 Dominus
1353 425 1503 459 plurimum
1534 425 1641 457 dilexit,
1668 434 1736 459 apo‘

948 467 1082 494 stolorum
1106 468 1310 501 sanctissimus.
1328 478 1410 504 quem
1428 471 1455 498 itt
1475 471 1659 498 universal‘ent
1686 472 1738 498 Ec-

949 513 1041 541 clesiae
1066 517 1204 548 pastorem
1232 515 1364 543 Dominus
1388 516 1429 551 (ut
1453 524 1503 551 ego
1524 517 1653 552 arbitror)
1681 525 1736 545 non

949 560 1108 594 praeposuit,
1139 565 1196 587 tum
1220 566 1251 588 ut
1277 561 1317 588 illi
1339 561 1439 597 virgini
1466 562 1581 590 Matrem
1604 563 1738 599 virginem

949 607 1164 639 commendaret,
1182 610 1240 634 tum
1257 611 1287 635 ut
1307 608 1388 636 Petro
1402 613 1467 636 tunc
1485 609 1580 644 (quem
1603 603 1750 636 velociori-

949 651 1080 687 martyrio
1103 653 1275 687 destinavit).
1295 653 1392 681 Joantti
1407 659 1500 690 postea
1521 655 1548 681 in
1566 655 1739 690 temporibus

950 698 1124 731 Antichristi,
1151 699 1303 728 Ecclesium
1319 700 1516 733 committeret,
1533 706 1560 728 et
1576 702 1617 729 sic
1629 701 1740 728 duobus

950 743 1092 779 discipulis
1123 752 1242 780 qttorum
1269 746 1339 774 alter
1376 746 1490 780 dilexit,
1520 747 1589 774 alter
1622 747 1741 775 dilectus

950 789 1061 818 Christo
1086 791 1205 818 maxime
1230 792 1355 819 omniunt
1382 792 1484 824 fuerat,
1514 793 1593 820 alteri
1625 793 1651 820 in
1680 793 1740 828 ipso

950 835 1090 871 Evangelii
1115 836 1206 868 initio,
1223 837 1303 865 alteri
1317 838 1344 864 in
1366 837 1419 865 ﬁne
1434 843 1462 865 et
1480 838 1605 873 utrisque
1629 839 1656 866 in
1675 845 1740 874 per-

950 881 1139 910 secutionibus
1170 883 1297 911 maximis
1333 884 1455 911 Ecclesia
1487 885 1739 913 commendaretur.

949 928 1074 960 Accedit,
1092 928 1165 963 quod
1176 936 1271 956 ontttes
1285 929 1402 963 apostoli
1427 930 1558 965 martyrio
1573 930 1656 958 vitam
1684 935 1739 957 ter.

949 975 1099 1006 minarum,
1113 979 1142 1002 ut
1153 983 1234 1002 nemo
1250 976 1335 1011 possit
1345 976 1483 1011 ambigere
1494 978 1687 1004 vcracissimos
1701 978 1737 1004 il-

949 1020 990 1047 los
1008 1025 1092 1048 testes
1105 1020 1201 1054 fuisse,
1215 1021 1262 1055 qui
1275 1020 1348 1048 sicut
1365 1021 1494 1048 Dominus
1512 1027 1599 1049 morte
1615 1023 1740 1049 testimo-

949 1066 1028 1092 nium
1047 1073 1128 1093 suum
1144 1071 1356 1100 persanxeruttt.
1370 1066 1435 1094 Nam
1452 1066 1579 1095 Christus
1603 1067 1737 1095 Dominus

948 1117 1054 1143 noster,
1068 1111 1153 1140 Filius
1167 1112 1226 1144 Dei,
1243 1117 1271 1140 et
1287 1113 1409 1147 pontifex
1424 1113 1559 1141 maximus
1574 1113 1624 1140 fuit
1645 1118 1674 1140 ut
1690 1114 1740 1140 lto-

948 1166 1004 1192 mo,
1019 1159 1089 1187 sicut
1105 1159 1249 1186 Psalmista
1265 1159 1352 1192 canit,
1371 1159 1409 1186 Tu
1423 1168 1448 1186 es
1473 1160 1596 1186 sacerdos
1621 1160 1646 1186 in
1661 1165 1738 1186 αἰεν-

949 1213 1023 1237 num,
1043 1206 1183 1232 secundum
1198 1206 1316 1233 ordinent
1331 1205 1516 1233 Melchisedech
1537 1206 1560 1239 ¹;
1577 1211 1605 1233 et
1618 1214 1680 1238 rex;
1697 1206 1738 1232 di-

948 1252 1020 1279 citur
1032 1251 1104 1279 enim
1124 1251 1151 1278 itt
1169 1259 1315 1286 personam
1328 1252 1406 1287 ejus:
1432 1250 1488 1286 Ego
1503 1256 1592 1278 autem
1609 1252 1738 1278 constitu-

950 1301 990 1323 tus
1007 1305 1065 1324 sum
1093 1305 1138 1324 rex
1153 1297 1185 1323 ab
1215 1298 1272 1332 ipso
1287 1305 1366 1332 super
1387 1296 1452 1324 Sion
1477 1301 1591 1324 montem
1617 1302 1738 1324 sanciunt

919 1375 922 1378 ν
948 1342 1004 1378 ejus
1016 1343 1026 1358 ³
1041 1351 1048 1376 ;
1062 1347 1090 1370 et
1107 1343 1210 1370 Pilatus
1227 1343 1253 1370 itt
1267 1343 1356 1374 titulo,
1371 1343 1446 1370 Iesus
1463 1342 1619 1370 Nazarenua
1634 1351 1680 1369 rex
1692 1343 1739 1370 In-

949 1389 1123 1423 dworum;ct
1134 1393 1235 1425 martyr
1251 1390 1365 1423 primus,
1384 1395 1412 1427 et
1425 1390 1578 1422 maximus;
1597 1397 1658 1416 nattt
1676 1397 1738 1416 cum

949 1435 1136 1463 testimonium
1153 1442 1204 1462 nec
1230 1435 1264 1462 de
1280 1443 1309 1462 se
1325 1435 1384 1470 ipso
1396 1443 1487 1468 suum,
1501 1435 1574 1470 quod
1590 1434 1674 1462 Filius
1691 1436 1740 1462 Dei

948 1487 1033 1515 esset,
1046 1481 1133 1514 Judaei
1145 1481 1314 1516 acciperent,
1325 1489 1376 1509 nec
1386 1481 1475 1509 Patris
1489 1481 1531 1508 sui
1545 1481 1591 1515 qui
1602 1481 1742 1509 miraculis

949 1528 1079 1556 inauditis
1093 1527 1244 1555 testabatttr
1256 1528 1344 1563 ipsum
1358 1535 1417 1556 esse
1427 1528 1527 1555 Filium
1542 1535 1636 1561 suum,
1651 1533 1739 1556 morte

949 1574 1134 1602 testimonium
1146 1573 1345 1608 comprobavit.
1363 1573 1471 1601 Scimus
1483 1579 1557 1602 certe
1569 1574 1679 1602 Judtttos
1697 1583 1742 1602 rc-

950 1625 993 1648 cte
1006 1621 1174 1648 intellexisse
1189 1621 1271 1648 verba
1287 1620 1406 1654 Domini,
1419 1621 1521 1655 quibus
1533 1620 1642 1648 Patrem
1659 1629 1739 1658 suum

950 1667 1168 1702 omnipotentem
1187 1667 1271 1694 Deum
1298 1667 1463 1702 appellabat.
1495 1667 1572 1695 Unde
1593 1667 1739 1700 dicebant,

951 1713 1122 1747 moriipsum
1149 1713 1302 1740 secundum
1312 1713 1400 1748 legem
1417 1713 1528 1745 debere,
1555 1713 1618 1748 quia
1639 1713 1739 1740 Filium

950 1759 998 1786 Dci
1014 1759 1134 1793 seipsum
1152 1759 1229 1787 fecit.
1242 1759 1300 1787 Nec
1324 1759 1398 1786 enitn
1417 1759 1496 1786 aliter
1513 1759 1629 1795 intelligi
1650 1765 1741 1794 potcSt

950 1806 1023 1840 quod
1039 1806 1124 1834 Deunt
1139 1807 1248 1834 Patrem
1266 1814 1327 1834 esse
1339 1815 1419 1835 suum
1434 1807 1616 1842 prmdicabat;
1630 1812 1742 1843 propte-

950 1859 996 1878 rea
1011 1851 1094 1879 dicit:
1109 1852 1278 1887 Manifestavi
1288 1860 1382 1879 nomen
1397 1857 1471 1879 tunm
1483 1853 1659 1880 Itominibus‘.
1672 1854 1739 1880 Nam

950 1900 1014 1924 ante
1029 1896 1179 1924 adventum
1195 1898 1223 1924 in
1241 1905 1326 1925 carne
1344 1897 1429 1925 Verbi
1446 1898 1620 1925 reconditum
1643 1907 1741 1934 magno

961 1942 989 1969 En
1005 1947 1176 1970 sacramento
1195 1942 1325 1970 tenebant
1341 1944 1415 1978 quod
1435 1942 1508 1971 Deus
1522 1944 1558 1970 ita
1575 1949 1618 1971 est
1647 1933 1738 1978 Pater,
1749 1933 1760 1941 ’

951 1993 982 2016 ιιι
995 1987 1095 2015 Filium
1107 1988 1206 2016 habeat
1216 1996 1249 2015 cx
1263 1988 1419 2016 substantia
1433 1996 1482 2016 sua
1500 1990 1633 2024 genitum,
1650 1998 1742 2025 mqua.

949 2033 1003 2061 ient
1019 2037 1115 2061 natura
1131 2038 1163 2061 ‘et
1177 2032 1439 2061 consubstantialem
1455 2042 1464 2068 ;
1479 2042 1586 2067 verum,
1604 2036 1735 2069 qttoniant

951 2087 1026 2107 mors
1040 2079 1203 2107 ultimorum
1219 2079 1382 2107 terribilium
1396 2084 1450 2112 est,
1463 2088 1513 2108 nec
1525 2081 1625 2108 adduci
1640 2083 1741 2109 tuentis

951 2132 1065 2160 compos
1089 2125 1171 2152 homo
1190 2128 1294 2160 potest,
1318 2129 1348 2152 ut
1373 2127 1471 2152 credat
1502 2126 1529 2153 itt
1557 2127 1616 2161 ipso
1633 2132 1741 2155 terrore

952 2172 1050 2200 mortis
1064 2172 1184 2208 aliquem
1194 2171 1236 2199 vel
1254 2171 1288 2199 de
1306 2179 1347 2206 se,
1361 2171 1404 2200 vel
1421 2172 1455 2199 de
1470 2173 1524 2200 alio
1544 2174 1667 2204 mentiri.
1690 2175 1742 2201 hac

950 2219 985 2246 de
1000 2226 1083 2247 causa
1106 2223 1240 2254 martyres
1255 2225 1320 2246 vere
1341 2223 1550 2254 nuncupantur,
1582 2220 1630 2255 qui
1652 2226 1741 2248 morte

110 2255 271 2291 sanguinem
292 2260 319 2282 et
335 2263 433 2290 aquam
449 2263 465 2283 e
478 2256 562 2284 latere
578 2258 678 2284 mortui
696 2258 895 2292 prosilicntem,
914 2255 937 2283 Ι)
952 2264 1064 2300 propria
1085 2264 1308 2300 praedicationem
1325 2272 1404 2293 suam
1436 2272 1529 2293 veram
1545 2273 1607 2294 csso
1625 2266 1741 2294 demon-

109 2307 138 2329 et
170 2307 232 2337 post
265 2302 497 2329 resurrectionem
532 2303 686 2331 comedisse
726 2311 758 2331 ac
796 2304 899 2332 bibisse

110 2354 172 2374 cum
196 2347 252 2380 illo,
273 2351 301 2374 et
327 2354 424 2374 tttantts
441 2351 524 2382 atqtte
553 2348 638 2382 pedes
661 2349 786 2377 cruciﬁxi
814 2350 899 2377 vidis-

111 2399 142 2420 se
171 2393 360 2428 palpasseqtte.
378 2393 506 2420 Miracnla
524 2401 634 2429 quoque
650 2395 786 2428 narrabit,
811 2396 898 2423 multo

111 2439 188 2474 plura
209 2447 291 2474 quam
319 2440 439 2476 scripsit,
466 2441 489 2468 si
513 2445 604 2468 tatnen
632 2443 751 2470 tnundus
770 2447 835 2471 tunc
853 2451 898 2470 cn-

111 2492 176 2520 pcre
191 2486 303 2520 poterit,
333 2486 502 2522 auribusque
526 2487 585 2515 suis
611 2496 704 2516 vocem
743 2490 817 2517 illattt
845 2498 897 2517 att-

110 2531 184 2559 disse
213 2532 390 2566 asseverahit,
411 2533 521 2567 Lazare,
553 2535 613 2562 veni
643 2535 741 2571 [oras‘
780 2543 891 2571 ct‘qua-

111 2577 268 2604 triduanum
300 2585 439 2605 mortuum
472 2580 608 2608 exsiliisse
631 2581 704 2609 l'oras
732 2590 748 2610 e
771 2583 898 2617 sepulcro

108 2623 212 2651 vidisse
240 2628 267 2651 et
293 2624 401 2652 institas
431 2626 532 2661 quibus
556 2632 615 2655 erat
632 2628 774 2664 alligatum
801 2628 897 2656 Lazari

111 2676 212 2702 corpus
228 2669 354 2697 tnanibtts
368 2671 425 2697 suis
443 2671 570 2700 solvisse.
587 2672 648 2701 "me
674 2674 783 2709 aliaque
801 2674 898 2710 hujus—

111 2715 183 2742 modi
198 2715 339 2742 miraculis
356 2716 511 2744 allirntabit.
530 2718 598 2746 Tres
620 2719 704 2755 igitur
727 2721 899 2755 temporibus

111 2762 164 2788 illis
185 2761 295 2789 falsitati
322 2763 450 2790 resistent
473 2768 557 2792 teSIes
576 2774 582 2792 :
605 2766 699 2794 Enoclt
717 2767 762 2795 ille
785 2768 896 2803 justus.

111 2809 189 2844 cuius
208 2813 270 2836 ante
286 2809 420 2837 diluvium
433 2810 540 2846 justitia
553 2811 664 2843 claruit.
695 2817 806 2849 quando
837 2822 899 2843 mn-

172 2903 178 2918 ‘
197 2903 274 2933 Joan.
290 2913 329 2940 ιι,
350 2905 394 2934 45.

444 2907 453 2922 ’
469 2905 542 2936 Psal.
560 2913 614 2940 Gtx,
637 2907 661 2936 i.
701 2909 710 2926 ³
728 2908 800 2937 Psal.
821 2917 850 2941 ιι,
865 2909 891 2936 ti.

951 2315 1086 2339 straruttt.
1100 2311 1210 2339 Primus
1220 2318 1286 2339 vero
1299 2316 1405 2355 martyr
1417 2311 1543 2340 Christus
1554 2320 1616 2339 cum
1629 2313 1740 2341 tradere

950 2357 1076 2391 spiritum
1092 2356 1148 2384 Deo
1159 2357 1252 2388 vellet,
1262 2364 1359 2393 magna
1371 2365 1438 2385 voce
1453 2358 1575 2385 intonuit
1592 2359 1735 2386 clatnans:

950 2402 1041 2436 Pater,
1060 2402 1087 2429 in
1103 2411 1199 2430 manus
1224 2407 1284 2430 tuas
1302 2405 1456 2431 commendo
1484 2405 1619 2440 spiritum.
1640 2414 1737 2433 meum.

952 2448 1026 2476 lianc
1050 2448 1269 2477 testiﬁcationem
1300 2457 1350 2485 per
1379 2450 1541 2485 sanguinem
1568 2456 1596 2478 et
1620 2457 1737 2480 mortem

951 2496 1068 2532 apostoli
1081 2504 1177 2525 omnes
1200 2496 1346 2524 Dominum
1377 2498 1464 2525 secuti
1481 2498 1515 2525 de
1542 2498 1739 2532 ptmdicatiutte

951 2549 1000 2569 sua
1014 2542 1146 2570 iecerunt.
1162 2542 1218 2570 Cur
1233 2542 1353 2571 Joannes
1365 2544 1417 2571 hac
1429 2543 1516 2578 gloria
1525 2544 1600 2572 solus
1615 2544 1740 2580 privare-

953 2588 1016 2614 tur?
1034 2589 1074 2614 Att
1089 2589 1153 2624 quia
1173 2588 1235 2623 plus
1255 2589 1365 2616 caeteris
1379 2590 1543 2618 amabatur?
1557 2590 1615 2618 imo
1628 2595 1737 2623 contra,

952 2632 1082 2668 qttoniatn
1121 2634 1238 2661 maxime
1273 2634 1438 2669 diligebatur
1481 2635 1586 2663 idcirco
1637 2641 1740 2670 marty-

951 2679 1021 2705 riutn
1033 2678 1106 2713 quod
1124 2687 1139 2706 a
1153 2679 1261 2707 Christo
1276 2680 1387 2707 ittitium
1401 2680 1474 2715 cepit
1498 2682 1526 2708 itt
1553 2688 1616 2708 eum
1637 2681 1734 2708 termi-

949 2725 1070 2752 nahitur.
1089 2724 1120 2752 Et
1135 2725 1207 2754 sicut
1227 2726 1289 2760 plus
1304 2726 1429 2761 diligenti
1445 2727 1567 2755 Ecclesia
1599 2727 1737 2761 incipiens

948 2770 1001 2798 fuit
1015 2771 1173 2803 commissa,
1195 2772 1231 2799 ita
1248 2772 1310 2807 plus
1325 2773 1426 2800 dilecto
1443 2772 1577 2800 desinens
1590 2780 1734 2800 continett-

949 2822 1071 2846 dauttur.
1089 2818 1137 2852 Ita,
1151 2819 1288 2854 quispiam
1304 2819 1425 2855 inquiet;
1442 2819 1491 2847 sed
1508 2823 1598 2847 tamen
1618 2818 1736 2847 ittcrcdi-
1778 2817 1780 2820 ’

939 2909 949 2924 ⁸
967 2908 1046 2938 Joan.
1061 2919 1127 2946 xvtt,
1146 2912 1171 2940 ﬁ.
