1916 3057
110 130 167 162 869

499 127 539 158 I‘N
564 126 696 162 ILLUD,
721 131 730 147 ι
750 123 807 154 SIC
828 121 927 153 νου)
947 121 1032 153 EUM
1053 119 1227 158 MANERE,
1248 125 1257 142 ι
1280 118 1359 149 ETC.

1695 119 1747 150 8'10
1755 118 1764 138 ’-

113 196 169 217 non
191 187 311 215 recedat.
328 186 388 214 Non
409 186 483 213 enim
498 184 541 212 vel
557 189 648 211 morte
667 183 707 209 vel
725 182 780 208 vita
793 181 908 208 Joannis
924 190 944 218 Α
960 173 1075 213 poribus
1093 177 1271 206 miseratione
1285 177 1378 204 divina
1393 181 1478 208 tenet.
1492 181 1585 212 posset
1601 176 1749 220 ostendero

113 234 181 262 salvi
196 233 260 260 facti
279 239 384 264 sumus,
400 239 450 259 nec
465 230 583 258 alterum
602 232 698 263 aperte
714 227 755 255 sic
769 227 795 254 in
816 226 906 253 Evan-

113 281 185 316 gelio
208 280 311 306 dicitur
328 283 359 305 ut
378 267 495 305 alterum
513 275 627 303 credere
650 274 729 301 nefas
746 274 792 301 sit.
819 272 906 299 liabet

114 331 205 353 tamen
233 323 411 358 investigatio
434 323 474 350 rei
500 322 584 357 hujus
603 327 657 347 non
678 327 774 354 paruut
799 317 907 344 fructus

115 373 138 399 si
163 379 216 398 tton
238 369 416 398 contentione
441 368 582 400 vincendi,
609 366 656 393 sed
674 365 797 392 veritatis
813 370 907 390 amore

117 416 278 452 inquiritur.
294 415 363 442 Curti
379 414 453 441 enim
472 411 632 447 investigari
649 416 724 437 recte
747 416 802 436 non
823 408 909 442 possit

116 463 172 490 nisi
198 470 245 497 per
271 461 460 496 Evangelium,
488 465 558 493 opus
582 463 637 490 est,
656 457 722 483 dttm
746 455 907 490 qurerimus,

118 509 259 544 Evangelii
274 508 359 535 verba
371 506 471 541 saepius
487 510 623 540 repetere.
637 503 664 530 Id
682 511 736 530 non
749 502 837 529 solum
850 501 909 528 ani-

120 561 193 580 mum
203 553 237 580 ab
249 553 311 580 aliis
321 551 534 586 cogitationibus
546 548 694 579 abstrahit,
705 548 752 575 sed
766 552 794 574 et
804 547 837 573 ad
851 546 909 580 api-

120 608 180 628 cem
199 600 287 634 ipsum
301 603 458 625 sanctarum
472 596 631 623 litterarum
645 593 769 627 impellit.
785 592 909 623 Accedit,

121 644 212 680 utqui
232 645 288 671 hate
314 643 436 670 faciliora
452 647 481 670 et
506 643 535 669 in
558 641 661 677 quibus
685 647 739 667 non
765 646 912 674 possumus

122 699 187 720 cum
212 696 313 718 aeterna
335 689 460 725 pernicie
483 689 568 716 animi
591 695 697 719 errare,
715 690 867 717 scrutatur,
890 685 913 712 is

121 738 322 765 exert-itatione
348 737 403 771 jam
437 735 539 771 ingenii
567 734 654 769 gradu
683 734 747 761 ltine
776 733 848 760 facto
880 732 913 759 ad

121 785 221 812 altiora
236 783 360 811 securior
382 783 467 818 possit
481 781 679 809 conscendere.

160 830 217 857 Hoc
238 834 328 856 autem
341 833 370 856 et
385 828 437 863 ipsi
455 828 571 855 salutettt
590 827 737 854 allaturum
754 829 796 852 est
806 828 834 852 et
848 824 915 852 alios

125 876 158 903 ad
178 883 317 904 sacrarum
332 875 486 902 litterarum
503 873 595 901 studia
611 874 711 908 poterit
727 878 912 899 commovere.

127 922 262 951 Primum,
278 920 407 956 qumtiam
433 920 455 948 si
480 920 543 955 quis
559 919 678 947 divinas.
691 919 796 945 litteras
818 917 919 944 crebro

123 972 152 995 et
168 975 230 995 cum
256 967 308 994 fide
323 967 438 997 lectitat,
454 966 518 993 huic
542 966 586 992 via
603 964 698 992 salutis
713 964 739 991 in
760 963 818 990 dies
834 963 920 997 magis

131 1013 276 1050 magisque
304 1013 450 1048 aperitur;
478 1011 609 1043 alterum,
639 1009 706 1044 quia
739 1009 804 1036 licet
829 1008 920 1039 omnia

127 1060 273 1088 doctorum
303 1058 432 1085 Ecclesia:
460 1055 614 1092 diligentia,
642 1056 696 1082 ltoc
722 1059 776 1086 est,
802 1054 921 1088 Spiritus

127 1105 214 1133 sancti
236 1104 322 1140 gratia
339 1103 412 1131 unde
429 1103 520 1130 omnia
535 1103 607 1129 dona
626 1101 768 1136 proﬂuunt
789 1100 855 1126 satis
873 1107 923 1133 pa-

128 1157 217 1183 teant,
232 1155 322 1178 tanien
341 1154 369 1176 et
383 1156 454 1176 nova
471 1155 587 1183 quaeque
604 1146 743 1174 delectant
756 1150 784 1172 et
798 1145 922 1179 lt‘gCllll'S

128 1199 162 1226 ad
177 1197 398 1233 frequentiorem
414 1195 472 1230 ipsa
485 1195 608 1222 novitate
624 1193 749 1220 alliciunt
762 1191 920 1218 lectionum.

128 1243 232 1272 Crebra
248 1247 339 1269 autent
371 1241 469 1268 harum
485 1246 580 1267 rerum
602 1237 684 1265 lectio
704 1237 858 1263 animorum
881 1239 924 1262 est

130 1288 209 1317 cibus
232 1295 285 1324 quo
308 1287 440 1314 adversus
457 1285 615 1320 voluptates
634 1283 846 1310 corroboramur
860 1288 922 1308 car-

131 1335 186 1361 nis.
205 1333 280 1360 Adde
298 1331 372 1367 quod
396 1331 512 1366 abyssus
532 1337 583 1357 nec
598 1328 714 1363 simplex
737 1329 784 1355 sed
810 1326 922 1361 duplex,

132 1382 223 1409 divina
238 1380 380 1415 Scriptura
395 1384 447 1410 est,
462 1377 485 1404 si
500 1376 544 1404 cui
568 1375 657 1410 placet
680 1373 748 1400 illud
773 1372 924 1400 Psaltnistte

133 1430 168 1457 ad
202 1433 281 1456 vetus
308 1431 506 1459 nonnunquam
543 1421 669 1449 conferre
703 1420 921 1451 Testamentum,

134 1476 206 1512 quod
224 1474 380 1502 Creatorem
402 1468 601 1505 magnitudine,
626 1466 805 1494 multitudine
830 1465 924 1491 altitu-

135 1510 255 1556 dineque
270 1527 360 1546 rerum
374 1516 585 1544 admirationem
599 1513 768 1548 compulsus,
781 1510 922 1539 exclama-

137 1569 193 1595 vit:
209 1577 218 1593 t
229 1568 350 1602 Ahyssus
358 1565 488 1599 abyssum
501 1562 611 1590 invocat
621 1560 654 1587 ad
669 1566 764 1587 vocem
778 1561 927 1585 cataracta-

137 1624 197 1642 rum
209 1619 327 1641 tuarum.
340 1620 350 1637 ›
363 1610 470 1639 Veteris
477 1609 551 1636 enini
565 1605 733 1634 Testamenti
747 1613 796 1640 per
809 1603 926 1639 gratiam

139 1660 290 1690 Salvatoris
321 1658 419 1693 abysso
440 1655 586 1691 patefacta,
611 1657 640 1680 et
660 1652 722 1680 velo
747 1650 841 1685 templi
860 1649 927 1685 (quo

138 1706 354 1744 prohibebantur
371 1703 503 1730 interiora
519 1700 689 1735 prospicere)
710 1704 758 1732 per
773 1703 851 1723 suam
867 1702 929 1730 pas-

140 1740 246 1783 sionem
263 1751 359 1781 scisso,
379 1748 506 1774 invocata
521 1745 621 1772 eﬂ‘udit
635 1751 664 1771 se
678 1743 742 1770 novi
758 1740 926 1769 Testainenti

141 1798 311 1836 ahyssus,'et
331 1793 461 1822 excitavit
477 1799 572 1819 vocent
597 1793 797 1817 cataractarum
818 1786 878 1820 Dei,
901 1786 929 1813 id

141 1834 186 1873 est
196 1840 438 1876 evangelistarum,
456 1835 645 1871 apostolorum
660 1834 859 1866 doctorumque
871 1839 930 1859 om-

140 1891 217 1919 nium
234 1885 374 1915 Ecclesiae.
394 1883 422 1911 Si
436 1889 502 1917 ergo
515 1881 665 1915 Scriptum
680 1878 798 1906 altitudo
813 1878 929 1914 abyssus

139 1942 181 1966 est
198 1941 306 1970 ntagna,
330 1937 471 1965 nunquam
488 1927 607 1955 deerunt
623 1933 688 1953 cum
711 1924 771 1952 zelo
785 1923 866 1951 nobis
882 1931 929 1951 ve-

140 1987 250 2014 ritatent
279 1981 445 2010 rimantibus
471 1985 532 2014 quae
556 1984 620 2004 cum
643 1975 762 2002 utilitate
788 1971 929 2002 communi

145 2031 362 2061 conscribamus.
386 2026 471 2061 Cujus
492 2024 533 2052 rei
551 2029 695 2050 excessum
715 2028 747 2048 ac
764 2018 931 2056 magnitudi-

143 2087 207 2108 nem
230 2066 406 2111 Evangclium
425 2070 595 2107 signiticassc
611 2068 735 2100 videtur,
753 2065 801 2094 ubi
818 2065 931 2096 dicitur,

144 2126 200 2154 Nec
216 2123 346 2151 mundum
364 2119 476 2155 quidem
495 2118 595 2152 ipsum,
613 2115 634 2143 si
647 2114 755 2150 singula
772 2120 833 2148 quae
849 2111 932 2140 Jesus

144 2171 210 2199 fecit
222 2167 477 2198 conscriberentur,
489 2162 579 2190 videri
593 2166 752 2197 capturum.
769 2158 810 2187 Ad
827 2158 931 2186 sancti-

959 225 986 252 id
1004 233 1038 253 ex
1062 232 1136 252 nunc
1159 228 1257 259 sponte
1275 228 1387 258 totoque
1401 223 1503 255 animo,
1522 230 1633 257 revoco,
1658 223 1749 258 ejicio,

960 279 1069 306 respuo.
1092 276 1119 298 et
1146 271 1219 297 sicut
1235 277 1289 297 non
1318 270 1420 297 dictant
1445 269 1540 296 haberi
1566 269 1700 304 supplico.
1722 269 1751 296 Id

959 317 1042 344 modo
1060 317 1105 343 ltic
1129 317 1245 349 dictum,
1269 316 1346 350 quasi
1367 315 1471 343 dictum
1496 316 1523 342 in
1540 315 1669 342 omnibus
1691 321 1753 342 esse

959 363 1042 390 velim
1060 370 1121 397 qua:
1135 367 1182 389 aut
1198 362 1291 390 Graece
1303 366 1350 388 aut
1365 361 1462 388 Latine
1475 361 1550 396 attigi
1565 365 1594 387 ut
1608 360 1752 395 attingam.

960 408 1089 436 lttattinto
1098 409 1172 435 ettim
1180 413 1235 439 est,
1249 407 1300 435 nisi
1310 407 1351 434 vel
1366 412 1493 434 senectus
1507 407 1699 438 retardaverit,
1709 406 1753 433 vel

959 453 1101 489 aegrotatio
1113 453 1280 488 impedierit,
1297 453 1338 480 vel
1354 453 1477 479 tenuium
1499 452 1670 479 fortunarum
1683 459 1753 479 con-

961 500 1030 527 ditio
1046 498 1228 529 revocaverit,
1244 498 1393 525 ttottuullos
1411 498 1559 532 Scriptura:
1576 498 1650 525 locos
1672 502 1755 531 prout

962 546 1034 573 Deus
1052 545 1185 580 aspirabit
1210 549 1337 571 tractare.
1365 543 1417 571 Sed
1443 543 1512 570 alios
1539 543 1651 577 quidem
1676 543 1753 574 aliasl

962 599 1037 619 nunc
1052 597 1142 618 autem
1160 590 1246 625 ipsius
1267 590 1380 617 Joannis
1397 589 1432 616 de
1452 597 1506 623 quo
1527 589 1629 616 dicturi
1646 596 1754 620 sumus,

964 637 1164 665 intercessione
1188 636 1263 668 l‘reti,
1290 636 1532 671 quastiunculam,
1554 643 1612 669 quae
1629 642 1643 661 a
1663 634 1756 661 verbis

965 683 1106 718 Evangelii
1118 683 1252 718 originem
1270 682 1378 709 trahere
1392 682 1510 713 videtur,
1525 680 1656 713 dilucide,
1668 687 1757 715 quan-
1796 696 1805 701 ί

967 734 1024 756 tum
1043 728 1117 755 Deus
1131 729 1287 760 donaverit,
1305 733 1422 755 tractare
1442 727 1614 754 conabimur.

1002 775 1108 810 Saepius
1131 780 1191 810 post
1219 775 1451 802 resurrectionem
1478 773 1597 801 diversis
1623 772 1757 800 Dominus

967 821 1056 849 ntodis
1071 822 1199 857 apparuit
1218 821 1373 856 discipulis.
1396 825 1425 848 et
1449 820 1550 855 saepius
1565 827 1628 848 eum
1644 819 1710 855 ipsis
1729 825 1758 847 et

932 871 953 900 Β
967 868 1086 896 comedit
1109 872 1137 896 et
1155 868 1232 899 bibit,
1246 867 1317 894 latus
1331 875 1442 902 quoque
1466 871 1494 894 et
1512 874 1609 894 manus
1621 871 1648 893 et
1661 866 1757 901 pedes,

971 922 1025 942 tton
1040 914 1130 942 oculis
1150 914 1250 948 solum,
1264 921 1360 942 verum
1381 914 1465 941 etiam
1484 913 1569 941 tactui
1596 913 1707 946 obtulit,
1728 918 1760 940 ut

972 960 1093 996 undique
1122 961 1248 989 eumdem
1266 961 1384 995 seipsum
1405 967 1465 988 esse
1487 960 1695 987 damonstraret
1711 959 1760 994 qui

970 1011 1141 1040 surrexerat,
1155 1007 1202 1043 qui
1217 1007 1367 1035 crucifixus
1383 1007 1483 1040 fuerat,
1504 1007 1607 1041 quique
1620 1011 1683 1033 attte
1698 1014 1761 1041 pas-

971 1054 1075 1082 sionem
1091 1062 1152 1082 cunt
1165 1054 1220 1081 illis
1233 1053 1460 1081 conversabatur.
1476 1054 1590 1080 Demum
1607 1053 1760 1081 secundum

971 1101 1086 1129 Joannis
1103 1100 1279 1135 Evangeliunt
1295 1100 1424 1134 apparuit
1440 1099 1522 1127 .lcsus
1540 1100 1567 1126 in
1592 1099 1686 1127 littore
1706 1101 1763 1128 illis

972 1146 1154 1182 piscantibus,
1171 1146 1406 1181 interrogavitque
1422 1147 1444 1174 si
1463 1146 1616 1181 quidquam
1632 1147 1762 1181 pulmen-

975 1193 1036 1220 tarii
1050 1193 1191 1220 haberent.
1206 1192 1312 1225 Quibus
1324 1192 1488 1227 negantibus
1500 1193 1584 1228 jussit
1601 1193 1627 1219 in
1640 1192 1763 1220 dextram

974 1238 1075 1273 navigii
1095 1244 1200 1274 partem
1223 1243 1280 1266 rete
1304 1241 1471 1271 immittere;
1488 1247 1543 1274 quo
1564 1240 1635 1267 facto
1652 1245 1763 1267 centum

974 1291 1002 1313 ct
1018 1285 1219 1321 quinquaginta
1242 1290 1297 1312 tres
1311 1292 1432 1320 magnos
1460 1285 1556 1320 piscati
1582 1286 1670 1320 pisces
1686 1291 1764 1313 sunt.

972 1332 1053 1365 Quod
1062 1331 1173 1366 quidem
1187 1331 1219 1358 ad
1234 1330 1352 1358 futuram
1365 1335 1523 1358 sanctorum
1538 1331 1658 1366 quictent
1673 1340 1764 1359 sacra-

975 1376 1131 1404 tnetttaliter
1160 1376 1319 1410 pertinere,
1347 1375 1523 1410 perspicuum
1554 1381 1606 1403 est.
1636 1377 1703 1404 Nam
1737 1382 1766 1404 ct

975 1422 1135 1457 magnitudo
1152 1428 1180 1449 et
1201 1421 1349 1448 multitudo
1371 1427 1398 1449 et
1417 1430 1549 1449 nunterus
1570 1423 1685 1456 piscium
1705 1432 1766 1451 cer-

977 1473 1020 1495 tus
1037 1473 1064 1495 et
1082 1467 1178 1495 tractio
1196 1474 1292 1494 eorum
1307 1474 1356 1502 per
1374 1467 1473 1495 ﬂuctus
1489 1469 1582 1501 maris,
1605 1470 1714 1496 tandem
1731 1473 1765 1497 ad

978 1514 1071 1541 littora
1096 1514 1192 1547 tutior,
1217 1518 1245 1541 et
1267 1513 1450 1541 ducentorunt
1472 1522 1488 1541 a
1504 1515 1594 1542 littore
1607 1516 1764 1543 cubitorum

979 1559 1108 1586 distantia
1124 1564 1152 1586 ct
1174 1559 1201 1586 iit
1219 1558 1345 1586 dextrum
1363 1560 1429 1586 retis
1442 1559 1574 1587 demissio
1592 1566 1620 1588 et
1637 1567 1768 1596 septena-

979 1607 1037 1633 rius
1049 1606 1250 1640 discipulorum
1263 1611 1406 1639 numerus,
1419 1605 1477 1633 hac
1491 1606 1582 1633 omnia
1598 1615 1652 1634 non
1665 1609 1768 1643 absque

979 1660 1078 1687 magno
1094 1652 1224 1687 mysterio
1250 1651 1397 1688 diligenter
1421 1657 1568 1680 narrantur
1592 1659 1620 1681 et
1649 1654 1767 1682 futuram

981 1698 1178 1733 triumphantis
1202 1698 1332 1726 Ecclesia:
1347 1706 1410 1726 cum
1431 1698 1548 1727 Domino
1571 1700 1656 1728 vitam
1673 1709 1768 1736 aperte

980 1745 1136 1780 signiﬁcare
1152 1743 1297 1772 videntur."
1307 1745 1374 1772 Erat
1392 1744 1420 1773 id
1443 1751 1517 1773 certe
1535 1753 1616 1774 suum
1631 1747 1706 1775 illius
1719 1748 1767 1783 qui

980 1792 1042 1827 plus
1067 1791 1128 1819 aliis
1143 1791 1288 1818 amabatur
1313 1798 1328 1818 a
1351 1791 1463 1819 Christo
1481 1792 1528 1827 qui
1546 1792 1573 1820 in
1594 1792 1769 1822 Dominicum

980 1842 1077 1873 pectus
1099 1838 1225 1865 incubuit
1245 1843 1274 1865 et
1296 1837 1361 1865 inde
1376 1838 1467 1865 hausit
1494 1839 1708 1873 profundissima
1724 1848 1772 1867 sa-

981 1888 1121 1912 cramenta
1142 1884 1187 1912 cui
1203 1884 1316 1912 Matrem
1333 1884 1408 1912 orbis
1425 1884 1563 1912 dominam
1587 1886 1646 1921 ipse
1678 1885 1772 1914 Domi-

982 1939 1036 1958 nus
1055 1931 1176 1959 moriens
1190 1930 1406 1965 commendavit,
1422 1935 1452 1958 ut
1469 1931 1700 1966 quemadmodum
1716 1933 1772 1960 ini-

983 1977 1052 2004 tium
1067 1976 1207 2012 Evangelii
1221 1977 1263 2004 sui
1280 1977 1307 2004 itt
1324 1983 1427 2006 aeterna
1441 1978 1619 2012 generatione
1644 1978 1706 2006 Filii
1723 1979 1771 2007 Dei

983 2023 1108 2051 fundavit
1122 2023 1209 2050 instar
1224 2023 1338 2050 tonitrui
1360 2024 1481 2051 clantans
1497 2032 1504 2051 :
1522 2024 1554 2051 In
1570 2025 1699 2061 principio
1715 2033 1775 2052 erat

988 2068 1112 2101 Verbum,
1125 2072 1151 2096 et
1167 2068 1281 2096 Verbum
1303 2073 1361 2096 erat
1376 2070 1447 2104 apud
1472 2067 1566 2103 D'eum,
1583 2076 1607 2098 et
1628 2071 1696 2098 Deus
1711 2077 1773 2098 erat

985 2115 1096 2142 Verbum
1112 2115 1172 2142 :sic
1193 2114 1313 2142 culmina
1331 2123 1380 2150 per
1395 2116 1517 2143 futuram
1535 2122 1693 2144 sanctorum
1709 2119 1773 2146 vitae

984 2160 1128 2196 mysticam
1149 2159 1303 2187 orationem
1318 2160 1483 2195 itnpotteret,
1499 2162 1533 2189 ad
1547 2170 1630 2198 quam
1645 2167 1674 2190 ut
1687 2163 1774 2190 tutius

144 2222 226 2246 tatem
251 2214 342 2242 autem
364 2217 438 2239 tuam
457 2215 484 2237 et
507 2216 569 2244 quae
593 2215 667 2235 ttunc
688 2208 715 2234 in
732 2207 783 2234 ltac
809 2204 931 2241 perfacili
950 2214 970 2241 ι)
986 2206 1055 2234 mari
1071 2205 1166 2241 jactati
1194 2209 1223 2233 et
1250 2206 1343 2238 undis,
1372 2207 1459 2233 sancti
1479 2208 1625 2242 pervenire
1650 2213 1773 2243 possent.

143 2261 305 2299 quastione,
328 2257 430 2285 auxilio
450 2256 509 2291 ejus
528 2255 607 2290 cujus
625 2259 652 2281 tu
672 2254 700 2281 in
716 2252 797 2280 terris
811 2250 931 2280 vicarius

146 2297 188 2343 es,
199 2313 227 2336 et
238 2310 332 2343 postea
346 2311 407 2339 quae
429 2301 605 2333 dictabintus,
623 2299 721 2327 merito
734 2297 867 2326 mittenda
882 2304 932 2331 pu-

144 2358 263 2386 tavimus
280 2363 286 2382 :
307 2360 342 2380 ne
358 2351 424 2378 dum
444 2348 571 2376 volumus
593 2352 620 2375 et
641 2346 722 2374 nobis
735 2349 762 2373 et
787 2345 849 2372 aliis
867 2351 932 2379 pro-

145 2405 236 2435 desse,
263 2401 291 2428 in
317 2400 444 2433 laqueum
460 2395 628 2423 dilabamur.
650 2392 677 2420 ld
700 2392 774 2419 enim
795 2394 824 2418 et
840 2390 893 2417 luit
906 2392 933 2416 et

146 2455 187 2479 est
213 2454 241 2477 et
260 2447 352 2474 divina
373 2446 510 2480 praesente
538 2440 623 2476 gratia
648 2439 702 2466 erit
727 2444 837 2473 semper
865 2435 933 2462 milii

149 2497 263 2525 insitum
285 2497 313 2521 et
335 2490 516 2527 propositum,
537 2491 656 2514 mortem
681 2489 775 2520 optare
798 2483 889 2519 potius
906 2487 936 2510 et

149 2543 254 2572 exitum
274 2539 355 2573 hujus
379 2537 453 2569 vitat,
476 2541 558 2570 quam
577 2531 693 2568 aliquid,
711 2538 767 2558 non
788 2529 851 2558 dico
867 2529 937 2556 scri-

151 2591 216 2618 here
225 2590 272 2614 aut
284 2585 388 2616 dicere,
406 2582 452 2610 sed
467 2589 501 2608 ne
516 2580 636 2615 cogitare
651 2577 774 2613 quidem,
786 2574 858 2611 quod
870 2581 937 2609 apo-

149 2634 251 2664 stolicm
265 2630 399 2660 doctrina:
413 2636 445 2656 ac
460 2627 590 2654 Ecclesia:
602 2625 661 2658 Dei,
673 2624 753 2659 cujus
764 2626 793 2650 tu
807 2621 937 2657 princeps

148 2690 189 2714 es,
208 2685 363 2714 repugnare
387 2675 524 2703 videatur.
545 2671 635 2705 Quare
653 2671 675 2698 si
690 2670 761 2697 forte
775 2675 871 2704 parum
889 2668 938 2696 ad-

149 2725 295 2756 v'ertendo,
320 2720 424 2757 aliquid
447 2718 615 2754 hujusntodi,
634 2720 681 2744 aut
702 2717 784 2743 etiam
801 2723 834 2742 ex
859 2714 937 2748 igno-

148 2773 248 2805 rantia,
277 2767 449 2804 scripserint,
469 2765 596 2797 dixerint,
613 2762 803 2799 cogitaverim,
835 2764 885 2788 aut
910 2760 939 2788 iit

147 2822 271 2848 l'uturum
290 2816 439 2851 scripsero,
457 2813 563 2845 dixero,
581 2813 748 2847 cogitavere,
766 2808 839 2844 quod
858 2815 941 2836 aures

148 2863 303 2895 sanctitatis
319 2869 372 2891 tunc
388 2869 449 2897 quae
466 2859 541 2895 regni
558 2859 689 2887 caelorum
701 2857 791 2886 claves
809 2857 852 2885 his
867 2860 938 2885 tent—

982 2251 1080 2279 Petrus
1106 2255 1198 2279 autem
1221 2251 1331 2286 quando
1353 2250 1404 2286 ipsi
1428 2252 1518 2280 claves
1544 2255 1622 2289 regni
1640 2255 1773 2282 caelorum

983 2297 1183 2326 commendatae
1208 2296 1340 2329 fuerunt,
1372 2291 1502 2324 Ecclesiae
1528 2299 1613 2326 totius
1646 2299 1776 2334 princeps

984 2344 1161 2376 constitutus,
1185 2343 1307 2379 apertius
1327 2346 1393 2370 tunc
1416 2343 1459 2370 vel
1476 2345 1631 2372 restituitur
1646 2346 1687 2373 vel
1710 2353 1776 2374 con-

985 2391 1119 2418 ﬁrmatur.
1138 2390 1207 2418 Nam
1233 2397 1269 2417 ne
1285 2388 1356 2417 forte
1377 2389 1488 2424 aliquis,
1517 2391 1646 2425 quoniam
1665 2397 1706 2419 ter
1722 2392 1776 2420 Do-

985 2437 1092 2464 ntinum
1104 2440 1262 2472 negaverat,
1287 2434 1413 2463 amisisse
1434 2435 1523 2471 ipsunt
1545 2435 1674 2464 Ecclesia
1698 2438 1777 2472 prin-

987 2485 1106 2519 cipatum
1134 2486 1255 2518 putaret,
1287 2484 1329 2509 ter
1352 2482 1540 2517 interrogatur
1568 2490 1603 2510 an
1628 2483 1775 2511 Dominum

988 2535 1110 2561 amaret,
1126 2528 1174 2564 qui
1190 2528 1276 2556 ntulto
1291 2527 1452 2563 prudentior
1463 2528 1519 2563 jam
1532 2532 1616 2563 atque
1632 2528 1777 2556 sublimior

988 2575 1075 2611 gratia
1098 2574 1258 2606 Salvatoris,
1275 2581 1332 2601 non
1352 2572 1465 2601 eﬂertur
1489 2574 1714 2608 prtesuntptione,
1741 2583 1777 2602 ne

989 2629 1101 2650 rursum
1126 2621 1273 2656 negatione
1294 2624 1527 2655 prosterneretur,
1543 2627 1578 2647 ne
1602 2619 1732 2654 lacrymis
1750 2626 1779 2648 et

989 2676 1083 2696 amaro
1096 2668 1160 2695 ﬂetu
1177 2668 1278 2695 iterum
1294 2667 1345 2694 sibi
1360 2666 1394 2694 ad
1409 2666 1620 2702 propellendum
1638 2666 1777 2701 piaculum

989 2723 1059 2750 opus
1077 2719 1159 2747 esset,
1178 2714 1226 2742 sed
1247 2713 1292 2749 pia
1310 2714 1484 2741 confessione
1509 2721 1602 2741 amare
1623 2713 1733 2748 quidem
1747 2721 1778 2740 se

992 2762 1074 2789 tertio
1087 2761 1239 2796 respondit,
1249 2760 1296 2787 sed
1315 2760 1380 2794 quid
1398 2765 1513 2793 amaret,
1531 2761 1622 2795 ipsutn
1641 2759 1712 2787 scire
1730 2761 1779 2790 ait,

991 2808 1036 2836 cui
1050 2807 1117 2834 nihil
1138 2811 1227 2842 potest
1240 2813 1301 2834 esse
1314 2806 1468 2833 occultum.
1484 2805 1530 2834 Sic
1552 2806 1686 2834 Dominus
1703 2810 1781 2833 terna

993 2854 1219 2890 interrogatione,
1236 2858 1368 2888 ternaque
1382 2852 1456 2881 Petri
1470 2852 1644 2881 confessione
1658 2852 1780 2885 autaudi,
