1916 3057
143 86 192 118 8ῖ1

745 85 905 116 GEORGII
927 71 1184 118 TtiAPEZUNTn

1724 90 1780 122 872

145 149 223 172 terne
237 143 346 171 curavit
368 143 530 179 negationis
544 142 642 171 vulnus
666 142 750 178 quod,
780 143 843 170 ﬁetu
862 143 935 170 Petri
950 146 975 176 Α
990 144 1124 172 lirntando
1150 152 1279 180 expresse
1305 145 1436 172 dixerunt
1462 150 1493 172 ut
1515 153 1596 174 nemo
1623 146 1780 182 ambigeret

146 193 272 217 sanatum
289 188 322 216 ad
338 188 495 216 cicatricem
521 197 608 224 usque
627 189 802 224 productum,
817 188 931 216 creden-

145 237 208 263 dum
232 239 285 262 est.
311 234 389 262 Tunc
413 234 486 262 enim
516 235 739 270 interrogationis
759 235 835 262 illius
851 236 877 262 vi
902 240 932 262 et

143 281 326 309 confessionis
336 281 440 308 virtute
459 281 628 312 humillimae,
648 281 804 308 cicatricem
821 288 932 315 quoque

145 328 230 361 ipsam
254 326 385 353 abolitatn
411 333 492 353 nemo
516 320 663 359 dubitavit,
681 334 713 354 ac
739 327 801 354 ideo
823 331 864 354 ter
879 327 932 354 sibi

145 376 174 398 ut
188 379 256 399 sano
272 372 328 407 jam
343 375 372 398 et
390 371 532 399 humiliter
548 378 642 407 aperte
656 373 866 400 commendatur
882 371 932 399 Ec-

143 419 237 451 clesia,
258 424 287 445 ut
303 422 395 453 pascat
411 426 476 446 oves
496 426 636 453 agnosque
651 418 771 451 Domini,
784 426 844 453 qua:
858 426 933 446 com-

145 465 284 492 n‘endatio
299 464 446 492 militantis
457 464 587 492 Ecclesia:
600 464 682 492 Petro
697 468 763 491 tunc
776 464 858 496 laeta,
870 471 933 491 suc-

144 511 304 538 cessoribus
320 510 408 538 etiam
433 510 494 538 suis
519 509 590 537 facta
613 511 799 545 cognoscitur.
817 510 933 545 Oportet

143 557 230 592 enim,
245 557 317 584 sient
333 564 398 583 oves
412 556 528 591 agnique
544 560 662 588 veteres,
682 556 809 583 videlicet
826 557 852 582 itt
868 556 931 589 ﬁde,

143 606 225 636 atque
241 601 354 634 novelli,
381 601 415 628 ad
438 601 509 628 diem
537 608 624 636 usque
639 601 774 629 adventus
800 601 932 636 ingloria

146 648 253 675 Domini
280 655 328 683 per
354 647 559 675 successionem
584 647 708 674 duraturi
733 652 808 679 sunt,
834 648 931 675 eodem

145 694 239 729 utique
265 694 346 721 modo
374 693 459 725 illum
474 701 637 727 permaucre
660 693 703 721 cui
729 693 932 721 commendatio

144 740 213 768 facta
229 744 282 767 est.
300 739 453 767 Universali
470 747 535 773 ergo
551 739 680 767 Ecclesiae
696 739 777 767 Petro
791 740 931 774 proposito

144 787 277 815 decenter
304 794 379 814 mors
396 793 506 821 quoque
535 785 587 813 sibi
615 785 786 820 prmdicitur.
811 790 841 813 ut
868 786 934 813 hino

146 833 230 863 vitam
257 833 340 862 etiam
367 832 474 860 Domini
501 832 709 867 exprimendam
739 840 789 868 pro
816 832 931 865 viribus,

144 881 251 908 duabus
273 880 394 907 disceret
419 880 584 913 rationibus,
611 880 740 914 quoniam
768 880 933 908 universalis

143 930 236 961 pastor
253 930 280 954 et
297 926 417 953 vicarius
431 925 534 952 Christi
556 925 713 960 prmcipuus
728 925 780 952 fuit
795 926 932 953 constitu-

144 977 189 1000 tus
204 977 232 999 et
247 972 377 1006 quoniam
393 971 485 998 crucis
502 970 628 1005 patibulo
647 969 734 998 Deum
753 974 815 997 erat
830 970 933 1005 gloriﬁ-

143 1024 269 1050 caturus,
282 1025 402 1052 quorutu
427 1017 545 1044 alterum
566 1017 685 1044 trahitur
699 1024 732 1044 ex
750 1017 847 1044 altero.
864 1017 932 1044 Nam

144 1065 166 1092 si
178 1072 232 1091 non
245 1069 286 1091 est
301 1070 398 1090 servus
409 1062 521 1090 domino
535 1062 632 1097 major,
654 1067 762 1097 oportet
777 1063 882 1098 patroni
893 1064 932 1091 la-

144 1111 226 1138 bores
241 1110 370 1137 clicntetn
385 1107 487 1135 subire.
508 1107 542 1135 Et
565 1107 613 1142 qui
633 1107 743 1135 labores
760 1108 863 1136 domini
884 1116 932 1136 stt-

145 1155 194 1183 tnit
213 1155 266 1186 sui,
285 1155 309 1182 is
333 1159 448 1182 mortem
474 1162 528 1181 non
548 1153 630 1180 debet
654 1153 771 1181 similem
785 1162 931 1187 recusare;

147 1209 234 1237 quare
251 1201 317 1227 vita:
331 1207 440 1236 quoque
457 1200 540 1228 totius
557 1200 672 1227 imitatio
693 1207 742 1234 pro
761 1199 864 1228 viribus
884 1208 933 1228 ne-

143 1248 264 1276 cessaria
289 1253 330 1275 est
358 1255 419 1282 quae
447 1247 553 1282 liquido
570 1246 712 1281 Evangelii
731 1247 823 1275 verbis
839 1247 932 1283 expri-

144 1295 239 1322 mitur.
270 1293 338 1321 Nam
367 1297 455 1320 morte
488 1292 579 1320 crucis
607 1292 769 1320 extensione
800 1300 931 1320 manuum

143 1340 195 1368 sub
210 1339 299 1367 oculis
314 1339 387 1366 Petri
407 1339 507 1373 pesita,
526 1339 618 1366 statim
636 1338 661 1365 ei
678 1338 792 1372 dicitur,
809 1339 932 1373 Sequere

144 1394 200 1419 me,
215 1385 242 1412 id
257 1389 310 1417 est.
339 1384 392 1418 Qui
417 1389 505 1411 morte
526 1391 568 1411 me
589 1389 735 1411 secuturus
755 1392 796 1418 es,
819 1385 931 1420 vestigia

143 1439 254 1466 quoque
272 1431 384 1458 vivendi
402 1431 427 1457 in
443 1438 474 1457 ea
495 1430 633 1464 sequeris.
918 1426 926 1434 “

177 1477 275 1505 Petrus
292 1477 375 1512 igitur
393 1476 541 1503 Dominum
556 1475 734 1510 sequebatur,
749 1475 871 1510 dumque
886 1483 930 1503 se-
943 1496 964 1524 C

142 1525 288 1556 queretur,
303 1520 373 1547 vidit
387 1520 522 1548 Joannem
540 1521 575 1555 (is
589 1520 663 1548 enim
682 1520 833 1554 discipulus
846 1528 928 1555 quem

142 1568 275 1603 diligebat
293 1565 385 1602 Jesus)
413 1570 584 1601 sequentem.
601 1565 635 1592 Et
652 1566 814 1593 curiositate
830 1566 931 1593 mentis

143 1614 280 1646 humanae,
291 1620 345 1647 qua
362 1613 449 1646 magis
465 1612 554 1639 aliena
568 1618 649 1645 quam
663 1616 758 1640 nostra
769 1612 929 1647 quaerimus,

143 1658 259 1686 nintium
276 1663 431 1685 commotus
444 1659 510 1693 (non
531 1658 605 1685 enim
627 1661 687 1685 erat
709 1657 801 1686 adhuc
818 1657 931 1684 omnino

143 1705 305 1741 perlectus),
320 1703 426 1731 audcta
442 1702 557 1731 Domino
568 1708 673 1738 petere,
686 1711 740 1738 qua
753 1708 840 1731 morte
849 1703 930 1731 Joan-

142 1759 192 1779 nes
211 1754 383 1782 moreretur,
408 1750 503 1777 dicens
519 1757 525 1776 :
541 1749 672 1782 Domine,
688 1750 728 1776 hic
744 1754 834 1776 autem
847 1749 932 1784 quid?

143 1797 273 1825 Dominus
289 1800 382 1824 autent
403 1800 430 1823 et
454 1795 525 1822 hanc
539 1795 729 1823 curiositatem
754 1795 931 1830 reprehendit

142 1852 193 1872 nec
211 1843 379 1872 moriturum
398 1842 532 1871 Joannem
550 1849 638 1877 usque
660 1841 695 1870 ad
717 1841 823 1869 exitum
848 1842 930 1878 hujus

142 1890 233 1924 saeculi
250 1889 292 1926 (ut
308 1897 359 1925 ego
377 1888 509 1924 arbitror)
526 1888 661 1922 ostendit,
685 1888 802 1916 dicens:
819 1887 850 1915 Si
871 1896 930 1915 eum

141 1934 198 1961 nolo
213 1942 320 1961 manere
335 1933 416 1961 donec
432 1933 554 1967 ueniant,
570 1933 633 1968 quid
653 1933 688 1961 ad
704 1933 750 1961 te?
774 1932 843 1961 [line
856 1941 930 1968 quae-

146 1981 285 2008 stiuncula
304 1980 428 2008 nascitur
453 1987 481 2007 re
501 1979 601 2013 facilis,
617 1979 749 2007 varietate
768 1979 929 2015 opinionum

140 2027 268 2054 dttlicilts.
284 2025 350 2052 Nam
366 2025 446 2053 nmlti
467 2025 523 2061 jam
552 2029 692 2052 mortuum
716 2032 776 2054 esse
797 2025 929 2053 Joannem

141 2072 331 2105 contendunt,
358 2072 483 2100 nonnulli
507 2072 638 2099 extremis
664 2072 835 2107 temporibus
867 2079 930 2101 eum

142 2119 238 2146 Enoch
256 2123 284 2147 et
298 2119 357 2146 Elia
371 2119 537 2146 moriturum
551 2118 712 2154 opinantur.
729 2118 809 2152 Quod
823 2126 873 2146 nos
887 2125 930 2146 se-

986 198 1045 217 eam
1063 199 1174 226 quoque
1199 191 1319 219 Graecam
1343 191 1509 226 particulam
1527 200 1580 219 non
1595 192 1674 220 aliter
1691 201 1778 228 quam

985 234 1148 264 aﬁirmative
1163 236 1201 263 ibi
1225 236 1340 271 positam
1355 243 1426 263 esse.
1449 235 1502 264 Sed
1521 237 1554 264 de
1570 237 1673 271 duplici
1699 243 1779 272 pote-

985 286 1055 309 state
1070 283 1092 309 si
1109 282 1266 316 particulte,
1280 282 1364 310 latius
1378 283 1459 310 nobis
1475 283 1501 309 in
1515 283 1577 310 ali's
1598 283 1702 311 dictum
1734 289 1778 312 est

984 332 1012 354 ct
1027 328 1109 363 vulgo
1124 332 1208 362 patet.
1226 328 1293 361 Quis
1308 328 1447 356 enimnon
1463 329 1575 361 viderit,
1592 329 1668 356 aliud
1687 330 1778 365 signi-

985 374 1060 402 ﬁcari
1089 382 1150 402 cum
1171 374 1290 407 dicitur,
1320 374 1351 402 Si
1368 383 1429 402 amo
1457 379 1493 407 te,
1516 383 1568 401 non
1582 375 1776 407 detraltltlibi;

984 420 1059 447 aliud
1076 429 1082 448 :
1096 420 1125 447 Si
1140 429 1260 448 amarem
1274 425 1308 452 te,
1323 429 1375 448 non
1387 421 1553 447 delralterem
1566 421 1635 447 tibi?
1649 421 1775 448 Alterum

984 468 1058 494 enim
1073 472 1101 494 et
1117 474 1238 495 amorem
1250 467 1368 494 aﬁirmat
1382 473 1410 494 et
1424 474 1478 494 non
1495 467 1660 494 detrahendi
1675 467 1777 494 volun-

985 516 1068 540 tatem
1079 512 1234 544 conﬁrmat,
1245 513 1362 540 alterum
1375 520 1391 540 e
1402 512 1513 548 regione
1525 520 1649 540 amorem
1661 513 1774 548 quidem

981 559 1026 585 vel
1043 558 1198 594 Suspendit,
1215 558 1388 593 dubiumque
1404 558 1479 589 facit.
1489 558 1533 585 vel
1550 558 1662 592 penitus
1679 563 1774 593 negat,

983 609 1144 638 quantoque
1157 603 1256 640 (amor)
1275 604 1362 639 major
1378 608 1507 638 negatur,
1520 607 1596 631 tanto
1609 603 1773 630 detrahendi

984 650 1109 677 voluntas
1137 649 1280 677 asseritur.
1299 649 1385 676 item:
1403 648 1432 675 Si
1457 655 1496 675 me
1518 649 1647 680 audisset,
1672 648 1776 675 doctior

983 700 1048 722 esset
1062 703 1071 722 :
1087 695 1245 729 signiﬁcant
1260 694 1334 722 eniut
1349 702 1403 721 nou
1424 702 1485 721 esse
1499 694 1620 727 doctum,
1637 702 1699 722 cum
1717 702 1773 721 non

983 741 1113 770 audierit.
1128 741 1230 769 Contra
1245 750 1252 769 :
1267 739 1297 768 Si
1313 740 1409 767 multos
1428 740 1517 767 audivi
1532 741 1632 773 doctos,
1648 741 1671 766 si
1689 739 1773 766 multa

985 788 1044 822 legi,
1055 789 1078 815 ri
1091 787 1177 814 multa
1189 787 1295 822 scripsi,
1309 794 1359 814 cur
1372 795 1412 814 me
1424 786 1578 821 imperitum
1596 791 1672 818 putas
1684 786 1696 812 ?
1711 785 1772 813 Non

950 825 969 852 Β
984 837 1027 860 est
1042 840 1112 867 opus
1136 833 1214 868 plura
1231 832 1325 860 dicere
1342 832 1376 859 de
1397 840 1426 859 re
1443 831 1599 864 manifesta,
1619 839 1672 866 qua
1695 831 1771 867 pleni

986 882 1051 906 sunt
1065 877 1150 911 libri,
1169 878 1251 914 plena
1267 879 1423 913 priscorum
1449 878 1599 905 volumina.
1624 877 1688 904 Ἐάν
1704 885 1774 912 quo-

984 933 1038 960 que
1053 924 1147 953 Grzeca
1160 925 1337 960 coniunctio,
1362 924 1473 951 easdem
1500 923 1585 951 habet
1609 927 1771 958 potestates.

984 971 1075 999 Testis
1103 976 1144 998 est
1169 971 1350 1003 Priscianus,
1376 970 1619 1006 grammaticorum
1646 969 1772 996 omnium

984 1015 1244 1049 excellentissimus,
1257 1023 1306 1043 nec
1322 1016 1412 1043 minus
1428 1016 1453 1042 iu
1466 1014 1567 1042 Graecis
1578 1022 1660 1049 quam
1677 1013 1706 1041 in
1720 1013 1773 1041 La-

985 1063 1050 1090 tinis
1065 1062 1166 1090 litteris
1181 1062 1298 1096 peritus,
1326 1061 1428 1096 quippe
1449 1061 1496 1094 qui
1520 1061 1632 1088 Graecus
1658 1061 1772 1088 natione

984 1109 1045 1136 fuit.
1063 1108 1124 1136 Fuit
1139 1108 1212 1136 enim
1224 1116 1258 1135 ex
1274 1107 1409 1140 Caesarea,
1427 1107 1660 1142 Cappadocensis,
1675 1114 1727 1134 nec
1742 1106 1771 1133 in

983 1155 1059 1182 Italia
1071 1175 1078 1188 ,
1095 1154 1142 1182 sed
1162 1154 1279 1182 Athenis
1292 1157 1320 1181 et
1337 1152 1431 1181 Graece
1447 1153 1545 1182 didicit
1568 1159 1596 1182 et
1611 1153 1720 1181 Latine.
1745 1153 1772 1181 ls

983 1201 1010 1229 in
1027 1201 1106 1228 libris
1123 1200 1161 1227 De
1177 1201 1381 1233 constructione,
1397 1199 1442 1226 ubi
1457 1199 1491 1227 de
1505 1199 1691 1235 subjungendi
1711 1207 1772 1227 mo-

983 1247 1029 1280 do,
1044 1251 1073 1274 et
1091 1248 1125 1274 de
1143 1246 1279 1281 particula
1295 1246 1328 1279 si,
1347 1245 1458 1274 easdem
1483 1246 1595 1276 omnino
1612 1246 1651 1273 ait
1667 1246 1771 1274 habere

984 1293 1069 1327 ipsam
1096 1293 1169 1320 vires
1194 1299 1262 1326 quas
1283 1291 1330 1318 ἐαν
1345 1291 1452 1325 Graeca,
1479 1291 1561 1326 idque
1585 1295 1640 1319 tam
1665 1291 1771 1320 Latinis

983 1347 1064 1374 quant
1083 1338 1185 1367 Graecis
1201 1338 1323 1366 ostendit
1340 1338 1484 1373 exemplis.
1506 1337 1560 1366 Sed
1572 1346 1663 1366 sermo
1683 1338 1769 1366 etiam

983 1385 1041 1420 ipse
1054 1385 1165 1412 Grazcus
1179 1385 1356 1419 perSpicuum
1378 1385 1404 1411 id
1420 1385 1495 1418 iacit,
1508 1384 1576 1412 adeo
1592 1390 1622 1412 ut
1635 1384 1771 1419 exemplis

982 1439 1052 1466 opus
1071 1438 1124 1458 non
1152 1430 1198 1458 sit.
1231 1430 1343 1459 Dicatur
1369 1430 1452 1458 alicui
1473 1437 1570 1458 carnes
1590 1430 1634 1458 die
1657 1430 1770 1458 Sabbali

982 1477 1137 1505 comedenti
1151 1486 1157 1504 ι
1169 1476 1269 1504 Carne:
1284 1481 1312 1503 tu
1326 1477 1440 1504 comedis
1453 1477 1481 1503 in
1493 1476 1609 1504 Sabbato
1624 1476 1636 1503 ?
1657 1484 1770 1511 respou-

983 1525 1055 1556 deat,
1080 1523 1142 1550 Ἐὰν
1172 1523 1264 1558 φάγω,
1281 1523 1307 1549 τί
1323 1523 1391 1558 πρὸς
1406 1523 1454 1556 σέ;
1481 1523 1507 1550 id
1523 1527 1575 1556 est,
1596 1522 1625 1551 Si
1650 1524 1768 1556 comedo,

982 1572 1045 1605 quid
1060 1570 1095 1598 ad
1113 1570 1157 1597 te?
1174 1570 1251 1597 Patet
1267 1570 1331 1604 quia
1356 1569 1501 1597 comedere
1517 1570 1627 1597 asserit.
1641 1570 1720 1603 Quod
1744 1570 1768 1597 si

982 1617 1097 1648 diceret,
1129 1616 1157 1643 Si
1175 1616 1349 1648 contederem,
1369 1615 1431 1650 quid
1446 1615 1480 1642 ad
1503 1616 1552 1642 te?
1579 1623 1634 1643 non
1658 1616 1770 1644 omnino

981 1663 1128 1690 comedere
1140 1663 1315 1695 concederet,
1329 1662 1375 1689 sed
1393 1662 1474 1697 quasi
1495 1662 1621 1698 negando
1637 1663 1688 1690 sub
1703 1670 1770 1690 eon-

982 1707 1087 1735 ditione
1104 1713 1231 1742 poneret.
1249 1708 1307 1736 Hoc
1323 1708 1350 1735 in
1365 1707 1460 1735 Gl'iI‘CO
1476 1714 1603 1735 sermone
1614 1715 1669 1735 non
1678 1712 1769 1742 potest

982 1754 1090 1789 liquido
1105 1754 1220 1789 percipi.
1235 1754 1289 1782 Sed
1301 1755 1369 1782 latet
1381 1754 1461 1786 adeo,
1479 1759 1509 1782 ut
1525 1754 1672 1789 peritiores
1684 1755 1768 1782 etiam

983 1800 1066 1836 hujus
1083 1801 1171 1828 aetatis
1185 1800 1282 1835 fugiat.
1295 1800 1348 1828 nisi
1366 1801 1472 1829 Latina:
1495 1801 1595 1837 lingua:
1613 1802 1768 1837 proprieta-

983 1851 1023 1874 tes
1039 1846 1220 1881 inspexerint.
1235 1846 1320 1882 Cujus
1339 1847 1378 1875 rei
1393 1855 1477 1875 causa
1492 1852 1544 1880 est,
1557 1848 1687 1882 quoniam
1702 1848 1769 1876 sub-

980 1891 1105 1925 jicientia
1123 1891 1208 1919 verba
1226 1892 1331 1920 minuta
1348 1892 1466 1927 quadam
1489 1892 1627 1920 scribendi
1642 1892 1677 1920 ab
1696 1892 1767 1920 indi-

982 1938 1111 1966 cantibus
1139 1937 1295 1966 ditl‘erentia
1325 1938 1549 1973 distinguuntur.
1578 1938 1669 1967 Prima
1692 1939 1767 1967 enim

981 1985 1127 2020 praesentis
1144 1984 1269 2013 indicans
1296 1992 1415 2020 persona
1431 1989 1460 2012 et
1484 1993 1553 2013 voce
1577 1990 1606 2013 et
1628 1987 1768 2021 scriptura

981 2032 1076 2061 eadem
1092 2034 1135 2058 est
1155 2038 1218 2058 cum
1243 2030 1438 2066 subjungendi.
1457 2031 1534 2058 Sicut
1559 2032 1587 2059 in
1614 2032 1767 2067 proposito,

987 2074 1051 2102 Volo
1067 2083 1126 2102 eum
1152 2083 1268 2108 manere,
1288 2075 1357 2102 θέλω
1374 2076 1454 2102 αὑτὸν
1482 2077 1593 2111 μένειν,
1614 2077 1680 2104 illud
1698 2077 1767 2103 θέλω

982 2126 1073 2156 potest
1093 2125 1121 2148 et
1143 2121 1201 2148 volo
1231 2127 1259 2149 et
1284 2121 1378 2148 vellem
1396 2121 1451 2149 dici
1469 2122 1576 2150 Latine.
1602 2122 1656 2150 Sed
1676 2123 1767 2150 vellem

142 2170 270 2199 quentes.
287 2169 386 2199 aperte
397 2164 588 2197 ostendemus,
605 2163 632 2191 id
648 2163 738 2198 ipsmn
752 2168 782 2191 et
795 2171 844 2198 per
856 2163 931 2191 hunc
946 2165 967 2193 D
983 2167 1060 2194 nullo
1082 2170 1162 2202 pacto
1181 2167 1321 2200 convenit,
1345 2167 1459 2194 omnim
1477 2169 1551 2195 enim
1567 2176 1580 2195 a
1597 2172 1680 2195 rebus
1701 2169 1766 2195 alie—

142 2210 284 2246 Evangelii
296 2210 388 2238 locum
406 2209 568 2245 signiﬁcari,
580 2213 608 2237 et
623 2209 684 2236 aliis
698 2209 852 2237 rationibus
866 2217 931 2237 cou-

143 2257 247 2284 lirmari
265 2263 305 2293 ct.
320 2262 378 2286 tum
400 2257 487 2293 ipsius
502 2256 617 2284 Joannis
632 2256 660 2283 in
683 2256 846 2292 Apocalypsi
873 2261 930 2285 tum

143 2304 281 2339 Evangelii
300 2303 466 2331 auctoritate
486 2310 519 2330 ac
544 2303 701 2330 testimonio
729 2302 930 2338 signiﬁcantius

142 2350 319 2386 comprobari
331 2370 340 2384 ,
361 2353 444 2384 atque
458 2349 528 2377 adeo
545 2349 729 2377 demonstrari
745 2357 753 2376 :
771 2348 802 2376 Si
818 2349 930 2385 (inquit)

141 2405 200 2423 eum
218 2395 274 2423 volo
286 2403 390 2423 manere
402 2395 483 2422 donec
495 2395 599 2423 ueniam
609 2414 617 2427 ,
629 2396 694 2430 quid
709 2395 744 2421 ad
755 2395 801 2422 te?
823 2394 928 2428 Graece,

142 2443 164 2469 si
183 2442 297 2470 verbum
312 2441 346 2469 de
361 2441 446 2468 verbo
468 2441 632 2476 exprimitur
644 2460 651 2473 ,
670 2447 725 2468 non
739 2440 783 2468 Sic
798 2449 858 2468 eum
872 2441 929 2469 vola

142 2496 249 2515 manere
261 2508 269 2522 ,
296 2487 355 2519 sed,
376 2485 405 2514 Si
432 2495 492 2514 eum
509 2487 568 2514 uolo
594 2494 710 2520 manere,
728 2486 861 2522 scriptum
877 2493 928 2515 est.

144 2534 246 2562 Verum
269 2534 412 2570 quoniam,
438 2534 512 2561 sicut
536 2532 672 2568 particula
686 2533 710 2560 si
721 2533 795 2568 apud
812 2541 873 2567 nos,
890 2534 930 2561 sic

141 2579 213 2615 apud
230 2579 340 2607 Graecos
359 2578 510 2606 indicativo
531 2577 643 2614 quidem
666 2577 749 2606 verbo
771 2578 928 2614 conjuncta,

146 2625 310 2653 allirmative
326 2625 444 2660 capitur,
460 2624 637 2660 subjunctivo
654 2629 745 2652 autem
769 2624 930 2660 suspensive

143 2671 371 2706 dubitativeque,
393 2670 517 2706 jungitur
529 2674 620 2698 autem
644 2669 691 2697 hic
713 2669 872 2704 indicativo,
888 2669 929 2697 id-

143 2717 216 2745 circo
232 2725 287 2745 tton
298 2718 321 2745 xi
335 2717 383 2745 sed
396 2717 433 2744 sic
445 2717 542 2745 Patres
556 2717 729 2752 interpretati
740 2721 815 2749 sunt,
826 2724 861 2743 ne
876 2716 929 2744 sci-

142 2763 207 2790 licet
219 2764 242 2790 ri
267 2763 402 2798 particula
419 2763 524 2791 Latinae
537 2763 693 2799 Graecaque
713 2762 814 2798 linguae
827 2762 930 2791 sciolos

143 2813 257 2844 propter
270 2809 407 2844 duplicem
426 2813 591 2844 potestatem
604 2809 737 2838 turbaret.
752 2807 795 2836 Sic
806 2815 871 2837 vero
886 2808 928 2837 at-

985 2219 1061 2239 nutn.
1078 2211 1168 2245 Quare
1190 2218 1241 2238 nec
1257 2211 1329 2238 ullus
1348 2219 1470 2246 uttquatn
1491 2211 1518 2239 id
1534 2212 1677 2247 cogitavit.
1693 2211 1767 2244 Quas

982 2257 1018 2284 ob
1043 2265 1087 2284 res
1111 2262 1139 2284 et
1157 2257 1320 2284 auctoritate
1345 2256 1457 2284 illorutn
1473 2257 1522 2292 qui
1544 2258 1765 2285 traduxeruntet

982 2303 1184 2331 consuetudine
1198 2303 1349 2330 multorum
1365 2304 1540 2337 saeculorum,
1552 2309 1579 2331 et
1592 2304 1678 2339 ipsius
1692 2304 1766 2331 Gne-

982 2349 1006 2377 ci
1020 2349 1158 2376 sermonis
1177 2350 1355 2384 proprietate,
1372 2355 1400 2376 et
1421 2350 1552 2384 quoniam
1568 2357 1613 2377 res
1630 2351 1688 2385 ipsa
1711 2350 1767 2377 dis-

979 2395 1105 2431 junctiva
1123 2395 1266 2422 dubitandi
1284 2403 1379 2422 vocem
1399 2404 1454 2423 non
1481 2396 1587 2431 patitur
1600 2415 1608 2429 ,
1628 2397 1768 2425 aﬁirmans

983 2439 1114 2466 Dominus
1126 2439 1194 2466 dixit
1207 2448 1214 2466 :
1227 2439 1269 2466 Ila
1286 2440 1343 2467 eota
1355 2449 1414 2468 eum
1428 2449 1545 2475 munere,
1557 2442 1637 2469 donec
1650 2443 1766 2476 ueniam

981 2486 1044 2520 quid
1060 2485 1161 2526 «die?
1179 2485 1232 2513 Sed
1248 2486 1321 2514 dicet
1338 2487 1457 2515 fortasse
1474 2488 1613 2523 quispiam
1627 2490 1766 2516 neminctn

983 2539 1104 2570 unquam
1121 2539 1219 2560 ausum
1238 2533 1324 2562 fuisse
1346 2534 1426 2562 aliter
1437 2542 1520 2570 quam
1537 2535 1700 2563 alﬁrmative
1716 2536 1768 2563 Dc-

981 2577 1081 2606 minica
1095 2578 1153 2606 haec
1168 2578 1252 2606 verba
1273 2579 1469 2615 interpretari;
1486 2581 1536 2609 sed
1552 2580 1641 2608 Donec
1662 2582 1766 2608 veniam

980 2630 1036 2650 non
1047 2628 1202 2652 extremum
1215 2623 1292 2652 illum
1304 2625 1460 2663 signiﬁcare
1473 2627 1621 2655 adventum
1636 2626 1765 2656 Domini:

980 2677 1060 2705 posse
1081 2678 1200 2706 namque
1225 2671 1374 2699 adventum
1395 2672 1506 2701 Domini
1533 2674 1664 2709 appellari
1681 2675 1765 2702 etiam

979 2725 1042 2744 eum
1058 2724 1112 2753 quo
1131 2717 1321 2753 unusquisque
1341 2724 1454 2747 vocatus
1468 2740 1475 2754 ,
1495 2724 1601 2748 natura;
1618 2721 1766 2755 concedit;

980 2766 1011 2790 ut
1021 2762 1092 2790 velle
1103 2762 1238 2792 Joannem
1256 2764 1296 2792 sie
1309 2765 1401 2793 vivere
1416 2771 1523 2793 asserat
1536 2786 1544 2800 ,
1559 2765 1648 2794 donec
1663 2767 1766 2802 veniat,

980 2808 1009 2837 id
1023 2813 1065 2837 est
1082 2808 1170 2838 donec
1194 2810 1282 2846 ipsum
1297 2818 1347 2848 per
1369 2815 1486 2841 mortem
1502 2812 1536 2841 ad
1551 2819 1581 2841 se
1596 2813 1712 2842 vocarit.
