  <div class='ocr_page' id='page_1' title='image "/cluster/home/n/w/nwhite01/storage/ocr_20150623/161/njp.32101077773255/564.png"; bbox 0 0 1916 3057; ppageno 0'>
   <div class='ocr_carea' id='block_1_1' title="bbox 127 179 179 212">
    <p class='ocr_par' dir='ltr' id='par_1_1' title="bbox 127 179 179 212">
     <span class='ocr_line' id='line_1_1' title="bbox 127 179 179 212; baseline 0 0"><span class='ocrx_word' id='word_1_1' title='bbox 127 179 179 212; x_wconf 75' lang='lat'><strong>873</strong></span> 
     </span>
    </p>
   </div>
   <div class='ocr_carea' id='block_1_2' title="bbox 516 180 1369 218">
    <p class='ocr_par' dir='ltr' id='par_1_2' title="bbox 516 180 1369 218">
     <span class='ocr_line' id='line_1_2' title="bbox 516 180 1369 218; baseline 0 -7"><span class='ocrx_word' id='word_1_2' title='bbox 516 181 555 212; x_wconf 84' lang='grc' dir='ltr'><strong>ΙΝ</strong></span> <span class='ocrx_word' id='word_1_3' title='bbox 577 180 708 218; x_wconf 87' lang='lat' dir='ltr'><strong>ILLUD,</strong></span> <span class='ocrx_word' id='word_1_4' title='bbox 734 188 743 205; x_wconf 76' lang='grc' dir='ltr'>ι</span> <span class='ocrx_word' id='word_1_5' title='bbox 763 182 821 212; x_wconf 87' lang='lat' dir='ltr'><strong>SIC</strong></span> <span class='ocrx_word' id='word_1_6' title='bbox 839 181 939 214; x_wconf 76' lang='grc' dir='ltr'><strong>νοω</strong></span> <span class='ocrx_word' id='word_1_7' title='bbox 957 181 1041 212; x_wconf 81' lang='lat' dir='ltr'><strong>EUM</strong></span> <span class='ocrx_word' id='word_1_8' title='bbox 1062 181 1233 217; x_wconf 77' lang='lat' dir='ltr'><strong>MANERE,</strong></span> <span class='ocrx_word' id='word_1_9' title='bbox 1254 189 1263 205; x_wconf 77' lang='grc' dir='ltr'>ι</span> <span class='ocrx_word' id='word_1_10' title='bbox 1287 181 1369 212; x_wconf 88' lang='lat' dir='ltr'><strong>ETC.</strong></span> 
     </span>
    </p>
   </div>
   <div class='ocr_carea' id='block_1_3' title="bbox 1707 181 1760 212">
    <p class='ocr_par' dir='ltr' id='par_1_3' title="bbox 1707 181 1760 212">
     <span class='ocr_line' id='line_1_3' title="bbox 1707 181 1760 212; baseline 0 0"><span class='ocrx_word' id='word_1_11' title='bbox 1707 181 1760 212; x_wconf 74' lang='grc'><strong>874</strong></span> 
     </span>
    </p>
   </div>
   <div class='ocr_carea' id='block_1_4' title="bbox 163 232 1758 271">
    <p class='ocr_par' dir='ltr' id='par_1_4' title="bbox 163 232 1758 271">
     <span class='ocr_line' id='line_1_4' title="bbox 163 232 1758 271; baseline 0.002 -9"><span class='ocrx_word' id='word_1_12' title='bbox 163 232 221 262; x_wconf 83' lang='lat' dir='ltr'><strong>Hac</strong></span> <span class='ocrx_word' id='word_1_13' title='bbox 240 233 377 262; x_wconf 77' lang='lat' dir='ltr'><strong>sententia</strong></span> <span class='ocrx_word' id='word_1_14' title='bbox 392 233 492 267; x_wconf 85' lang='lat' dir='ltr'><strong>divisa,</strong></span> <span class='ocrx_word' id='word_1_15' title='bbox 507 234 627 269; x_wconf 80' lang='lat' dir='ltr'><strong>primum</strong></span> <span class='ocrx_word' id='word_1_16' title='bbox 651 240 764 264; x_wconf 86' lang='lat' dir='ltr'><strong>constat</strong></span> <span class='ocrx_word' id='word_1_17' title='bbox 779 235 914 264; x_wconf 82' lang='lat' dir='ltr'><strong>Joannem</strong></span> <span class='ocrx_word' id='word_1_18' title='bbox 930 238 952 266; x_wconf 82' lang='grc' dir='ltr'><strong>Α</strong></span> <span class='ocrx_word' id='word_1_19' title='bbox 971 235 1148 263; x_wconf 85' lang='lat' dir='ltr'><strong>Pentecostes</strong></span> <span class='ocrx_word' id='word_1_20' title='bbox 1168 235 1289 263; x_wconf 81' lang='lat' dir='ltr'><strong>adventu</strong></span> <span class='ocrx_word' id='word_1_21' title='bbox 1307 234 1442 263; x_wconf 78' lang='lat' dir='ltr'><strong>Paraeleti</strong></span> <span class='ocrx_word' id='word_1_22' title='bbox 1462 236 1495 263; x_wconf 90' lang='lat' dir='ltr'><strong>ad</strong></span> <span class='ocrx_word' id='word_1_23' title='bbox 1512 236 1711 271; x_wconf 73' lang='lat' dir='ltr'><strong>perfectionem</strong></span> <span class='ocrx_word' id='word_1_24' title='bbox 1730 239 1758 265; x_wconf 85' lang='lat' dir='ltr'><strong>in</strong></span> 
     </span>
    </p>
   </div>
   <div class='ocr_carea' id='block_1_5' title="bbox 126 281 913 315">
    <p class='ocr_par' dir='ltr' id='par_1_5' title="bbox 126 281 913 315">
     <span class='ocr_line' id='line_1_5' title="bbox 126 281 913 315; baseline 0.003 -7"><span class='ocrx_word' id='word_1_25' title='bbox 126 281 218 308; x_wconf 83' lang='lat' dir='ltr'><strong>vivere</strong></span> <span class='ocrx_word' id='word_1_26' title='bbox 231 281 321 309; x_wconf 87' lang='lat' dir='ltr'><strong>donec</strong></span> <span class='ocrx_word' id='word_1_27' title='bbox 338 282 453 315; x_wconf 80' lang='lat' dir='ltr'><strong>veniat,</strong></span> <span class='ocrx_word' id='word_1_28' title='bbox 479 282 625 310; x_wconf 89' lang='lat' dir='ltr'><strong>Dominum</strong></span> <span class='ocrx_word' id='word_1_29' title='bbox 651 282 764 310; x_wconf 79' lang='lat' dir='ltr'><strong>dixisse.</strong></span> <span class='ocrx_word' id='word_1_30' title='bbox 789 282 913 310; x_wconf 82' lang='lat' dir='ltr'><strong>Alterum</strong></span> 
     </span>
    </p>
   </div>
   <div class='ocr_carea' id='block_1_6' title="bbox 125 327 915 362">
    <p class='ocr_par' dir='ltr' id='par_1_6' title="bbox 125 327 915 362">
     <span class='ocr_line' id='line_1_6' title="bbox 125 327 915 362; baseline 0.001 -8"><span class='ocrx_word' id='word_1_31' title='bbox 125 335 192 362; x_wconf 75' lang='lat' dir='ltr'><strong>ergo</strong></span> <span class='ocrx_word' id='word_1_32' title='bbox 210 332 369 362; x_wconf 61' lang='lat' dir='ltr'><strong>quaratur.</strong></span> <span class='ocrx_word' id='word_1_33' title='bbox 386 336 421 355; x_wconf 92' lang='lat' dir='ltr'><strong>an</strong></span> <span class='ocrx_word' id='word_1_34' title='bbox 437 327 516 361; x_wconf 88' lang='lat' dir='ltr'><strong>illud,</strong></span> <span class='ocrx_word' id='word_1_35' title='bbox 534 328 621 355; x_wconf 74' lang='lat' dir='ltr'><strong>Donec</strong></span> <span class='ocrx_word' id='word_1_36' title='bbox 636 329 752 359; x_wconf 81' lang='lat' dir='ltr'><strong>veniam,</strong></span> <span class='ocrx_word' id='word_1_37' title='bbox 768 327 849 355; x_wconf 75' lang='lat' dir='ltr'><strong>tinem</strong></span> <span class='ocrx_word' id='word_1_38' title='bbox 865 335 915 355; x_wconf 70' lang='lat' dir='ltr'><strong>sa:-</strong></span> 
     </span>
    </p>
   </div>
   <div class='ocr_carea' id='block_1_7' title="bbox 124 374 914 410">
    <p class='ocr_par' dir='ltr' id='par_1_7' title="bbox 124 374 914 410">
     <span class='ocr_line' id='line_1_7' title="bbox 124 374 914 410; baseline -0.001 -8"><span class='ocrx_word' id='word_1_39' title='bbox 124 375 177 402; x_wconf 91' lang='lat' dir='ltr'><strong>culi</strong></span> <span class='ocrx_word' id='word_1_40' title='bbox 192 374 276 410; x_wconf 82' lang='lat' dir='ltr'><strong>hujus</strong></span> <span class='ocrx_word' id='word_1_41' title='bbox 293 374 441 408; x_wconf 79' lang='lat' dir='ltr'><strong>signiticet,</strong></span> <span class='ocrx_word' id='word_1_42' title='bbox 462 375 505 402; x_wconf 85' lang='lat' dir='ltr'><strong>vel</strong></span> <span class='ocrx_word' id='word_1_43' title='bbox 525 375 672 402; x_wconf 88' lang='lat' dir='ltr'><strong>terminum</strong></span> <span class='ocrx_word' id='word_1_44' title='bbox 691 374 800 401; x_wconf 81' lang='lat' dir='ltr'><strong>vivendi</strong></span> <span class='ocrx_word' id='word_1_45' title='bbox 819 374 846 401; x_wconf 92' lang='lat' dir='ltr'><strong>in</strong></span> <span class='ocrx_word' id='word_1_46' title='bbox 862 374 914 401; x_wconf 90' lang='lat' dir='ltr'><strong>hoc</strong></span> 
     </span>
    </p>
   </div>
   <div class='ocr_carea' id='block_1_8' title="bbox 124 419 914 455">
    <p class='ocr_par' dir='ltr' id='par_1_8' title="bbox 124 419 914 455">
     <span class='ocr_line' id='line_1_8' title="bbox 124 419 914 455; baseline -0.001 -7"><span class='ocrx_word' id='word_1_47' title='bbox 124 421 224 448; x_wconf 55' lang='lat' dir='ltr'><strong>saeculo</strong></span> <span class='ocrx_word' id='word_1_48' title='bbox 238 424 382 448; x_wconf 84' lang='lat' dir='ltr'><strong>monstret.</strong></span> <span class='ocrx_word' id='word_1_49' title='bbox 395 419 472 453; x_wconf 85' lang='lat' dir='ltr'><strong>Quod</strong></span> <span class='ocrx_word' id='word_1_50' title='bbox 488 424 576 452; x_wconf 86' lang='lat' dir='ltr'><strong>certe,</strong></span> <span class='ocrx_word' id='word_1_51' title='bbox 589 420 611 447; x_wconf 96' lang='lat' dir='ltr'><strong>si</strong></span> <span class='ocrx_word' id='word_1_52' title='bbox 626 420 689 455; x_wconf 82' lang='lat' dir='ltr'><strong>quis</strong></span> <span class='ocrx_word' id='word_1_53' title='bbox 702 420 835 453; x_wconf 82' lang='lat' dir='ltr'><strong>sttendat,</strong></span> <span class='ocrx_word' id='word_1_54' title='bbox 849 428 914 455; x_wconf 90' lang='lat' dir='ltr'><strong>pro-</strong></span> 
     </span>
    </p>
   </div>
   <div class='ocr_carea' id='block_1_9' title="bbox 125 466 915 494">
    <p class='ocr_par' dir='ltr' id='par_1_9' title="bbox 125 466 915 494">
     <span class='ocr_line' id='line_1_9' title="bbox 125 466 915 494; baseline 0 0"><span class='ocrx_word' id='word_1_55' title='bbox 125 467 168 494; x_wconf 89' lang='lat' dir='ltr'><strong>cul</strong></span> <span class='ocrx_word' id='word_1_56' title='bbox 184 475 199 494; x_wconf 85' lang='lat' dir='ltr'><strong>a</strong></span> <span class='ocrx_word' id='word_1_57' title='bbox 226 474 292 494; x_wconf 90' lang='lat' dir='ltr'><strong>vero</strong></span> <span class='ocrx_word' id='word_1_58' title='bbox 308 473 369 494; x_wconf 83' lang='lat' dir='ltr'><strong>esse</strong></span> <span class='ocrx_word' id='word_1_59' title='bbox 391 466 542 493; x_wconf 77' lang='lat' dir='ltr'><strong>videbitur.</strong></span> <span class='ocrx_word' id='word_1_60' title='bbox 563 466 636 493; x_wconf 81' lang='lat' dir='ltr'><strong>Nihil</strong></span> <span class='ocrx_word' id='word_1_61' title='bbox 660 466 734 493; x_wconf 88' lang='lat' dir='ltr'><strong>enim</strong></span> <span class='ocrx_word' id='word_1_62' title='bbox 751 466 825 493; x_wconf 82' lang='lat' dir='ltr'><strong>aliud</strong></span> <span class='ocrx_word' id='word_1_63' title='bbox 847 466 915 494; x_wconf 90' lang='lat' dir='ltr'><strong>dicit</strong></span> 
     </span>
    </p>
   </div>
   <div class='ocr_carea' id='block_1_10' title="bbox 124 512 914 548">
    <p class='ocr_par' dir='ltr' id='par_1_10' title="bbox 124 512 914 548">
     <span class='ocr_line' id='line_1_10' title="bbox 124 512 914 548; baseline 0 -8"><span class='ocrx_word' id='word_1_64' title='bbox 124 514 171 547; x_wconf 88' lang='lat' dir='ltr'><strong>qui</strong></span> <span class='ocrx_word' id='word_1_65' title='bbox 188 513 225 540; x_wconf 83' lang='lat' dir='ltr'><strong>ita</strong></span> <span class='ocrx_word' id='word_1_66' title='bbox 243 513 320 546; x_wconf 85' lang='lat' dir='ltr'><strong>dicit,</strong></span> <span class='ocrx_word' id='word_1_67' title='bbox 335 512 390 540; x_wconf 86' lang='lat' dir='ltr'><strong>nisi</strong></span> <span class='ocrx_word' id='word_1_68' title='bbox 406 517 436 540; x_wconf 91' lang='lat' dir='ltr'><strong>ut</strong></span> <span class='ocrx_word' id='word_1_69' title='bbox 449 513 556 547; x_wconf 83' lang='lat' dir='ltr'><strong>planius</strong></span> <span class='ocrx_word' id='word_1_70' title='bbox 568 518 596 541; x_wconf 90' lang='lat' dir='ltr'><strong>et</strong></span> <span class='ocrx_word' id='word_1_71' title='bbox 609 513 661 540; x_wconf 96' lang='lat' dir='ltr'><strong>sub</strong></span> <span class='ocrx_word' id='word_1_72' title='bbox 676 513 764 540; x_wconf 84' lang='lat' dir='ltr'><strong>oculis</strong></span> <span class='ocrx_word' id='word_1_73' title='bbox 779 517 914 548; x_wconf 87' lang='lat' dir='ltr'><strong>ponatur,</strong></span> 
     </span>
    </p>
   </div>
   <div class='ocr_carea' id='block_1_11' title="bbox 126 556 913 589">
    <p class='ocr_par' dir='ltr' id='par_1_11' title="bbox 126 556 913 589">
     <span class='ocr_line' id='line_1_11' title="bbox 126 556 913 589; baseline 0 -4"><span class='ocrx_word' id='word_1_74' title='bbox 126 558 192 585; x_wconf 81' lang='lat' dir='ltr'><strong>Volo</strong></span> <span class='ocrx_word' id='word_1_75' title='bbox 212 565 275 585; x_wconf 82' lang='lat' dir='ltr'><strong>eum</strong></span> <span class='ocrx_word' id='word_1_76' title='bbox 293 558 388 584; x_wconf 82' lang='lat' dir='ltr'><strong>vivere</strong></span> <span class='ocrx_word' id='word_1_77' title='bbox 403 556 494 585; x_wconf 87' lang='lat' dir='ltr'><strong>donec</strong></span> <span class='ocrx_word' id='word_1_78' title='bbox 516 557 666 589; x_wconf 75' lang='lat' dir='ltr'><strong>moriatur;</strong></span> <span class='ocrx_word' id='word_1_79' title='bbox 685 557 734 585; x_wconf 85' lang='lat' dir='ltr'><strong>sed</strong></span> <span class='ocrx_word' id='word_1_80' title='bbox 762 558 913 585; x_wconf 83' lang='lat' dir='ltr'><strong>absurdum</strong></span> 
     </span>
    </p>
   </div>
   <div class='ocr_carea' id='block_1_12' title="bbox 125 603 913 638">
    <p class='ocr_par' dir='ltr' id='par_1_12' title="bbox 125 603 913 638">
     <span class='ocr_line' id='line_1_12' title="bbox 125 603 913 638; baseline 0.003 -8"><span class='ocrx_word' id='word_1_81' title='bbox 125 611 174 638; x_wconf 85' lang='lat' dir='ltr'><strong>per</strong></span> <span class='ocrx_word' id='word_1_82' title='bbox 191 603 311 638; x_wconf 86' lang='lat' dir='ltr'><strong>seipsum</strong></span> <span class='ocrx_word' id='word_1_83' title='bbox 326 607 414 630; x_wconf 86' lang='lat' dir='ltr'><strong>totum</strong></span> <span class='ocrx_word' id='word_1_84' title='bbox 428 603 511 630; x_wconf 88' lang='lat' dir='ltr'><strong>fuerit</strong></span> <span class='ocrx_word' id='word_1_85' title='bbox 523 603 544 630; x_wconf 88' lang='lat' dir='ltr'><strong>si</strong></span> <span class='ocrx_word' id='word_1_86' title='bbox 560 611 684 630; x_wconf 82' lang='lat' dir='ltr'><strong>connexa</strong></span> <span class='ocrx_word' id='word_1_87' title='bbox 699 604 761 632; x_wconf 85' lang='lat' dir='ltr'><strong>talis</strong></span> <span class='ocrx_word' id='word_1_88' title='bbox 776 604 913 638; x_wconf 79' lang='lat' dir='ltr'><strong>expositio</strong></span> 
     </span>
    </p>
   </div>
   <div class='ocr_carea' id='block_1_13' title="bbox 125 650 913 687">
    <p class='ocr_par' dir='ltr' id='par_1_13' title="bbox 125 650 913 687">
     <span class='ocr_line' id='line_1_13' title="bbox 125 650 913 687; baseline 0.005 -10"><span class='ocrx_word' id='word_1_89' title='bbox 125 650 217 678; x_wconf 87' lang='lat' dir='ltr'><strong>fuerit.</strong></span> <span class='ocrx_word' id='word_1_90' title='bbox 231 651 420 680; x_wconf 85' lang='lat' dir='ltr'><strong>Connectatur</strong></span> <span class='ocrx_word' id='word_1_91' title='bbox 435 653 519 687; x_wconf 80' lang='lat' dir='ltr'><strong>igitur</strong></span> <span class='ocrx_word' id='word_1_92' title='bbox 532 657 560 681; x_wconf 89' lang='lat' dir='ltr'><strong>et</strong></span> <span class='ocrx_word' id='word_1_93' title='bbox 575 653 685 680; x_wconf 75' lang='lat' dir='ltr'><strong>dicatur</strong></span> <span class='ocrx_word' id='word_1_94' title='bbox 702 662 709 681; x_wconf 91' lang='lat'><strong>:</strong></span> <span class='ocrx_word' id='word_1_95' title='bbox 725 654 769 681; x_wconf 81' lang='lat' dir='ltr'><strong>Sic</strong></span> <span class='ocrx_word' id='word_1_96' title='bbox 781 661 840 681; x_wconf 75' lang='lat' dir='ltr'><strong>sum</strong></span> <span class='ocrx_word' id='word_1_97' title='bbox 856 654 913 681; x_wconf 71' lang='lat' dir='ltr'><strong>volo</strong></span> 
     </span>
    </p>
   </div>
   <div class='ocr_carea' id='block_1_14' title="bbox 124 699 913 734">
    <p class='ocr_par' dir='ltr' id='par_1_14' title="bbox 124 699 913 734">
     <span class='ocr_line' id='line_1_14' title="bbox 124 699 913 734; baseline 0.004 -9"><span class='ocrx_word' id='word_1_98' title='bbox 124 706 234 726; x_wconf 78' lang='lat' dir='ltr'><strong>manere</strong></span> <span class='ocrx_word' id='word_1_99' title='bbox 254 699 337 726; x_wconf 80' lang='lat' dir='ltr'><strong>donec</strong></span> <span class='ocrx_word' id='word_1_100' title='bbox 351 699 457 726; x_wconf 77' lang='lat' dir='ltr'><strong>ueniam</strong></span> <span class='ocrx_word' id='word_1_101' title='bbox 471 719 480 732; x_wconf 65' lang='grc' dir='ltr'><strong><em>ο</em></strong></span> <span class='ocrx_word' id='word_1_102' title='bbox 500 699 628 734; x_wconf 82' lang='lat' dir='ltr'><strong>quid-od</strong></span> <span class='ocrx_word' id='word_1_103' title='bbox 649 700 699 728; x_wconf 70' lang='lat' dir='ltr'><strong>te?</strong></span> <span class='ocrx_word' id='word_1_104' title='bbox 719 700 745 727; x_wconf 88' lang='lat' dir='ltr'><strong>id</strong></span> <span class='ocrx_word' id='word_1_105' title='bbox 771 705 823 732; x_wconf 84' lang='lat' dir='ltr'><strong>est,</strong></span> <span class='ocrx_word' id='word_1_106' title='bbox 846 700 913 728; x_wconf 74' lang='lat' dir='ltr'><strong>Volo</strong></span> 
     </span>
    </p>
   </div>
   <div class='ocr_carea' id='block_1_15' title="bbox 124 745 911 781">
    <p class='ocr_par' dir='ltr' id='par_1_15' title="bbox 124 745 911 781">
     <span class='ocr_line' id='line_1_15' title="bbox 124 745 911 781; baseline 0.004 -10"><span class='ocrx_word' id='word_1_107' title='bbox 124 752 187 772; x_wconf 86' lang='lat' dir='ltr'><strong>eum</strong></span> <span class='ocrx_word' id='word_1_108' title='bbox 204 745 297 772; x_wconf 84' lang='lat' dir='ltr'><strong>vivere</strong></span> <span class='ocrx_word' id='word_1_109' title='bbox 325 747 412 773; x_wconf 86' lang='lat' dir='ltr'><strong>donec</strong></span> <span class='ocrx_word' id='word_1_110' title='bbox 431 746 584 778; x_wconf 76' lang='lat' dir='ltr'><strong>moriatur,</strong></span> <span class='ocrx_word' id='word_1_111' title='bbox 601 746 666 781; x_wconf 86' lang='lat' dir='ltr'><strong>quid</strong></span> <span class='ocrx_word' id='word_1_112' title='bbox 683 746 716 774; x_wconf 85' lang='lat' dir='ltr'><strong>ad</strong></span> <span class='ocrx_word' id='word_1_113' title='bbox 747 747 792 774; x_wconf 70' lang='lat' dir='ltr'><strong>te?</strong></span> <span class='ocrx_word' id='word_1_114' title='bbox 819 747 911 774; x_wconf 89' lang='lat' dir='ltr'><strong>Dicam</strong></span> 
     </span>
    </p>
   </div>
   <div class='ocr_carea' id='block_1_16' title="bbox 124 791 911 826">
    <p class='ocr_par' dir='ltr' id='par_1_16' title="bbox 124 791 911 826">
     <span class='ocr_line' id='line_1_16' title="bbox 124 791 911 826; baseline 0.005 -9"><span class='ocrx_word' id='word_1_115' title='bbox 124 796 219 825; x_wconf 79' lang='lat' dir='ltr'><strong>aperte</strong></span> <span class='ocrx_word' id='word_1_116' title='bbox 234 791 307 825; x_wconf 88' lang='lat' dir='ltr'><strong>quod</strong></span> <span class='ocrx_word' id='word_1_117' title='bbox 325 793 405 819; x_wconf 88' lang='lat' dir='ltr'><strong>modo</strong></span> <span class='ocrx_word' id='word_1_118' title='bbox 419 793 446 819; x_wconf 88' lang='lat' dir='ltr'><strong>in</strong></span> <span class='ocrx_word' id='word_1_119' title='bbox 461 797 582 820; x_wconf 84' lang='lat' dir='ltr'><strong>mentem</strong></span> <span class='ocrx_word' id='word_1_120' title='bbox 600 793 707 821; x_wconf 79' lang='lat' dir='ltr'><strong>incidit.</strong></span> <span class='ocrx_word' id='word_1_121' title='bbox 721 794 808 821; x_wconf 82' lang='grc' dir='ltr'><strong>ιΙοιηο</strong></span> <span class='ocrx_word' id='word_1_122' title='bbox 825 799 911 826; x_wconf 88' lang='lat' dir='ltr'><strong>certe,</strong></span> 
     </span>
    </p>
   </div>
   <div class='ocr_carea' id='block_1_17' title="bbox 124 837 913 873">
    <p class='ocr_par' dir='ltr' id='par_1_17' title="bbox 124 837 913 873">
     <span class='ocr_line' id='line_1_17' title="bbox 124 837 913 873; baseline 0.004 -10"><span class='ocrx_word' id='word_1_123' title='bbox 124 844 179 863; x_wconf 87' lang='lat' dir='ltr'><strong>non</strong></span> <span class='ocrx_word' id='word_1_124' title='bbox 192 837 255 864; x_wconf 91' lang='lat' dir='ltr'><strong>dico</strong></span> <span class='ocrx_word' id='word_1_125' title='bbox 266 838 364 866; x_wconf 90' lang='lat' dir='ltr'><strong>doctus</strong></span> <span class='ocrx_word' id='word_1_126' title='bbox 376 843 404 865; x_wconf 85' lang='lat' dir='ltr'><strong>et</strong></span> <span class='ocrx_word' id='word_1_127' title='bbox 418 839 521 873; x_wconf 78' lang='lat' dir='ltr'><strong>gravis,</strong></span> <span class='ocrx_word' id='word_1_128' title='bbox 531 839 579 866; x_wconf 90' lang='lat' dir='ltr'><strong>sed</strong></span> <span class='ocrx_word' id='word_1_129' title='bbox 594 839 773 866; x_wconf 87' lang='lat' dir='ltr'><strong>mediocriter</strong></span> <span class='ocrx_word' id='word_1_130' title='bbox 785 839 913 867; x_wconf 82' lang='lat' dir='ltr'><strong>eruditus</strong></span> 
     </span>
    </p>
   </div>
   <div class='ocr_carea' id='block_1_18' title="bbox 124 883 915 920">
    <p class='ocr_par' dir='ltr' id='par_1_18' title="bbox 124 883 915 920">
     <span class='ocr_line' id='line_1_18' title="bbox 124 883 915 920; baseline 0.004 -11"><span class='ocrx_word' id='word_1_131' title='bbox 124 890 157 909; x_wconf 84' lang='lat' dir='ltr'><strong>ac</strong></span> <span class='ocrx_word' id='word_1_132' title='bbox 176 883 262 910; x_wconf 65' lang='lat' dir='ltr'><strong>levior</strong></span> <span class='ocrx_word' id='word_1_133' title='bbox 274 903 282 915; x_wconf 85' lang='lat'><strong>,</strong></span> <span class='ocrx_word' id='word_1_134' title='bbox 310 884 332 911; x_wconf 91' lang='lat' dir='ltr'><strong>si</strong></span> <span class='ocrx_word' id='word_1_135' title='bbox 353 884 416 911; x_wconf 85' lang='lat' dir='ltr'><strong>data</strong></span> <span class='ocrx_word' id='word_1_136' title='bbox 431 885 484 912; x_wconf 83' lang='lat' dir='ltr'><strong>sibi</strong></span> <span class='ocrx_word' id='word_1_137' title='bbox 510 890 645 920; x_wconf 81' lang='lat' dir='ltr'><strong>potes‘ate</strong></span> <span class='ocrx_word' id='word_1_138' title='bbox 662 885 783 913; x_wconf 83' lang='lat' dir='ltr'><strong>hominis</strong></span> <span class='ocrx_word' id='word_1_139' title='bbox 798 885 915 920; x_wconf 73' lang='lat' dir='ltr'><strong>alicujus</strong></span> 
     </span>
    </p>
   </div>
   <div class='ocr_carea' id='block_1_19' title="bbox 125 928 915 966">
    <p class='ocr_par' dir='ltr' id='par_1_19' title="bbox 125 928 915 966">
     <span class='ocr_line' id='line_1_19' title="bbox 125 928 915 966; baseline 0.003 -11"><span class='ocrx_word' id='word_1_140' title='bbox 125 928 199 960; x_wconf 74' lang='lat' dir='ltr'><strong>vitzu,</strong></span> <span class='ocrx_word' id='word_1_141' title='bbox 226 933 309 963; x_wconf 88' lang='lat' dir='ltr'><strong>atque</strong></span> <span class='ocrx_word' id='word_1_142' title='bbox 327 930 514 964; x_wconf 72' lang='lat' dir='ltr'><strong>interrogatus</strong></span> <span class='ocrx_word' id='word_1_143' title='bbox 537 931 577 958; x_wconf 84' lang='lat' dir='ltr'><strong>sic</strong></span> <span class='ocrx_word' id='word_1_144' title='bbox 595 929 758 966; x_wconf 86' lang='lat' dir='ltr'><strong>respondeat</strong></span> <span class='ocrx_word' id='word_1_145' title='bbox 775 950 782 962; x_wconf 88' lang='lat'><strong>,</strong></span> <span class='ocrx_word' id='word_1_146' title='bbox 820 938 915 965; x_wconf 90' lang='lat' dir='ltr'><strong>parum</strong></span> 
     </span>
    </p>
   </div>
   <div class='ocr_carea' id='block_1_20' title="bbox 125 974 914 1013">
    <p class='ocr_par' dir='ltr' id='par_1_20' title="bbox 125 974 914 1013">
     <span class='ocr_line' id='line_1_20' title="bbox 125 974 914 1013; baseline 0.006 -13"><span class='ocrx_word' id='word_1_147' title='bbox 125 974 356 1002; x_wconf 82' lang='lat' dir='ltr'><strong>animadvertisse</strong></span> <span class='ocrx_word' id='word_1_148' title='bbox 381 976 522 1010; x_wconf 87' lang='lat' dir='ltr'><strong>putabitur</strong></span> <span class='ocrx_word' id='word_1_149' title='bbox 538 986 545 1003; x_wconf 87' lang='lat'><strong>:</strong></span> <span class='ocrx_word' id='word_1_150' title='bbox 563 978 703 1012; x_wconf 89' lang='lat' dir='ltr'><strong>quomodo</strong></span> <span class='ocrx_word' id='word_1_151' title='bbox 721 978 804 1013; x_wconf 79' lang='lat' dir='ltr'><strong>igitur</strong></span> <span class='ocrx_word' id='word_1_152' title='bbox 830 979 914 1005; x_wconf 84' lang='lat' dir='ltr'><strong>Deum</strong></span> 
     </span>
    </p>
   </div>
   <div class='ocr_carea' id='block_1_21' title="bbox 125 1021 915 1058">
    <p class='ocr_par' dir='ltr' id='par_1_21' title="bbox 125 1021 915 1058">
     <span class='ocr_line' id='line_1_21' title="bbox 125 1021 915 1058; baseline 0.008 -12"><span class='ocrx_word' id='word_1_153' title='bbox 125 1028 174 1047; x_wconf 87' lang='lat' dir='ltr'><strong>ore</strong></span> <span class='ocrx_word' id='word_1_154' title='bbox 194 1028 246 1048; x_wconf 81' lang='lat' dir='ltr'><strong>suo</strong></span> <span class='ocrx_word' id='word_1_155' title='bbox 267 1022 307 1048; x_wconf 87' lang='lat' dir='ltr'><strong>sic</strong></span> <span class='ocrx_word' id='word_1_156' title='bbox 323 1021 446 1049; x_wconf 90' lang='lat' dir='ltr'><strong>locutum</strong></span> <span class='ocrx_word' id='word_1_157' title='bbox 465 1021 601 1058; x_wconf 87' lang='lat' dir='ltr'><strong>quispiam</strong></span> <span class='ocrx_word' id='word_1_158' title='bbox 615 1024 787 1052; x_wconf 80' lang='lat' dir='ltr'><strong>crediderit?</strong></span> <span class='ocrx_word' id='word_1_159' title='bbox 800 1024 852 1052; x_wconf 91' lang='lat' dir='ltr'><strong>Sed</strong></span> <span class='ocrx_word' id='word_1_160' title='bbox 867 1033 915 1052; x_wconf 90' lang='lat' dir='ltr'><strong>cu-</strong></span> 
     </span>
    </p>
   </div>
   <div class='ocr_carea' id='block_1_22' title="bbox 126 1058 917 1106">
    <p class='ocr_par' dir='ltr' id='par_1_22' title="bbox 126 1058 917 1106">
     <span class='ocr_line' id='line_1_22' title="bbox 126 1058 917 1106; baseline 0.006 -13"><span class='ocrx_word' id='word_1_161' title='bbox 126 1067 269 1098; x_wconf 81' lang='lat' dir='ltr'><strong>riositatis.</strong></span> <span class='ocrx_word' id='word_1_162' title='bbox 286 1067 411 1102; x_wconf 88' lang='lat' dir='ltr'><strong>inquiet,</strong></span> <span class='ocrx_word' id='word_1_163' title='bbox 429 1077 546 1105; x_wconf 80' lang='lat' dir='ltr'><strong>arguere</strong></span> <span class='ocrx_word' id='word_1_164' title='bbox 565 1058 851 1106; x_wconf 57' lang='lat' dir='ltr'><strong>discipulum&#39;voluit.</strong></span> <span class='ocrx_word' id='word_1_165' title='bbox 871 1071 917 1098; x_wconf 83' lang='lat' dir='ltr'><strong>Sic</strong></span> 
     </span>
    </p>
   </div>
   <div class='ocr_carea' id='block_1_23' title="bbox 126 1113 917 1152">
    <p class='ocr_par' dir='ltr' id='par_1_23' title="bbox 126 1113 917 1152">
     <span class='ocr_line' id='line_1_23' title="bbox 126 1113 917 1152; baseline 0.006 -13"><span class='ocrx_word' id='word_1_166' title='bbox 126 1113 258 1146; x_wconf 84' lang='lat' dir='ltr'><strong>arbitror,</strong></span> <span class='ocrx_word' id='word_1_167' title='bbox 289 1118 317 1142; x_wconf 86' lang='lat' dir='ltr'><strong>et</strong></span> <span class='ocrx_word' id='word_1_168' title='bbox 338 1114 453 1150; x_wconf 80' lang='lat' dir='ltr'><strong>Cyrillo,</strong></span> <span class='ocrx_word' id='word_1_169' title='bbox 470 1115 530 1143; x_wconf 84' lang='lat' dir='ltr'><strong>viro</strong></span> <span class='ocrx_word' id='word_1_170' title='bbox 544 1115 669 1144; x_wconf 86' lang='lat' dir='ltr'><strong>doctrina</strong></span> <span class='ocrx_word' id='word_1_171' title='bbox 684 1116 835 1152; x_wconf 63' lang='lat' dir='ltr'><strong>praecipuo,</strong></span> <span class='ocrx_word' id='word_1_172' title='bbox 853 1124 917 1144; x_wconf 80' lang='lat' dir='ltr'><strong>san-</strong></span> 
     </span>
    </p>
   </div>
   <div class='ocr_carea' id='block_1_24' title="bbox 127 1159 916 1199">
    <p class='ocr_par' dir='ltr' id='par_1_24' title="bbox 127 1159 916 1199">
     <span class='ocr_line' id='line_1_24' title="bbox 127 1159 916 1199; baseline 0.009 -14"><span class='ocrx_word' id='word_1_173' title='bbox 127 1159 223 1187; x_wconf 87' lang='lat' dir='ltr'><strong>ctitate</strong></span> <span class='ocrx_word' id='word_1_174' title='bbox 241 1168 350 1196; x_wconf 76' lang='lat' dir='ltr'><strong>magno,</strong></span> <span class='ocrx_word' id='word_1_175' title='bbox 373 1161 520 1195; x_wconf 81' lang='lat' dir='ltr'><strong>prudentia</strong></span> <span class='ocrx_word' id='word_1_176' title='bbox 536 1167 564 1190; x_wconf 93' lang='lat' dir='ltr'><strong>et</strong></span> <span class='ocrx_word' id='word_1_177' title='bbox 580 1163 739 1198; x_wconf 85' lang='lat' dir='ltr'><strong>eloquentia</strong></span> <span class='ocrx_word' id='word_1_178' title='bbox 754 1164 841 1199; x_wconf 73' lang='lat' dir='ltr'><strong>gravi,</strong></span> <span class='ocrx_word' id='word_1_179' title='bbox 862 1164 916 1192; x_wconf 91' lang='lat' dir='ltr'><strong>hoc</strong></span> 
     </span>
    </p>
   </div>
   <div class='ocr_carea' id='block_1_25' title="bbox 127 1205 915 1245">
    <p class='ocr_par' dir='ltr' id='par_1_25' title="bbox 127 1205 915 1245">
     <span class='ocr_line' id='line_1_25' title="bbox 127 1205 915 1245; baseline 0.009 -13"><span class='ocrx_word' id='word_1_180' title='bbox 127 1205 218 1239; x_wconf 84' lang='lat' dir='ltr'><strong>ipsum</strong></span> <span class='ocrx_word' id='word_1_181' title='bbox 241 1207 384 1242; x_wconf 36' lang='lat' dir='ltr'><strong>placuisse.</strong></span> <span class='ocrx_word' id='word_1_182' title='bbox 403 1208 531 1244; x_wconf 78' lang='lat' dir='ltr'><strong>legimus,</strong></span> <span class='ocrx_word' id='word_1_183' title='bbox 545 1215 574 1237; x_wconf 89' lang='lat' dir='ltr'><strong>et</strong></span> <span class='ocrx_word' id='word_1_184' title='bbox 593 1210 672 1242; x_wconf 90' lang='lat' dir='ltr'><strong>illud,</strong></span> <span class='ocrx_word' id='word_1_185' title='bbox 686 1211 749 1245; x_wconf 82' lang='lat' dir='ltr'><strong>quid</strong></span> <span class='ocrx_word' id='word_1_186' title='bbox 772 1211 807 1238; x_wconf 84' lang='lat' dir='ltr'><strong>ad</strong></span> <span class='ocrx_word' id='word_1_187' title='bbox 827 1211 873 1239; x_wconf 79' lang='lat' dir='ltr'><strong>te?</strong></span> <span class='ocrx_word' id='word_1_188' title='bbox 889 1212 915 1239; x_wconf 89' lang='lat' dir='ltr'><strong>id</strong></span> 
     </span>
    </p>
   </div>
   <div class='ocr_carea' id='block_1_26' title="bbox 126 1254 910 1290">
    <p class='ocr_par' dir='ltr' id='par_1_26' title="bbox 126 1254 910 1290">
     <span class='ocr_line' id='line_1_26' title="bbox 126 1254 910 1290; baseline 0.008 -11"><span class='ocrx_word' id='word_1_189' title='bbox 126 1257 224 1287; x_wconf 87' lang='lat' dir='ltr'><strong>aperte</strong></span> <span class='ocrx_word' id='word_1_190' title='bbox 242 1254 373 1282; x_wconf 83' lang='lat' dir='ltr'><strong>ostendit.</strong></span> <span class='ocrx_word' id='word_1_191' title='bbox 392 1254 444 1282; x_wconf 86' lang='lat' dir='ltr'><strong>Sed</strong></span> <span class='ocrx_word' id='word_1_192' title='bbox 462 1255 490 1282; x_wconf 93' lang='lat' dir='ltr'><strong>in</strong></span> <span class='ocrx_word' id='word_1_193' title='bbox 505 1256 737 1290; x_wconf 82' lang='lat' dir='ltr'><strong>reprehendendo</strong></span> <span class='ocrx_word' id='word_1_194' title='bbox 763 1257 843 1285; x_wconf 87' lang='lat' dir='ltr'><strong>Petro</strong></span> <span class='ocrx_word' id='word_1_195' title='bbox 871 1265 910 1286; x_wconf 87' lang='lat' dir='ltr'><strong>sa-</strong></span> 
     </span>
    </p>
   </div>
   <div class='ocr_carea' id='block_1_27' title="bbox 127 1300 916 1336">
    <p class='ocr_par' dir='ltr' id='par_1_27' title="bbox 127 1300 916 1336">
     <span class='ocr_line' id='line_1_27' title="bbox 127 1300 916 1336; baseline 0.009 -12"><span class='ocrx_word' id='word_1_196' title='bbox 127 1304 298 1326; x_wconf 85' lang='lat' dir='ltr'><strong>cramentum</strong></span> <span class='ocrx_word' id='word_1_197' title='bbox 314 1300 396 1327; x_wconf 84' lang='lat' dir='ltr'><strong>etiam</strong></span> <span class='ocrx_word' id='word_1_198' title='bbox 410 1300 478 1328; x_wconf 92' lang='lat' dir='ltr'><strong>illud</strong></span> <span class='ocrx_word' id='word_1_199' title='bbox 498 1302 605 1336; x_wconf 83' lang='lat' dir='ltr'><strong>aperire</strong></span> <span class='ocrx_word' id='word_1_200' title='bbox 619 1302 717 1334; x_wconf 85' lang='lat' dir='ltr'><strong>voluit,</strong></span> <span class='ocrx_word' id='word_1_201' title='bbox 729 1310 783 1330; x_wconf 92' lang='lat' dir='ltr'><strong>non</strong></span> <span class='ocrx_word' id='word_1_202' title='bbox 798 1303 916 1331; x_wconf 91' lang='lat' dir='ltr'><strong>moritu-</strong></span> 
     </span>
    </p>
   </div>
   <div class='ocr_carea' id='block_1_28' title="bbox 128 1344 915 1384">
    <p class='ocr_par' dir='ltr' id='par_1_28' title="bbox 128 1344 915 1384">
     <span class='ocr_line' id='line_1_28' title="bbox 128 1344 915 1384; baseline 0.008 -14"><span class='ocrx_word' id='word_1_203' title='bbox 128 1351 190 1370; x_wconf 86' lang='lat' dir='ltr'><strong>rum</strong></span> <span class='ocrx_word' id='word_1_204' title='bbox 220 1344 355 1373; x_wconf 88' lang='lat' dir='ltr'><strong>Joannem</strong></span> <span class='ocrx_word' id='word_1_205' title='bbox 381 1353 469 1381; x_wconf 86' lang='lat' dir='ltr'><strong>usque</strong></span> <span class='ocrx_word' id='word_1_206' title='bbox 493 1347 529 1374; x_wconf 89' lang='lat' dir='ltr'><strong>ad</strong></span> <span class='ocrx_word' id='word_1_207' title='bbox 555 1352 677 1374; x_wconf 86' lang='lat' dir='ltr'><strong>extrema</strong></span> <span class='ocrx_word' id='word_1_208' title='bbox 703 1347 795 1375; x_wconf 86' lang='lat' dir='ltr'><strong>saeculi</strong></span> <span class='ocrx_word' id='word_1_209' title='bbox 822 1349 915 1384; x_wconf 80' lang='lat' dir='ltr'><strong>hujus.</strong></span> 
     </span>
    </p>
   </div>
   <div class='ocr_carea' id='block_1_29' title="bbox 127 1388 917 1428">
    <p class='ocr_par' dir='ltr' id='par_1_29' title="bbox 127 1388 917 1428">
     <span class='ocr_line' id='line_1_29' title="bbox 127 1388 917 1428; baseline 0.006 -12"><span class='ocrx_word' id='word_1_210' title='bbox 127 1388 196 1416; x_wconf 84' lang='lat' dir='ltr'><strong>Nam</strong></span> <span class='ocrx_word' id='word_1_211' title='bbox 213 1390 235 1417; x_wconf 89' lang='lat' dir='ltr'><strong>si</strong></span> <span class='ocrx_word' id='word_1_212' title='bbox 252 1391 421 1419; x_wconf 85' lang='lat' dir='ltr'><strong>curiositatis</strong></span> <span class='ocrx_word' id='word_1_213' title='bbox 439 1392 526 1428; x_wconf 90' lang='lat' dir='ltr'><strong>ipsum</strong></span> <span class='ocrx_word' id='word_1_214' title='bbox 545 1400 660 1427; x_wconf 81' lang='lat' dir='ltr'><strong>arguere</strong></span> <span class='ocrx_word' id='word_1_215' title='bbox 676 1394 850 1421; x_wconf 83' lang='lat' dir='ltr'><strong>solummodo</strong></span> <span class='ocrx_word' id='word_1_216' title='bbox 870 1403 917 1421; x_wconf 92' lang='lat' dir='ltr'><strong>vo-</strong></span> 
     </span>
    </p>
   </div>
   <div class='ocr_carea' id='block_1_30' title="bbox 126 1435 916 1474">
    <p class='ocr_par' dir='ltr' id='par_1_30' title="bbox 126 1435 916 1474">
     <span class='ocr_line' id='line_1_30' title="bbox 126 1435 916 1474; baseline 0.008 -12"><span class='ocrx_word' id='word_1_217' title='bbox 126 1435 242 1468; x_wconf 90' lang='lat' dir='ltr'><strong>luisset,</strong></span> <span class='ocrx_word' id='word_1_218' title='bbox 262 1437 327 1464; x_wconf 83' lang='lat' dir='ltr'><strong>illud</strong></span> <span class='ocrx_word' id='word_1_219' title='bbox 352 1438 491 1471; x_wconf 90' lang='lat' dir='ltr'><strong>ultimum,</strong></span> <span class='ocrx_word' id='word_1_220' title='bbox 507 1439 570 1474; x_wconf 85' lang='lat' dir='ltr'><strong>quid</strong></span> <span class='ocrx_word' id='word_1_221' title='bbox 584 1440 617 1466; x_wconf 79' lang='lat' dir='ltr'><strong>ad</strong></span> <span class='ocrx_word' id='word_1_222' title='bbox 634 1443 668 1472; x_wconf 78' lang='lat' dir='ltr'><strong>te,</strong></span> <span class='ocrx_word' id='word_1_223' title='bbox 685 1441 738 1473; x_wconf 85' lang='lat' dir='ltr'><strong>vel,</strong></span> <span class='ocrx_word' id='word_1_224' title='bbox 754 1440 810 1467; x_wconf 90' lang='lat' dir='ltr'><strong>Cur</strong></span> <span class='ocrx_word' id='word_1_225' title='bbox 827 1441 916 1469; x_wconf 81' lang='lat' dir='ltr'><strong>aliena</strong></span> 
     </span>
    </p>
   </div>
   <div class='ocr_carea' id='block_1_31' title="bbox 129 1481 917 1520">
    <p class='ocr_par' dir='ltr' id='par_1_31' title="bbox 129 1481 917 1520">
     <span class='ocr_line' id='line_1_31' title="bbox 129 1481 917 1520; baseline 0.01 -13"><span class='ocrx_word' id='word_1_226' title='bbox 129 1483 242 1514; x_wconf 64' lang='lat' dir='ltr'><strong>quaris,</strong></span> <span class='ocrx_word' id='word_1_227' title='bbox 258 1481 372 1513; x_wconf 87' lang='lat' dir='ltr'><strong>dixisse.</strong></span> <span class='ocrx_word' id='word_1_228' title='bbox 388 1483 455 1511; x_wconf 86' lang='lat' dir='ltr'><strong>satis</strong></span> <span class='ocrx_word' id='word_1_229' title='bbox 468 1492 608 1520; x_wconf 85' lang='lat' dir='ltr'><strong>superque</strong></span> <span class='ocrx_word' id='word_1_230' title='bbox 623 1490 693 1518; x_wconf 89' lang='lat' dir='ltr'><strong>erat,</strong></span> <span class='ocrx_word' id='word_1_231' title='bbox 707 1487 778 1513; x_wconf 71' lang='lat' dir='ltr'><strong>sicut</strong></span> <span class='ocrx_word' id='word_1_232' title='bbox 789 1487 917 1515; x_wconf 89' lang='lat' dir='ltr'><strong>onmibus</strong></span> 
     </span>
    </p>
   </div>
   <div class='ocr_carea' id='block_1_32' title="bbox 128 1525 917 1561">
    <p class='ocr_par' dir='ltr' id='par_1_32' title="bbox 128 1525 917 1561">
     <span class='ocr_line' id='line_1_32' title="bbox 128 1525 917 1561; baseline 0.011 -10"><span class='ocrx_word' id='word_1_233' title='bbox 128 1525 212 1552; x_wconf 85' lang='lat' dir='ltr'><strong>simul</strong></span> <span class='ocrx_word' id='word_1_234' title='bbox 238 1528 445 1561; x_wconf 60' lang='lat' dir='ltr'><strong>quaerentibus,</strong></span> <span class='ocrx_word' id='word_1_235' title='bbox 471 1529 494 1556; x_wconf 85' lang='lat' dir='ltr'><strong>si</strong></span> <span class='ocrx_word' id='word_1_236' title='bbox 515 1537 548 1556; x_wconf 92' lang='lat' dir='ltr'><strong>eo</strong></span> <span class='ocrx_word' id='word_1_237' title='bbox 573 1537 646 1556; x_wconf 90' lang='lat' dir='ltr'><strong>anno</strong></span> <span class='ocrx_word' id='word_1_238' title='bbox 674 1531 821 1558; x_wconf 88' lang='lat' dir='ltr'><strong>restiturus</strong></span> <span class='ocrx_word' id='word_1_239' title='bbox 845 1537 917 1559; x_wconf 83' lang='lat' dir='ltr'><strong>esset</strong></span> 
     </span>
    </p>
   </div>
   <div class='ocr_carea' id='block_1_33' title="bbox 131 1571 918 1611">
    <p class='ocr_par' dir='ltr' id='par_1_33' title="bbox 131 1571 918 1611">
     <span class='ocr_line' id='line_1_33' title="bbox 131 1571 918 1611; baseline 0.008 -14"><span class='ocrx_word' id='word_1_240' title='bbox 131 1579 248 1606; x_wconf 74' lang='lat' dir='ltr'><strong>regnum</strong></span> <span class='ocrx_word' id='word_1_241' title='bbox 268 1571 373 1604; x_wconf 86' lang='lat' dir='ltr'><strong>lsraeli,</strong></span> <span class='ocrx_word' id='word_1_242' title='bbox 395 1574 537 1608; x_wconf 82' lang='lat' dir='ltr'><strong>respondit</strong></span> <span class='ocrx_word' id='word_1_243' title='bbox 550 1575 692 1603; x_wconf 73' lang='lat' dir='ltr'><strong>lenissime</strong></span> <span class='ocrx_word' id='word_1_244' title='bbox 706 1584 844 1611; x_wconf 81' lang='lat' dir='ltr'><strong>arguens:</strong></span> <span class='ocrx_word' id='word_1_245' title='bbox 858 1576 918 1603; x_wconf 83' lang='lat' dir='ltr'><strong>Non</strong></span> 
     </span>
    </p>
   </div>
   <div class='ocr_carea' id='block_1_34' title="bbox 129 1620 954 1654">
    <p class='ocr_par' dir='ltr' id='par_1_34' title="bbox 129 1620 954 1654">
     <span class='ocr_line' id='line_1_34' title="bbox 129 1620 954 1654; baseline 0.007 -11"><span class='ocrx_word' id='word_1_246' title='bbox 129 1622 167 1644; x_wconf 80' lang='lat' dir='ltr'><strong>est</strong></span> <span class='ocrx_word' id='word_1_247' title='bbox 180 1622 296 1644; x_wconf 76' lang='lat' dir='ltr'><strong>vestrum</strong></span> <span class='ocrx_word' id='word_1_248' title='bbox 309 1626 463 1653; x_wconf 78' lang='lat' dir='ltr'><strong>cognoscere</strong></span> <span class='ocrx_word' id='word_1_249' title='bbox 490 1624 608 1654; x_wconf 78' lang='lat' dir='ltr'><strong>tempora</strong></span> <span class='ocrx_word' id='word_1_250' title='bbox 624 1621 665 1648; x_wconf 75' lang='lat' dir='ltr'><strong>vel</strong></span> <span class='ocrx_word' id='word_1_251' title='bbox 681 1626 824 1648; x_wconf 75' lang='lat' dir='ltr'><strong>momenta.</strong></span> <span class='ocrx_word' id='word_1_252' title='bbox 842 1621 918 1649; x_wconf 86' lang='lat' dir='ltr'><strong>Nunc</strong></span> <span class='ocrx_word' id='word_1_253' title='bbox 932 1620 954 1630; x_wconf 82' lang='lat'><em>“</em></span> 
     </span>
    </p>
   </div>
   <div class='ocr_carea' id='block_1_35' title="bbox 130 1660 919 1698">
    <p class='ocr_par' dir='ltr' id='par_1_35' title="bbox 130 1660 919 1698">
     <span class='ocr_line' id='line_1_35' title="bbox 130 1660 919 1698; baseline 0.006 -9"><span class='ocrx_word' id='word_1_254' title='bbox 130 1667 223 1690; x_wconf 86' lang='lat' dir='ltr'><strong>autem</strong></span> <span class='ocrx_word' id='word_1_255' title='bbox 238 1671 293 1690; x_wconf 85' lang='lat' dir='ltr'><strong>non</strong></span> <span class='ocrx_word' id='word_1_256' title='bbox 319 1665 407 1698; x_wconf 73' lang='lat' dir='ltr'><strong>arguit</strong></span> <span class='ocrx_word' id='word_1_257' title='bbox 424 1665 512 1692; x_wconf 89' lang='lat' dir='ltr'><strong>solum</strong></span> <span class='ocrx_word' id='word_1_258' title='bbox 529 1660 590 1692; x_wconf 73' lang='lat' dir='ltr'><strong>etim</strong></span> <span class='ocrx_word' id='word_1_259' title='bbox 609 1666 799 1694; x_wconf 82' lang='lat' dir='ltr'><strong>vehementius</strong></span> <span class='ocrx_word' id='word_1_260' title='bbox 820 1667 919 1694; x_wconf 72' lang='lat' dir='ltr'><strong>intuit--</strong></span> 
     </span>
    </p>
   </div>
   <div class='ocr_carea' id='block_1_36' title="bbox 131 1709 919 1748">
    <p class='ocr_par' dir='ltr' id='par_1_36' title="bbox 131 1709 919 1748">
     <span class='ocr_line' id='line_1_36' title="bbox 131 1709 919 1748; baseline 0.006 -13"><span class='ocrx_word' id='word_1_261' title='bbox 131 1709 177 1740; x_wconf 91' lang='lat' dir='ltr'><strong>rit,</strong></span> <span class='ocrx_word' id='word_1_262' title='bbox 195 1711 258 1744; x_wconf 83' lang='lat' dir='ltr'><strong>quid</strong></span> <span class='ocrx_word' id='word_1_263' title='bbox 279 1711 314 1736; x_wconf 82' lang='lat' dir='ltr'><strong>ad</strong></span> <span class='ocrx_word' id='word_1_264' title='bbox 330 1711 377 1736; x_wconf 76' lang='lat' dir='ltr'><strong>te?</strong></span> <span class='ocrx_word' id='word_1_265' title='bbox 392 1719 489 1738; x_wconf 87' lang='lat' dir='ltr'><strong>verum</strong></span> <span class='ocrx_word' id='word_1_266' title='bbox 503 1712 585 1738; x_wconf 88' lang='lat' dir='ltr'><strong>etiam</strong></span> <span class='ocrx_word' id='word_1_267' title='bbox 603 1712 637 1739; x_wconf 89' lang='lat' dir='ltr'><strong>ad</strong></span> <span class='ocrx_word' id='word_1_268' title='bbox 655 1713 735 1740; x_wconf 87' lang='lat' dir='ltr'><strong>ﬁnem</strong></span> <span class='ocrx_word' id='word_1_269' title='bbox 752 1721 837 1748; x_wconf 88' lang='lat' dir='ltr'><strong>usque</strong></span> <span class='ocrx_word' id='word_1_270' title='bbox 857 1713 919 1740; x_wconf 69' lang='lat' dir='ltr'><strong>vitae</strong></span> 
     </span>
    </p>
   </div>
   <div class='ocr_carea' id='block_1_37' title="bbox 131 1756 919 1791">
    <p class='ocr_par' dir='ltr' id='par_1_37' title="bbox 131 1756 919 1791">
     <span class='ocr_line' id='line_1_37' title="bbox 131 1756 919 1791; baseline 0.006 -9"><span class='ocrx_word' id='word_1_271' title='bbox 131 1756 214 1791; x_wconf 86' lang='lat' dir='ltr'><strong>hujus</strong></span> <span class='ocrx_word' id='word_1_272' title='bbox 236 1756 375 1783; x_wconf 84' lang='lat' dir='ltr'><strong>victurum</strong></span> <span class='ocrx_word' id='word_1_273' title='bbox 402 1758 536 1784; x_wconf 85' lang='lat' dir='ltr'><strong>Joannem</strong></span> <span class='ocrx_word' id='word_1_274' title='bbox 558 1759 676 1786; x_wconf 82' lang='lat' dir='ltr'><strong>asseruit</strong></span> <span class='ocrx_word' id='word_1_275' title='bbox 701 1759 797 1787; x_wconf 86' lang='lat' dir='ltr'><strong>dicens</strong></span> <span class='ocrx_word' id='word_1_276' title='bbox 820 1768 827 1787; x_wconf 85' lang='lat'><strong>:</strong></span> <span class='ocrx_word' id='word_1_277' title='bbox 850 1759 919 1787; x_wconf 83' lang='lat' dir='ltr'><strong>Volo</strong></span> 
     </span>
    </p>
   </div>
   <div class='ocr_carea' id='block_1_38' title="bbox 130 1802 919 1833">
    <p class='ocr_par' dir='ltr' id='par_1_38' title="bbox 130 1802 919 1833">
     <span class='ocr_line' id='line_1_38' title="bbox 130 1802 919 1833; baseline 0.008 -6"><span class='ocrx_word' id='word_1_278' title='bbox 130 1809 195 1828; x_wconf 81' lang='lat' dir='ltr'><strong>eum</strong></span> <span class='ocrx_word' id='word_1_279' title='bbox 218 1809 328 1829; x_wconf 88' lang='lat' dir='ltr'><strong>manere</strong></span> <span class='ocrx_word' id='word_1_280' title='bbox 346 1802 435 1829; x_wconf 75' lang='lat' dir='ltr'><strong>donec</strong></span> <span class='ocrx_word' id='word_1_281' title='bbox 464 1804 582 1830; x_wconf 77' lang='lat' dir='ltr'><strong>veniam.</strong></span> <span class='ocrx_word' id='word_1_282' title='bbox 610 1804 649 1831; x_wconf 90' lang='lat' dir='ltr'><strong>Ita</strong></span> <span class='ocrx_word' id='word_1_283' title='bbox 673 1810 700 1832; x_wconf 92' lang='lat' dir='ltr'><strong>et</strong></span> <span class='ocrx_word' id='word_1_284' title='bbox 733 1805 919 1833; x_wconf 89' lang='lat' dir='ltr'><strong>conditionem</strong></span> 
     </span>
    </p>
   </div>
   <div class='ocr_carea' id='block_1_39' title="bbox 133 1847 920 1882">
    <p class='ocr_par' dir='ltr' id='par_1_39' title="bbox 133 1847 920 1882">
     <span class='ocr_line' id='line_1_39' title="bbox 133 1847 920 1882; baseline 0.006 -9"><span class='ocrx_word' id='word_1_285' title='bbox 133 1848 194 1874; x_wconf 66' lang='lat' dir='ltr'><strong>vitae</strong></span> <span class='ocrx_word' id='word_1_286' title='bbox 215 1847 330 1875; x_wconf 85' lang='lat' dir='ltr'><strong>Joannis</strong></span> <span class='ocrx_word' id='word_1_287' title='bbox 346 1849 455 1882; x_wconf 86' lang='lat' dir='ltr'><strong>aperuit</strong></span> <span class='ocrx_word' id='word_1_288' title='bbox 471 1853 498 1876; x_wconf 86' lang='lat' dir='ltr'><strong>et</strong></span> <span class='ocrx_word' id='word_1_289' title='bbox 521 1848 712 1876; x_wconf 90' lang='lat' dir='ltr'><strong>curiositatem</strong></span> <span class='ocrx_word' id='word_1_290' title='bbox 737 1850 810 1877; x_wconf 79' lang='lat' dir='ltr'><strong>Petri</strong></span> <span class='ocrx_word' id='word_1_291' title='bbox 826 1851 920 1878; x_wconf 89' lang='lat' dir='ltr'><strong>redar-</strong></span> 
     </span>
    </p>
   </div>
   <div class='ocr_carea' id='block_1_40' title="bbox 131 1894 921 1931">
    <p class='ocr_par' dir='ltr' id='par_1_40' title="bbox 131 1894 921 1931">
     <span class='ocr_line' id='line_1_40' title="bbox 131 1894 921 1931; baseline 0.004 -11"><span class='ocrx_word' id='word_1_292' title='bbox 131 1894 201 1927; x_wconf 68' lang='lat' dir='ltr'><strong>guit.</strong></span> <span class='ocrx_word' id='word_1_293' title='bbox 222 1894 312 1920; x_wconf 71' lang='lat' dir='ltr'><strong>Ezivit</strong></span> <span class='ocrx_word' id='word_1_294' title='bbox 329 1898 417 1921; x_wconf 79' lang='lat' dir='ltr'><strong>autem</strong></span> <span class='ocrx_word' id='word_1_295' title='bbox 434 1902 530 1922; x_wconf 71' lang='lat' dir='ltr'><strong>sermo</strong></span> <span class='ocrx_word' id='word_1_296' title='bbox 548 1896 598 1922; x_wconf 82' lang='lat' dir='ltr'><strong>iste</strong></span> <span class='ocrx_word' id='word_1_297' title='bbox 621 1895 650 1921; x_wconf 84' lang='lat' dir='ltr'><strong>in</strong></span> <span class='ocrx_word' id='word_1_298' title='bbox 679 1896 820 1930; x_wconf 75' lang='lat' dir='ltr'><strong>discipulos</strong></span> <span class='ocrx_word' id='word_1_299' title='bbox 851 1897 921 1931; x_wconf 82' lang='lat' dir='ltr'><strong>quod</strong></span> 
     </span>
    </p>
   </div>
   <div class='ocr_carea' id='block_1_41' title="bbox 131 1941 922 1976">
    <p class='ocr_par' dir='ltr' id='par_1_41' title="bbox 131 1941 922 1976">
     <span class='ocr_line' id='line_1_41' title="bbox 131 1941 922 1976; baseline 0.004 -9"><span class='ocrx_word' id='word_1_300' title='bbox 131 1941 282 1976; x_wconf 76' lang='lat' dir='ltr'><strong>discipuius</strong></span> <span class='ocrx_word' id='word_1_301' title='bbox 297 1941 343 1968; x_wconf 79' lang='lat' dir='ltr'><strong>ille</strong></span> <span class='ocrx_word' id='word_1_302' title='bbox 360 1950 413 1968; x_wconf 86' lang='lat' dir='ltr'><strong>non</strong></span> <span class='ocrx_word' id='word_1_303' title='bbox 429 1942 552 1969; x_wconf 81' lang='lat' dir='ltr'><strong>moritur.</strong></span> <span class='ocrx_word' id='word_1_304' title='bbox 574 1941 666 1970; x_wconf 85' lang='lat' dir='ltr'><strong>Exivit</strong></span> <span class='ocrx_word' id='word_1_305' title='bbox 682 1949 772 1969; x_wconf 88' lang='lat' dir='ltr'><strong>sermo</strong></span> <span class='ocrx_word' id='word_1_306' title='bbox 787 1942 822 1969; x_wconf 89' lang='lat' dir='ltr'><strong>ad</strong></span> <span class='ocrx_word' id='word_1_307' title='bbox 838 1942 922 1972; x_wconf 85' lang='lat' dir='ltr'><strong>disci-</strong></span> 
     </span>
    </p>
   </div>
   <div class='ocr_carea' id='block_1_42' title="bbox 133 1987 920 2023">
    <p class='ocr_par' dir='ltr' id='par_1_42' title="bbox 133 1987 920 2023">
     <span class='ocr_line' id='line_1_42' title="bbox 133 1987 920 2023; baseline 0.001 -10"><span class='ocrx_word' id='word_1_308' title='bbox 133 1987 223 2021; x_wconf 81' lang='lat' dir='ltr'><strong>pulos.</strong></span> <span class='ocrx_word' id='word_1_309' title='bbox 243 1987 264 2014; x_wconf 81' lang='lat' dir='ltr'><strong>A</strong></span> <span class='ocrx_word' id='word_1_310' title='bbox 287 1995 343 2022; x_wconf 91' lang='lat' dir='ltr'><strong>quo</strong></span> <span class='ocrx_word' id='word_1_311' title='bbox 368 1987 471 2015; x_wconf 80' lang='lat' dir='ltr'><strong>exivit?</strong></span> <span class='ocrx_word' id='word_1_312' title='bbox 493 1995 542 2022; x_wconf 86' lang='lat' dir='ltr'><strong>per</strong></span> <span class='ocrx_word' id='word_1_313' title='bbox 570 1995 652 2022; x_wconf 84' lang='lat' dir='ltr'><strong>quem</strong></span> <span class='ocrx_word' id='word_1_314' title='bbox 670 1988 820 2023; x_wconf 86' lang='lat' dir='ltr'><strong>dissipatus</strong></span> <span class='ocrx_word' id='word_1_315' title='bbox 849 1988 920 2015; x_wconf 78' lang='lat' dir='ltr'><strong>fuit?</strong></span> 
     </span>
    </p>
   </div>
   <div class='ocr_carea' id='block_1_43' title="bbox 132 2033 920 2069">
    <p class='ocr_par' dir='ltr' id='par_1_43' title="bbox 132 2033 920 2069">
     <span class='ocr_line' id='line_1_43' title="bbox 132 2033 920 2069; baseline 0.001 -9"><span class='ocrx_word' id='word_1_316' title='bbox 132 2033 195 2067; x_wconf 84' lang='lat' dir='ltr'><strong>quis</strong></span> <span class='ocrx_word' id='word_1_317' title='bbox 209 2033 353 2067; x_wconf 86' lang='lat' dir='ltr'><strong>discipulis</strong></span> <span class='ocrx_word' id='word_1_318' title='bbox 367 2034 499 2061; x_wconf 87' lang='lat' dir='ltr'><strong>omnibus</strong></span> <span class='ocrx_word' id='word_1_319' title='bbox 519 2034 696 2069; x_wconf 63' lang='lat' dir='ltr'><strong>praedicavit?</strong></span> <span class='ocrx_word' id='word_1_320' title='bbox 708 2033 766 2062; x_wconf 90' lang='lat' dir='ltr'><strong>Duo</strong></span> <span class='ocrx_word' id='word_1_321' title='bbox 788 2038 862 2061; x_wconf 87' lang='lat' dir='ltr'><strong>certe</strong></span> <span class='ocrx_word' id='word_1_322' title='bbox 875 2042 920 2061; x_wconf 89' lang='lat' dir='ltr'><strong>so-</strong></span> 
     </span>
    </p>
   </div>
   <div class='ocr_carea' id='block_1_44' title="bbox 132 2078 921 2111">
    <p class='ocr_par' dir='ltr' id='par_1_44' title="bbox 132 2078 921 2111">
     <span class='ocr_line' id='line_1_44' title="bbox 132 2078 921 2111; baseline 0.001 -6"><span class='ocrx_word' id='word_1_323' title='bbox 132 2078 189 2105; x_wconf 89' lang='lat' dir='ltr'><strong>lum</strong></span> <span class='ocrx_word' id='word_1_324' title='bbox 208 2086 362 2111; x_wconf 80' lang='lat' dir='ltr'><strong>sermonem</strong></span> <span class='ocrx_word' id='word_1_325' title='bbox 379 2080 452 2107; x_wconf 87' lang='lat' dir='ltr'><strong>hunc</strong></span> <span class='ocrx_word' id='word_1_326' title='bbox 466 2079 575 2106; x_wconf 86' lang='lat' dir='ltr'><strong>Domini</strong></span> <span class='ocrx_word' id='word_1_327' title='bbox 591 2079 760 2111; x_wconf 84' lang='lat' dir='ltr'><strong>audierunt,</strong></span> <span class='ocrx_word' id='word_1_328' title='bbox 784 2079 882 2107; x_wconf 82' lang='lat' dir='ltr'><strong>Petrus</strong></span> <span class='ocrx_word' id='word_1_329' title='bbox 894 2084 921 2106; x_wconf 84' lang='lat' dir='ltr'><strong>et</strong></span> 
     </span>
    </p>
   </div>
   <div class='ocr_carea' id='block_1_45' title="bbox 132 2124 921 2160">
    <p class='ocr_par' dir='ltr' id='par_1_45' title="bbox 132 2124 921 2160">
     <span class='ocr_line' id='line_1_45' title="bbox 132 2124 921 2160; baseline -0.001 -8"><span class='ocrx_word' id='word_1_330' title='bbox 132 2124 262 2157; x_wconf 79' lang='lat' dir='ltr'><strong>Joannes,</strong></span> <span class='ocrx_word' id='word_1_331' title='bbox 277 2125 386 2152; x_wconf 75' lang='lat' dir='ltr'><strong>caeteris</strong></span> <span class='ocrx_word' id='word_1_332' title='bbox 402 2125 550 2152; x_wconf 93' lang='lat' dir='ltr'><strong>Dominum</strong></span> <span class='ocrx_word' id='word_1_333' title='bbox 566 2132 598 2152; x_wconf 85' lang='lat' dir='ltr'><strong>ea</strong></span> <span class='ocrx_word' id='word_1_334' title='bbox 618 2124 775 2160; x_wconf 73' lang='lat' dir='ltr'><strong>replicasse,</strong></span> <span class='ocrx_word' id='word_1_335' title='bbox 792 2132 853 2159; x_wconf 65' lang='lat' dir='ltr'><strong>qua:</strong></span> <span class='ocrx_word' id='word_1_336' title='bbox 872 2124 921 2151; x_wconf 79' lang='lat' dir='ltr'><strong>Pe-</strong></span> 
     </span>
    </p>
   </div>
   <div class='ocr_carea' id='block_1_46' title="bbox 133 2171 922 2208">
    <p class='ocr_par' dir='ltr' id='par_1_46' title="bbox 133 2171 922 2208">
     <span class='ocr_line' id='line_1_46' title="bbox 133 2171 922 2208; baseline 0.001 -10"><span class='ocrx_word' id='word_1_337' title='bbox 133 2176 192 2199; x_wconf 87' lang='lat' dir='ltr'><strong>trus</strong></span> <span class='ocrx_word' id='word_1_338' title='bbox 207 2177 235 2199; x_wconf 87' lang='lat' dir='ltr'><strong>et</strong></span> <span class='ocrx_word' id='word_1_339' title='bbox 255 2171 374 2200; x_wconf 84' lang='lat' dir='ltr'><strong>Joannes</strong></span> <span class='ocrx_word' id='word_1_340' title='bbox 390 2172 524 2200; x_wconf 83' lang='lat' dir='ltr'><strong>secretius</strong></span> <span class='ocrx_word' id='word_1_341' title='bbox 543 2176 717 2208; x_wconf 87' lang='lat' dir='ltr'><strong>acceperant,</strong></span> <span class='ocrx_word' id='word_1_342' title='bbox 737 2172 849 2199; x_wconf 87' lang='lat' dir='ltr'><strong>minime</strong></span> <span class='ocrx_word' id='word_1_343' title='bbox 862 2180 922 2199; x_wconf 85' lang='lat' dir='ltr'><strong>cre-</strong></span> 
     </span>
    </p>
   </div>
   <div class='ocr_carea' id='block_1_47' title="bbox 133 2217 921 2252">
    <p class='ocr_par' dir='ltr' id='par_1_47' title="bbox 133 2217 921 2252">
     <span class='ocr_line' id='line_1_47' title="bbox 133 2217 921 2252; baseline -0.001 -8"><span class='ocrx_word' id='word_1_344' title='bbox 133 2217 254 2245; x_wconf 90' lang='lat' dir='ltr'><strong>dendum</strong></span> <span class='ocrx_word' id='word_1_345' title='bbox 277 2223 330 2245; x_wconf 89' lang='lat' dir='ltr'><strong>est.</strong></span> <span class='ocrx_word' id='word_1_346' title='bbox 355 2218 477 2245; x_wconf 81' lang='lat' dir='ltr'><strong>Joannes</strong></span> <span class='ocrx_word' id='word_1_347' title='bbox 493 2222 583 2245; x_wconf 89' lang='lat' dir='ltr'><strong>autem</strong></span> <span class='ocrx_word' id='word_1_348' title='bbox 599 2237 607 2250; x_wconf 85' lang='lat'><strong>,</strong></span> <span class='ocrx_word' id='word_1_349' title='bbox 633 2222 662 2245; x_wconf 83' lang='lat' dir='ltr'><strong>et</strong></span> <span class='ocrx_word' id='word_1_350' title='bbox 688 2217 845 2252; x_wconf 77' lang='lat' dir='ltr'><strong>virginitate</strong></span> <span class='ocrx_word' id='word_1_351' title='bbox 864 2222 921 2244; x_wconf 91' lang='lat' dir='ltr'><strong>tum</strong></span> 
     </span>
    </p>
   </div>
   <div class='ocr_carea' id='block_1_48' title="bbox 971 281 1759 318">
    <p class='ocr_par' dir='ltr' id='par_1_48' title="bbox 971 281 1759 318">
     <span class='ocr_line' id='line_1_48' title="bbox 971 281 1759 318; baseline 0.004 -10"><span class='ocrx_word' id='word_1_352' title='bbox 971 281 1023 308; x_wconf 89' lang='lat' dir='ltr'><strong>hac</strong></span> <span class='ocrx_word' id='word_1_353' title='bbox 1038 281 1093 308; x_wconf 84' lang='lat' dir='ltr'><strong>vita</strong></span> <span class='ocrx_word' id='word_1_354' title='bbox 1110 282 1235 310; x_wconf 89' lang='lat' dir='ltr'><strong>ultimam</strong></span> <span class='ocrx_word' id='word_1_355' title='bbox 1261 282 1377 317; x_wconf 83' lang='lat' dir='ltr'><strong>apostoli</strong></span> <span class='ocrx_word' id='word_1_356' title='bbox 1403 287 1599 318; x_wconf 84' lang='lat' dir='ltr'><strong>pervenerunt,</strong></span> <span class='ocrx_word' id='word_1_357' title='bbox 1617 287 1707 311; x_wconf 88' lang='lat' dir='ltr'><strong>tamen</strong></span> <span class='ocrx_word' id='word_1_358' title='bbox 1727 291 1759 311; x_wconf 86' lang='lat' dir='ltr'><strong>eo</strong></span> 
     </span>
    </p>
   </div>
   <div class='ocr_carea' id='block_1_49' title="bbox 971 326 1761 362">
    <p class='ocr_par' dir='ltr' id='par_1_49' title="bbox 971 326 1761 362">
     <span class='ocr_line' id='line_1_49' title="bbox 971 326 1761 362; baseline 0.001 -8"><span class='ocrx_word' id='word_1_359' title='bbox 971 326 1026 360; x_wconf 87' lang='lat' dir='ltr'><strong>die,</strong></span> <span class='ocrx_word' id='word_1_360' title='bbox 1041 335 1097 362; x_wconf 90' lang='lat' dir='ltr'><strong>quo</strong></span> <span class='ocrx_word' id='word_1_361' title='bbox 1113 328 1172 355; x_wconf 68' lang='lat' dir='ltr'><strong>haec</strong></span> <span class='ocrx_word' id='word_1_362' title='bbox 1186 332 1246 355; x_wconf 89' lang='lat' dir='ltr'><strong>acta</strong></span> <span class='ocrx_word' id='word_1_363' title='bbox 1271 327 1385 356; x_wconf 83' lang='lat' dir='ltr'><strong>fuerunt</strong></span> <span class='ocrx_word' id='word_1_364' title='bbox 1400 328 1487 356; x_wconf 90' lang='lat' dir='ltr'><strong>multo</strong></span> <span class='ocrx_word' id='word_1_365' title='bbox 1501 328 1681 356; x_wconf 84' lang='lat' dir='ltr'><strong>sublimiores</strong></span> <span class='ocrx_word' id='word_1_366' title='bbox 1700 337 1761 356; x_wconf 85' lang='lat' dir='ltr'><strong>om-</strong></span> 
     </span>
    </p>
   </div>
   <div class='ocr_carea' id='block_1_50' title="bbox 971 373 1757 402">
    <p class='ocr_par' dir='ltr' id='par_1_50' title="bbox 971 373 1757 402">
     <span class='ocr_line' id='line_1_50' title="bbox 971 373 1757 402; baseline 0.003 -2"><span class='ocrx_word' id='word_1_367' title='bbox 971 373 1055 401; x_wconf 88' lang='lat' dir='ltr'><strong>nibus</strong></span> <span class='ocrx_word' id='word_1_368' title='bbox 1076 374 1287 402; x_wconf 82' lang='lat' dir='ltr'><strong>successoribus</strong></span> <span class='ocrx_word' id='word_1_369' title='bbox 1313 374 1372 402; x_wconf 84' lang='lat' dir='ltr'><strong>suis</strong></span> <span class='ocrx_word' id='word_1_370' title='bbox 1398 374 1494 402; x_wconf 80' lang='lat' dir='ltr'><strong>fuisse.</strong></span> <span class='ocrx_word' id='word_1_371' title='bbox 1524 375 1608 402; x_wconf 85' lang='lat' dir='ltr'><strong>Fides</strong></span> <span class='ocrx_word' id='word_1_372' title='bbox 1633 375 1707 402; x_wconf 90' lang='lat' dir='ltr'><strong>enim</strong></span> <span class='ocrx_word' id='word_1_373' title='bbox 1731 375 1757 402; x_wconf 92' lang='lat' dir='ltr'><strong>in</strong></span> 
     </span>
    </p>
   </div>
   <div class='ocr_carea' id='block_1_51' title="bbox 970 419 1758 453">
    <p class='ocr_par' dir='ltr' id='par_1_51' title="bbox 970 419 1758 453">
     <span class='ocr_line' id='line_1_51' title="bbox 970 419 1758 453; baseline 0 -5"><span class='ocrx_word' id='word_1_374' title='bbox 970 419 1110 448; x_wconf 84' lang='lat' dir='ltr'><strong>Christum</strong></span> <span class='ocrx_word' id='word_1_375' title='bbox 1129 420 1293 448; x_wconf 89' lang='lat' dir='ltr'><strong>crucifixum</strong></span> <span class='ocrx_word' id='word_1_376' title='bbox 1311 425 1339 448; x_wconf 86' lang='lat' dir='ltr'><strong>et</strong></span> <span class='ocrx_word' id='word_1_377' title='bbox 1353 428 1368 448; x_wconf 88' lang='lat' dir='ltr'><strong>e</strong></span> <span class='ocrx_word' id='word_1_378' title='bbox 1384 421 1502 448; x_wconf 89' lang='lat' dir='ltr'><strong>mortuis</strong></span> <span class='ocrx_word' id='word_1_379' title='bbox 1516 422 1691 453; x_wconf 86' lang='lat' dir='ltr'><strong>suscitalum,</strong></span> <span class='ocrx_word' id='word_1_380' title='bbox 1709 428 1758 448; x_wconf 90' lang='lat' dir='ltr'><strong>sua</strong></span> 
     </span>
    </p>
   </div>
   <div class='ocr_carea' id='block_1_52' title="bbox 971 464 1755 502">
    <p class='ocr_par' dir='ltr' id='par_1_52' title="bbox 971 464 1755 502">
     <span class='ocr_line' id='line_1_52' title="bbox 971 464 1755 502; baseline 0.001 -10"><span class='ocrx_word' id='word_1_381' title='bbox 971 466 1057 500; x_wconf 77' lang='lat' dir='ltr'><strong>gratia</strong></span> <span class='ocrx_word' id='word_1_382' title='bbox 1072 471 1101 494; x_wconf 84' lang='lat' dir='ltr'><strong>et</strong></span> <span class='ocrx_word' id='word_1_383' title='bbox 1117 467 1244 495; x_wconf 82' lang='lat' dir='ltr'><strong>doctrina</strong></span> <span class='ocrx_word' id='word_1_384' title='bbox 1262 466 1413 494; x_wconf 86' lang='lat' dir='ltr'><strong>Salvatoris</strong></span> <span class='ocrx_word' id='word_1_385' title='bbox 1429 464 1591 494; x_wconf 79' lang='lat' dir='ltr'><strong>conﬁrmata</strong></span> <span class='ocrx_word' id='word_1_386' title='bbox 1604 467 1755 502; x_wconf 91' lang='lat' dir='ltr'><strong>plurimum</strong></span> 
     </span>
    </p>
   </div>
   <div class='ocr_carea' id='block_1_53' title="bbox 970 512 1760 548">
    <p class='ocr_par' dir='ltr' id='par_1_53' title="bbox 970 512 1760 548">
     <span class='ocr_line' id='line_1_53' title="bbox 970 512 1760 548; baseline -0.001 -8"><span class='ocrx_word' id='word_1_387' title='bbox 970 520 1019 540; x_wconf 88' lang='lat' dir='ltr'><strong>eos</strong></span> <span class='ocrx_word' id='word_1_388' title='bbox 1033 513 1160 540; x_wconf 87' lang='lat' dir='ltr'><strong>elevabat</strong></span> <span class='ocrx_word' id='word_1_389' title='bbox 1177 513 1204 540; x_wconf 93' lang='lat' dir='ltr'><strong>in</strong></span> <span class='ocrx_word' id='word_1_390' title='bbox 1220 513 1291 541; x_wconf 88' lang='lat' dir='ltr'><strong>dies.</strong></span> <span class='ocrx_word' id='word_1_391' title='bbox 1309 512 1372 541; x_wconf 81' lang='lat' dir='ltr'><strong>Fuit</strong></span> <span class='ocrx_word' id='word_1_392' title='bbox 1387 517 1479 540; x_wconf 83' lang='lat' dir='ltr'><strong>autem</strong></span> <span class='ocrx_word' id='word_1_393' title='bbox 1493 513 1554 540; x_wconf 89' lang='lat' dir='ltr'><strong>dies</strong></span> <span class='ocrx_word' id='word_1_394' title='bbox 1568 513 1623 544; x_wconf 83' lang='lat' dir='ltr'><strong>ille.</strong></span> <span class='ocrx_word' id='word_1_395' title='bbox 1638 521 1694 548; x_wconf 91' lang='lat' dir='ltr'><strong>quo</strong></span> <span class='ocrx_word' id='word_1_396' title='bbox 1706 513 1760 540; x_wconf 87' lang='lat' dir='ltr'><strong>Do-</strong></span> 
     </span>
    </p>
   </div>
   <div class='ocr_carea' id='block_1_54' title="bbox 972 558 1758 594">
    <p class='ocr_par' dir='ltr' id='par_1_54' title="bbox 972 558 1758 594">
     <span class='ocr_line' id='line_1_54' title="bbox 972 558 1758 594; baseline -0.001 -9"><span class='ocrx_word' id='word_1_397' title='bbox 972 558 1064 585; x_wconf 77' lang='lat' dir='ltr'><strong>minus</strong></span> <span class='ocrx_word' id='word_1_398' title='bbox 1084 558 1141 585; x_wconf 70' lang='lat' dir='ltr'><strong>haec</strong></span> <span class='ocrx_word' id='word_1_399' title='bbox 1154 559 1271 593; x_wconf 82' lang='lat' dir='ltr'><strong>peregit,</strong></span> <span class='ocrx_word' id='word_1_400' title='bbox 1293 559 1392 586; x_wconf 88' lang='lat' dir='ltr'><strong>tertius</strong></span> <span class='ocrx_word' id='word_1_401' title='bbox 1406 559 1587 594; x_wconf 77' lang='lat' dir='ltr'><strong>apparitionis</strong></span> <span class='ocrx_word' id='word_1_402' title='bbox 1609 567 1664 586; x_wconf 71' lang='lat' dir='ltr'><strong>sua:</strong></span> <span class='ocrx_word' id='word_1_403' title='bbox 1691 558 1758 585; x_wconf 86' lang='lat' dir='ltr'><strong>Nam</strong></span> 
     </span>
    </p>
   </div>
   <div class='ocr_carea' id='block_1_55' title="bbox 970 605 1759 640">
    <p class='ocr_par' dir='ltr' id='par_1_55' title="bbox 970 605 1759 640">
     <span class='ocr_line' id='line_1_55' title="bbox 970 605 1759 640; baseline -0.001 -8"><span class='ocrx_word' id='word_1_404' title='bbox 970 605 1022 632; x_wconf 86' lang='lat' dir='ltr'><strong>etsi</strong></span> <span class='ocrx_word' id='word_1_405' title='bbox 1035 605 1134 639; x_wconf 65' lang='lat' dir='ltr'><strong>saepius</strong></span> <span class='ocrx_word' id='word_1_406' title='bbox 1151 611 1180 632; x_wconf 84' lang='lat' dir='ltr'><strong>se</strong></span> <span class='ocrx_word' id='word_1_407' title='bbox 1196 608 1250 632; x_wconf 86' lang='lat' dir='ltr'><strong>tam</strong></span> <span class='ocrx_word' id='word_1_408' title='bbox 1269 605 1435 632; x_wconf 88' lang='lat' dir='ltr'><strong>mulieribus</strong></span> <span class='ocrx_word' id='word_1_409' title='bbox 1455 613 1535 640; x_wconf 86' lang='lat' dir='ltr'><strong>quam</strong></span> <span class='ocrx_word' id='word_1_410' title='bbox 1552 605 1620 633; x_wconf 86' lang='lat' dir='ltr'><strong>viris</strong></span> <span class='ocrx_word' id='word_1_411' title='bbox 1642 605 1759 632; x_wconf 57' lang='lat' dir='ltr'><strong>manife-</strong></span> 
     </span>
    </p>
   </div>
   <div class='ocr_carea' id='block_1_56' title="bbox 971 649 1759 686">
    <p class='ocr_par' dir='ltr' id='par_1_56' title="bbox 971 649 1759 686">
     <span class='ocr_line' id='line_1_56' title="bbox 971 649 1759 686; baseline -0.001 -9"><span class='ocrx_word' id='word_1_412' title='bbox 971 649 1064 683; x_wconf 86' lang='lat' dir='ltr'><strong>stavit,</strong></span> <span class='ocrx_word' id='word_1_413' title='bbox 1081 655 1109 678; x_wconf 83' lang='lat' dir='ltr'><strong>et</strong></span> <span class='ocrx_word' id='word_1_414' title='bbox 1123 650 1204 677; x_wconf 85' lang='lat' dir='ltr'><strong>aliter</strong></span> <span class='ocrx_word' id='word_1_415' title='bbox 1218 650 1279 677; x_wconf 84' lang='lat' dir='ltr'><strong>aliis</strong></span> <span class='ocrx_word' id='word_1_416' title='bbox 1301 650 1384 678; x_wconf 89' lang='lat' dir='ltr'><strong>modo</strong></span> <span class='ocrx_word' id='word_1_417' title='bbox 1398 651 1535 685; x_wconf 85' lang='lat' dir='ltr'><strong>pluribus,</strong></span> <span class='ocrx_word' id='word_1_418' title='bbox 1551 651 1631 678; x_wconf 90' lang='lat' dir='ltr'><strong>modo</strong></span> <span class='ocrx_word' id='word_1_419' title='bbox 1649 651 1759 686; x_wconf 83' lang='lat' dir='ltr'><strong>paucio-</strong></span> 
     </span>
    </p>
   </div>
   <div class='ocr_carea' id='block_1_57' title="bbox 969 696 1758 731">
    <p class='ocr_par' dir='ltr' id='par_1_57' title="bbox 969 696 1758 731">
     <span class='ocr_line' id='line_1_57' title="bbox 969 696 1758 731; baseline -0.001 -7"><span class='ocrx_word' id='word_1_420' title='bbox 969 697 1059 728; x_wconf 86' lang='lat' dir='ltr'><strong>ribus,</strong></span> <span class='ocrx_word' id='word_1_421' title='bbox 1081 702 1171 724; x_wconf 88' lang='lat' dir='ltr'><strong>tamcn</strong></span> <span class='ocrx_word' id='word_1_422' title='bbox 1188 696 1273 724; x_wconf 89' lang='lat' dir='ltr'><strong>tertio</strong></span> <span class='ocrx_word' id='word_1_423' title='bbox 1289 696 1410 724; x_wconf 88' lang='lat' dir='ltr'><strong>dicimus</strong></span> <span class='ocrx_word' id='word_1_424' title='bbox 1426 696 1471 724; x_wconf 89' lang='lat' dir='ltr'><strong>die</strong></span> <span class='ocrx_word' id='word_1_425' title='bbox 1488 705 1561 724; x_wconf 88' lang='lat' dir='ltr'><strong>nunc</strong></span> <span class='ocrx_word' id='word_1_426' title='bbox 1586 697 1758 731; x_wconf 85' lang='lat' dir='ltr'><strong>apparuisse.</strong></span> 
     </span>
    </p>
   </div>
   <div class='ocr_carea' id='block_1_58' title="bbox 969 743 1760 778">
    <p class='ocr_par' dir='ltr' id='par_1_58' title="bbox 969 743 1760 778">
     <span class='ocr_line' id='line_1_58' title="bbox 969 743 1760 778; baseline 0.001 -8"><span class='ocrx_word' id='word_1_427' title='bbox 969 743 1099 778; x_wconf 86' lang='lat' dir='ltr'><strong>quoniam</strong></span> <span class='ocrx_word' id='word_1_428' title='bbox 1118 743 1208 770; x_wconf 90' lang='lat' dir='ltr'><strong>tribus</strong></span> <span class='ocrx_word' id='word_1_429' title='bbox 1235 743 1357 770; x_wconf 83' lang='lat' dir='ltr'><strong>maxime</strong></span> <span class='ocrx_word' id='word_1_430' title='bbox 1373 743 1472 771; x_wconf 83' lang='lat' dir='ltr'><strong>diebus</strong></span> <span class='ocrx_word' id='word_1_431' title='bbox 1488 743 1629 778; x_wconf 83' lang='lat' dir='ltr'><strong>apertius,</strong></span> <span class='ocrx_word' id='word_1_432' title='bbox 1647 751 1760 778; x_wconf 77' lang='lat' dir='ltr'><strong>expres-</strong></span> 
     </span>
    </p>
   </div>
   <div class='ocr_carea' id='block_1_59' title="bbox 969 789 1762 825">
    <p class='ocr_par' dir='ltr' id='par_1_59' title="bbox 969 789 1762 825">
     <span class='ocr_line' id='line_1_59' title="bbox 969 789 1762 825; baseline 0.001 -9"><span class='ocrx_word' id='word_1_433' title='bbox 969 790 1041 822; x_wconf 88' lang='lat' dir='ltr'><strong>sius,</strong></span> <span class='ocrx_word' id='word_1_434' title='bbox 1058 789 1254 817; x_wconf 71' lang='lat' dir='ltr'><strong>miraculosius</strong></span> <span class='ocrx_word' id='word_1_435' title='bbox 1268 790 1399 824; x_wconf 88' lang='lat' dir='ltr'><strong>apparuit</strong></span> <span class='ocrx_word' id='word_1_436' title='bbox 1415 789 1534 824; x_wconf 89' lang='lat' dir='ltr'><strong>primum</strong></span> <span class='ocrx_word' id='word_1_437' title='bbox 1549 790 1577 817; x_wconf 93' lang='lat' dir='ltr'><strong>in</strong></span> <span class='ocrx_word' id='word_1_438' title='bbox 1595 790 1656 825; x_wconf 89' lang='lat' dir='ltr'><strong>ipso</strong></span> <span class='ocrx_word' id='word_1_439' title='bbox 1669 798 1762 817; x_wconf 93' lang='lat' dir='ltr'><strong>resur-</strong></span> 
     </span>
    </p>
   </div>
   <div class='ocr_carea' id='block_1_60' title="bbox 969 835 1758 868">
    <p class='ocr_par' dir='ltr' id='par_1_60' title="bbox 969 835 1758 868">
     <span class='ocr_line' id='line_1_60' title="bbox 969 835 1758 868; baseline 0.001 -6"><span class='ocrx_word' id='word_1_440' title='bbox 969 835 1100 863; x_wconf 85' lang='lat' dir='ltr'><strong>rectionis</strong></span> <span class='ocrx_word' id='word_1_441' title='bbox 1115 835 1169 868; x_wconf 89' lang='lat' dir='ltr'><strong>die,</strong></span> <span class='ocrx_word' id='word_1_442' title='bbox 1195 835 1296 863; x_wconf 89' lang='lat' dir='ltr'><strong>deinde</strong></span> <span class='ocrx_word' id='word_1_443' title='bbox 1323 836 1351 863; x_wconf 92' lang='lat' dir='ltr'><strong>in</strong></span> <span class='ocrx_word' id='word_1_444' title='bbox 1378 840 1476 863; x_wconf 83' lang='lat' dir='ltr'><strong>octavo</strong></span> <span class='ocrx_word' id='word_1_445' title='bbox 1495 843 1510 863; x_wconf 86' lang='lat' dir='ltr'><strong>a</strong></span> <span class='ocrx_word' id='word_1_446' title='bbox 1534 836 1758 867; x_wconf 75' lang='lat' dir='ltr'><strong>resurret‘tionc;</strong></span> 
     </span>
    </p>
   </div>
   <div class='ocr_carea' id='block_1_61' title="bbox 973 881 1761 916">
    <p class='ocr_par' dir='ltr' id='par_1_61' title="bbox 973 881 1761 916">
     <span class='ocr_line' id='line_1_61' title="bbox 973 881 1761 916; baseline 0.001 -7"><span class='ocrx_word' id='word_1_447' title='bbox 973 881 1097 913; x_wconf 88' lang='lat' dir='ltr'><strong>tertium,</strong></span> <span class='ocrx_word' id='word_1_448' title='bbox 1112 882 1224 916; x_wconf 85' lang='lat' dir='ltr'><strong>quando</strong></span> <span class='ocrx_word' id='word_1_449' title='bbox 1246 882 1361 909; x_wconf 79' lang='lat' dir='ltr'><strong>Petrum</strong></span> <span class='ocrx_word' id='word_1_450' title='bbox 1380 882 1503 916; x_wconf 64' lang='lat' dir='ltr'><strong>praefecit</strong></span> <span class='ocrx_word' id='word_1_451' title='bbox 1518 881 1663 913; x_wconf 66' lang='lat' dir='ltr'><strong>Ecclesiae.</strong></span> <span class='ocrx_word' id='word_1_452' title='bbox 1680 890 1712 910; x_wconf 89' lang='lat' dir='ltr'><strong>ac</strong></span> <span class='ocrx_word' id='word_1_453' title='bbox 1727 883 1761 910; x_wconf 82' lang='lat' dir='ltr'><strong>de</strong></span> 
     </span>
    </p>
   </div>
   <div class='ocr_carea' id='block_1_62' title="bbox 934 919 1760 963">
    <p class='ocr_par' dir='ltr' id='par_1_62' title="bbox 934 919 1760 963">
     <span class='ocr_line' id='line_1_62' title="bbox 934 919 1760 963; baseline -0.002 -7"><span class='ocrx_word' id='word_1_454' title='bbox 934 919 953 945; x_wconf 67' lang='grc' dir='ltr'><strong>θ</strong></span> <span class='ocrx_word' id='word_1_455' title='bbox 969 928 1084 956; x_wconf 79' lang='lat' dir='ltr'><strong>Joannis</strong></span> <span class='ocrx_word' id='word_1_456' title='bbox 1095 933 1185 956; x_wconf 91' lang='lat' dir='ltr'><strong>morte</strong></span> <span class='ocrx_word' id='word_1_457' title='bbox 1201 929 1403 963; x_wconf 89' lang='lat' dir='ltr'><strong>pronuntiavit,</strong></span> <span class='ocrx_word' id='word_1_458' title='bbox 1417 929 1473 956; x_wconf 93' lang='lat' dir='ltr'><strong>duo</strong></span> <span class='ocrx_word' id='word_1_459' title='bbox 1490 933 1662 956; x_wconf 87' lang='lat' dir='ltr'><strong>sacramenta</strong></span> <span class='ocrx_word' id='word_1_460' title='bbox 1678 929 1760 956; x_wconf 83' lang='lat' dir='ltr'><strong>disci-</strong></span> 
     </span>
    </p>
   </div>
   <div class='ocr_carea' id='block_1_63' title="bbox 971 975 1759 1011">
    <p class='ocr_par' dir='ltr' id='par_1_63' title="bbox 971 975 1759 1011">
     <span class='ocr_line' id='line_1_63' title="bbox 971 975 1759 1011; baseline -0.003 -8"><span class='ocrx_word' id='word_1_461' title='bbox 971 976 1042 1011; x_wconf 89' lang='lat' dir='ltr'><strong>pulis</strong></span> <span class='ocrx_word' id='word_1_462' title='bbox 1058 977 1245 1010; x_wconf 82' lang='lat' dir='ltr'><strong>patefaciens;</strong></span> <span class='ocrx_word' id='word_1_463' title='bbox 1266 976 1314 1004; x_wconf 89' lang='lat' dir='ltr'><strong>sed</strong></span> <span class='ocrx_word' id='word_1_464' title='bbox 1336 977 1409 1011; x_wconf 92' lang='lat' dir='ltr'><strong>quod</strong></span> <span class='ocrx_word' id='word_1_465' title='bbox 1426 975 1562 1010; x_wconf 84' lang='lat' dir='ltr'><strong>sequitur,</strong></span> <span class='ocrx_word' id='word_1_466' title='bbox 1586 975 1678 1003; x_wconf 81' lang='lat' dir='ltr'><strong>forsan</strong></span> <span class='ocrx_word' id='word_1_467' title='bbox 1704 975 1759 1001; x_wconf 77' lang='lat' dir='ltr'><strong>alio</strong></span> 
     </span>
    </p>
   </div>
   <div class='ocr_carea' id='block_1_64' title="bbox 971 1021 1759 1057">
    <p class='ocr_par' dir='ltr' id='par_1_64' title="bbox 971 1021 1759 1057">
     <span class='ocr_line' id='line_1_64' title="bbox 971 1021 1759 1057; baseline -0.003 -9"><span class='ocrx_word' id='word_1_468' title='bbox 971 1022 1110 1049; x_wconf 81' lang='lat' dir='ltr'><strong>trahitur?</strong></span> <span class='ocrx_word' id='word_1_469' title='bbox 1126 1022 1316 1057; x_wconf 84' lang='lat' dir='ltr'><strong>Nequaquam.</strong></span> <span class='ocrx_word' id='word_1_470' title='bbox 1327 1022 1399 1055; x_wconf 86' lang='lat' dir='ltr'><strong>Quid</strong></span> <span class='ocrx_word' id='word_1_471' title='bbox 1410 1022 1485 1049; x_wconf 91' lang='lat' dir='ltr'><strong>enim</strong></span> <span class='ocrx_word' id='word_1_472' title='bbox 1502 1021 1646 1056; x_wconf 86' lang='lat' dir='ltr'><strong>sequitur?</strong></span> <span class='ocrx_word' id='word_1_473' title='bbox 1660 1021 1692 1048; x_wconf 89' lang='lat' dir='ltr'><strong>Et</strong></span> <span class='ocrx_word' id='word_1_474' title='bbox 1708 1029 1759 1047; x_wconf 79' lang='lat' dir='ltr'><strong>non</strong></span> 
     </span>
    </p>
   </div>
   <div class='ocr_carea' id='block_1_65' title="bbox 970 1066 1759 1101">
    <p class='ocr_par' dir='ltr' id='par_1_65' title="bbox 970 1066 1759 1101">
     <span class='ocr_line' id='line_1_65' title="bbox 970 1066 1759 1101; baseline -0.004 -6"><span class='ocrx_word' id='word_1_475' title='bbox 970 1068 1036 1095; x_wconf 67' lang='lat' dir='ltr'><strong>dixit</strong></span> <span class='ocrx_word' id='word_1_476' title='bbox 1053 1068 1076 1094; x_wconf 86' lang='lat' dir='ltr'><strong>ei</strong></span> <span class='ocrx_word' id='word_1_477' title='bbox 1090 1067 1180 1100; x_wconf 82' lang='lat' dir='ltr'><strong>Jesus,</strong></span> <span class='ocrx_word' id='word_1_478' title='bbox 1197 1067 1273 1100; x_wconf 83' lang='lat' dir='ltr'><strong>Quod</strong></span> <span class='ocrx_word' id='word_1_479' title='bbox 1289 1076 1342 1096; x_wconf 83' lang='lat' dir='ltr'><strong>non</strong></span> <span class='ocrx_word' id='word_1_480' title='bbox 1360 1066 1485 1101; x_wconf 78' lang='lat' dir='ltr'><strong>moritur,</strong></span> <span class='ocrx_word' id='word_1_481' title='bbox 1502 1068 1559 1101; x_wconf 79' lang='lat' dir='ltr'><strong>sed,</strong></span> <span class='ocrx_word' id='word_1_482' title='bbox 1575 1066 1618 1094; x_wconf 87' lang='lat' dir='ltr'><strong>Sic</strong></span> <span class='ocrx_word' id='word_1_483' title='bbox 1630 1075 1688 1094; x_wconf 86' lang='lat' dir='ltr'><strong>eum</strong></span> <span class='ocrx_word' id='word_1_484' title='bbox 1702 1067 1759 1094; x_wconf 78' lang='lat' dir='ltr'><strong>volo</strong></span> 
     </span>
    </p>
   </div>
   <div class='ocr_carea' id='block_1_66' title="bbox 971 1113 1760 1149">
    <p class='ocr_par' dir='ltr' id='par_1_66' title="bbox 971 1113 1760 1149">
     <span class='ocr_line' id='line_1_66' title="bbox 971 1113 1760 1149; baseline -0.004 -7"><span class='ocrx_word' id='word_1_485' title='bbox 971 1122 1088 1148; x_wconf 77' lang='lat' dir='ltr'><strong>monere,</strong></span> <span class='ocrx_word' id='word_1_486' title='bbox 1105 1115 1187 1141; x_wconf 81' lang='lat' dir='ltr'><strong>donec</strong></span> <span class='ocrx_word' id='word_1_487' title='bbox 1202 1115 1318 1148; x_wconf 73' lang='lat' dir='ltr'><strong>ueniam,</strong></span> <span class='ocrx_word' id='word_1_488' title='bbox 1335 1114 1398 1149; x_wconf 79' lang='lat' dir='ltr'><strong>quid</strong></span> <span class='ocrx_word' id='word_1_489' title='bbox 1411 1114 1446 1141; x_wconf 80' lang='lat' dir='ltr'><strong>ad</strong></span> <span class='ocrx_word' id='word_1_490' title='bbox 1462 1119 1486 1141; x_wconf 83' lang='lat' dir='ltr'><strong>te</strong></span> <span class='ocrx_word' id='word_1_491' title='bbox 1497 1115 1510 1142; x_wconf 71' lang='grc'><strong><em>2</em></strong></span> <span class='ocrx_word' id='word_1_492' title='bbox 1533 1113 1645 1141; x_wconf 87' lang='lat' dir='ltr'><strong>Putabit</strong></span> <span class='ocrx_word' id='word_1_493' title='bbox 1661 1113 1760 1148; x_wconf 84' lang='lat' dir='ltr'><strong>aliquis</strong></span> 
     </span>
    </p>
   </div>
   <div class='ocr_carea' id='block_1_67' title="bbox 970 1159 1759 1196">
    <p class='ocr_par' dir='ltr' id='par_1_67' title="bbox 970 1159 1759 1196">
     <span class='ocr_line' id='line_1_67' title="bbox 970 1159 1759 1196; baseline -0.005 -8"><span class='ocrx_word' id='word_1_494' title='bbox 970 1160 1053 1194; x_wconf 86' lang='lat' dir='ltr'><strong>forte,</strong></span> <span class='ocrx_word' id='word_1_495' title='bbox 1066 1161 1213 1196; x_wconf 85' lang='lat' dir='ltr'><strong>perspicuo</strong></span> <span class='ocrx_word' id='word_1_496' title='bbox 1229 1160 1275 1187; x_wconf 89' lang='lat' dir='ltr'><strong>hic</strong></span> <span class='ocrx_word' id='word_1_497' title='bbox 1288 1160 1486 1195; x_wconf 77' lang='lat' dir='ltr'><strong>evangelistam</strong></span> <span class='ocrx_word' id='word_1_498' title='bbox 1503 1159 1557 1186; x_wconf 90' lang='lat' dir='ltr'><strong>illis</strong></span> <span class='ocrx_word' id='word_1_499' title='bbox 1570 1159 1759 1186; x_wconf 70' lang='lat' dir='ltr'><strong>contradicere</strong></span> 
     </span>
    </p>
   </div>
   <div class='ocr_carea' id='block_1_68' title="bbox 971 1204 1757 1241">
    <p class='ocr_par' dir='ltr' id='par_1_68' title="bbox 971 1204 1757 1241">
     <span class='ocr_line' id='line_1_68' title="bbox 971 1204 1757 1241; baseline -0.005 -7"><span class='ocrx_word' id='word_1_500' title='bbox 971 1207 1018 1241; x_wconf 86' lang='lat' dir='ltr'><strong>qui</strong></span> <span class='ocrx_word' id='word_1_501' title='bbox 1041 1206 1214 1234; x_wconf 87' lang='lat' dir='ltr'><strong>arbitrentur</strong></span> <span class='ocrx_word' id='word_1_502' title='bbox 1231 1214 1286 1234; x_wconf 91' lang='lat' dir='ltr'><strong>non</strong></span> <span class='ocrx_word' id='word_1_503' title='bbox 1313 1206 1478 1234; x_wconf 89' lang='lat' dir='ltr'><strong>moriturum</strong></span> <span class='ocrx_word' id='word_1_504' title='bbox 1503 1205 1593 1238; x_wconf 87' lang='lat' dir='ltr'><strong>ipsum</strong></span> <span class='ocrx_word' id='word_1_505' title='bbox 1624 1211 1709 1238; x_wconf 87' lang='lat' dir='ltr'><strong>usque</strong></span> <span class='ocrx_word' id='word_1_506' title='bbox 1725 1204 1757 1230; x_wconf 90' lang='lat' dir='ltr'><strong>ad</strong></span> 
     </span>
    </p>
   </div>
   <div class='ocr_carea' id='block_1_69' title="bbox 972 1250 1757 1288">
    <p class='ocr_par' dir='ltr' id='par_1_69' title="bbox 972 1250 1757 1288">
     <span class='ocr_line' id='line_1_69' title="bbox 972 1250 1757 1288; baseline -0.006 -8"><span class='ocrx_word' id='word_1_507' title='bbox 972 1252 1053 1280; x_wconf 86' lang='lat' dir='ltr'><strong>linem</strong></span> <span class='ocrx_word' id='word_1_508' title='bbox 1067 1253 1159 1280; x_wconf 63' lang='lat' dir='ltr'><strong>saeculi</strong></span> <span class='ocrx_word' id='word_1_509' title='bbox 1175 1252 1269 1288; x_wconf 83' lang='lat' dir='ltr'><strong>hujus,</strong></span> <span class='ocrx_word' id='word_1_510' title='bbox 1285 1260 1349 1280; x_wconf 90' lang='lat' dir='ltr'><strong>eum</strong></span> <span class='ocrx_word' id='word_1_511' title='bbox 1367 1251 1470 1280; x_wconf 89' lang='lat' dir='ltr'><strong>scribat</strong></span> <span class='ocrx_word' id='word_1_512' title='bbox 1487 1259 1494 1278; x_wconf 89' lang='lat'>:</span> <span class='ocrx_word' id='word_1_513' title='bbox 1509 1251 1569 1279; x_wconf 83' lang='lat' dir='ltr'><strong>Non</strong></span> <span class='ocrx_word' id='word_1_514' title='bbox 1585 1251 1652 1277; x_wconf 67' lang='lat' dir='ltr'><strong>dixit</strong></span> <span class='ocrx_word' id='word_1_515' title='bbox 1672 1251 1695 1276; x_wconf 88' lang='lat' dir='ltr'><strong>ei</strong></span> <span class='ocrx_word' id='word_1_516' title='bbox 1714 1250 1757 1276; x_wconf 80' lang='lat' dir='ltr'><strong>Je-</strong></span> 
     </span>
    </p>
   </div>
   <div class='ocr_carea' id='block_1_70' title="bbox 969 1298 1759 1334">
    <p class='ocr_par' dir='ltr' id='par_1_70' title="bbox 969 1298 1759 1334">
     <span class='ocr_line' id='line_1_70' title="bbox 969 1298 1759 1334; baseline -0.005 -8"><span class='ocrx_word' id='word_1_517' title='bbox 969 1306 1014 1326; x_wconf 67' lang='lat' dir='ltr'><strong>sus</strong></span> <span class='ocrx_word' id='word_1_518' title='bbox 1028 1299 1099 1334; x_wconf 82' lang='lat' dir='ltr'><strong>quod</strong></span> <span class='ocrx_word' id='word_1_519' title='bbox 1122 1307 1175 1326; x_wconf 81' lang='lat' dir='ltr'><strong>non</strong></span> <span class='ocrx_word' id='word_1_520' title='bbox 1190 1300 1314 1331; x_wconf 84' lang='lat' dir='ltr'><strong>moritur,</strong></span> <span class='ocrx_word' id='word_1_521' title='bbox 1337 1306 1424 1333; x_wconf 88' lang='lat' dir='ltr'><strong>usque</strong></span> <span class='ocrx_word' id='word_1_522' title='bbox 1444 1298 1478 1325; x_wconf 89' lang='lat' dir='ltr'><strong>ad</strong></span> <span class='ocrx_word' id='word_1_523' title='bbox 1499 1301 1621 1325; x_wconf 87' lang='lat' dir='ltr'><strong>extrema</strong></span> <span class='ocrx_word' id='word_1_524' title='bbox 1637 1301 1759 1329; x_wconf 78' lang='lat' dir='ltr'><strong>tempora</strong></span> 
     </span>
    </p>
   </div>
   <div class='ocr_carea' id='block_1_71' title="bbox 971 1342 1759 1380">
    <p class='ocr_par' dir='ltr' id='par_1_71' title="bbox 971 1342 1759 1380">
     <span class='ocr_line' id='line_1_71' title="bbox 971 1342 1759 1380; baseline -0.004 -8"><span class='ocrx_word' id='word_1_525' title='bbox 971 1345 1078 1373; x_wconf 86' lang='lat' dir='ltr'><strong>scilicet</strong></span> <span class='ocrx_word' id='word_1_526' title='bbox 1091 1345 1142 1380; x_wconf 88' lang='lat' dir='ltr'><strong>(sic</strong></span> <span class='ocrx_word' id='word_1_527' title='bbox 1158 1345 1232 1373; x_wconf 89' lang='lat' dir='ltr'><strong>enim</strong></span> <span class='ocrx_word' id='word_1_528' title='bbox 1253 1345 1437 1380; x_wconf 87' lang='lat' dir='ltr'><strong>supplendum</strong></span> <span class='ocrx_word' id='word_1_529' title='bbox 1456 1351 1566 1379; x_wconf 87' lang='lat' dir='ltr'><strong>semper</strong></span> <span class='ocrx_word' id='word_1_530' title='bbox 1584 1343 1648 1378; x_wconf 85' lang='lat' dir='ltr'><strong>est),</strong></span> <span class='ocrx_word' id='word_1_531' title='bbox 1669 1342 1759 1369; x_wconf 84' lang='lat' dir='ltr'><strong>excla-</strong></span> 
     </span>
    </p>
   </div>
   <div class='ocr_carea' id='block_1_72' title="bbox 972 1389 1758 1426">
    <p class='ocr_par' dir='ltr' id='par_1_72' title="bbox 972 1389 1758 1426">
     <span class='ocr_line' id='line_1_72' title="bbox 972 1389 1758 1426; baseline -0.003 -8"><span class='ocrx_word' id='word_1_532' title='bbox 972 1391 1113 1426; x_wconf 87' lang='lat' dir='ltr'><strong>mabitque</strong></span> <span class='ocrx_word' id='word_1_533' title='bbox 1133 1391 1168 1419; x_wconf 90' lang='lat' dir='ltr'><strong>ab</strong></span> <span class='ocrx_word' id='word_1_534' title='bbox 1187 1398 1221 1418; x_wconf 89' lang='lat' dir='ltr'><strong>eo</strong></span> <span class='ocrx_word' id='word_1_535' title='bbox 1242 1391 1304 1426; x_wconf 87' lang='lat' dir='ltr'><strong>ipso</strong></span> <span class='ocrx_word' id='word_1_536' title='bbox 1324 1391 1501 1426; x_wconf 88' lang='lat' dir='ltr'><strong>explanatum</strong></span> <span class='ocrx_word' id='word_1_537' title='bbox 1519 1398 1580 1418; x_wconf 84' lang='lat' dir='ltr'><strong>esse</strong></span> <span class='ocrx_word' id='word_1_538' title='bbox 1596 1389 1676 1417; x_wconf 89' lang='lat' dir='ltr'><strong>vobis</strong></span> <span class='ocrx_word' id='word_1_539' title='bbox 1686 1389 1758 1423; x_wconf 86' lang='lat' dir='ltr'><strong>quod</strong></span> 
     </span>
    </p>
   </div>
   <div class='ocr_carea' id='block_1_73' title="bbox 971 1437 1758 1473">
    <p class='ocr_par' dir='ltr' id='par_1_73' title="bbox 971 1437 1758 1473">
     <span class='ocr_line' id='line_1_73' title="bbox 971 1437 1758 1473; baseline -0.003 -9"><span class='ocrx_word' id='word_1_540' title='bbox 971 1437 1121 1472; x_wconf 66' lang='lat' dir='ltr'><strong>quaeritur,</strong></span> <span class='ocrx_word' id='word_1_541' title='bbox 1134 1441 1215 1472; x_wconf 87' lang='lat' dir='ltr'><strong>atque</strong></span> <span class='ocrx_word' id='word_1_542' title='bbox 1228 1441 1336 1465; x_wconf 83' lang='lat' dir='ltr'><strong>mutare</strong></span> <span class='ocrx_word' id='word_1_543' title='bbox 1356 1445 1412 1465; x_wconf 91' lang='lat' dir='ltr'><strong>non</strong></span> <span class='ocrx_word' id='word_1_544' title='bbox 1433 1442 1577 1473; x_wconf 88' lang='lat' dir='ltr'><strong>oportere.</strong></span> <span class='ocrx_word' id='word_1_545' title='bbox 1592 1437 1648 1472; x_wconf 77' lang='lat' dir='ltr'><strong>Ego</strong></span> <span class='ocrx_word' id='word_1_546' title='bbox 1668 1441 1758 1464; x_wconf 80' lang='lat' dir='ltr'><strong>autent</strong></span> 
     </span>
    </p>
   </div>
   <div class='ocr_carea' id='block_1_74' title="bbox 972 1483 1759 1519">
    <p class='ocr_par' dir='ltr' id='par_1_74' title="bbox 972 1483 1759 1519">
     <span class='ocr_line' id='line_1_74' title="bbox 972 1483 1759 1519; baseline 0.001 -9"><span class='ocrx_word' id='word_1_547' title='bbox 972 1491 1023 1518; x_wconf 86' lang='lat' dir='ltr'><strong>pro</strong></span> <span class='ocrx_word' id='word_1_548' title='bbox 1043 1484 1176 1512; x_wconf 85' lang='lat' dir='ltr'><strong>modestia</strong></span> <span class='ocrx_word' id='word_1_549' title='bbox 1197 1491 1304 1512; x_wconf 91' lang='lat' dir='ltr'><strong>summa</strong></span> <span class='ocrx_word' id='word_1_550' title='bbox 1325 1488 1352 1511; x_wconf 90' lang='lat' dir='ltr'><strong>et</strong></span> <span class='ocrx_word' id='word_1_551' title='bbox 1382 1484 1509 1519; x_wconf 81' lang='lat' dir='ltr'><strong>virginali</strong></span> <span class='ocrx_word' id='word_1_552' title='bbox 1531 1483 1686 1511; x_wconf 88' lang='lat' dir='ltr'><strong>humilitate</strong></span> <span class='ocrx_word' id='word_1_553' title='bbox 1705 1490 1759 1517; x_wconf 78' lang='lat' dir='ltr'><strong>qua</strong></span> 
     </span>
    </p>
   </div>
   <div class='ocr_carea' id='block_1_75' title="bbox 972 1529 1758 1564">
    <p class='ocr_par' dir='ltr' id='par_1_75' title="bbox 972 1529 1758 1564">
     <span class='ocr_line' id='line_1_75' title="bbox 972 1529 1758 1564; baseline 0 -7"><span class='ocrx_word' id='word_1_554' title='bbox 972 1530 1086 1564; x_wconf 75' lang='lat' dir='ltr'><strong>gloriam</strong></span> <span class='ocrx_word' id='word_1_555' title='bbox 1107 1530 1256 1558; x_wconf 88' lang='lat' dir='ltr'><strong>humanam</strong></span> <span class='ocrx_word' id='word_1_556' title='bbox 1287 1530 1410 1558; x_wconf 84' lang='lat' dir='ltr'><strong>Joannes</strong></span> <span class='ocrx_word' id='word_1_557' title='bbox 1428 1530 1541 1558; x_wconf 89' lang='lat' dir='ltr'><strong>omnino</strong></span> <span class='ocrx_word' id='word_1_558' title='bbox 1562 1529 1678 1557; x_wconf 86' lang='lat' dir='ltr'><strong>calcavit</strong></span> <span class='ocrx_word' id='word_1_559' title='bbox 1692 1548 1699 1561; x_wconf 88' lang='lat'><strong>,</strong></span> <span class='ocrx_word' id='word_1_560' title='bbox 1721 1529 1758 1557; x_wconf 80' lang='lat' dir='ltr'><strong>ita</strong></span> 
     </span>
    </p>
   </div>
   <div class='ocr_carea' id='block_1_76' title="bbox 971 1574 1759 1610">
    <p class='ocr_par' dir='ltr' id='par_1_76' title="bbox 971 1574 1759 1610">
     <span class='ocr_line' id='line_1_76' title="bbox 971 1574 1759 1610; baseline -0.001 -8"><span class='ocrx_word' id='word_1_561' title='bbox 971 1583 1034 1602; x_wconf 86' lang='lat' dir='ltr'><strong>eum</strong></span> <span class='ocrx_word' id='word_1_562' title='bbox 1059 1575 1206 1610; x_wconf 87' lang='lat' dir='ltr'><strong>scripsisse</strong></span> <span class='ocrx_word' id='word_1_563' title='bbox 1225 1575 1390 1603; x_wconf 87' lang='lat' dir='ltr'><strong>crediderim</strong></span> <span class='ocrx_word' id='word_1_564' title='bbox 1408 1579 1438 1603; x_wconf 90' lang='lat' dir='ltr'><strong>ut</strong></span> <span class='ocrx_word' id='word_1_565' title='bbox 1462 1580 1491 1603; x_wconf 91' lang='lat' dir='ltr'><strong>et</strong></span> <span class='ocrx_word' id='word_1_566' title='bbox 1505 1575 1648 1603; x_wconf 85' lang='lat' dir='ltr'><strong>veritatem</strong></span> <span class='ocrx_word' id='word_1_567' title='bbox 1672 1574 1759 1610; x_wconf 81' lang='lat' dir='ltr'><strong>digito</strong></span> 
     </span>
    </p>
   </div>
   <div class='ocr_carea' id='block_1_77' title="bbox 972 1613 1759 1657">
    <p class='ocr_par' dir='ltr' id='par_1_77' title="bbox 972 1613 1759 1657">
     <span class='ocr_line' id='line_1_77' title="bbox 972 1613 1759 1657; baseline -0.003 -10"><span class='ocrx_word' id='word_1_568' title='bbox 972 1621 1145 1653; x_wconf 85' lang='lat' dir='ltr'><strong>monstrarit,</strong></span> <span class='ocrx_word' id='word_1_569' title='bbox 1157 1625 1186 1648; x_wconf 92' lang='lat' dir='ltr'><strong>et</strong></span> <span class='ocrx_word' id='word_1_570' title='bbox 1203 1622 1312 1648; x_wconf 89' lang='lat' dir='ltr'><strong>inanem</strong></span> <span class='ocrx_word' id='word_1_571' title='bbox 1333 1621 1417 1657; x_wconf 88' lang='lat' dir='ltr'><strong>hujus</strong></span> <span class='ocrx_word' id='word_1_572' title='bbox 1437 1621 1529 1648; x_wconf 70' lang='lat' dir='ltr'><strong>steculi</strong></span> <span class='ocrx_word' id='word_1_573' title='bbox 1546 1613 1662 1655; x_wconf 73' lang='lat' dir='ltr'><strong>gloriam</strong></span> <span class='ocrx_word' id='word_1_574' title='bbox 1679 1619 1759 1653; x_wconf 86' lang='lat' dir='ltr'><strong>abjc-</strong></span> 
     </span>
    </p>
   </div>
   <div class='ocr_carea' id='block_1_78' title="bbox 971 1663 1757 1702">
    <p class='ocr_par' dir='ltr' id='par_1_78' title="bbox 971 1663 1757 1702">
     <span class='ocr_line' id='line_1_78' title="bbox 971 1663 1757 1702; baseline -0.005 -8"><span class='ocrx_word' id='word_1_575' title='bbox 971 1668 1048 1694; x_wconf 91' lang='lat' dir='ltr'><strong>cerit.</strong></span> <span class='ocrx_word' id='word_1_576' title='bbox 1063 1667 1121 1694; x_wconf 85' lang='lat' dir='ltr'><strong>Non</strong></span> <span class='ocrx_word' id='word_1_577' title='bbox 1133 1668 1205 1694; x_wconf 88' lang='lat' dir='ltr'><strong>enim</strong></span> <span class='ocrx_word' id='word_1_578' title='bbox 1216 1672 1297 1702; x_wconf 77' lang='lat' dir='ltr'><strong>negat</strong></span> <span class='ocrx_word' id='word_1_579' title='bbox 1314 1674 1381 1699; x_wconf 84' lang='lat' dir='ltr'><strong>rem,</strong></span> <span class='ocrx_word' id='word_1_580' title='bbox 1394 1666 1441 1694; x_wconf 89' lang='lat' dir='ltr'><strong>sed</strong></span> <span class='ocrx_word' id='word_1_581' title='bbox 1451 1673 1610 1694; x_wconf 87' lang='lat' dir='ltr'><strong>sermonem</strong></span> <span class='ocrx_word' id='word_1_582' title='bbox 1626 1669 1654 1692; x_wconf 92' lang='lat' dir='ltr'><strong>et</strong></span> <span class='ocrx_word' id='word_1_583' title='bbox 1664 1663 1757 1691; x_wconf 75' lang='lat' dir='ltr'><strong>verba.</strong></span> 
     </span>
    </p>
   </div>
   <div class='ocr_carea' id='block_1_79' title="bbox 972 1710 1759 1750">
    <p class='ocr_par' dir='ltr' id='par_1_79' title="bbox 972 1710 1759 1750">
     <span class='ocr_line' id='line_1_79' title="bbox 972 1710 1759 1750; baseline -0.008 -8"><span class='ocrx_word' id='word_1_584' title='bbox 972 1715 1162 1750; x_wconf 82' lang='lat' dir='ltr'><strong>Subjiciantur</strong></span> <span class='ocrx_word' id='word_1_585' title='bbox 1177 1714 1268 1742; x_wconf 89' lang='lat' dir='ltr'><strong>oculis</strong></span> <span class='ocrx_word' id='word_1_586' title='bbox 1284 1713 1387 1741; x_wconf 85' lang='lat' dir='ltr'><strong>omnia.</strong></span> <span class='ocrx_word' id='word_1_587' title='bbox 1414 1713 1484 1747; x_wconf 92' lang='lat' dir='ltr'><strong>Quid</strong></span> <span class='ocrx_word' id='word_1_588' title='bbox 1509 1713 1590 1740; x_wconf 89' lang='lat' dir='ltr'><strong>Jesus</strong></span> <span class='ocrx_word' id='word_1_589' title='bbox 1606 1710 1693 1738; x_wconf 83' lang='lat' dir='ltr'><strong>dixit?</strong></span> <span class='ocrx_word' id='word_1_590' title='bbox 1713 1711 1759 1737; x_wconf 76' lang='lat' dir='ltr'><strong>Sic</strong></span> 
     </span>
    </p>
   </div>
   <div class='ocr_carea' id='block_1_80' title="bbox 971 1752 1758 1792">
    <p class='ocr_par' dir='ltr' id='par_1_80' title="bbox 971 1752 1758 1792">
     <span class='ocr_line' id='line_1_80' title="bbox 971 1752 1758 1792; baseline -0.006 -4"><span class='ocrx_word' id='word_1_591' title='bbox 971 1770 1032 1788; x_wconf 80' lang='lat' dir='ltr'><strong>cum</strong></span> <span class='ocrx_word' id='word_1_592' title='bbox 1048 1761 1105 1789; x_wconf 83' lang='lat' dir='ltr'><strong>vola</strong></span> <span class='ocrx_word' id='word_1_593' title='bbox 1127 1769 1236 1788; x_wconf 83' lang='lat' dir='ltr'><strong>manere</strong></span> <span class='ocrx_word' id='word_1_594' title='bbox 1258 1762 1341 1787; x_wconf 82' lang='lat' dir='ltr'><strong>donec</strong></span> <span class='ocrx_word' id='word_1_595' title='bbox 1355 1752 1472 1792; x_wconf 69' lang='lat' dir='ltr'><strong>ueniam,</strong></span> <span class='ocrx_word' id='word_1_596' title='bbox 1496 1756 1660 1789; x_wconf 58' lang='lat' dir='ltr'><strong>afliymando</strong></span> <span class='ocrx_word' id='word_1_597' title='bbox 1677 1756 1758 1784; x_wconf 83' lang='lat' dir='ltr'><strong>Jesus</strong></span> 
     </span>
    </p>
   </div>
   <div class='ocr_carea' id='block_1_81' title="bbox 973 1804 1760 1844">
    <p class='ocr_par' dir='ltr' id='par_1_81' title="bbox 973 1804 1760 1844">
     <span class='ocr_line' id='line_1_81' title="bbox 973 1804 1760 1844; baseline -0.009 -8"><span class='ocrx_word' id='word_1_598' title='bbox 973 1808 1053 1842; x_wconf 82' lang='lat' dir='ltr'><strong>dixit,</strong></span> <span class='ocrx_word' id='word_1_599' title='bbox 1072 1813 1101 1835; x_wconf 86' lang='lat' dir='ltr'><strong>et</strong></span> <span class='ocrx_word' id='word_1_600' title='bbox 1124 1808 1269 1844; x_wconf 88' lang='lat' dir='ltr'><strong>quisquam</strong></span> <span class='ocrx_word' id='word_1_601' title='bbox 1289 1805 1501 1842; x_wconf 75' lang='lat' dir='ltr'><strong>negabit‘iQuid</strong></span> <span class='ocrx_word' id='word_1_602' title='bbox 1526 1804 1676 1840; x_wconf 79' lang='lat' dir='ltr'><strong>discipuli?</strong></span> <span class='ocrx_word' id='word_1_603' title='bbox 1690 1811 1760 1839; x_wconf 90' lang='lat' dir='ltr'><strong>quo-</strong></span> 
     </span>
    </p>
   </div>
   <div class='ocr_carea' id='block_1_82' title="bbox 972 1850 1759 1887">
    <p class='ocr_par' dir='ltr' id='par_1_82' title="bbox 972 1850 1759 1887">
     <span class='ocr_line' id='line_1_82' title="bbox 972 1850 1759 1887; baseline -0.009 -6"><span class='ocrx_word' id='word_1_604' title='bbox 972 1855 1054 1882; x_wconf 90' lang='lat' dir='ltr'><strong>modo</strong></span> <span class='ocrx_word' id='word_1_605' title='bbox 1070 1854 1096 1881; x_wconf 94' lang='lat' dir='ltr'><strong>id</strong></span> <span class='ocrx_word' id='word_1_606' title='bbox 1117 1862 1180 1882; x_wconf 90' lang='lat' dir='ltr'><strong>cum</strong></span> <span class='ocrx_word' id='word_1_607' title='bbox 1199 1854 1302 1882; x_wconf 75' lang='lat' dir='ltr'><strong>exisset</strong></span> <span class='ocrx_word' id='word_1_608' title='bbox 1319 1853 1346 1880; x_wconf 90' lang='lat' dir='ltr'><strong>in</strong></span> <span class='ocrx_word' id='word_1_609' title='bbox 1373 1852 1512 1887; x_wconf 87' lang='lat' dir='ltr'><strong>publicum</strong></span> <span class='ocrx_word' id='word_1_610' title='bbox 1527 1869 1535 1882; x_wconf 82' lang='lat'><strong>,</strong></span> <span class='ocrx_word' id='word_1_611' title='bbox 1551 1850 1759 1880; x_wconf 81' lang='lat' dir='ltr'><strong>intellexerunt,</strong></span> 
     </span>
    </p>
   </div>
   <div class='ocr_carea' id='block_1_83' title="bbox 972 1893 1759 1935">
    <p class='ocr_par' dir='ltr' id='par_1_83' title="bbox 972 1893 1759 1935">
     <span class='ocr_line' id='line_1_83' title="bbox 972 1893 1759 1935; baseline -0.009 -9"><span class='ocrx_word' id='word_1_612' title='bbox 972 1899 1046 1935; x_wconf 88' lang='lat' dir='ltr'><strong>quod</strong></span> <span class='ocrx_word' id='word_1_613' title='bbox 1063 1899 1184 1927; x_wconf 85' lang='lat' dir='ltr'><strong>Joannes</strong></span> <span class='ocrx_word' id='word_1_614' title='bbox 1203 1906 1257 1926; x_wconf 89' lang='lat' dir='ltr'><strong>non</strong></span> <span class='ocrx_word' id='word_1_615' title='bbox 1276 1897 1411 1926; x_wconf 79' lang='lat' dir='ltr'><strong>morituri</strong></span> <span class='ocrx_word' id='word_1_616' title='bbox 1431 1897 1524 1926; x_wconf 87' lang='lat' dir='ltr'><strong>Teneo</strong></span> <span class='ocrx_word' id='word_1_617' title='bbox 1546 1893 1759 1922; x_wconf 84' lang='lat' dir='ltr'><strong>affirmationem</strong></span> 
     </span>
    </p>
   </div>
   <div class='ocr_carea' id='block_1_84' title="bbox 972 1939 1760 1979">
    <p class='ocr_par' dir='ltr' id='par_1_84' title="bbox 972 1939 1760 1979">
     <span class='ocr_line' id='line_1_84' title="bbox 972 1939 1760 1979; baseline -0.009 -7"><span class='ocrx_word' id='word_1_618' title='bbox 972 1945 1081 1972; x_wconf 90' lang='lat' dir='ltr'><strong>Domini</strong></span> <span class='ocrx_word' id='word_1_619' title='bbox 1099 1949 1127 1971; x_wconf 90' lang='lat' dir='ltr'><strong>et</strong></span> <span class='ocrx_word' id='word_1_620' title='bbox 1152 1945 1339 1979; x_wconf 85' lang='lat' dir='ltr'><strong>apostolorum</strong></span> <span class='ocrx_word' id='word_1_621' title='bbox 1363 1943 1530 1971; x_wconf 86' lang='lat' dir='ltr'><strong>sententiam</strong></span> <span class='ocrx_word' id='word_1_622' title='bbox 1547 1940 1671 1969; x_wconf 91' lang='lat' dir='ltr'><strong>omnium</strong></span> <span class='ocrx_word' id='word_1_623' title='bbox 1687 1939 1760 1973; x_wconf 88' lang='lat' dir='ltr'><strong>quod</strong></span> 
     </span>
    </p>
   </div>
   <div class='ocr_carea' id='block_1_85' title="bbox 972 1985 1762 2023">
    <p class='ocr_par' dir='ltr' id='par_1_85' title="bbox 972 1985 1762 2023">
     <span class='ocr_line' id='line_1_85' title="bbox 972 1985 1762 2023; baseline -0.008 -6"><span class='ocrx_word' id='word_1_624' title='bbox 972 1998 1027 2018; x_wconf 85' lang='lat' dir='ltr'><strong>non</strong></span> <span class='ocrx_word' id='word_1_625' title='bbox 1044 1990 1174 2016; x_wconf 83' lang='lat' dir='ltr'><strong>moritur.</strong></span> <span class='ocrx_word' id='word_1_626' title='bbox 1196 1989 1267 2021; x_wconf 84' lang='lat' dir='ltr'><strong>Quid</strong></span> <span class='ocrx_word' id='word_1_627' title='bbox 1288 1994 1382 2023; x_wconf 87' lang='lat' dir='ltr'><strong>postea</strong></span> <span class='ocrx_word' id='word_1_628' title='bbox 1397 1987 1538 2016; x_wconf 82' lang='lat' dir='ltr'><strong>Joannes?</strong></span> <span class='ocrx_word' id='word_1_629' title='bbox 1563 1994 1618 2013; x_wconf 89' lang='lat' dir='ltr'><strong>non</strong></span> <span class='ocrx_word' id='word_1_630' title='bbox 1636 1990 1690 2012; x_wconf 89' lang='lat' dir='ltr'><strong>tam</strong></span> <span class='ocrx_word' id='word_1_631' title='bbox 1708 1985 1762 2011; x_wconf 85' lang='lat' dir='ltr'><strong>vir-</strong></span> 
     </span>
    </p>
   </div>
   <div class='ocr_carea' id='block_1_86' title="bbox 973 2031 1763 2072">
    <p class='ocr_par' dir='ltr' id='par_1_86' title="bbox 973 2031 1763 2072">
     <span class='ocr_line' id='line_1_86' title="bbox 973 2031 1763 2072; baseline -0.004 -10"><span class='ocrx_word' id='word_1_632' title='bbox 973 2036 1057 2072; x_wconf 77' lang='lat' dir='ltr'><strong>ginali</strong></span> <span class='ocrx_word' id='word_1_633' title='bbox 1071 2035 1207 2064; x_wconf 83' lang='lat' dir='ltr'><strong>modestia</strong></span> <span class='ocrx_word' id='word_1_634' title='bbox 1219 2035 1433 2068; x_wconf 81' lang='lat' dir='ltr'><strong>humilitathue</strong></span> <span class='ocrx_word' id='word_1_635' title='bbox 1449 2034 1582 2068; x_wconf 82' lang='lat' dir='ltr'><strong>praeditus</strong></span> <span class='ocrx_word' id='word_1_636' title='bbox 1595 2039 1676 2067; x_wconf 87' lang='lat' dir='ltr'><strong>quam</strong></span> <span class='ocrx_word' id='word_1_637' title='bbox 1691 2031 1763 2058; x_wconf 48' lang='lat' dir='ltr'><strong>veria</strong></span> 
     </span>
    </p>
   </div>
   <div class='ocr_carea' id='block_1_87' title="bbox 974 2077 1762 2116">
    <p class='ocr_par' dir='ltr' id='par_1_87' title="bbox 974 2077 1762 2116">
     <span class='ocr_line' id='line_1_87' title="bbox 974 2077 1762 2116; baseline -0.01 -6"><span class='ocrx_word' id='word_1_638' title='bbox 974 2082 1038 2110; x_wconf 85' lang='lat' dir='ltr'><strong>tatis</strong></span> <span class='ocrx_word' id='word_1_639' title='bbox 1064 2081 1178 2113; x_wconf 81' lang='lat' dir='ltr'><strong>amicus.</strong></span> <span class='ocrx_word' id='word_1_640' title='bbox 1209 2081 1274 2116; x_wconf 85' lang='lat' dir='ltr'><strong>quid</strong></span> <span class='ocrx_word' id='word_1_641' title='bbox 1298 2080 1354 2107; x_wconf 84' lang='lat' dir='ltr'><strong>ait?</strong></span> <span class='ocrx_word' id='word_1_642' title='bbox 1377 2079 1428 2108; x_wconf 81' lang='lat' dir='ltr'><strong>Sed</strong></span> <span class='ocrx_word' id='word_1_643' title='bbox 1458 2087 1511 2107; x_wconf 82' lang='lat' dir='ltr'><strong>non</strong></span> <span class='ocrx_word' id='word_1_644' title='bbox 1532 2080 1597 2105; x_wconf 72' lang='lat' dir='ltr'><strong>dixit</strong></span> <span class='ocrx_word' id='word_1_645' title='bbox 1627 2078 1651 2105; x_wconf 79' lang='lat' dir='ltr'><strong>ei</strong></span> <span class='ocrx_word' id='word_1_646' title='bbox 1675 2077 1762 2107; x_wconf 64' lang='lat' dir='ltr'><strong>Jesus,</strong></span> 
     </span>
    </p>
   </div>
   <div class='ocr_carea' id='block_1_88' title="bbox 973 2123 1760 2164">
    <p class='ocr_par' dir='ltr' id='par_1_88' title="bbox 973 2123 1760 2164">
     <span class='ocr_line' id='line_1_88' title="bbox 973 2123 1760 2164; baseline -0.01 -8"><span class='ocrx_word' id='word_1_647' title='bbox 973 2129 1043 2164; x_wconf 84' lang='lat' dir='ltr'><strong>quod</strong></span> <span class='ocrx_word' id='word_1_648' title='bbox 1058 2136 1110 2155; x_wconf 82' lang='lat' dir='ltr'><strong>non</strong></span> <span class='ocrx_word' id='word_1_649' title='bbox 1127 2127 1254 2155; x_wconf 85' lang='lat' dir='ltr'><strong>moritur.</strong></span> <span class='ocrx_word' id='word_1_650' title='bbox 1271 2127 1330 2154; x_wconf 84' lang='lat' dir='ltr'><strong>Non</strong></span> <span class='ocrx_word' id='word_1_651' title='bbox 1346 2127 1419 2154; x_wconf 82' lang='lat' dir='ltr'><strong>enim</strong></span> <span class='ocrx_word' id='word_1_652' title='bbox 1448 2126 1502 2153; x_wconf 88' lang='lat' dir='ltr'><strong>hoc</strong></span> <span class='ocrx_word' id='word_1_653' title='bbox 1516 2126 1630 2153; x_wconf 81' lang='lat' dir='ltr'><strong>verbum</strong></span> <span class='ocrx_word' id='word_1_654' title='bbox 1648 2123 1760 2158; x_wconf 85' lang='lat' dir='ltr'><strong>protulit</strong></span> 
     </span>
    </p>
   </div>
   <div class='ocr_carea' id='block_1_89' title="bbox 972 2171 1763 2209">
    <p class='ocr_par' dir='ltr' id='par_1_89' title="bbox 972 2171 1763 2209">
     <span class='ocr_line' id='line_1_89' title="bbox 972 2171 1763 2209; baseline -0.01 -6"><span class='ocrx_word' id='word_1_655' title='bbox 972 2176 1065 2209; x_wconf 84' lang='lat' dir='ltr'><strong>Jesus,</strong></span> <span class='ocrx_word' id='word_1_656' title='bbox 1085 2175 1134 2202; x_wconf 86' lang='lat' dir='ltr'><strong>sed</strong></span> <span class='ocrx_word' id='word_1_657' title='bbox 1155 2174 1217 2202; x_wconf 88' lang='lat' dir='ltr'><strong>aliis</strong></span> <span class='ocrx_word' id='word_1_658' title='bbox 1232 2173 1326 2201; x_wconf 86' lang='lat' dir='ltr'><strong>verbis</strong></span> <span class='ocrx_word' id='word_1_659' title='bbox 1343 2180 1409 2200; x_wconf 89' lang='lat' dir='ltr'><strong>usus</strong></span> <span class='ocrx_word' id='word_1_660' title='bbox 1423 2177 1476 2200; x_wconf 86' lang='lat' dir='ltr'><strong>est.</strong></span> <span class='ocrx_word' id='word_1_661' title='bbox 1503 2171 1629 2205; x_wconf 83' lang='lat' dir='ltr'><strong>Quibus?</strong></span> <span class='ocrx_word' id='word_1_662' title='bbox 1645 2171 1691 2197; x_wconf 66' lang='lat' dir='ltr'><strong>Si:</strong></span> <span class='ocrx_word' id='word_1_663' title='bbox 1704 2178 1763 2197; x_wconf 73' lang='lat' dir='ltr'><strong>cuni</strong></span> 
     </span>
    </p>
   </div>
   <div class='ocr_carea' id='block_1_90' title="bbox 973 2215 1763 2250">
    <p class='ocr_par' dir='ltr' id='par_1_90' title="bbox 973 2215 1763 2250">
     <span class='ocr_line' id='line_1_90' title="bbox 973 2215 1763 2250; baseline -0.011 -1"><span class='ocrx_word' id='word_1_664' title='bbox 973 2222 1032 2250; x_wconf 79' lang='lat' dir='ltr'><strong>volo</strong></span> <span class='ocrx_word' id='word_1_665' title='bbox 1048 2229 1156 2249; x_wconf 81' lang='lat' dir='ltr'><strong>manere</strong></span> <span class='ocrx_word' id='word_1_666' title='bbox 1171 2220 1252 2247; x_wconf 77' lang='lat' dir='ltr'><strong>donec</strong></span> <span class='ocrx_word' id='word_1_667' title='bbox 1265 2219 1381 2246; x_wconf 73' lang='lat' dir='ltr'><strong>veniam.</strong></span> <span class='ocrx_word' id='word_1_668' title='bbox 1399 2216 1605 2250; x_wconf 83' lang='lat' dir='ltr'><strong>Animadverte,</strong></span> <span class='ocrx_word' id='word_1_669' title='bbox 1618 2215 1691 2250; x_wconf 82' lang='lat' dir='ltr'><strong>quod</strong></span> <span class='ocrx_word' id='word_1_670' title='bbox 1708 2223 1763 2241; x_wconf 86' lang='lat' dir='ltr'><strong>non</strong></span> 
     </span>
    </p>
   </div>
   <div class='ocr_carea' id='block_1_91' title="bbox 134 2260 1765 2299">
    <p class='ocr_par' dir='ltr' id='par_1_91' title="bbox 134 2260 1765 2299">
     <span class='ocr_line' id='line_1_91' title="bbox 134 2260 1765 2299; baseline -0.001 -9"><span class='ocrx_word' id='word_1_671' title='bbox 134 2264 259 2298; x_wconf 83' lang='lat' dir='ltr'><strong>corporis</strong></span> <span class='ocrx_word' id='word_1_672' title='bbox 277 2268 333 2290; x_wconf 91' lang='lat' dir='ltr'><strong>tum</strong></span> <span class='ocrx_word' id='word_1_673' title='bbox 352 2263 467 2298; x_wconf 88' lang='lat' dir='ltr'><strong>spiritus</strong></span> <span class='ocrx_word' id='word_1_674' title='bbox 481 2264 604 2297; x_wconf 86' lang='lat' dir='ltr'><strong>apprime</strong></span> <span class='ocrx_word' id='word_1_675' title='bbox 621 2264 753 2298; x_wconf 63' lang='lat' dir='ltr'><strong>praeditus</strong></span> <span class='ocrx_word' id='word_1_676' title='bbox 767 2268 794 2291; x_wconf 89' lang='lat' dir='ltr'><strong>et</strong></span> <span class='ocrx_word' id='word_1_677' title='bbox 813 2264 919 2291; x_wconf 73' lang='lat' dir='ltr'><strong>cteteris</strong></span> <span class='ocrx_word' id='word_1_678' title='bbox 933 2269 960 2299; x_wconf 87' lang='lat'><strong>1)</strong></span> <span class='ocrx_word' id='word_1_679' title='bbox 975 2267 1051 2295; x_wconf 71' lang='lat' dir='ltr'><strong>stetit</strong></span> <span class='ocrx_word' id='word_1_680' title='bbox 1073 2266 1192 2295; x_wconf 78' lang='lat' dir='ltr'><strong>Joannes</strong></span> <span class='ocrx_word' id='word_1_681' title='bbox 1209 2265 1245 2293; x_wconf 79' lang='lat' dir='ltr'><strong>ibi</strong></span> <span class='ocrx_word' id='word_1_682' title='bbox 1261 2284 1269 2297; x_wconf 89' lang='lat'><strong>,</strong></span> <span class='ocrx_word' id='word_1_683' title='bbox 1295 2263 1357 2291; x_wconf 86' lang='lat' dir='ltr'><strong>Non</strong></span> <span class='ocrx_word' id='word_1_684' title='bbox 1384 2263 1450 2290; x_wconf 71' lang='lat' dir='ltr'><strong>dixit</strong></span> <span class='ocrx_word' id='word_1_685' title='bbox 1467 2263 1491 2289; x_wconf 78' lang='lat' dir='ltr'><strong>ei</strong></span> <span class='ocrx_word' id='word_1_686' title='bbox 1518 2261 1595 2290; x_wconf 75' lang='lat' dir='ltr'><strong>Jesus</strong></span> <span class='ocrx_word' id='word_1_687' title='bbox 1621 2260 1691 2297; x_wconf 83' lang='lat' dir='ltr'><strong>quod</strong></span> <span class='ocrx_word' id='word_1_688' title='bbox 1713 2268 1765 2296; x_wconf 71' lang='lat' dir='ltr'><strong>nou</strong></span> 
     </span>
    </p>
   </div>
   <div class='ocr_carea' id='block_1_92' title="bbox 134 2309 920 2343">
    <p class='ocr_par' dir='ltr' id='par_1_92' title="bbox 134 2309 920 2343">
     <span class='ocr_line' id='line_1_92' title="bbox 134 2309 920 2343; baseline 0.003 -9"><span class='ocrx_word' id='word_1_689' title='bbox 134 2309 283 2336; x_wconf 80' lang='lat' dir='ltr'><strong>virtutibus</strong></span> <span class='ocrx_word' id='word_1_690' title='bbox 298 2316 434 2340; x_wconf 80' lang='lat' dir='ltr'><strong>summus,</strong></span> <span class='ocrx_word' id='word_1_691' title='bbox 450 2309 524 2343; x_wconf 89' lang='lat' dir='ltr'><strong>quod</strong></span> <span class='ocrx_word' id='word_1_692' title='bbox 542 2314 569 2336; x_wconf 86' lang='lat' dir='ltr'><strong>et</strong></span> <span class='ocrx_word' id='word_1_693' title='bbox 585 2309 734 2337; x_wconf 89' lang='lat' dir='ltr'><strong>dilectione</strong></span> <span class='ocrx_word' id='word_1_694' title='bbox 764 2309 870 2336; x_wconf 88' lang='lat' dir='ltr'><strong>Domini</strong></span> <span class='ocrx_word' id='word_1_695' title='bbox 891 2313 920 2336; x_wconf 88' lang='lat' dir='ltr'><strong>et</strong></span> 
     </span>
    </p>
   </div>
   <div class='ocr_carea' id='block_1_93' title="bbox 133 2354 918 2390">
    <p class='ocr_par' dir='ltr' id='par_1_93' title="bbox 133 2354 918 2390">
     <span class='ocr_line' id='line_1_93' title="bbox 133 2354 918 2390; baseline 0.001 -9"><span class='ocrx_word' id='word_1_696' title='bbox 133 2354 376 2382; x_wconf 85' lang='lat' dir='ltr'><strong>commendatione</strong></span> <span class='ocrx_word' id='word_1_697' title='bbox 389 2355 486 2382; x_wconf 81' lang='lat' dir='ltr'><strong>Matris</strong></span> <span class='ocrx_word' id='word_1_698' title='bbox 500 2355 559 2389; x_wconf 87' lang='lat' dir='ltr'><strong>ejus</strong></span> <span class='ocrx_word' id='word_1_699' title='bbox 572 2355 732 2390; x_wconf 83' lang='lat' dir='ltr'><strong>percipitur,</strong></span> <span class='ocrx_word' id='word_1_700' title='bbox 747 2363 918 2390; x_wconf 83' lang='lat' dir='ltr'><strong>nequaquam</strong></span> 
     </span>
    </p>
   </div>
   <div class='ocr_carea' id='block_1_94' title="bbox 132 2401 921 2437">
    <p class='ocr_par' dir='ltr' id='par_1_94' title="bbox 132 2401 921 2437">
     <span class='ocr_line' id='line_1_94' title="bbox 132 2401 921 2437; baseline 0.001 -10"><span class='ocrx_word' id='word_1_701' title='bbox 132 2401 158 2428; x_wconf 88' lang='lat' dir='ltr'><strong>id</strong></span> <span class='ocrx_word' id='word_1_702' title='bbox 171 2403 249 2437; x_wconf 89' lang='lat' dir='ltr'><strong>quod</strong></span> <span class='ocrx_word' id='word_1_703' title='bbox 270 2402 303 2428; x_wconf 90' lang='lat' dir='ltr'><strong>ad</strong></span> <span class='ocrx_word' id='word_1_704' title='bbox 316 2401 430 2437; x_wconf 77' lang='lat' dir='ltr'><strong>gloriam</strong></span> <span class='ocrx_word' id='word_1_705' title='bbox 447 2408 525 2429; x_wconf 89' lang='lat' dir='ltr'><strong>suam</strong></span> <span class='ocrx_word' id='word_1_706' title='bbox 547 2401 685 2436; x_wconf 83' lang='lat' dir='ltr'><strong>pertinere</strong></span> <span class='ocrx_word' id='word_1_707' title='bbox 702 2402 824 2433; x_wconf 85' lang='lat' dir='ltr'><strong>videbat.</strong></span> <span class='ocrx_word' id='word_1_708' title='bbox 840 2402 921 2429; x_wconf 89' lang='lat' dir='ltr'><strong>sociis</strong></span> 
     </span>
    </p>
   </div>
   <div class='ocr_carea' id='block_1_95' title="bbox 129 2447 921 2483">
    <p class='ocr_par' dir='ltr' id='par_1_95' title="bbox 129 2447 921 2483">
     <span class='ocr_line' id='line_1_95' title="bbox 129 2447 921 2483; baseline 0.003 -11"><span class='ocrx_word' id='word_1_709' title='bbox 129 2449 210 2480; x_wconf 81' lang='lat' dir='ltr'><strong>quasi</strong></span> <span class='ocrx_word' id='word_1_710' title='bbox 235 2448 421 2483; x_wconf 88' lang='lat' dir='ltr'><strong>jactabundns</strong></span> <span class='ocrx_word' id='word_1_711' title='bbox 447 2447 631 2482; x_wconf 63' lang='lat' dir='ltr'><strong>praedicasset.</strong></span> <span class='ocrx_word' id='word_1_712' title='bbox 658 2447 835 2482; x_wconf 83' lang='lat' dir='ltr'><strong>Relinquitur</strong></span> <span class='ocrx_word' id='word_1_713' title='bbox 856 2454 921 2482; x_wconf 79' lang='lat' dir='ltr'><strong>ergo</strong></span> 
     </span>
    </p>
   </div>
   <div class='ocr_carea' id='block_1_96' title="bbox 128 2494 922 2529">
    <p class='ocr_par' dir='ltr' id='par_1_96' title="bbox 128 2494 922 2529">
     <span class='ocr_line' id='line_1_96' title="bbox 128 2494 922 2529; baseline 0.003 -9"><span class='ocrx_word' id='word_1_714' title='bbox 128 2500 143 2520; x_wconf 88' lang='lat' dir='ltr'><strong>a</strong></span> <span class='ocrx_word' id='word_1_715' title='bbox 158 2494 244 2523; x_wconf 81' lang='lat' dir='ltr'><strong>Petro</strong></span> <span class='ocrx_word' id='word_1_716' title='bbox 260 2494 393 2522; x_wconf 87' lang='lat' dir='ltr'><strong>fratribus</strong></span> <span class='ocrx_word' id='word_1_717' title='bbox 408 2499 536 2521; x_wconf 89' lang='lat' dir='ltr'><strong>enarrata</strong></span> <span class='ocrx_word' id='word_1_718' title='bbox 555 2494 640 2529; x_wconf 67' lang='lat' dir='ltr'><strong>{uisse</strong></span> <span class='ocrx_word' id='word_1_719' title='bbox 656 2502 718 2529; x_wconf 74' lang='lat' dir='ltr'><strong>qure</strong></span> <span class='ocrx_word' id='word_1_720' title='bbox 737 2495 870 2522; x_wconf 89' lang='lat' dir='ltr'><strong>Dominus</strong></span> <span class='ocrx_word' id='word_1_721' title='bbox 890 2496 922 2522; x_wconf 85' lang='lat' dir='ltr'><strong>de</strong></span> 
     </span>
    </p>
   </div>
   <div class='ocr_carea' id='block_1_97' title="bbox 128 2539 921 2574">
    <p class='ocr_par' dir='ltr' id='par_1_97' title="bbox 128 2539 921 2574">
     <span class='ocr_line' id='line_1_97' title="bbox 128 2539 921 2574; baseline -0.001 -8"><span class='ocrx_word' id='word_1_722' title='bbox 128 2539 240 2568; x_wconf 87' lang='lat' dir='ltr'><strong>Joanne</strong></span> <span class='ocrx_word' id='word_1_723' title='bbox 261 2539 340 2566; x_wconf 83' lang='lat' dir='ltr'><strong>dixit.</strong></span> <span class='ocrx_word' id='word_1_724' title='bbox 359 2541 473 2567; x_wconf 86' lang='lat' dir='ltr'><strong>Petrum</strong></span> <span class='ocrx_word' id='word_1_725' title='bbox 494 2547 585 2567; x_wconf 88' lang='lat' dir='ltr'><strong>autem</strong></span> <span class='ocrx_word' id='word_1_726' title='bbox 613 2539 694 2566; x_wconf 83' lang='lat' dir='ltr'><strong>aliter</strong></span> <span class='ocrx_word' id='word_1_727' title='bbox 713 2539 814 2567; x_wconf 83' lang='lat' dir='ltr'><strong>dixisse</strong></span> <span class='ocrx_word' id='word_1_728' title='bbox 840 2547 921 2574; x_wconf 85' lang='lat' dir='ltr'><strong>quam</strong></span> 
     </span>
    </p>
   </div>
   <div class='ocr_carea' id='block_1_98' title="bbox 132 2585 924 2621">
    <p class='ocr_par' dir='ltr' id='par_1_98' title="bbox 132 2585 924 2621">
     <span class='ocr_line' id='line_1_98' title="bbox 132 2585 924 2621; baseline 0 -8"><span class='ocrx_word' id='word_1_729' title='bbox 132 2587 260 2613; x_wconf 78' lang='lat' dir='ltr'><strong>audierat</strong></span> <span class='ocrx_word' id='word_1_730' title='bbox 275 2585 352 2612; x_wconf 86' lang='lat' dir='ltr'><strong>nefas</strong></span> <span class='ocrx_word' id='word_1_731' title='bbox 363 2590 404 2612; x_wconf 86' lang='lat' dir='ltr'><strong>est</strong></span> <span class='ocrx_word' id='word_1_732' title='bbox 416 2586 504 2613; x_wconf 88' lang='lat' dir='ltr'><strong>dictu.</strong></span> <span class='ocrx_word' id='word_1_733' title='bbox 517 2585 588 2618; x_wconf 85' lang='lat' dir='ltr'><strong>Quid</strong></span> <span class='ocrx_word' id='word_1_734' title='bbox 601 2593 667 2621; x_wconf 81' lang='lat' dir='ltr'><strong>ergo</strong></span> <span class='ocrx_word' id='word_1_735' title='bbox 684 2586 778 2613; x_wconf 88' lang='lat' dir='ltr'><strong>retulit</strong></span> <span class='ocrx_word' id='word_1_736' title='bbox 790 2586 924 2613; x_wconf 77' lang='lat' dir='ltr'><strong>fratribus</strong></span> 
     </span>
    </p>
   </div>
   <div class='ocr_carea' id='block_1_99' title="bbox 136 2631 925 2664">
    <p class='ocr_par' dir='ltr' id='par_1_99' title="bbox 136 2631 925 2664">
     <span class='ocr_line' id='line_1_99' title="bbox 136 2631 925 2664; baseline 0.001 -7"><span class='ocrx_word' id='word_1_737' title='bbox 136 2631 254 2659; x_wconf 73' lang='lat' dir='ltr'><strong>Petrus?</strong></span> <span class='ocrx_word' id='word_1_738' title='bbox 270 2631 350 2664; x_wconf 85' lang='lat' dir='ltr'><strong>Quod</strong></span> <span class='ocrx_word' id='word_1_739' title='bbox 368 2632 499 2658; x_wconf 87' lang='lat' dir='ltr'><strong>Dominus</strong></span> <span class='ocrx_word' id='word_1_740' title='bbox 516 2632 550 2659; x_wconf 84' lang='lat' dir='ltr'><strong>de</strong></span> <span class='ocrx_word' id='word_1_741' title='bbox 571 2632 677 2660; x_wconf 89' lang='lat' dir='ltr'><strong>Joanne</strong></span> <span class='ocrx_word' id='word_1_742' title='bbox 693 2632 781 2660; x_wconf 82' lang='lat' dir='ltr'><strong>dixit:</strong></span> <span class='ocrx_word' id='word_1_743' title='bbox 801 2632 846 2659; x_wconf 82' lang='lat' dir='ltr'><strong>Sit:</strong></span> <span class='ocrx_word' id='word_1_744' title='bbox 865 2640 925 2658; x_wconf 74' lang='lat' dir='ltr'><strong>eum</strong></span> 
     </span>
    </p>
   </div>
   <div class='ocr_carea' id='block_1_100' title="bbox 136 2677 927 2710">
    <p class='ocr_par' dir='ltr' id='par_1_100' title="bbox 136 2677 927 2710">
     <span class='ocr_line' id='line_1_100' title="bbox 136 2677 927 2710; baseline -0.001 -5"><span class='ocrx_word' id='word_1_745' title='bbox 136 2678 194 2705; x_wconf 82' lang='lat' dir='ltr'><strong>volo</strong></span> <span class='ocrx_word' id='word_1_746' title='bbox 209 2685 316 2704; x_wconf 84' lang='lat' dir='ltr'><strong>manere</strong></span> <span class='ocrx_word' id='word_1_747' title='bbox 333 2677 416 2704; x_wconf 80' lang='lat' dir='ltr'><strong>donec</strong></span> <span class='ocrx_word' id='word_1_748' title='bbox 436 2678 553 2706; x_wconf 79' lang='lat' dir='ltr'><strong>veniam.</strong></span> <span class='ocrx_word' id='word_1_749' title='bbox 570 2678 599 2705; x_wconf 93' lang='lat' dir='ltr'><strong>ld</strong></span> <span class='ocrx_word' id='word_1_750' title='bbox 623 2685 636 2705; x_wconf 88' lang='lat' dir='ltr'><strong>a</strong></span> <span class='ocrx_word' id='word_1_751' title='bbox 657 2679 754 2710; x_wconf 80' lang='lat' dir='ltr'><strong>Petro,</strong></span> <span class='ocrx_word' id='word_1_752' title='bbox 776 2687 790 2706; x_wconf 89' lang='lat' dir='ltr'><strong>a</strong></span> <span class='ocrx_word' id='word_1_753' title='bbox 818 2678 927 2706; x_wconf 73' lang='lat' dir='ltr'><strong>cmteris</strong></span> 
     </span>
    </p>
   </div>
   <div class='ocr_carea' id='block_1_101' title="bbox 137 2723 925 2762">
    <p class='ocr_par' dir='ltr' id='par_1_101' title="bbox 137 2723 925 2762">
     <span class='ocr_line' id='line_1_101' title="bbox 137 2723 925 2762; baseline 0.001 -11"><span class='ocrx_word' id='word_1_754' title='bbox 137 2725 270 2752; x_wconf 77' lang='lat' dir='ltr'><strong>erunibus</strong></span> <span class='ocrx_word' id='word_1_755' title='bbox 282 2724 380 2752; x_wconf 87' lang='lat' dir='ltr'><strong>eodem</strong></span> <span class='ocrx_word' id='word_1_756' title='bbox 399 2723 568 2751; x_wconf 87' lang='lat' dir='ltr'><strong>intellectum</strong></span> <span class='ocrx_word' id='word_1_757' title='bbox 584 2725 668 2752; x_wconf 83' lang='lat' dir='ltr'><strong>modo</strong></span> <span class='ocrx_word' id='word_1_758' title='bbox 677 2725 739 2759; x_wconf 91' lang='lat' dir='ltr'><strong>fuit,</strong></span> <span class='ocrx_word' id='word_1_759' title='bbox 752 2727 825 2762; x_wconf 90' lang='lat' dir='ltr'><strong>quod</strong></span> <span class='ocrx_word' id='word_1_760' title='bbox 840 2726 925 2753; x_wconf 85' lang='lat' dir='ltr'><strong>disci-</strong></span> 
     </span>
    </p>
   </div>
   <div class='ocr_carea' id='block_1_102' title="bbox 139 2769 926 2807">
    <p class='ocr_par' dir='ltr' id='par_1_102' title="bbox 139 2769 926 2807">
     <span class='ocr_line' id='line_1_102' title="bbox 139 2769 926 2807; baseline 0.001 -10"><span class='ocrx_word' id='word_1_761' title='bbox 139 2771 221 2803; x_wconf 79' lang='lat' dir='ltr'><strong>pulus</strong></span> <span class='ocrx_word' id='word_1_762' title='bbox 240 2770 286 2797; x_wconf 91' lang='lat' dir='ltr'><strong>ille</strong></span> <span class='ocrx_word' id='word_1_763' title='bbox 307 2777 361 2797; x_wconf 91' lang='lat' dir='ltr'><strong>non</strong></span> <span class='ocrx_word' id='word_1_764' title='bbox 378 2769 505 2796; x_wconf 90' lang='lat' dir='ltr'><strong>moritur.</strong></span> <span class='ocrx_word' id='word_1_765' title='bbox 525 2770 617 2803; x_wconf 81' lang='lat' dir='ltr'><strong>Quare</strong></span> <span class='ocrx_word' id='word_1_766' title='bbox 634 2771 691 2806; x_wconf 85' lang='lat' dir='ltr'><strong>ipse</strong></span> <span class='ocrx_word' id='word_1_767' title='bbox 711 2779 821 2807; x_wconf 82' lang='lat' dir='ltr'><strong>quoque</strong></span> <span class='ocrx_word' id='word_1_768' title='bbox 837 2773 926 2799; x_wconf 84' lang='lat' dir='ltr'><strong>delin-</strong></span> 
     </span>
    </p>
   </div>
   <div class='ocr_carea' id='block_1_103' title="bbox 139 2816 931 2850">
    <p class='ocr_par' dir='ltr' id='par_1_103' title="bbox 139 2816 931 2850">
     <span class='ocr_line' id='line_1_103' title="bbox 139 2816 931 2850; baseline 0.003 -6"><span class='ocrx_word' id='word_1_769' title='bbox 139 2825 224 2850; x_wconf 88' lang='lat' dir='ltr'><strong>quere</strong></span> <span class='ocrx_word' id='word_1_770' title='bbox 242 2817 307 2844; x_wconf 91' lang='lat' dir='ltr'><strong>mihi</strong></span> <span class='ocrx_word' id='word_1_771' title='bbox 325 2816 444 2844; x_wconf 86' lang='lat' dir='ltr'><strong>viderer.</strong></span> <span class='ocrx_word' id='word_1_772' title='bbox 458 2816 480 2843; x_wconf 88' lang='lat' dir='ltr'><strong>si</strong></span> <span class='ocrx_word' id='word_1_773' title='bbox 498 2825 551 2843; x_wconf 92' lang='lat' dir='ltr'><strong>non</strong></span> <span class='ocrx_word' id='word_1_774' title='bbox 566 2818 601 2843; x_wconf 84' lang='lat' dir='ltr'><strong>ita</strong></span> <span class='ocrx_word' id='word_1_775' title='bbox 614 2817 688 2844; x_wconf 81' lang='lat' dir='ltr'><strong>hunc</strong></span> <span class='ocrx_word' id='word_1_776' title='bbox 703 2818 808 2846; x_wconf 85' lang='lat' dir='ltr'><strong>Domini</strong></span> <span class='ocrx_word' id='word_1_777' title='bbox 825 2827 931 2846; x_wconf 87' lang='lat' dir='ltr'><strong>sermo-</strong></span> 
     </span>
    </p>
   </div>
   <div class='ocr_carea' id='block_1_104' title="bbox 141 2861 930 2898">
    <p class='ocr_par' dir='ltr' id='par_1_104' title="bbox 141 2861 930 2898">
     <span class='ocr_line' id='line_1_104' title="bbox 141 2861 930 2898; baseline 0.005 -10"><span class='ocrx_word' id='word_1_778' title='bbox 141 2870 203 2890; x_wconf 89' lang='lat' dir='ltr'><strong>nem</strong></span> <span class='ocrx_word' id='word_1_779' title='bbox 230 2869 370 2898; x_wconf 83' lang='lat' dir='ltr'><strong>eapcrem,</strong></span> <span class='ocrx_word' id='word_1_780' title='bbox 392 2861 466 2889; x_wconf 87' lang='lat' dir='ltr'><strong>sicut</strong></span> <span class='ocrx_word' id='word_1_781' title='bbox 497 2869 593 2889; x_wconf 88' lang='lat' dir='ltr'><strong>omnes</strong></span> <span class='ocrx_word' id='word_1_782' title='bbox 610 2862 736 2898; x_wconf 83' lang='lat' dir='ltr'><strong>discipuli</strong></span> <span class='ocrx_word' id='word_1_783' title='bbox 758 2870 824 2892; x_wconf 85' lang='lat' dir='ltr'><strong>tunc</strong></span> <span class='ocrx_word' id='word_1_784' title='bbox 849 2866 930 2892; x_wconf 86' lang='lat' dir='ltr'><strong>intel-</strong></span> 
     </span>
    </p>
   </div>
   <div class='ocr_carea' id='block_1_105' title="bbox 143 2908 930 2946">
    <p class='ocr_par' dir='ltr' id='par_1_105' title="bbox 143 2908 930 2946">
     <span class='ocr_line' id='line_1_105' title="bbox 143 2908 930 2946; baseline 0.008 -11"><span class='ocrx_word' id='word_1_785' title='bbox 143 2909 279 2939; x_wconf 72' lang='lat' dir='ltr'><strong>lexerunt.</strong></span> <span class='ocrx_word' id='word_1_786' title='bbox 297 2908 387 2937; x_wconf 82' lang='lat' dir='ltr'><strong>Facile</strong></span> <span class='ocrx_word' id='word_1_787' title='bbox 410 2915 530 2944; x_wconf 84' lang='lat' dir='ltr'><strong>namque</strong></span> <span class='ocrx_word' id='word_1_788' title='bbox 549 2909 724 2946; x_wconf 76' lang='lat' dir='ltr'><strong>crediderim,</strong></span> <span class='ocrx_word' id='word_1_789' title='bbox 743 2912 870 2946; x_wconf 88' lang='lat' dir='ltr'><strong>quamvis</strong></span> <span class='ocrx_word' id='word_1_790' title='bbox 886 2912 930 2940; x_wconf 75' lang='lat' dir='ltr'><strong>die</strong></span> 
     </span>
    </p>
   </div>
   <div class='ocr_carea' id='block_1_106' title="bbox 976 2308 1764 2347">
    <p class='ocr_par' dir='ltr' id='par_1_106' title="bbox 976 2308 1764 2347">
     <span class='ocr_line' id='line_1_106' title="bbox 976 2308 1764 2347; baseline -0.01 -7"><span class='ocrx_word' id='word_1_791' title='bbox 976 2314 1110 2344; x_wconf 75' lang='lat' dir='ltr'><strong>moritur,-</strong></span> <span class='ocrx_word' id='word_1_792' title='bbox 1125 2312 1247 2340; x_wconf 86' lang='lat' dir='ltr'><strong>stetisset</strong></span> <span class='ocrx_word' id='word_1_793' title='bbox 1264 2316 1356 2339; x_wconf 88' lang='lat' dir='ltr'><strong>autem</strong></span> <span class='ocrx_word' id='word_1_794' title='bbox 1382 2310 1404 2337; x_wconf 92' lang='lat' dir='ltr'><strong>si</strong></span> <span class='ocrx_word' id='word_1_795' title='bbox 1422 2316 1479 2336; x_wconf 88' lang='lat' dir='ltr'><strong>rem</strong></span> <span class='ocrx_word' id='word_1_796' title='bbox 1501 2308 1587 2347; x_wconf 82' lang='lat' dir='ltr'><strong>ipsam</strong></span> <span class='ocrx_word' id='word_1_797' title='bbox 1603 2315 1703 2342; x_wconf 76' lang='lat' dir='ltr'><strong>negare</strong></span> <span class='ocrx_word' id='word_1_798' title='bbox 1715 2315 1764 2333; x_wconf 81' lang='lat' dir='ltr'><strong>vo-</strong></span> 
     </span>
    </p>
   </div>
   <div class='ocr_carea' id='block_1_107' title="bbox 977 2352 1765 2391">
    <p class='ocr_par' dir='ltr' id='par_1_107' title="bbox 977 2352 1765 2391">
     <span class='ocr_line' id='line_1_107' title="bbox 977 2352 1765 2391; baseline -0.014 -4"><span class='ocrx_word' id='word_1_799' title='bbox 977 2359 1087 2388; x_wconf 88' lang='lat' dir='ltr'><strong>luisset.</strong></span> <span class='ocrx_word' id='word_1_800' title='bbox 1102 2357 1155 2386; x_wconf 88' lang='lat' dir='ltr'><strong>Sed</strong></span> <span class='ocrx_word' id='word_1_801' title='bbox 1173 2357 1289 2390; x_wconf 87' lang='lat' dir='ltr'><strong>addidit,</strong></span> <span class='ocrx_word' id='word_1_802' title='bbox 1313 2355 1376 2391; x_wconf 78' lang='lat' dir='ltr'><strong>Sed,</strong></span> <span class='ocrx_word' id='word_1_803' title='bbox 1397 2354 1507 2390; x_wconf 80' lang='lat' dir='ltr'><strong>supple.</strong></span> <span class='ocrx_word' id='word_1_804' title='bbox 1524 2353 1590 2380; x_wconf 71' lang='lat' dir='ltr'><strong>dixit</strong></span> <span class='ocrx_word' id='word_1_805' title='bbox 1616 2361 1624 2379; x_wconf 96' lang='lat'><em>:</em></span> <span class='ocrx_word' id='word_1_806' title='bbox 1646 2352 1689 2380; x_wconf 78' lang='lat' dir='ltr'><strong>Sic</strong></span> <span class='ocrx_word' id='word_1_807' title='bbox 1706 2360 1765 2378; x_wconf 81' lang='lat' dir='ltr'><strong>eum</strong></span> 
     </span>
    </p>
   </div>
   <div class='ocr_carea' id='block_1_108' title="bbox 977 2398 1768 2438">
    <p class='ocr_par' dir='ltr' id='par_1_108' title="bbox 977 2398 1768 2438">
     <span class='ocr_line' id='line_1_108' title="bbox 977 2398 1768 2438; baseline -0.015 -4"><span class='ocrx_word' id='word_1_808' title='bbox 977 2406 1036 2433; x_wconf 82' lang='lat' dir='ltr'><strong>volo</strong></span> <span class='ocrx_word' id='word_1_809' title='bbox 1059 2413 1166 2433; x_wconf 80' lang='lat' dir='ltr'><strong>manere</strong></span> <span class='ocrx_word' id='word_1_810' title='bbox 1182 2426 1190 2438; x_wconf 89' lang='lat'><strong>,</strong></span> <span class='ocrx_word' id='word_1_811' title='bbox 1221 2404 1304 2431; x_wconf 78' lang='lat' dir='ltr'><strong>donec</strong></span> <span class='ocrx_word' id='word_1_812' title='bbox 1329 2403 1444 2430; x_wconf 76' lang='lat' dir='ltr'><strong>veni/tm.</strong></span> <span class='ocrx_word' id='word_1_813' title='bbox 1460 2400 1601 2429; x_wconf 82' lang='lat' dir='ltr'><strong>Sermonis</strong></span> <span class='ocrx_word' id='word_1_814' title='bbox 1629 2398 1714 2434; x_wconf 74' lang='lat' dir='ltr'><strong>igitur</strong></span> <span class='ocrx_word' id='word_1_815' title='bbox 1740 2403 1768 2423; x_wconf 80' lang='lat' dir='ltr'><strong>et</strong></span> 
     </span>
    </p>
   </div>
   <div class='ocr_carea' id='block_1_109' title="bbox 979 2445 1767 2481">
    <p class='ocr_par' dir='ltr' id='par_1_109' title="bbox 979 2445 1767 2481">
     <span class='ocr_line' id='line_1_109' title="bbox 979 2445 1767 2481; baseline -0.014 -1"><span class='ocrx_word' id='word_1_816' title='bbox 979 2453 1127 2481; x_wconf 92' lang='lat' dir='ltr'><strong>verborum</strong></span> <span class='ocrx_word' id='word_1_817' title='bbox 1142 2452 1318 2480; x_wconf 84' lang='lat' dir='ltr'><strong>collationem</strong></span> <span class='ocrx_word' id='word_1_818' title='bbox 1344 2450 1423 2480; x_wconf 81' lang='lat' dir='ltr'><strong>facit.</strong></span> <span class='ocrx_word' id='word_1_819' title='bbox 1439 2456 1495 2476; x_wconf 90' lang='lat' dir='ltr'><strong>non</strong></span> <span class='ocrx_word' id='word_1_820' title='bbox 1520 2454 1624 2474; x_wconf 88' lang='lat' dir='ltr'><strong>rermn.</strong></span> <span class='ocrx_word' id='word_1_821' title='bbox 1648 2445 1716 2473; x_wconf 78' lang='lat' dir='ltr'><strong>Nam</strong></span> <span class='ocrx_word' id='word_1_822' title='bbox 1745 2445 1767 2470; x_wconf 79' lang='lat' dir='ltr'><strong>si</strong></span> 
     </span>
    </p>
   </div>
   <div class='ocr_carea' id='block_1_110' title="bbox 981 2490 1768 2527">
    <p class='ocr_par' dir='ltr' id='par_1_110' title="bbox 981 2490 1768 2527">
     <span class='ocr_line' id='line_1_110' title="bbox 981 2490 1768 2527; baseline -0.015 0"><span class='ocrx_word' id='word_1_823' title='bbox 981 2507 1074 2527; x_wconf 87' lang='lat' dir='ltr'><strong>rerum</strong></span> <span class='ocrx_word' id='word_1_824' title='bbox 1098 2499 1186 2526; x_wconf 85' lang='lat' dir='ltr'><strong>faccre</strong></span> <span class='ocrx_word' id='word_1_825' title='bbox 1210 2497 1387 2525; x_wconf 87' lang='lat' dir='ltr'><strong>collationem</strong></span> <span class='ocrx_word' id='word_1_826' title='bbox 1405 2494 1556 2523; x_wconf 84' lang='lat' dir='ltr'><strong>voluisset.</strong></span> <span class='ocrx_word' id='word_1_827' title='bbox 1583 2491 1650 2519; x_wconf 85' lang='lat' dir='ltr'><strong>illud</strong></span> <span class='ocrx_word' id='word_1_828' title='bbox 1679 2490 1768 2518; x_wconf 91' lang='lat' dir='ltr'><strong>solum</strong></span> 
     </span>
    </p>
   </div>
   <div class='ocr_carea' id='block_1_111' title="bbox 979 2537 1770 2579">
    <p class='ocr_par' dir='ltr' id='par_1_111' title="bbox 979 2537 1770 2579">
     <span class='ocr_line' id='line_1_111' title="bbox 979 2537 1770 2579; baseline -0.011 -7"><span class='ocrx_word' id='word_1_829' title='bbox 979 2546 1136 2579; x_wconf 84' lang='lat' dir='ltr'><strong>scripsisset</strong></span> <span class='ocrx_word' id='word_1_830' title='bbox 1154 2553 1161 2571; x_wconf 89' lang='lat'>:</span> <span class='ocrx_word' id='word_1_831' title='bbox 1177 2544 1238 2571; x_wconf 81' lang='lat' dir='ltr'><strong>Non</strong></span> <span class='ocrx_word' id='word_1_832' title='bbox 1254 2543 1324 2570; x_wconf 89' lang='lat' dir='ltr'><strong>dixit</strong></span> <span class='ocrx_word' id='word_1_833' title='bbox 1339 2543 1363 2569; x_wconf 87' lang='lat' dir='ltr'><strong>ei</strong></span> <span class='ocrx_word' id='word_1_834' title='bbox 1384 2541 1457 2576; x_wconf 79' lang='lat' dir='ltr'><strong>quod</strong></span> <span class='ocrx_word' id='word_1_835' title='bbox 1481 2547 1535 2567; x_wconf 90' lang='lat' dir='ltr'><strong>non</strong></span> <span class='ocrx_word' id='word_1_836' title='bbox 1555 2538 1692 2570; x_wconf 81' lang='lat' dir='ltr'><strong>moritur;</strong></span> <span class='ocrx_word' id='word_1_837' title='bbox 1717 2537 1770 2564; x_wconf 76' lang='lat' dir='ltr'><strong>hoc</strong></span> 
     </span>
    </p>
   </div>
   <div class='ocr_carea' id='block_1_112' title="bbox 983 2584 1770 2621">
    <p class='ocr_par' dir='ltr' id='par_1_112' title="bbox 983 2584 1770 2621">
     <span class='ocr_line' id='line_1_112' title="bbox 983 2584 1770 2621; baseline -0.014 -2"><span class='ocrx_word' id='word_1_838' title='bbox 983 2592 1056 2619; x_wconf 86' lang='lat' dir='ltr'><strong>enim</strong></span> <span class='ocrx_word' id='word_1_839' title='bbox 1079 2591 1115 2618; x_wconf 89' lang='lat' dir='ltr'><strong>ita</strong></span> <span class='ocrx_word' id='word_1_840' title='bbox 1138 2591 1242 2618; x_wconf 89' lang='lat' dir='ltr'><strong>dictum</strong></span> <span class='ocrx_word' id='word_1_841' title='bbox 1258 2609 1266 2621; x_wconf 85' lang='lat'><strong>,</strong></span> <span class='ocrx_word' id='word_1_842' title='bbox 1293 2589 1385 2617; x_wconf 89' lang='lat' dir='ltr'><strong>statim</strong></span> <span class='ocrx_word' id='word_1_843' title='bbox 1407 2587 1529 2615; x_wconf 83' lang='lat' dir='ltr'><strong>ostendit</strong></span> <span class='ocrx_word' id='word_1_844' title='bbox 1543 2585 1615 2620; x_wconf 89' lang='lat' dir='ltr'><strong>quod</strong></span> <span class='ocrx_word' id='word_1_845' title='bbox 1643 2584 1770 2611; x_wconf 83' lang='lat' dir='ltr'><strong>moritur.</strong></span> 
     </span>
    </p>
   </div>
   <div class='ocr_carea' id='block_1_113' title="bbox 983 2629 1770 2670">
    <p class='ocr_par' dir='ltr' id='par_1_113' title="bbox 983 2629 1770 2670">
     <span class='ocr_line' id='line_1_113' title="bbox 983 2629 1770 2670; baseline -0.008 -8"><span class='ocrx_word' id='word_1_846' title='bbox 983 2637 1048 2668; x_wconf 80' lang='lat' dir='ltr'><strong>Sed,</strong></span> <span class='ocrx_word' id='word_1_847' title='bbox 1067 2636 1125 2663; x_wconf 81' lang='lat' dir='ltr'><strong>Non</strong></span> <span class='ocrx_word' id='word_1_848' title='bbox 1137 2636 1203 2663; x_wconf 62' lang='lat' dir='ltr'><strong>dixit</strong></span> <span class='ocrx_word' id='word_1_849' title='bbox 1215 2635 1283 2670; x_wconf 80' lang='lat' dir='ltr'><strong>quod</strong></span> <span class='ocrx_word' id='word_1_850' title='bbox 1300 2643 1352 2662; x_wconf 82' lang='lat' dir='ltr'><strong>non</strong></span> <span class='ocrx_word' id='word_1_851' title='bbox 1368 2634 1492 2664; x_wconf 81' lang='lat' dir='ltr'><strong>moritur,</strong></span> <span class='ocrx_word' id='word_1_852' title='bbox 1511 2632 1612 2666; x_wconf 84' lang='lat' dir='ltr'><strong>inquit,</strong></span> <span class='ocrx_word' id='word_1_853' title='bbox 1627 2630 1672 2657; x_wconf 81' lang='lat' dir='ltr'><strong>scd</strong></span> <span class='ocrx_word' id='word_1_854' title='bbox 1688 2629 1770 2659; x_wconf 80' lang='lat' dir='ltr'><strong>dixit.</strong></span> 
     </span>
    </p>
   </div>
   <div class='ocr_carea' id='block_1_114' title="bbox 984 2675 1772 2713">
    <p class='ocr_par' dir='ltr' id='par_1_114' title="bbox 984 2675 1772 2713">
     <span class='ocr_line' id='line_1_114' title="bbox 984 2675 1772 2713; baseline -0.011 -3"><span class='ocrx_word' id='word_1_855' title='bbox 984 2683 1027 2711; x_wconf 78' lang='lat' dir='ltr'><strong>Sic</strong></span> <span class='ocrx_word' id='word_1_856' title='bbox 1039 2691 1098 2709; x_wconf 86' lang='lat' dir='ltr'><strong>eum</strong></span> <span class='ocrx_word' id='word_1_857' title='bbox 1112 2681 1168 2709; x_wconf 82' lang='lat' dir='ltr'><strong>volo</strong></span> <span class='ocrx_word' id='word_1_858' title='bbox 1185 2689 1291 2709; x_wconf 83' lang='lat' dir='ltr'><strong>manere</strong></span> <span class='ocrx_word' id='word_1_859' title='bbox 1302 2684 1382 2708; x_wconf 82' lang='lat' dir='ltr'><strong>donec</strong></span> <span class='ocrx_word' id='word_1_860' title='bbox 1393 2680 1508 2712; x_wconf 84' lang='lat' dir='ltr'><strong>veniant,</strong></span> <span class='ocrx_word' id='word_1_861' title='bbox 1521 2678 1585 2713; x_wconf 78' lang='lat' dir='ltr'><strong>quid</strong></span> <span class='ocrx_word' id='word_1_862' title='bbox 1597 2677 1631 2704; x_wconf 82' lang='lat' dir='ltr'><strong>ad</strong></span> <span class='ocrx_word' id='word_1_863' title='bbox 1645 2681 1668 2703; x_wconf 76' lang='lat' dir='ltr'><strong>te</strong></span> <span class='ocrx_word' id='word_1_864' title='bbox 1679 2676 1691 2702; x_wconf 75' lang='grc' dir='ltr'><strong>Ξ)</strong></span> <span class='ocrx_word' id='word_1_865' title='bbox 1707 2675 1772 2703; x_wconf 81' lang='lat' dir='ltr'><strong>Per-</strong></span> 
     </span>
    </p>
   </div>
   <div class='ocr_carea' id='block_1_115' title="bbox 984 2723 1770 2763">
    <p class='ocr_par' dir='ltr' id='par_1_115' title="bbox 984 2723 1770 2763">
     <span class='ocr_line' id='line_1_115' title="bbox 984 2723 1770 2763; baseline -0.009 -7"><span class='ocrx_word' id='word_1_866' title='bbox 984 2729 1110 2763; x_wconf 88' lang='lat' dir='ltr'><strong>spicuum</strong></span> <span class='ocrx_word' id='word_1_867' title='bbox 1135 2735 1200 2761; x_wconf 73' lang='lat' dir='ltr'><strong>ergo</strong></span> <span class='ocrx_word' id='word_1_868' title='bbox 1215 2731 1276 2759; x_wconf 81' lang='lat' dir='ltr'><strong>est,</strong></span> <span class='ocrx_word' id='word_1_869' title='bbox 1300 2726 1449 2754; x_wconf 85' lang='lat' dir='ltr'><strong>verborum</strong></span> <span class='ocrx_word' id='word_1_870' title='bbox 1473 2725 1564 2760; x_wconf 90' lang='lat' dir='ltr'><strong>ipsum</strong></span> <span class='ocrx_word' id='word_1_871' title='bbox 1592 2723 1770 2751; x_wconf 81' lang='lat' dir='ltr'><strong>collationem</strong></span> 
     </span>
    </p>
   </div>
   <div class='ocr_carea' id='block_1_116' title="bbox 986 2770 1772 2808">
    <p class='ocr_par' dir='ltr' id='par_1_116' title="bbox 986 2770 1772 2808">
     <span class='ocr_line' id='line_1_116' title="bbox 986 2770 1772 2808; baseline -0.006 -7"><span class='ocrx_word' id='word_1_872' title='bbox 986 2774 1086 2806; x_wconf 70' lang='lat' dir='ltr'><strong>facere,</strong></span> <span class='ocrx_word' id='word_1_873' title='bbox 1102 2782 1158 2801; x_wconf 90' lang='lat' dir='ltr'><strong>non</strong></span> <span class='ocrx_word' id='word_1_874' title='bbox 1174 2781 1280 2804; x_wconf 90' lang='lat' dir='ltr'><strong>rerum.</strong></span> <span class='ocrx_word' id='word_1_875' title='bbox 1301 2773 1428 2808; x_wconf 81' lang='lat' dir='ltr'><strong>quamvis</strong></span> <span class='ocrx_word' id='word_1_876' title='bbox 1450 2771 1479 2800; x_wconf 79' lang='lat' dir='ltr'><strong>et</strong></span> <span class='ocrx_word' id='word_1_877' title='bbox 1493 2779 1585 2800; x_wconf 88' lang='lat' dir='ltr'><strong>rerum</strong></span> <span class='ocrx_word' id='word_1_878' title='bbox 1607 2770 1700 2798; x_wconf 85' lang='lat' dir='ltr'><strong>dicere</strong></span> <span class='ocrx_word' id='word_1_879' title='bbox 1717 2777 1772 2797; x_wconf 88' lang='lat' dir='ltr'><strong>non</strong></span> 
     </span>
    </p>
   </div>
   <div class='ocr_carea' id='block_1_117' title="bbox 987 2818 1773 2853">
    <p class='ocr_par' dir='ltr' id='par_1_117' title="bbox 987 2818 1773 2853">
     <span class='ocr_line' id='line_1_117' title="bbox 987 2818 1773 2853; baseline -0.005 -5"><span class='ocrx_word' id='word_1_880' title='bbox 987 2820 1096 2848; x_wconf 84' lang='lat' dir='ltr'><strong>dubito.</strong></span> <span class='ocrx_word' id='word_1_881' title='bbox 1114 2819 1190 2847; x_wconf 82' lang='lat' dir='ltr'><strong>Alter</strong></span> <span class='ocrx_word' id='word_1_882' title='bbox 1206 2819 1279 2847; x_wconf 90' lang='lat' dir='ltr'><strong>enim</strong></span> <span class='ocrx_word' id='word_1_883' title='bbox 1299 2827 1390 2846; x_wconf 89' lang='lat' dir='ltr'><strong>sermo</strong></span> <span class='ocrx_word' id='word_1_884' title='bbox 1412 2824 1529 2846; x_wconf 88' lang='lat' dir='ltr'><strong>mortem</strong></span> <span class='ocrx_word' id='word_1_885' title='bbox 1549 2818 1662 2845; x_wconf 80' lang='lat' dir='ltr'><strong>omnino</strong></span> <span class='ocrx_word' id='word_1_886' title='bbox 1682 2823 1773 2853; x_wconf 72' lang='lat' dir='ltr'><strong>negat,</strong></span> 
     </span>
    </p>
   </div>
   <div class='ocr_carea' id='block_1_118' title="bbox 987 2863 1775 2901">
    <p class='ocr_par' dir='ltr' id='par_1_118' title="bbox 987 2863 1775 2901">
     <span class='ocr_line' id='line_1_118' title="bbox 987 2863 1775 2901; baseline -0.006 -8"><span class='ocrx_word' id='word_1_887' title='bbox 987 2865 1061 2901; x_wconf 89' lang='lat' dir='ltr'><strong>quod</strong></span> <span class='ocrx_word' id='word_1_888' title='bbox 1079 2866 1210 2900; x_wconf 87' lang='lat' dir='ltr'><strong>quoniam</strong></span> <span class='ocrx_word' id='word_1_889' title='bbox 1227 2864 1324 2891; x_wconf 86' lang='lat' dir='ltr'><strong>falsum</strong></span> <span class='ocrx_word' id='word_1_890' title='bbox 1340 2868 1382 2891; x_wconf 87' lang='lat' dir='ltr'><strong>est.</strong></span> <span class='ocrx_word' id='word_1_891' title='bbox 1400 2871 1453 2891; x_wconf 91' lang='lat' dir='ltr'><strong>non</strong></span> <span class='ocrx_word' id='word_1_892' title='bbox 1473 2863 1551 2895; x_wconf 84' lang='lat' dir='ltr'><strong>dixit.</strong></span> <span class='ocrx_word' id='word_1_893' title='bbox 1562 2863 1621 2891; x_wconf 86' lang='lat' dir='ltr'><strong>Non</strong></span> <span class='ocrx_word' id='word_1_894' title='bbox 1633 2864 1752 2891; x_wconf 85' lang='lat' dir='ltr'><strong>moritur</strong></span> <span class='ocrx_word' id='word_1_895' title='bbox 1769 2870 1775 2894; x_wconf 83' lang='lat'><strong>;</strong></span> 
     </span>
    </p>
   </div>
   <div class='ocr_carea' id='block_1_119' title="bbox 989 2910 1775 2948">
    <p class='ocr_par' dir='ltr' id='par_1_119' title="bbox 989 2910 1775 2948">
     <span class='ocr_line' id='line_1_119' title="bbox 989 2910 1775 2948; baseline -0.006 -8"><span class='ocrx_word' id='word_1_896' title='bbox 989 2913 1066 2946; x_wconf 83' lang='lat' dir='ltr'><strong>alter,</strong></span> <span class='ocrx_word' id='word_1_897' title='bbox 1084 2910 1194 2948; x_wconf 85' lang='lat' dir='ltr'><strong>quando</strong></span> <span class='ocrx_word' id='word_1_898' title='bbox 1210 2910 1362 2939; x_wconf 87' lang='lat' dir='ltr'><strong>moriturus</strong></span> <span class='ocrx_word' id='word_1_899' title='bbox 1373 2915 1426 2943; x_wconf 82' lang='lat' dir='ltr'><strong>est,</strong></span> <span class='ocrx_word' id='word_1_900' title='bbox 1438 2911 1576 2943; x_wconf 85' lang='lat' dir='ltr'><strong>ostendit;</strong></span> <span class='ocrx_word' id='word_1_901' title='bbox 1596 2910 1688 2938; x_wconf 86' lang='lat' dir='ltr'><strong>Donec</strong></span> <span class='ocrx_word' id='word_1_902' title='bbox 1703 2911 1775 2937; x_wconf 87' lang='lat' dir='ltr'><strong>enim</strong></span> 
     </span>
    </p>
   </div>
  </div>
