  <div class='ocr_page' id='page_1' title='image "/cluster/home/n/w/nwhite01/storage/ocr_20150623/161/njp.32101077773255/565.png"; bbox 0 0 1916 3057; ppageno 0'>
   <div class='ocr_carea' id='block_1_1' title="bbox 159 143 212 174">
    <p class='ocr_par' dir='ltr' id='par_1_1' title="bbox 159 143 212 174">
     <span class='ocr_line' id='line_1_1' title="bbox 159 143 212 174; baseline 0 0"><span class='ocrx_word' id='word_1_1' title='bbox 159 143 212 174; x_wconf 84' lang='grc'>875</span> 
     </span>
    </p>
   </div>
   <div class='ocr_carea' id='block_1_2' title="bbox 726 141 1197 173">
    <p class='ocr_par' dir='ltr' id='par_1_2' title="bbox 726 141 1197 173">
     <span class='ocr_line' id='line_1_2' title="bbox 726 141 1197 173; baseline 0 0"><span class='ocrx_word' id='word_1_2' title='bbox 726 164 728 166; x_wconf 60' lang='grc' dir='ltr'><strong><em>τ</em></strong></span> <span class='ocrx_word' id='word_1_3' title='bbox 752 142 912 173; x_wconf 74' lang='lat' dir='ltr'><strong>GEORGII</strong></span> <span class='ocrx_word' id='word_1_4' title='bbox 935 141 1197 173; x_wconf 77' lang='lat' dir='ltr'><strong>TliAPEZUNTiI</strong></span> 
     </span>
    </p>
   </div>
   <div class='ocr_carea' id='block_1_3' title="bbox 1724 144 1788 176">
    <p class='ocr_par' dir='ltr' id='par_1_3' title="bbox 1724 144 1788 176">
     <span class='ocr_line' id='line_1_3' title="bbox 1724 144 1788 176; baseline 0.016 -1"><span class='ocrx_word' id='word_1_5' title='bbox 1724 144 1788 176; x_wconf 70' lang='lat'><strong>:876</strong></span> 
     </span>
    </p>
   </div>
   <div class='ocr_carea' id='block_1_4' title="bbox 159 187 1786 234">
    <p class='ocr_par' dir='ltr' id='par_1_4' title="bbox 159 187 1786 234">
     <span class='ocr_line' id='line_1_4' title="bbox 159 187 1786 234; baseline -0.001 -7"><span class='ocrx_word' id='word_1_6' title='bbox 159 187 267 231; x_wconf 81' lang='lat' dir='ltr'><strong>veniam</strong></span> <span class='ocrx_word' id='word_1_7' title='bbox 283 198 395 234; x_wconf 82' lang='lat' dir='ltr'><strong>(inquit)</strong></span> <span class='ocrx_word' id='word_1_8' title='bbox 409 198 472 230; x_wconf 88' lang='lat' dir='ltr'><strong>volo</strong></span> <span class='ocrx_word' id='word_1_9' title='bbox 488 198 578 234; x_wconf 89' lang='lat' dir='ltr'><strong>ipsum</strong></span> <span class='ocrx_word' id='word_1_10' title='bbox 595 199 636 227; x_wconf 90' lang='lat' dir='ltr'><strong>sic</strong></span> <span class='ocrx_word' id='word_1_11' title='bbox 651 206 776 230; x_wconf 69' lang='lat' dir='ltr'><strong>Inunere,</strong></span> <span class='ocrx_word' id='word_1_12' title='bbox 802 204 886 233; x_wconf 85' lang='lat' dir='ltr'><strong>atque</strong></span> <span class='ocrx_word' id='word_1_13' title='bbox 904 201 946 225; x_wconf 86' lang='lat' dir='ltr'><strong>vi-</strong></span> <span class='ocrx_word' id='word_1_14' title='bbox 960 199 986 227; x_wconf 74' lang='grc' dir='ltr'><em>Α</em></span> <span class='ocrx_word' id='word_1_15' title='bbox 1001 205 1064 225; x_wconf 80' lang='lat' dir='ltr'><strong>vere</strong></span> <span class='ocrx_word' id='word_1_16' title='bbox 1093 204 1121 226; x_wconf 88' lang='lat' dir='ltr'><strong>et</strong></span> <span class='ocrx_word' id='word_1_17' title='bbox 1146 198 1275 233; x_wconf 78' lang='lat' dir='ltr'><strong>decipere</strong></span> <span class='ocrx_word' id='word_1_18' title='bbox 1288 198 1410 231; x_wconf 74' lang='lat' dir='ltr'><strong>scilicet.</strong></span> <span class='ocrx_word' id='word_1_19' title='bbox 1430 205 1462 227; x_wconf 79' lang='lat' dir='ltr'><strong>ac</strong></span> <span class='ocrx_word' id='word_1_20' title='bbox 1479 198 1506 226; x_wconf 91' lang='lat' dir='ltr'><strong>in</strong></span> <span class='ocrx_word' id='word_1_21' title='bbox 1529 205 1655 227; x_wconf 83' lang='lat' dir='ltr'><strong>errorem</strong></span> <span class='ocrx_word' id='word_1_22' title='bbox 1676 198 1786 226; x_wconf 88' lang='lat' dir='ltr'><strong>demum</strong></span> 
     </span>
    </p>
   </div>
   <div class='ocr_carea' id='block_1_5' title="bbox 159 246 946 281">
    <p class='ocr_par' dir='ltr' id='par_1_5' title="bbox 159 246 946 281">
     <span class='ocr_line' id='line_1_5' title="bbox 159 246 946 281; baseline -0.001 -8"><span class='ocrx_word' id='word_1_23' title='bbox 159 254 224 273; x_wconf 82' lang='lat' dir='ltr'><strong>vere</strong></span> <span class='ocrx_word' id='word_1_24' title='bbox 244 246 361 274; x_wconf 87' lang='lat' dir='ltr'><strong>scilicet.</strong></span> <span class='ocrx_word' id='word_1_25' title='bbox 380 246 454 278; x_wconf 87' lang='lat' dir='ltr'><strong>Quas</strong></span> <span class='ocrx_word' id='word_1_26' title='bbox 470 246 506 273; x_wconf 92' lang='lat' dir='ltr'><strong>ob</strong></span> <span class='ocrx_word' id='word_1_27' title='bbox 523 254 568 273; x_wconf 80' lang='lat' dir='ltr'><strong>res</strong></span> <span class='ocrx_word' id='word_1_28' title='bbox 581 247 603 273; x_wconf 88' lang='lat' dir='ltr'><strong>si</strong></span> <span class='ocrx_word' id='word_1_29' title='bbox 621 246 683 281; x_wconf 85' lang='lat' dir='ltr'><strong>quis</strong></span> <span class='ocrx_word' id='word_1_30' title='bbox 699 246 848 280; x_wconf 71' lang='lat' dir='ltr'><strong>diligenter</strong></span> <span class='ocrx_word' id='word_1_31' title='bbox 858 246 946 273; x_wconf 85' lang='lat' dir='ltr'><strong>Evan-</strong></span> 
     </span>
    </p>
   </div>
   <div class='ocr_carea' id='block_1_6' title="bbox 157 291 947 326">
    <p class='ocr_par' dir='ltr' id='par_1_6' title="bbox 157 291 947 326">
     <span class='ocr_line' id='line_1_6' title="bbox 157 291 947 326; baseline 0 -8"><span class='ocrx_word' id='word_1_32' title='bbox 157 292 221 326; x_wconf 72' lang='lat' dir='ltr'><strong>gelii</strong></span> <span class='ocrx_word' id='word_1_33' title='bbox 239 292 324 319; x_wconf 87' lang='lat' dir='ltr'><strong>verba</strong></span> <span class='ocrx_word' id='word_1_34' title='bbox 342 293 493 326; x_wconf 89' lang='lat' dir='ltr'><strong>examinet,</strong></span> <span class='ocrx_word' id='word_1_35' title='bbox 505 297 532 320; x_wconf 83' lang='lat' dir='ltr'><strong>et</strong></span> <span class='ocrx_word' id='word_1_36' title='bbox 545 293 680 320; x_wconf 85' lang='lat' dir='ltr'><strong>assertive</strong></span> <span class='ocrx_word' id='word_1_37' title='bbox 693 293 797 319; x_wconf 87' lang='lat' dir='ltr'><strong>dictum</strong></span> <span class='ocrx_word' id='word_1_38' title='bbox 814 299 874 319; x_wconf 88' lang='lat' dir='ltr'><strong>esse</strong></span> <span class='ocrx_word' id='word_1_39' title='bbox 884 312 891 323; x_wconf 86' lang='lat'><strong>,</strong></span> <span class='ocrx_word' id='word_1_40' title='bbox 904 291 947 318; x_wconf 80' lang='lat' dir='ltr'><strong>Sic</strong></span> 
     </span>
    </p>
   </div>
   <div class='ocr_carea' id='block_1_7' title="bbox 158 338 945 374">
    <p class='ocr_par' dir='ltr' id='par_1_7' title="bbox 158 338 945 374">
     <span class='ocr_line' id='line_1_7' title="bbox 158 338 945 374; baseline 0 -9"><span class='ocrx_word' id='word_1_41' title='bbox 158 347 216 366; x_wconf 84' lang='lat' dir='ltr'><strong>eum</strong></span> <span class='ocrx_word' id='word_1_42' title='bbox 235 339 292 366; x_wconf 78' lang='lat' dir='ltr'><strong>talo</strong></span> <span class='ocrx_word' id='word_1_43' title='bbox 309 347 417 366; x_wconf 83' lang='lat' dir='ltr'><strong>ntauere</strong></span> <span class='ocrx_word' id='word_1_44' title='bbox 443 341 524 366; x_wconf 79' lang='lat' dir='ltr'><strong>donec</strong></span> <span class='ocrx_word' id='word_1_45' title='bbox 551 340 672 371; x_wconf 74' lang='lat' dir='ltr'><strong>veniam.</strong></span> <span class='ocrx_word' id='word_1_46' title='bbox 692 339 854 374; x_wconf 87' lang='lat' dir='ltr'><strong>perpettdat,</strong></span> <span class='ocrx_word' id='word_1_47' title='bbox 873 338 945 373; x_wconf 81' lang='lat' dir='ltr'><strong>quod</strong></span> 
     </span>
    </p>
   </div>
   <div class='ocr_carea' id='block_1_8' title="bbox 158 385 946 420">
    <p class='ocr_par' dir='ltr' id='par_1_8' title="bbox 158 385 946 420">
     <span class='ocr_line' id='line_1_8' title="bbox 158 385 946 420; baseline 0 -8"><span class='ocrx_word' id='word_1_48' title='bbox 158 387 261 412; x_wconf 75' lang='lat' dir='ltr'><strong>l‘ruslra</strong></span> <span class='ocrx_word' id='word_1_49' title='bbox 274 390 321 412; x_wconf 83' lang='lat' dir='ltr'><strong>aut</strong></span> <span class='ocrx_word' id='word_1_50' title='bbox 338 386 478 420; x_wconf 83' lang='lat' dir='ltr'><strong>superﬂue</strong></span> <span class='ocrx_word' id='word_1_51' title='bbox 498 386 602 413; x_wconf 90' lang='lat' dir='ltr'><strong>dictum</strong></span> <span class='ocrx_word' id='word_1_52' title='bbox 621 391 715 420; x_wconf 82' lang='lat' dir='ltr'><strong>putare</strong></span> <span class='ocrx_word' id='word_1_53' title='bbox 730 385 806 413; x_wconf 79' lang='lat' dir='ltr'><strong>nefas</strong></span> <span class='ocrx_word' id='word_1_54' title='bbox 820 389 862 412; x_wconf 89' lang='lat' dir='ltr'><strong>est</strong></span> <span class='ocrx_word' id='word_1_55' title='bbox 876 394 881 411; x_wconf 89' lang='lat'>:</span> <span class='ocrx_word' id='word_1_56' title='bbox 902 385 946 412; x_wconf 87' lang='lat' dir='ltr'><strong>vi-</strong></span> 
     </span>
    </p>
   </div>
   <div class='ocr_carea' id='block_1_9' title="bbox 157 431 944 467">
    <p class='ocr_par' dir='ltr' id='par_1_9' title="bbox 157 431 944 467">
     <span class='ocr_line' id='line_1_9' title="bbox 157 431 944 467; baseline 0 -9"><span class='ocrx_word' id='word_1_57' title='bbox 157 431 272 459; x_wconf 84' lang='lat' dir='ltr'><strong>deretur</strong></span> <span class='ocrx_word' id='word_1_58' title='bbox 287 438 377 458; x_wconf 89' lang='lat' dir='ltr'><strong>autem</strong></span> <span class='ocrx_word' id='word_1_59' title='bbox 392 440 453 460; x_wconf 79' lang='lat' dir='ltr'><strong>esse</strong></span> <span class='ocrx_word' id='word_1_60' title='bbox 468 432 649 466; x_wconf 83' lang='lat' dir='ltr'><strong>superﬂuum,</strong></span> <span class='ocrx_word' id='word_1_61' title='bbox 675 432 697 459; x_wconf 90' lang='lat' dir='ltr'><strong>si</strong></span> <span class='ocrx_word' id='word_1_62' title='bbox 722 433 755 459; x_wconf 89' lang='lat' dir='ltr'><strong>ad</strong></span> <span class='ocrx_word' id='word_1_63' title='bbox 773 432 944 467; x_wconf 78' lang='lat' dir='ltr'><strong>singulorum</strong></span> 
     </span>
    </p>
   </div>
   <div class='ocr_carea' id='block_1_10' title="bbox 157 478 944 514">
    <p class='ocr_par' dir='ltr' id='par_1_10' title="bbox 157 478 944 514">
     <span class='ocr_line' id='line_1_10' title="bbox 157 478 944 514; baseline 0.001 -10"><span class='ocrx_word' id='word_1_64' title='bbox 157 478 266 511; x_wconf 76' lang='lat' dir='ltr'><strong>exitum</strong></span> <span class='ocrx_word' id='word_1_65' title='bbox 286 478 435 506; x_wconf 85' lang='lat' dir='ltr'><strong>adventum</strong></span> <span class='ocrx_word' id='word_1_66' title='bbox 468 478 576 506; x_wconf 86' lang='lat' dir='ltr'><strong>Domini</strong></span> <span class='ocrx_word' id='word_1_67' title='bbox 599 478 724 511; x_wconf 79' lang='lat' dir='ltr'><strong>referas;</strong></span> <span class='ocrx_word' id='word_1_68' title='bbox 757 479 779 506; x_wconf 91' lang='lat' dir='ltr'><strong>si</strong></span> <span class='ocrx_word' id='word_1_69' title='bbox 815 479 944 514; x_wconf 67' lang='lat' dir='ltr'><strong>praedicta</strong></span> 
     </span>
    </p>
   </div>
   <div class='ocr_carea' id='block_1_11' title="bbox 158 525 944 561">
    <p class='ocr_par' dir='ltr' id='par_1_11' title="bbox 158 525 944 561">
     <span class='ocr_line' id='line_1_11' title="bbox 158 525 944 561; baseline 0.001 -10"><span class='ocrx_word' id='word_1_70' title='bbox 158 532 254 552; x_wconf 85' lang='lat' dir='ltr'><strong>omnes</strong></span> <span class='ocrx_word' id='word_1_71' title='bbox 280 525 361 552; x_wconf 86' lang='lat' dir='ltr'><strong>simul</strong></span> <span class='ocrx_word' id='word_1_72' title='bbox 384 525 513 560; x_wconf 86' lang='lat' dir='ltr'><strong>discipuli</strong></span> <span class='ocrx_word' id='word_1_73' title='bbox 535 533 583 561; x_wconf 89' lang='lat' dir='ltr'><strong>per</strong></span> <span class='ocrx_word' id='word_1_74' title='bbox 610 526 656 552; x_wconf 90' lang='lat' dir='ltr'><strong>illa</strong></span> <span class='ocrx_word' id='word_1_75' title='bbox 683 525 769 555; x_wconf 85' lang='lat' dir='ltr'><strong>verba</strong></span> <span class='ocrx_word' id='word_1_76' title='bbox 788 533 842 552; x_wconf 90' lang='lat' dir='ltr'><strong>non</strong></span> <span class='ocrx_word' id='word_1_77' title='bbox 873 525 944 552; x_wconf 88' lang='lat' dir='ltr'><strong>mori</strong></span> 
     </span>
    </p>
   </div>
   <div class='ocr_carea' id='block_1_12' title="bbox 156 570 944 606">
    <p class='ocr_par' dir='ltr' id='par_1_12' title="bbox 156 570 944 606">
     <span class='ocr_line' id='line_1_12' title="bbox 156 570 944 606; baseline 0.003 -10"><span class='ocrx_word' id='word_1_78' title='bbox 156 570 290 597; x_wconf 80' lang='lat' dir='ltr'><strong>Joannem</strong></span> <span class='ocrx_word' id='word_1_79' title='bbox 302 578 388 605; x_wconf 85' lang='lat' dir='ltr'><strong>usque</strong></span> <span class='ocrx_word' id='word_1_80' title='bbox 404 571 437 598; x_wconf 92' lang='lat' dir='ltr'><strong>ad</strong></span> <span class='ocrx_word' id='word_1_81' title='bbox 452 578 575 598; x_wconf 89' lang='lat' dir='ltr'><strong>extrema</strong></span> <span class='ocrx_word' id='word_1_82' title='bbox 591 578 715 606; x_wconf 84' lang='lat' dir='ltr'><strong>tempora</strong></span> <span class='ocrx_word' id='word_1_83' title='bbox 731 571 944 604; x_wconf 77' lang='lat' dir='ltr'><strong>intellexerunt;</strong></span> 
     </span>
    </p>
   </div>
   <div class='ocr_carea' id='block_1_13' title="bbox 156 615 944 651">
    <p class='ocr_par' dir='ltr' id='par_1_13' title="bbox 156 615 944 651">
     <span class='ocr_line' id='line_1_13' title="bbox 156 615 944 651; baseline 0 -9"><span class='ocrx_word' id='word_1_84' title='bbox 156 615 178 642; x_wconf 89' lang='lat' dir='ltr'><strong>si</strong></span> <span class='ocrx_word' id='word_1_85' title='bbox 202 615 318 649; x_wconf 90' lang='lat' dir='ltr'><strong>denique</strong></span> <span class='ocrx_word' id='word_1_86' title='bbox 340 615 461 643; x_wconf 85' lang='lat' dir='ltr'><strong>Joannes</strong></span> <span class='ocrx_word' id='word_1_87' title='bbox 483 617 545 651; x_wconf 87' lang='lat' dir='ltr'><strong>ipse</strong></span> <span class='ocrx_word' id='word_1_88' title='bbox 571 624 626 643; x_wconf 91' lang='lat' dir='ltr'><strong>non</strong></span> <span class='ocrx_word' id='word_1_89' title='bbox 653 623 758 648; x_wconf 84' lang='lat' dir='ltr'><strong>rerum,</strong></span> <span class='ocrx_word' id='word_1_90' title='bbox 781 616 828 643; x_wconf 84' lang='lat' dir='ltr'><strong>sed</strong></span> <span class='ocrx_word' id='word_1_91' title='bbox 847 617 944 643; x_wconf 89' lang='lat' dir='ltr'><strong>verbo-</strong></span> 
     </span>
    </p>
   </div>
   <div class='ocr_carea' id='block_1_14' title="bbox 156 661 944 697">
    <p class='ocr_par' dir='ltr' id='par_1_14' title="bbox 156 661 944 697">
     <span class='ocr_line' id='line_1_14' title="bbox 156 661 944 697; baseline 0.003 -11"><span class='ocrx_word' id='word_1_92' title='bbox 156 667 218 687; x_wconf 89' lang='lat' dir='ltr'><strong>rum</strong></span> <span class='ocrx_word' id='word_1_93' title='bbox 231 666 258 688; x_wconf 91' lang='lat' dir='ltr'><strong>et</strong></span> <span class='ocrx_word' id='word_1_94' title='bbox 270 661 408 689; x_wconf 89' lang='lat' dir='ltr'><strong>sermonis</strong></span> <span class='ocrx_word' id='word_1_95' title='bbox 423 662 488 689; x_wconf 77' lang='lat' dir='ltr'><strong>facit</strong></span> <span class='ocrx_word' id='word_1_96' title='bbox 498 662 685 694; x_wconf 87' lang='lat' dir='ltr'><strong>collationem,</strong></span> <span class='ocrx_word' id='word_1_97' title='bbox 698 662 752 694; x_wconf 91' lang='lat' dir='ltr'><strong>vel,</strong></span> <span class='ocrx_word' id='word_1_98' title='bbox 764 663 837 697; x_wconf 91' lang='lat' dir='ltr'><strong>quod</strong></span> <span class='ocrx_word' id='word_1_99' title='bbox 852 662 944 689; x_wconf 86' lang='lat' dir='ltr'><strong>verius</strong></span> 
     </span>
    </p>
   </div>
   <div class='ocr_carea' id='block_1_15' title="bbox 156 707 942 743">
    <p class='ocr_par' dir='ltr' id='par_1_15' title="bbox 156 707 942 743">
     <span class='ocr_line' id='line_1_15' title="bbox 156 707 942 743; baseline 0.005 -12"><span class='ocrx_word' id='word_1_100' title='bbox 156 710 208 738; x_wconf 82' lang='lat' dir='ltr'><strong>est,</strong></span> <span class='ocrx_word' id='word_1_101' title='bbox 225 707 308 734; x_wconf 88' lang='lat' dir='ltr'><strong>etiam</strong></span> <span class='ocrx_word' id='word_1_102' title='bbox 325 714 436 735; x_wconf 87' lang='lat' dir='ltr'><strong>rerum:</strong></span> <span class='ocrx_word' id='word_1_103' title='bbox 462 708 525 743; x_wconf 83' lang='lat' dir='ltr'><strong>quis</strong></span> <span class='ocrx_word' id='word_1_104' title='bbox 543 707 692 740; x_wconf 90' lang='lat' dir='ltr'><strong>dubitabit,</strong></span> <span class='ocrx_word' id='word_1_105' title='bbox 710 708 799 743; x_wconf 91' lang='lat' dir='ltr'><strong>ipsum</strong></span> <span class='ocrx_word' id='word_1_106' title='bbox 817 708 942 735; x_wconf 89' lang='lat' dir='ltr'><strong>Touitrui</strong></span> 
     </span>
    </p>
   </div>
   <div class='ocr_carea' id='block_1_16' title="bbox 156 750 944 789">
    <p class='ocr_par' dir='ltr' id='par_1_16' title="bbox 156 750 944 789">
     <span class='ocr_line' id='line_1_16' title="bbox 156 750 944 789; baseline 0.004 -13"><span class='ocrx_word' id='word_1_107' title='bbox 156 750 255 782; x_wconf 87' lang='lat' dir='ltr'><strong>ﬁlium,</strong></span> <span class='ocrx_word' id='word_1_108' title='bbox 270 759 353 786; x_wconf 82' lang='lat' dir='ltr'><strong>quem</strong></span> <span class='ocrx_word' id='word_1_109' title='bbox 371 753 503 780; x_wconf 86' lang='lat' dir='ltr'><strong>Dominus</strong></span> <span class='ocrx_word' id='word_1_110' title='bbox 520 754 640 781; x_wconf 81' lang='lat' dir='ltr'><strong>maxime</strong></span> <span class='ocrx_word' id='word_1_111' title='bbox 655 754 780 781; x_wconf 72' lang='lat' dir='ltr'><strong>omnium</strong></span> <span class='ocrx_word' id='word_1_112' title='bbox 794 753 944 789; x_wconf 88' lang='lat' dir='ltr'><strong>discipulo-</strong></span> 
     </span>
    </p>
   </div>
   <div class='ocr_carea' id='block_1_17' title="bbox 156 797 942 831">
    <p class='ocr_par' dir='ltr' id='par_1_17' title="bbox 156 797 942 831">
     <span class='ocr_line' id='line_1_17' title="bbox 156 797 942 831; baseline 0.006 -8"><span class='ocrx_word' id='word_1_113' title='bbox 156 804 218 823; x_wconf 91' lang='lat' dir='ltr'><strong>rum</strong></span> <span class='ocrx_word' id='word_1_114' title='bbox 245 797 360 831; x_wconf 88' lang='lat' dir='ltr'><strong>dilexit,</strong></span> <span class='ocrx_word' id='word_1_115' title='bbox 384 799 428 825; x_wconf 87' lang='lat' dir='ltr'><strong>cui</strong></span> <span class='ocrx_word' id='word_1_116' title='bbox 450 799 565 827; x_wconf 80' lang='lat' dir='ltr'><strong>Matrem</strong></span> <span class='ocrx_word' id='word_1_117' title='bbox 587 800 709 827; x_wconf 83' lang='lat' dir='ltr'><strong>moriens</strong></span> <span class='ocrx_word' id='word_1_118' title='bbox 735 801 763 827; x_wconf 76' lang='lat' dir='ltr'><strong>in</strong></span> <span class='ocrx_word' id='word_1_119' title='bbox 780 808 864 828; x_wconf 85' lang='lat' dir='ltr'><strong>cruce</strong></span> <span class='ocrx_word' id='word_1_120' title='bbox 892 801 942 828; x_wconf 89' lang='lat' dir='ltr'><strong>soli</strong></span> 
     </span>
    </p>
   </div>
   <div class='ocr_carea' id='block_1_18' title="bbox 153 843 942 882">
    <p class='ocr_par' dir='ltr' id='par_1_18' title="bbox 153 843 942 882">
     <span class='ocr_line' id='line_1_18' title="bbox 153 843 942 882; baseline 0.008 -14"><span class='ocrx_word' id='word_1_121' title='bbox 153 843 371 875; x_wconf 81' lang='lat' dir='ltr'><strong>commendavit.</strong></span> <span class='ocrx_word' id='word_1_122' title='bbox 394 845 483 872; x_wconf 88' lang='lat' dir='ltr'><strong>adhuc</strong></span> <span class='ocrx_word' id='word_1_123' title='bbox 504 845 608 878; x_wconf 89' lang='lat' dir='ltr'><strong>vivere,</strong></span> <span class='ocrx_word' id='word_1_124' title='bbox 624 847 818 882; x_wconf 88' lang='lat' dir='ltr'><strong>vieturumque</strong></span> <span class='ocrx_word' id='word_1_125' title='bbox 844 847 886 874; x_wconf 83' lang='lat' dir='ltr'><strong>vel</strong></span> <span class='ocrx_word' id='word_1_126' title='bbox 909 847 942 874; x_wconf 81' lang='lat' dir='ltr'><strong>ad</strong></span> 
     </span>
    </p>
   </div>
   <div class='ocr_carea' id='block_1_19' title="bbox 157 891 944 929">
    <p class='ocr_par' dir='ltr' id='par_1_19' title="bbox 157 891 944 929">
     <span class='ocr_line' id='line_1_19' title="bbox 157 891 944 929; baseline 0.006 -14"><span class='ocrx_word' id='word_1_127' title='bbox 157 893 280 916; x_wconf 83' lang='lat' dir='ltr'><strong>extrema</strong></span> <span class='ocrx_word' id='word_1_128' title='bbox 308 891 402 918; x_wconf 78' lang='lat' dir='ltr'><strong>saeculi</strong></span> <span class='ocrx_word' id='word_1_129' title='bbox 430 891 534 925; x_wconf 69' lang='lat' dir='ltr'><strong>huius?</strong></span> <span class='ocrx_word' id='word_1_130' title='bbox 553 892 593 919; x_wconf 87' lang='lat' dir='ltr'><strong>vel</strong></span> <span class='ocrx_word' id='word_1_131' title='bbox 625 893 697 920; x_wconf 86' lang='lat' dir='ltr'><strong>sicut</strong></span> <span class='ocrx_word' id='word_1_132' title='bbox 723 893 767 920; x_wconf 93' lang='lat' dir='ltr'><strong>ille</strong></span> <span class='ocrx_word' id='word_1_133' title='bbox 797 893 844 928; x_wconf 88' lang='lat' dir='ltr'><strong>qui</strong></span> <span class='ocrx_word' id='word_1_134' title='bbox 864 894 944 929; x_wconf 78' lang='lat' dir='ltr'><strong>longe</strong></span> 
     </span>
    </p>
   </div>
   <div class='ocr_carea' id='block_1_20' title="bbox 158 934 944 973">
    <p class='ocr_par' dir='ltr' id='par_1_20' title="bbox 158 934 944 973">
     <span class='ocr_line' id='line_1_20' title="bbox 158 934 944 973; baseline 0.008 -13"><span class='ocrx_word' id='word_1_135' title='bbox 158 939 222 961; x_wconf 84' lang='lat' dir='ltr'><strong>ante</strong></span> <span class='ocrx_word' id='word_1_136' title='bbox 236 934 307 962; x_wconf 89' lang='lat' dir='ltr'><strong>alios</strong></span> <span class='ocrx_word' id='word_1_137' title='bbox 323 935 412 970; x_wconf 81' lang='lat' dir='ltr'><strong>ipsum</strong></span> <span class='ocrx_word' id='word_1_138' title='bbox 431 936 536 969; x_wconf 88' lang='lat' dir='ltr'><strong>dilexit,</strong></span> <span class='ocrx_word' id='word_1_139' title='bbox 559 938 708 970; x_wconf 80' lang='lat' dir='ltr'><strong>ordinavit,</strong></span> <span class='ocrx_word' id='word_1_140' title='bbox 726 938 857 970; x_wconf 81' lang='lat' dir='ltr'><strong>instituit,</strong></span> <span class='ocrx_word' id='word_1_141' title='bbox 873 947 944 973; x_wconf 79' lang='lat' dir='ltr'><strong>prae-</strong></span> 
     </span>
    </p>
   </div>
   <div class='ocr_carea' id='block_1_21' title="bbox 159 979 944 1019">
    <p class='ocr_par' dir='ltr' id='par_1_21' title="bbox 159 979 944 1019">
     <span class='ocr_line' id='line_1_21' title="bbox 159 979 944 1019; baseline 0.008 -13"><span class='ocrx_word' id='word_1_142' title='bbox 159 979 318 1008; x_wconf 87' lang='lat' dir='ltr'><strong>destinavit.</strong></span> <span class='ocrx_word' id='word_1_143' title='bbox 329 981 429 1008; x_wconf 82' lang='lat' dir='ltr'><strong>Verum</strong></span> <span class='ocrx_word' id='word_1_144' title='bbox 445 987 580 1017; x_wconf 89' lang='lat' dir='ltr'><strong>quantum</strong></span> <span class='ocrx_word' id='word_1_145' title='bbox 597 983 643 1011; x_wconf 91' lang='lat' dir='ltr'><strong>hic</strong></span> <span class='ocrx_word' id='word_1_146' title='bbox 655 984 797 1019; x_wconf 75' lang='lat' dir='ltr'><strong>Evangelii</strong></span> <span class='ocrx_word' id='word_1_147' title='bbox 814 985 891 1012; x_wconf 88' lang='lat' dir='ltr'><strong>locus</strong></span> <span class='ocrx_word' id='word_1_148' title='bbox 911 985 944 1012; x_wconf 86' lang='lat' dir='ltr'><strong>ad</strong></span> 
     </span>
    </p>
   </div>
   <div class='ocr_carea' id='block_1_22' title="bbox 157 1024 943 1061">
    <p class='ocr_par' dir='ltr' id='par_1_22' title="bbox 157 1024 943 1061">
     <span class='ocr_line' id='line_1_22' title="bbox 157 1024 943 1061; baseline 0.008 -10"><span class='ocrx_word' id='word_1_149' title='bbox 157 1024 229 1052; x_wconf 85' lang='lat' dir='ltr'><strong>hanc</strong></span> <span class='ocrx_word' id='word_1_150' title='bbox 243 1033 300 1052; x_wconf 93' lang='lat' dir='ltr'><strong>rem</strong></span> <span class='ocrx_word' id='word_1_151' title='bbox 318 1026 452 1061; x_wconf 81' lang='lat' dir='ltr'><strong>conferat,</strong></span> <span class='ocrx_word' id='word_1_152' title='bbox 470 1036 505 1055; x_wconf 88' lang='lat' dir='ltr'><strong>ne</strong></span> <span class='ocrx_word' id='word_1_153' title='bbox 521 1028 635 1056; x_wconf 90' lang='lat' dir='ltr'><strong>nimium</strong></span> <span class='ocrx_word' id='word_1_154' title='bbox 657 1035 766 1057; x_wconf 83' lang='lat' dir='ltr'><strong>crescat</strong></span> <span class='ocrx_word' id='word_1_155' title='bbox 782 1037 810 1058; x_wconf 91' lang='lat' dir='ltr'><strong>et</strong></span> <span class='ocrx_word' id='word_1_156' title='bbox 833 1033 943 1058; x_wconf 85' lang='lat' dir='ltr'><strong>modum</strong></span> 
     </span>
    </p>
   </div>
   <div class='ocr_carea' id='block_1_23' title="bbox 158 1070 946 1109">
    <p class='ocr_par' dir='ltr' id='par_1_23' title="bbox 158 1070 946 1109">
     <span class='ocr_line' id='line_1_23' title="bbox 158 1070 946 1109; baseline 0.01 -13"><span class='ocrx_word' id='word_1_157' title='bbox 158 1070 274 1097; x_wconf 88' lang='lat' dir='ltr'><strong>excedat</strong></span> <span class='ocrx_word' id='word_1_158' title='bbox 306 1072 414 1106; x_wconf 85' lang='lat' dir='ltr'><strong>oratio,</strong></span> <span class='ocrx_word' id='word_1_159' title='bbox 435 1074 501 1101; x_wconf 82' lang='lat' dir='ltr'><strong>satis</strong></span> <span class='ocrx_word' id='word_1_160' title='bbox 517 1074 573 1109; x_wconf 85' lang='lat' dir='ltr'><strong>jam</strong></span> <span class='ocrx_word' id='word_1_161' title='bbox 603 1075 649 1102; x_wconf 90' lang='lat' dir='ltr'><strong>sit.</strong></span> <span class='ocrx_word' id='word_1_162' title='bbox 671 1075 750 1103; x_wconf 87' lang='lat' dir='ltr'><strong>Nunc</strong></span> <span class='ocrx_word' id='word_1_163' title='bbox 781 1076 946 1104; x_wconf 86' lang='lat' dir='ltr'><strong>ratiunculis</strong></span> 
     </span>
    </p>
   </div>
   <div class='ocr_carea' id='block_1_24' title="bbox 158 1119 907 1157">
    <p class='ocr_par' dir='ltr' id='par_1_24' title="bbox 158 1119 907 1157">
     <span class='ocr_line' id='line_1_24' title="bbox 158 1119 907 1157; baseline 0.009 -15"><span class='ocrx_word' id='word_1_164' title='bbox 158 1123 269 1151; x_wconf 89' lang='lat' dir='ltr'><strong>quoque</strong></span> <span class='ocrx_word' id='word_1_165' title='bbox 285 1119 435 1152; x_wconf 86' lang='lat' dir='ltr'><strong>nonnullis,</strong></span> <span class='ocrx_word' id='word_1_166' title='bbox 452 1119 572 1154; x_wconf 88' lang='lat' dir='ltr'><strong>idipsum</strong></span> <span class='ocrx_word' id='word_1_167' title='bbox 587 1120 718 1148; x_wconf 79' lang='lat' dir='ltr'><strong>aiﬁrmari</strong></span> <span class='ocrx_word' id='word_1_168' title='bbox 742 1122 907 1157; x_wconf 85' lang='lat' dir='ltr'><strong>aperiamus.</strong></span> 
     </span>
    </p>
   </div>
   <div class='ocr_carea' id='block_1_25' title="bbox 194 1161 944 1199">
    <p class='ocr_par' dir='ltr' id='par_1_25' title="bbox 194 1161 944 1199">
     <span class='ocr_line' id='line_1_25' title="bbox 194 1161 944 1199; baseline 0.005 -10"><span class='ocrx_word' id='word_1_169' title='bbox 194 1161 314 1189; x_wconf 83' lang='lat' dir='ltr'><strong>Primum</strong></span> <span class='ocrx_word' id='word_1_170' title='bbox 341 1163 424 1197; x_wconf 75' lang='lat' dir='ltr'><strong>igitur</strong></span> <span class='ocrx_word' id='word_1_171' title='bbox 444 1163 581 1197; x_wconf 87' lang='lat' dir='ltr'><strong>dicimus,</strong></span> <span class='ocrx_word' id='word_1_172' title='bbox 600 1164 748 1199; x_wconf 76' lang='lat' dir='ltr'><strong>diligenter</strong></span> <span class='ocrx_word' id='word_1_173' title='bbox 770 1167 798 1199; x_wconf 74' lang='lat' dir='ltr'><strong>in</strong></span> <span class='ocrx_word' id='word_1_174' title='bbox 816 1166 944 1193; x_wconf 88' lang='lat' dir='ltr'><strong>omnibus</strong></span> 
     </span>
    </p>
   </div>
   <div class='ocr_carea' id='block_1_26' title="bbox 158 1205 944 1248">
    <p class='ocr_par' dir='ltr' id='par_1_26' title="bbox 158 1205 944 1248">
     <span class='ocr_line' id='line_1_26' title="bbox 158 1205 944 1248; baseline 0.008 -16"><span class='ocrx_word' id='word_1_175' title='bbox 158 1205 309 1240; x_wconf 88' lang='lat' dir='ltr'><strong>Scripturis</strong></span> <span class='ocrx_word' id='word_1_176' title='bbox 326 1207 469 1235; x_wconf 81' lang='lat' dir='ltr'><strong>canonicis</strong></span> <span class='ocrx_word' id='word_1_177' title='bbox 484 1208 625 1236; x_wconf 83' lang='lat' dir='ltr'><strong>observari</strong></span> <span class='ocrx_word' id='word_1_178' title='bbox 643 1214 787 1248; x_wconf 82' lang='lat' dir='ltr'><strong>oportere,</strong></span> <span class='ocrx_word' id='word_1_179' title='bbox 809 1211 882 1246; x_wconf 92' lang='lat' dir='ltr'><strong>quod</strong></span> <span class='ocrx_word' id='word_1_180' title='bbox 899 1211 944 1238; x_wconf 89' lang='lat' dir='ltr'><strong>ni-</strong></span> 
     </span>
    </p>
   </div>
   <div class='ocr_carea' id='block_1_27' title="bbox 159 1252 943 1289">
    <p class='ocr_par' dir='ltr' id='par_1_27' title="bbox 159 1252 943 1289">
     <span class='ocr_line' id='line_1_27' title="bbox 159 1252 943 1289; baseline 0.008 -11"><span class='ocrx_word' id='word_1_181' title='bbox 159 1252 197 1278; x_wconf 91' lang='lat' dir='ltr'><strong>hil</strong></span> <span class='ocrx_word' id='word_1_182' title='bbox 224 1252 336 1284; x_wconf 81' lang='lat' dir='ltr'><strong>frustra,</strong></span> <span class='ocrx_word' id='word_1_183' title='bbox 362 1253 430 1280; x_wconf 86' lang='lat' dir='ltr'><strong>nihil</strong></span> <span class='ocrx_word' id='word_1_184' title='bbox 461 1255 610 1289; x_wconf 81' lang='lat' dir='ltr'><strong>superﬂue,</strong></span> <span class='ocrx_word' id='word_1_185' title='bbox 633 1255 702 1283; x_wconf 83' lang='lat' dir='ltr'><strong>nihil</strong></span> <span class='ocrx_word' id='word_1_186' title='bbox 731 1257 790 1284; x_wconf 90' lang='lat' dir='ltr'><strong>sine</strong></span> <span class='ocrx_word' id='word_1_187' title='bbox 811 1264 892 1284; x_wconf 84' lang='lat' dir='ltr'><strong>causa</strong></span> <span class='ocrx_word' id='word_1_188' title='bbox 916 1257 943 1284; x_wconf 92' lang='lat' dir='ltr'><strong>in</strong></span> 
     </span>
    </p>
   </div>
   <div class='ocr_carea' id='block_1_28' title="bbox 158 1298 943 1335">
    <p class='ocr_par' dir='ltr' id='par_1_28' title="bbox 158 1298 943 1335">
     <span class='ocr_line' id='line_1_28' title="bbox 158 1298 943 1335; baseline 0.008 -11"><span class='ocrx_word' id='word_1_189' title='bbox 158 1298 225 1332; x_wconf 69' lang='lat' dir='ltr'><strong>ipsis</strong></span> <span class='ocrx_word' id='word_1_190' title='bbox 245 1299 381 1333; x_wconf 81' lang='lat' dir='ltr'><strong>scriptum</strong></span> <span class='ocrx_word' id='word_1_191' title='bbox 400 1305 452 1327; x_wconf 90' lang='lat' dir='ltr'><strong>est.</strong></span> <span class='ocrx_word' id='word_1_192' title='bbox 477 1300 582 1335; x_wconf 85' lang='lat' dir='ltr'><strong>Spiritu</strong></span> <span class='ocrx_word' id='word_1_193' title='bbox 612 1302 684 1329; x_wconf 87' lang='lat' dir='ltr'><strong>cnim</strong></span> <span class='ocrx_word' id='word_1_194' title='bbox 706 1307 803 1330; x_wconf 82' lang='lat' dir='ltr'><strong>sancto</strong></span> <span class='ocrx_word' id='word_1_195' title='bbox 823 1303 943 1330; x_wconf 73' lang='lat' dir='ltr'><strong>dictante</strong></span> 
     </span>
    </p>
   </div>
   <div class='ocr_carea' id='block_1_29' title="bbox 157 1344 942 1378">
    <p class='ocr_par' dir='ltr' id='par_1_29' title="bbox 157 1344 942 1378">
     <span class='ocr_line' id='line_1_29' title="bbox 157 1344 942 1378; baseline 0.006 -10"><span class='ocrx_word' id='word_1_196' title='bbox 157 1350 253 1370; x_wconf 80' lang='lat' dir='ltr'><strong>omnes</strong></span> <span class='ocrx_word' id='word_1_197' title='bbox 268 1344 378 1378; x_wconf 57' lang='lat' dir='ltr'><strong>scripta</strong></span> <span class='ocrx_word' id='word_1_198' title='bbox 391 1349 467 1375; x_wconf 86' lang='lat' dir='ltr'><strong>sunt,</strong></span> <span class='ocrx_word' id='word_1_199' title='bbox 487 1344 607 1378; x_wconf 78' lang='lat' dir='ltr'><strong>Spiritus</strong></span> <span class='ocrx_word' id='word_1_200' title='bbox 631 1355 696 1373; x_wconf 90' lang='lat' dir='ltr'><strong>vero</strong></span> <span class='ocrx_word' id='word_1_201' title='bbox 722 1352 833 1373; x_wconf 88' lang='lat' dir='ltr'><strong>sanctus</strong></span> <span class='ocrx_word' id='word_1_202' title='bbox 849 1347 942 1374; x_wconf 88' lang='lat' dir='ltr'><strong>omnia</strong></span> 
     </span>
    </p>
   </div>
   <div class='ocr_carea' id='block_1_30' title="bbox 157 1389 945 1428">
    <p class='ocr_par' dir='ltr' id='par_1_30' title="bbox 157 1389 945 1428">
     <span class='ocr_line' id='line_1_30' title="bbox 157 1389 945 1428; baseline 0.005 -13"><span class='ocrx_word' id='word_1_203' title='bbox 157 1389 220 1421; x_wconf 77' lang='lat' dir='ltr'><strong>scit,</strong></span> <span class='ocrx_word' id='word_1_204' title='bbox 243 1390 337 1416; x_wconf 85' lang='lat' dir='ltr'><strong>omnia</strong></span> <span class='ocrx_word' id='word_1_205' title='bbox 353 1391 485 1424; x_wconf 71' lang='lat' dir='ltr'><strong>praevidet</strong></span> <span class='ocrx_word' id='word_1_206' title='bbox 498 1404 506 1422; x_wconf 88' lang='lat'><strong>,-</strong></span> <span class='ocrx_word' id='word_1_207' title='bbox 521 1392 612 1418; x_wconf 87' lang='lat' dir='ltr'><strong>omnia</strong></span> <span class='ocrx_word' id='word_1_208' title='bbox 634 1392 755 1420; x_wconf 78' lang='lat' dir='ltr'><strong>breviter</strong></span> <span class='ocrx_word' id='word_1_209' title='bbox 767 1397 796 1420; x_wconf 86' lang='lat' dir='ltr'><strong>et</strong></span> <span class='ocrx_word' id='word_1_210' title='bbox 813 1398 842 1419; x_wconf 90' lang='lat' dir='ltr'><strong>ut</strong></span> <span class='ocrx_word' id='word_1_211' title='bbox 863 1400 945 1428; x_wconf 80' lang='lat' dir='ltr'><strong>opor-</strong></span> 
     </span>
    </p>
   </div>
   <div class='ocr_carea' id='block_1_31' title="bbox 158 1438 943 1474">
    <p class='ocr_par' dir='ltr' id='par_1_31' title="bbox 158 1438 943 1474">
     <span class='ocr_line' id='line_1_31' title="bbox 158 1438 943 1474; baseline 0.008 -14"><span class='ocrx_word' id='word_1_212' title='bbox 158 1438 198 1461; x_wconf 90' lang='lat' dir='ltr'><strong>tet</strong></span> <span class='ocrx_word' id='word_1_213' title='bbox 213 1438 240 1461; x_wconf 90' lang='lat' dir='ltr'><strong>ct</strong></span> <span class='ocrx_word' id='word_1_214' title='bbox 257 1440 388 1470; x_wconf 88' lang='lat' dir='ltr'><strong>quantum</strong></span> <span class='ocrx_word' id='word_1_215' title='bbox 404 1441 512 1471; x_wconf 84' lang='lat' dir='ltr'><strong>oportet</strong></span> <span class='ocrx_word' id='word_1_216' title='bbox 528 1443 556 1465; x_wconf 88' lang='lat' dir='ltr'><strong>et</strong></span> <span class='ocrx_word' id='word_1_217' title='bbox 576 1438 646 1465; x_wconf 85' lang='lat' dir='ltr'><strong>sicut</strong></span> <span class='ocrx_word' id='word_1_218' title='bbox 663 1443 790 1473; x_wconf 78' lang='lat' dir='ltr'><strong>oportet,</strong></span> <span class='ocrx_word' id='word_1_219' title='bbox 812 1439 943 1474; x_wconf 87' lang='lat' dir='ltr'><strong>disponit,</strong></span> 
     </span>
    </p>
   </div>
   <div class='ocr_carea' id='block_1_32' title="bbox 158 1481 945 1520">
    <p class='ocr_par' dir='ltr' id='par_1_32' title="bbox 158 1481 945 1520">
     <span class='ocr_line' id='line_1_32' title="bbox 158 1481 945 1520; baseline 0.009 -14"><span class='ocrx_word' id='word_1_220' title='bbox 158 1481 276 1514; x_wconf 81' lang='lat' dir='ltr'><strong>dictitat,</strong></span> <span class='ocrx_word' id='word_1_221' title='bbox 297 1483 362 1510; x_wconf 90' lang='lat' dir='ltr'><strong>edit.</strong></span> <span class='ocrx_word' id='word_1_222' title='bbox 384 1483 443 1510; x_wconf 86' lang='lat' dir='ltr'><strong>Non</strong></span> <span class='ocrx_word' id='word_1_223' title='bbox 464 1488 504 1511; x_wconf 87' lang='lat' dir='ltr'><strong>est</strong></span> <span class='ocrx_word' id='word_1_224' title='bbox 521 1492 585 1519; x_wconf 67' lang='lat' dir='ltr'><strong>ergo</strong></span> <span class='ocrx_word' id='word_1_225' title='bbox 605 1484 754 1519; x_wconf 75' lang='lat' dir='ltr'><strong>quidquam</strong></span> <span class='ocrx_word' id='word_1_226' title='bbox 776 1485 802 1512; x_wconf 92' lang='lat' dir='ltr'><strong>in</strong></span> <span class='ocrx_word' id='word_1_227' title='bbox 821 1485 945 1520; x_wconf 80' lang='lat' dir='ltr'><strong>Evange-</strong></span> 
     </span>
    </p>
   </div>
   <div class='ocr_carea' id='block_1_33' title="bbox 155 1526 976 1575">
    <p class='ocr_par' dir='ltr' id='par_1_33' title="bbox 155 1526 976 1575">
     <span class='ocr_line' id='line_1_33' title="bbox 155 1526 976 1575; baseline 0.005 -23"><span class='ocrx_word' id='word_1_228' title='bbox 155 1526 200 1553; x_wconf 87' lang='lat' dir='ltr'><strong>liis</strong></span> <span class='ocrx_word' id='word_1_229' title='bbox 214 1526 320 1562; x_wconf 84' lang='lat' dir='ltr'><strong>absque</strong></span> <span class='ocrx_word' id='word_1_230' title='bbox 334 1536 432 1563; x_wconf 78' lang='lat' dir='ltr'><strong>magno</strong></span> <span class='ocrx_word' id='word_1_231' title='bbox 449 1529 580 1564; x_wconf 85' lang='lat' dir='ltr'><strong>mysterio</strong></span> <span class='ocrx_word' id='word_1_232' title='bbox 603 1529 719 1556; x_wconf 88' lang='lat' dir='ltr'><strong>dictmn.</strong></span> <span class='ocrx_word' id='word_1_233' title='bbox 747 1527 799 1556; x_wconf 90' lang='lat' dir='ltr'><strong>Sed</strong></span> <span class='ocrx_word' id='word_1_234' title='bbox 827 1529 879 1555; x_wconf 85' lang='lat' dir='ltr'><strong>nisi</strong></span> <span class='ocrx_word' id='word_1_235' title='bbox 907 1537 940 1556; x_wconf 91' lang='lat' dir='ltr'><strong>eo</strong></span> <span class='ocrx_word' id='word_1_236' title='bbox 954 1546 976 1575; x_wconf 63' lang='grc' dir='ltr'>ο</span> 
     </span>
    </p>
   </div>
   <div class='ocr_carea' id='block_1_34' title="bbox 155 1573 942 1608">
    <p class='ocr_par' dir='ltr' id='par_1_34' title="bbox 155 1573 942 1608">
     <span class='ocr_line' id='line_1_34' title="bbox 155 1573 942 1608; baseline 0.004 -10"><span class='ocrx_word' id='word_1_237' title='bbox 155 1579 270 1606; x_wconf 87' lang='lat' dir='ltr'><strong>prorsus</strong></span> <span class='ocrx_word' id='word_1_238' title='bbox 280 1578 359 1607; x_wconf 87' lang='lat' dir='ltr'><strong>pacto</strong></span> <span class='ocrx_word' id='word_1_239' title='bbox 375 1573 592 1600; x_wconf 77' lang='lat' dir='ltr'><strong>intellexerimus</strong></span> <span class='ocrx_word' id='word_1_240' title='bbox 606 1574 735 1608; x_wconf 65' lang='lat' dir='ltr'><strong>prmdicta</strong></span> <span class='ocrx_word' id='word_1_241' title='bbox 752 1574 858 1602; x_wconf 88' lang='lat' dir='ltr'><strong>Domini</strong></span> <span class='ocrx_word' id='word_1_242' title='bbox 881 1582 942 1603; x_wconf 86' lang='lat' dir='ltr'><strong>ver-</strong></span> 
     </span>
    </p>
   </div>
   <div class='ocr_carea' id='block_1_35' title="bbox 157 1617 940 1656">
    <p class='ocr_par' dir='ltr' id='par_1_35' title="bbox 157 1617 940 1656">
     <span class='ocr_line' id='line_1_35' title="bbox 157 1617 940 1656; baseline 0.001 -11"><span class='ocrx_word' id='word_1_243' title='bbox 157 1617 203 1651; x_wconf 87' lang='lat' dir='ltr'><strong>ba,</strong></span> <span class='ocrx_word' id='word_1_244' title='bbox 222 1618 261 1645; x_wconf 87' lang='lat' dir='ltr'><strong>sic</strong></span> <span class='ocrx_word' id='word_1_245' title='bbox 277 1626 374 1646; x_wconf 90' lang='lat' dir='ltr'><strong>omnes</strong></span> <span class='ocrx_word' id='word_1_246' title='bbox 387 1620 504 1654; x_wconf 86' lang='lat' dir='ltr'><strong>apostoli</strong></span> <span class='ocrx_word' id='word_1_247' title='bbox 521 1628 551 1646; x_wconf 89' lang='lat' dir='ltr'><strong>ac</strong></span> <span class='ocrx_word' id='word_1_248' title='bbox 569 1620 695 1655; x_wconf 86' lang='lat' dir='ltr'><strong>discipuli</strong></span> <span class='ocrx_word' id='word_1_249' title='bbox 711 1621 758 1656; x_wconf 90' lang='lat' dir='ltr'><strong>qui</strong></span> <span class='ocrx_word' id='word_1_250' title='bbox 775 1626 840 1648; x_wconf 90' lang='lat' dir='ltr'><strong>tunc</strong></span> <span class='ocrx_word' id='word_1_251' title='bbox 851 1625 940 1654; x_wconf 87' lang='lat' dir='ltr'><strong>erant,</strong></span> 
     </span>
    </p>
   </div>
   <div class='ocr_carea' id='block_1_36' title="bbox 157 1663 941 1698">
    <p class='ocr_par' dir='ltr' id='par_1_36' title="bbox 157 1663 941 1698">
     <span class='ocr_line' id='line_1_36' title="bbox 157 1663 941 1698; baseline 0.004 -9"><span class='ocrx_word' id='word_1_252' title='bbox 157 1669 332 1698; x_wconf 84' lang='lat' dir='ltr'><strong>acceperunt,</strong></span> <span class='ocrx_word' id='word_1_253' title='bbox 346 1663 447 1691; x_wconf 80' lang='lat' dir='ltr'><strong>frustra</strong></span> <span class='ocrx_word' id='word_1_254' title='bbox 467 1669 540 1692; x_wconf 87' lang='lat' dir='ltr'><strong>totus</strong></span> <span class='ocrx_word' id='word_1_255' title='bbox 558 1664 602 1692; x_wconf 88' lang='lat' dir='ltr'><strong>ille</strong></span> <span class='ocrx_word' id='word_1_256' title='bbox 614 1666 690 1693; x_wconf 87' lang='lat' dir='ltr'><strong>locus</strong></span> <span class='ocrx_word' id='word_1_257' title='bbox 706 1665 740 1692; x_wconf 87' lang='lat' dir='ltr'><strong>de</strong></span> <span class='ocrx_word' id='word_1_258' title='bbox 753 1665 859 1693; x_wconf 86' lang='lat' dir='ltr'><strong>Joanne</strong></span> <span class='ocrx_word' id='word_1_259' title='bbox 874 1673 941 1692; x_wconf 88' lang='lat' dir='ltr'><strong>con-</strong></span> 
     </span>
    </p>
   </div>
   <div class='ocr_carea' id='block_1_37' title="bbox 156 1708 939 1745">
    <p class='ocr_par' dir='ltr' id='par_1_37' title="bbox 156 1708 939 1745">
     <span class='ocr_line' id='line_1_37' title="bbox 156 1708 939 1745; baseline 0.005 -11"><span class='ocrx_word' id='word_1_260' title='bbox 156 1709 277 1742; x_wconf 88' lang='lat' dir='ltr'><strong>scriptus</strong></span> <span class='ocrx_word' id='word_1_261' title='bbox 301 1716 362 1736; x_wconf 86' lang='lat' dir='ltr'><strong>esse</strong></span> <span class='ocrx_word' id='word_1_262' title='bbox 382 1708 532 1736; x_wconf 86' lang='lat' dir='ltr'><strong>videbitur.</strong></span> <span class='ocrx_word' id='word_1_263' title='bbox 559 1708 615 1736; x_wconf 89' lang='lat' dir='ltr'><strong>Cur</strong></span> <span class='ocrx_word' id='word_1_264' title='bbox 650 1709 725 1737; x_wconf 89' lang='lat' dir='ltr'><strong>enim</strong></span> <span class='ocrx_word' id='word_1_265' title='bbox 761 1715 939 1745; x_wconf 83' lang='lat' dir='ltr'><strong>posteaquam</strong></span> 
     </span>
    </p>
   </div>
   <div class='ocr_carea' id='block_1_38' title="bbox 159 1754 940 1790">
    <p class='ocr_par' dir='ltr' id='par_1_38' title="bbox 159 1754 940 1790">
     <span class='ocr_line' id='line_1_38' title="bbox 159 1754 940 1790; baseline 0.005 -10"><span class='ocrx_word' id='word_1_266' title='bbox 159 1754 326 1781; x_wconf 80' lang='lat' dir='ltr'><strong>universalis</strong></span> <span class='ocrx_word' id='word_1_267' title='bbox 342 1755 472 1782; x_wconf 72' lang='lat' dir='ltr'><strong>Ecclesia:</strong></span> <span class='ocrx_word' id='word_1_268' title='bbox 484 1755 647 1790; x_wconf 68' lang='lat' dir='ltr'><strong>prmiectura</strong></span> <span class='ocrx_word' id='word_1_269' title='bbox 660 1756 742 1783; x_wconf 90' lang='lat' dir='ltr'><strong>Petro</strong></span> <span class='ocrx_word' id='word_1_270' title='bbox 757 1762 785 1783; x_wconf 89' lang='lat' dir='ltr'><strong>et</strong></span> <span class='ocrx_word' id='word_1_271' title='bbox 797 1764 940 1784; x_wconf 89' lang='lat' dir='ltr'><strong>successo-</strong></span> 
     </span>
    </p>
   </div>
   <div class='ocr_carea' id='block_1_39' title="bbox 156 1799 953 1837">
    <p class='ocr_par' dir='ltr' id='par_1_39' title="bbox 156 1799 953 1837">
     <span class='ocr_line' id='line_1_39' title="bbox 156 1799 953 1837; baseline 0.006 -11"><span class='ocrx_word' id='word_1_272' title='bbox 156 1799 235 1827; x_wconf 90' lang='lat' dir='ltr'><strong>ribus</strong></span> <span class='ocrx_word' id='word_1_273' title='bbox 248 1800 346 1827; x_wconf 89' lang='lat' dir='ltr'><strong>collata</strong></span> <span class='ocrx_word' id='word_1_274' title='bbox 364 1805 416 1831; x_wconf 85' lang='lat' dir='ltr'><strong>est.</strong></span> <span class='ocrx_word' id='word_1_275' title='bbox 436 1806 464 1827; x_wconf 91' lang='lat' dir='ltr'><strong>et</strong></span> <span class='ocrx_word' id='word_1_276' title='bbox 482 1809 555 1829; x_wconf 82' lang='lat' dir='ltr'><strong>mors</strong></span> <span class='ocrx_word' id='word_1_277' title='bbox 577 1802 638 1837; x_wconf 83' lang='lat' dir='ltr'><strong>ejus</strong></span> <span class='ocrx_word' id='word_1_278' title='bbox 655 1802 743 1836; x_wconf 87' lang='lat' dir='ltr'><strong>qualis</strong></span> <span class='ocrx_word' id='word_1_279' title='bbox 761 1802 851 1830; x_wconf 81' lang='lat' dir='ltr'><strong>futura</strong></span> <span class='ocrx_word' id='word_1_280' title='bbox 867 1805 953 1831; x_wconf 60' lang='lat' dir='ltr'><strong>esset’</strong></span> 
     </span>
    </p>
   </div>
   <div class='ocr_carea' id='block_1_40' title="bbox 155 1845 940 1879">
    <p class='ocr_par' dir='ltr' id='par_1_40' title="bbox 155 1845 940 1879">
     <span class='ocr_line' id='line_1_40' title="bbox 155 1845 940 1879; baseline 0.006 -8"><span class='ocrx_word' id='word_1_281' title='bbox 155 1845 188 1872; x_wconf 83' lang='lat' dir='ltr'><strong>ad</strong></span> <span class='ocrx_word' id='word_1_282' title='bbox 206 1849 330 1879; x_wconf 90' lang='lat' dir='ltr'><strong>apertum</strong></span> <span class='ocrx_word' id='word_1_283' title='bbox 349 1845 383 1872; x_wconf 91' lang='lat' dir='ltr'><strong>de</strong></span> <span class='ocrx_word' id='word_1_284' title='bbox 398 1845 513 1873; x_wconf 87' lang='lat' dir='ltr'><strong>Joannis</strong></span> <span class='ocrx_word' id='word_1_285' title='bbox 529 1851 617 1874; x_wconf 87' lang='lat' dir='ltr'><strong>morte</strong></span> <span class='ocrx_word' id='word_1_286' title='bbox 633 1847 802 1875; x_wconf 86' lang='lat' dir='ltr'><strong>disseritur?</strong></span> <span class='ocrx_word' id='word_1_287' title='bbox 825 1848 891 1876; x_wconf 87' lang='lat' dir='ltr'><strong>Nam</strong></span> <span class='ocrx_word' id='word_1_288' title='bbox 905 1849 940 1877; x_wconf 92' lang='lat' dir='ltr'><strong>de</strong></span> 
     </span>
    </p>
   </div>
   <div class='ocr_carea' id='block_1_41' title="bbox 154 1888 940 1926">
    <p class='ocr_par' dir='ltr' id='par_1_41' title="bbox 154 1888 940 1926">
     <span class='ocr_line' id='line_1_41' title="bbox 154 1888 940 1926; baseline 0.006 -9"><span class='ocrx_word' id='word_1_289' title='bbox 154 1889 228 1918; x_wconf 85' lang='lat' dir='ltr'><strong>Petri</strong></span> <span class='ocrx_word' id='word_1_290' title='bbox 254 1888 366 1924; x_wconf 83' lang='lat' dir='ltr'><strong>quidem</strong></span> <span class='ocrx_word' id='word_1_291' title='bbox 395 1895 483 1918; x_wconf 71' lang='lat' dir='ltr'><strong>morte</strong></span> <span class='ocrx_word' id='word_1_292' title='bbox 501 1892 654 1926; x_wconf 62' lang='lat' dir='ltr'><strong>praedicere</strong></span> <span class='ocrx_word' id='word_1_293' title='bbox 675 1893 769 1921; x_wconf 88' lang='lat' dir='ltr'><strong>multis</strong></span> <span class='ocrx_word' id='word_1_294' title='bbox 791 1895 823 1921; x_wconf 87' lang='lat' dir='ltr'><strong>de</strong></span> <span class='ocrx_word' id='word_1_295' title='bbox 848 1896 940 1923; x_wconf 83' lang='lat' dir='ltr'><strong>causis</strong></span> 
     </span>
    </p>
   </div>
   <div class='ocr_carea' id='block_1_42' title="bbox 154 1935 940 1970">
    <p class='ocr_par' dir='ltr' id='par_1_42' title="bbox 154 1935 940 1970">
     <span class='ocr_line' id='line_1_42' title="bbox 154 1935 940 1970; baseline 0.006 -8"><span class='ocrx_word' id='word_1_296' title='bbox 154 1935 289 1970; x_wconf 90' lang='lat' dir='ltr'><strong>oportuit.</strong></span> <span class='ocrx_word' id='word_1_297' title='bbox 304 1935 362 1963; x_wconf 88' lang='lat' dir='ltr'><strong>Non</strong></span> <span class='ocrx_word' id='word_1_298' title='bbox 378 1936 451 1964; x_wconf 90' lang='lat' dir='ltr'><strong>enim</strong></span> <span class='ocrx_word' id='word_1_299' title='bbox 467 1937 582 1964; x_wconf 84' lang='lat' dir='ltr'><strong>tacenda</strong></span> <span class='ocrx_word' id='word_1_300' title='bbox 598 1942 664 1966; x_wconf 89' lang='lat' dir='ltr'><strong>sunt</strong></span> <span class='ocrx_word' id='word_1_301' title='bbox 688 1943 869 1967; x_wconf 82' lang='lat' dir='ltr'><strong>sacramenta.</strong></span> <span class='ocrx_word' id='word_1_302' title='bbox 889 1940 940 1968; x_wconf 91' lang='lat' dir='ltr'><strong>Sa-</strong></span> 
     </span>
    </p>
   </div>
   <div class='ocr_carea' id='block_1_43' title="bbox 153 1982 940 2019">
    <p class='ocr_par' dir='ltr' id='par_1_43' title="bbox 153 1982 940 2019">
     <span class='ocr_line' id='line_1_43' title="bbox 153 1982 940 2019; baseline 0.009 -13"><span class='ocrx_word' id='word_1_303' title='bbox 153 1985 325 2008; x_wconf 87' lang='lat' dir='ltr'><strong>cramentum</strong></span> <span class='ocrx_word' id='word_1_304' title='bbox 357 1985 448 2008; x_wconf 86' lang='lat' dir='ltr'><strong>autem</strong></span> <span class='ocrx_word' id='word_1_305' title='bbox 473 1982 606 2017; x_wconf 89' lang='lat' dir='ltr'><strong>quiddam</strong></span> <span class='ocrx_word' id='word_1_306' title='bbox 633 1990 696 2011; x_wconf 82' lang='lat' dir='ltr'><strong>esse</strong></span> <span class='ocrx_word' id='word_1_307' title='bbox 719 1985 792 2019; x_wconf 91' lang='lat' dir='ltr'><strong>quod</strong></span> <span class='ocrx_word' id='word_1_308' title='bbox 820 1986 940 2014; x_wconf 85' lang='lat' dir='ltr'><strong>vicarius</strong></span> 
     </span>
    </p>
   </div>
   <div class='ocr_carea' id='block_1_44' title="bbox 153 2026 939 2065">
    <p class='ocr_par' dir='ltr' id='par_1_44' title="bbox 153 2026 939 2065">
     <span class='ocr_line' id='line_1_44' title="bbox 153 2026 939 2065; baseline 0.006 -12"><span class='ocrx_word' id='word_1_309' title='bbox 153 2026 268 2060; x_wconf 81' lang='lat' dir='ltr'><strong>Christi,</strong></span> <span class='ocrx_word' id='word_1_310' title='bbox 286 2026 416 2055; x_wconf 71' lang='lat' dir='ltr'><strong>Ecclesia:</strong></span> <span class='ocrx_word' id='word_1_311' title='bbox 432 2035 489 2055; x_wconf 78' lang='lat' dir='ltr'><strong>suae</strong></span> <span class='ocrx_word' id='word_1_312' title='bbox 507 2029 670 2063; x_wconf 66' lang='lat' dir='ltr'><strong>praepositus</strong></span> <span class='ocrx_word' id='word_1_313' title='bbox 686 2033 714 2057; x_wconf 84' lang='lat' dir='ltr'><strong>et</strong></span> <span class='ocrx_word' id='word_1_314' title='bbox 728 2030 850 2065; x_wconf 82' lang='lat' dir='ltr'><strong>pontifex</strong></span> <span class='ocrx_word' id='word_1_315' title='bbox 863 2038 939 2058; x_wconf 89' lang='lat' dir='ltr'><strong>sum-</strong></span> 
     </span>
    </p>
   </div>
   <div class='ocr_carea' id='block_1_45' title="bbox 155 2073 939 2111">
    <p class='ocr_par' dir='ltr' id='par_1_45' title="bbox 155 2073 939 2111">
     <span class='ocr_line' id='line_1_45' title="bbox 155 2073 939 2111; baseline 0.006 -12"><span class='ocrx_word' id='word_1_316' title='bbox 155 2081 218 2100; x_wconf 87' lang='lat' dir='ltr'><strong>mus</strong></span> <span class='ocrx_word' id='word_1_317' title='bbox 241 2073 402 2101; x_wconf 86' lang='lat' dir='ltr'><strong>immediate</strong></span> <span class='ocrx_word' id='word_1_318' title='bbox 419 2079 481 2109; x_wconf 84' lang='lat' dir='ltr'><strong>post</strong></span> <span class='ocrx_word' id='word_1_319' title='bbox 505 2074 644 2102; x_wconf 84' lang='lat' dir='ltr'><strong>Christum</strong></span> <span class='ocrx_word' id='word_1_320' title='bbox 670 2080 699 2103; x_wconf 89' lang='lat' dir='ltr'><strong>et</strong></span> <span class='ocrx_word' id='word_1_321' title='bbox 724 2076 830 2111; x_wconf 87' lang='lat' dir='ltr'><strong>primus</strong></span> <span class='ocrx_word' id='word_1_322' title='bbox 848 2077 939 2105; x_wconf 71' lang='lat' dir='ltr'><strong>crucis</strong></span> 
     </span>
    </p>
   </div>
   <div class='ocr_carea' id='block_1_46' title="bbox 107 2118 936 2157">
    <p class='ocr_par' dir='ltr' id='par_1_46' title="bbox 107 2118 936 2157">
     <span class='ocr_line' id='line_1_46' title="bbox 107 2118 936 2157; baseline 0.005 -12"><span class='ocrx_word' id='word_1_323' title='bbox 107 2134 114 2140; x_wconf 84' lang='lat'><strong>-</strong></span> <span class='ocrx_word' id='word_1_324' title='bbox 155 2118 282 2146; x_wconf 85' lang='lat' dir='ltr'><strong>similiter</strong></span> <span class='ocrx_word' id='word_1_325' title='bbox 294 2124 383 2146; x_wconf 90' lang='lat' dir='ltr'><strong>morte</strong></span> <span class='ocrx_word' id='word_1_326' title='bbox 399 2119 550 2147; x_wconf 88' lang='lat' dir='ltr'><strong>moriturus</strong></span> <span class='ocrx_word' id='word_1_327' title='bbox 562 2125 634 2148; x_wconf 85' lang='lat' dir='ltr'><strong>esset</strong></span> <span class='ocrx_word' id='word_1_328' title='bbox 647 2128 703 2148; x_wconf 93' lang='lat' dir='ltr'><strong>non</strong></span> <span class='ocrx_word' id='word_1_329' title='bbox 715 2125 758 2149; x_wconf 87' lang='lat' dir='ltr'><strong>est</strong></span> <span class='ocrx_word' id='word_1_330' title='bbox 769 2122 936 2157; x_wconf 82' lang='lat' dir='ltr'><strong>negandum,</strong></span> 
     </span>
    </p>
   </div>
   <div class='ocr_carea' id='block_1_47' title="bbox 151 2164 937 2202">
    <p class='ocr_par' dir='ltr' id='par_1_47' title="bbox 151 2164 937 2202">
     <span class='ocr_line' id='line_1_47' title="bbox 151 2164 937 2202; baseline 0.004 -11"><span class='ocrx_word' id='word_1_331' title='bbox 151 2165 304 2199; x_wconf 69' lang='lat' dir='ltr'><strong>praesertim</strong></span> <span class='ocrx_word' id='word_1_332' title='bbox 334 2172 399 2192; x_wconf 89' lang='lat' dir='ltr'><strong>cum</strong></span> <span class='ocrx_word' id='word_1_333' title='bbox 426 2164 491 2192; x_wconf 89' lang='lat' dir='ltr'><strong>huic</strong></span> <span class='ocrx_word' id='word_1_334' title='bbox 514 2166 686 2200; x_wconf 86' lang='lat' dir='ltr'><strong>apertissime</strong></span> <span class='ocrx_word' id='word_1_335' title='bbox 712 2166 796 2194; x_wconf 83' lang='lat' dir='ltr'><strong>vitam</strong></span> <span class='ocrx_word' id='word_1_336' title='bbox 826 2175 937 2202; x_wconf 88' lang='lat' dir='ltr'><strong>quoque</strong></span> 
     </span>
    </p>
   </div>
   <div class='ocr_carea' id='block_1_48' title="bbox 1003 245 1788 280">
    <p class='ocr_par' dir='ltr' id='par_1_48' title="bbox 1003 245 1788 280">
     <span class='ocr_line' id='line_1_48' title="bbox 1003 245 1788 280; baseline 0 -9"><span class='ocrx_word' id='word_1_337' title='bbox 1003 245 1160 277; x_wconf 85' lang='lat' dir='ltr'><strong>intrudere;</strong></span> <span class='ocrx_word' id='word_1_338' title='bbox 1178 246 1274 273; x_wconf 87' lang='lat' dir='ltr'><strong>deinde</strong></span> <span class='ocrx_word' id='word_1_339' title='bbox 1302 245 1420 275; x_wconf 77' lang='lat' dir='ltr'><strong>infertur</strong></span> <span class='ocrx_word' id='word_1_340' title='bbox 1439 254 1446 272; x_wconf 88' lang='lat'><strong>:</strong></span> <span class='ocrx_word' id='word_1_341' title='bbox 1464 245 1521 280; x_wconf 73' lang='lat' dir='ltr'><strong>Ego</strong></span> <span class='ocrx_word' id='word_1_342' title='bbox 1537 249 1626 272; x_wconf 74' lang='lat' dir='ltr'><strong>autem</strong></span> <span class='ocrx_word' id='word_1_343' title='bbox 1650 245 1725 272; x_wconf 71' lang='lat' dir='ltr'><strong>oravi</strong></span> <span class='ocrx_word' id='word_1_344' title='bbox 1740 252 1788 278; x_wconf 81' lang='lat' dir='ltr'><strong>pro</strong></span> 
     </span>
    </p>
   </div>
   <div class='ocr_carea' id='block_1_49' title="bbox 1003 291 1789 326">
    <p class='ocr_par' dir='ltr' id='par_1_49' title="bbox 1003 291 1789 326">
     <span class='ocr_line' id='line_1_49' title="bbox 1003 291 1789 326; baseline 0 -9"><span class='ocrx_word' id='word_1_345' title='bbox 1003 296 1038 322; x_wconf 73' lang='lat' dir='ltr'><strong>te,</strong></span> <span class='ocrx_word' id='word_1_346' title='bbox 1061 300 1093 318; x_wconf 84' lang='lat' dir='ltr'><strong>ne</strong></span> <span class='ocrx_word' id='word_1_347' title='bbox 1118 291 1223 324; x_wconf 77' lang='lat' dir='ltr'><strong>deﬁciat</strong></span> <span class='ocrx_word' id='word_1_348' title='bbox 1244 291 1309 326; x_wconf 76' lang='lat' dir='ltr'><strong>ﬁdes</strong></span> <span class='ocrx_word' id='word_1_349' title='bbox 1331 296 1397 325; x_wconf 83' lang='lat' dir='ltr'><strong>tua;</strong></span> <span class='ocrx_word' id='word_1_350' title='bbox 1424 295 1452 318; x_wconf 79' lang='lat' dir='ltr'><strong>tu</strong></span> <span class='ocrx_word' id='word_1_351' title='bbox 1471 299 1533 318; x_wconf 81' lang='lat' dir='ltr'><strong>vero</strong></span> <span class='ocrx_word' id='word_1_352' title='bbox 1561 291 1706 326; x_wconf 76' lang='lat' dir='ltr'><strong>aliquando</strong></span> <span class='ocrx_word' id='word_1_353' title='bbox 1728 299 1789 318; x_wconf 83' lang='lat' dir='ltr'><strong>con-</strong></span> 
     </span>
    </p>
   </div>
   <div class='ocr_carea' id='block_1_50' title="bbox 999 337 1787 373">
    <p class='ocr_par' dir='ltr' id='par_1_50' title="bbox 999 337 1787 373">
     <span class='ocr_line' id='line_1_50' title="bbox 999 337 1787 373; baseline -0.001 -8"><span class='ocrx_word' id='word_1_354' title='bbox 999 347 1087 366; x_wconf 78' lang='lat' dir='ltr'><strong>versus</strong></span> <span class='ocrx_word' id='word_1_355' title='bbox 1115 339 1243 372; x_wconf 79' lang='lat' dir='ltr'><strong>conﬁrma</strong></span> <span class='ocrx_word' id='word_1_356' title='bbox 1270 339 1366 373; x_wconf 77' lang='lat' dir='ltr'><strong>{ralru</strong></span> <span class='ocrx_word' id='word_1_357' title='bbox 1386 343 1442 365; x_wconf 69' lang='lat' dir='ltr'><strong>tuos</strong></span> <span class='ocrx_word' id='word_1_358' title='bbox 1462 339 1483 366; x_wconf 84' lang='grc'><strong>¹.</strong></span> <span class='ocrx_word' id='word_1_359' title='bbox 1514 337 1565 366; x_wconf 84' lang='lat' dir='ltr'><strong>Ubi</strong></span> <span class='ocrx_word' id='word_1_360' title='bbox 1589 338 1644 365; x_wconf 80' lang='lat' dir='ltr'><strong>duo</strong></span> <span class='ocrx_word' id='word_1_361' title='bbox 1671 338 1787 364; x_wconf 72' lang='lat' dir='ltr'><strong>Iuasima</strong></span> 
     </span>
    </p>
   </div>
   <div class='ocr_carea' id='block_1_51' title="bbox 999 384 1789 420">
    <p class='ocr_par' dir='ltr' id='par_1_51' title="bbox 999 384 1789 420">
     <span class='ocr_line' id='line_1_51' title="bbox 999 384 1789 420; baseline -0.001 -8"><span class='ocrx_word' id='word_1_362' title='bbox 999 391 1092 419; x_wconf 88' lang='lat' dir='ltr'><strong>aperte</strong></span> <span class='ocrx_word' id='word_1_363' title='bbox 1117 386 1310 419; x_wconf 82' lang='lat' dir='ltr'><strong>exprimuntur</strong></span> <span class='ocrx_word' id='word_1_364' title='bbox 1332 385 1460 420; x_wconf 82' lang='lat' dir='ltr'><strong>mysteria</strong></span> <span class='ocrx_word' id='word_1_365' title='bbox 1485 393 1492 411; x_wconf 87' lang='lat'>:</span> <span class='ocrx_word' id='word_1_366' title='bbox 1511 385 1630 419; x_wconf 83' lang='lat' dir='ltr'><strong>primum</strong></span> <span class='ocrx_word' id='word_1_367' title='bbox 1647 384 1719 418; x_wconf 87' lang='lat' dir='ltr'><strong>quod</strong></span> <span class='ocrx_word' id='word_1_368' title='bbox 1738 384 1789 411; x_wconf 85' lang='lat' dir='ltr'><strong>Pe-</strong></span> 
     </span>
    </p>
   </div>
   <div class='ocr_carea' id='block_1_52' title="bbox 1000 430 1790 463">
    <p class='ocr_par' dir='ltr' id='par_1_52' title="bbox 1000 430 1790 463">
     <span class='ocr_line' id='line_1_52' title="bbox 1000 430 1790 463; baseline -0.003 -5"><span class='ocrx_word' id='word_1_369' title='bbox 1000 431 1034 458; x_wconf 90' lang='lat' dir='ltr'><strong>tri</strong></span> <span class='ocrx_word' id='word_1_370' title='bbox 1054 431 1139 458; x_wconf 87' lang='lat' dir='ltr'><strong>solius</strong></span> <span class='ocrx_word' id='word_1_371' title='bbox 1164 436 1192 458; x_wconf 90' lang='lat' dir='ltr'><strong>et</strong></span> <span class='ocrx_word' id='word_1_372' title='bbox 1214 439 1405 458; x_wconf 83' lang='lat' dir='ltr'><strong>successorqu</strong></span> <span class='ocrx_word' id='word_1_373' title='bbox 1435 439 1561 463; x_wconf 77' lang='lat' dir='ltr'><strong>suorum,</strong></span> <span class='ocrx_word' id='word_1_374' title='bbox 1587 431 1613 457; x_wconf 85' lang='lat' dir='ltr'><strong>id</strong></span> <span class='ocrx_word' id='word_1_375' title='bbox 1637 436 1679 457; x_wconf 88' lang='lat' dir='ltr'><strong>est</strong></span> <span class='ocrx_word' id='word_1_376' title='bbox 1696 430 1790 458; x_wconf 75' lang='lat' dir='ltr'><strong>Eccle-</strong></span> 
     </span>
    </p>
   </div>
   <div class='ocr_carea' id='block_1_53' title="bbox 998 477 1790 512">
    <p class='ocr_par' dir='ltr' id='par_1_53' title="bbox 998 477 1790 512">
     <span class='ocr_line' id='line_1_53' title="bbox 998 477 1790 512; baseline -0.001 -8"><span class='ocrx_word' id='word_1_377' title='bbox 998 478 1046 504; x_wconf 66' lang='lat' dir='ltr'><strong>site</strong></span> <span class='ocrx_word' id='word_1_378' title='bbox 1064 477 1204 510; x_wconf 68' lang='lat' dir='ltr'><strong>Romanis,</strong></span> <span class='ocrx_word' id='word_1_379' title='bbox 1221 477 1301 511; x_wconf 84' lang='lat' dir='ltr'><strong>cujus</strong></span> <span class='ocrx_word' id='word_1_380' title='bbox 1316 478 1392 505; x_wconf 86' lang='lat' dir='ltr'><strong>urbis</strong></span> <span class='ocrx_word' id='word_1_381' title='bbox 1408 478 1542 504; x_wconf 88' lang='lat' dir='ltr'><strong>duntaxat</strong></span> <span class='ocrx_word' id='word_1_382' title='bbox 1552 478 1711 512; x_wconf 78' lang='lat' dir='ltr'><strong>episcopum</strong></span> <span class='ocrx_word' id='word_1_383' title='bbox 1723 484 1790 504; x_wconf 89' lang='lat' dir='ltr'><strong>con-</strong></span> 
     </span>
    </p>
   </div>
   <div class='ocr_carea' id='block_1_54' title="bbox 998 523 1787 556">
    <p class='ocr_par' dir='ltr' id='par_1_54' title="bbox 998 523 1787 556">
     <span class='ocr_line' id='line_1_54' title="bbox 998 523 1787 556; baseline -0.004 -5"><span class='ocrx_word' id='word_1_384' title='bbox 998 529 1054 551; x_wconf 87' lang='lat' dir='ltr'><strong>stat</strong></span> <span class='ocrx_word' id='word_1_385' title='bbox 1071 523 1157 551; x_wconf 78' lang='lat' dir='ltr'><strong>fuisse</strong></span> <span class='ocrx_word' id='word_1_386' title='bbox 1178 524 1288 551; x_wconf 86' lang='lat' dir='ltr'><strong>Petrum</strong></span> <span class='ocrx_word' id='word_1_387' title='bbox 1302 544 1309 556; x_wconf 88' lang='lat'><strong>,</strong></span> <span class='ocrx_word' id='word_1_388' title='bbox 1336 531 1389 550; x_wconf 93' lang='lat' dir='ltr'><strong>non</strong></span> <span class='ocrx_word' id='word_1_389' title='bbox 1416 523 1527 551; x_wconf 82' lang='lat' dir='ltr'><strong>deﬁciet</strong></span> <span class='ocrx_word' id='word_1_390' title='bbox 1545 523 1630 555; x_wconf 88' lang='lat' dir='ltr'><strong>ﬁdes;</strong></span> <span class='ocrx_word' id='word_1_391' title='bbox 1650 523 1787 555; x_wconf 86' lang='lat' dir='ltr'><strong>alterum,</strong></span> 
     </span>
    </p>
   </div>
   <div class='ocr_carea' id='block_1_55' title="bbox 996 568 1788 604">
    <p class='ocr_par' dir='ltr' id='par_1_55' title="bbox 996 568 1788 604">
     <span class='ocr_line' id='line_1_55' title="bbox 996 568 1788 604; baseline -0.003 -8"><span class='ocrx_word' id='word_1_392' title='bbox 996 569 1071 604; x_wconf 86' lang='lat' dir='ltr'><strong>quod</strong></span> <span class='ocrx_word' id='word_1_393' title='bbox 1090 574 1255 596; x_wconf 69' lang='lat' dir='ltr'><strong>creterorum</strong></span> <span class='ocrx_word' id='word_1_394' title='bbox 1271 569 1384 596; x_wconf 88' lang='lat' dir='ltr'><strong>deﬁciet</strong></span> <span class='ocrx_word' id='word_1_395' title='bbox 1408 568 1567 604; x_wconf 77' lang='lat' dir='ltr'><strong>aliquando.</strong></span> <span class='ocrx_word' id='word_1_396' title='bbox 1583 568 1673 600; x_wconf 83' lang='lat' dir='ltr'><strong>Quare</strong></span> <span class='ocrx_word' id='word_1_397' title='bbox 1687 568 1788 602; x_wconf 87' lang='lat' dir='ltr'><strong>inquit.</strong></span> 
     </span>
    </p>
   </div>
   <div class='ocr_carea' id='block_1_56' title="bbox 1000 613 1788 649">
    <p class='ocr_par' dir='ltr' id='par_1_56' title="bbox 1000 613 1788 649">
     <span class='ocr_line' id='line_1_56' title="bbox 1000 613 1788 649; baseline -0.001 -9"><span class='ocrx_word' id='word_1_398' title='bbox 1000 615 1036 640; x_wconf 84' lang='lat' dir='ltr'><strong>Tu</strong></span> <span class='ocrx_word' id='word_1_399' title='bbox 1052 614 1197 649; x_wconf 78' lang='lat' dir='ltr'><strong>aliquando</strong></span> <span class='ocrx_word' id='word_1_400' title='bbox 1211 622 1362 647; x_wconf 73' lang='lat' dir='ltr'><strong>conuersus,</strong></span> <span class='ocrx_word' id='word_1_401' title='bbox 1375 614 1506 649; x_wconf 77' lang='lat' dir='ltr'><strong>conﬁrma</strong></span> <span class='ocrx_word' id='word_1_402' title='bbox 1526 614 1624 649; x_wconf 75' lang='lat' dir='ltr'><strong>fratres</strong></span> <span class='ocrx_word' id='word_1_403' title='bbox 1641 618 1710 640; x_wconf 76' lang='lat' dir='ltr'><strong>tuos.</strong></span> <span class='ocrx_word' id='word_1_404' title='bbox 1725 613 1788 640; x_wconf 81' lang='lat' dir='ltr'><strong>Ali-</strong></span> 
     </span>
    </p>
   </div>
   <div class='ocr_carea' id='block_1_57' title="bbox 998 661 1786 696">
    <p class='ocr_par' dir='ltr' id='par_1_57' title="bbox 998 661 1786 696">
     <span class='ocr_line' id='line_1_57' title="bbox 998 661 1786 696; baseline 0 -9"><span class='ocrx_word' id='word_1_405' title='bbox 998 662 1107 696; x_wconf 82' lang='lat' dir='ltr'><strong>quando</strong></span> <span class='ocrx_word' id='word_1_406' title='bbox 1125 666 1218 689; x_wconf 89' lang='lat' dir='ltr'><strong>autem</strong></span> <span class='ocrx_word' id='word_1_407' title='bbox 1231 661 1302 689; x_wconf 87' lang='lat' dir='ltr'><strong>dixit</strong></span> <span class='ocrx_word' id='word_1_408' title='bbox 1315 682 1323 695; x_wconf 91' lang='lat'><strong>,</strong></span> <span class='ocrx_word' id='word_1_409' title='bbox 1339 665 1370 688; x_wconf 84' lang='lat' dir='ltr'><strong>ut</strong></span> <span class='ocrx_word' id='word_1_410' title='bbox 1385 661 1557 693; x_wconf 82' lang='lat' dir='ltr'><strong>ostenderet,</strong></span> <span class='ocrx_word' id='word_1_411' title='bbox 1569 661 1708 688; x_wconf 83' lang='lat' dir='ltr'><strong>neminem</strong></span> <span class='ocrx_word' id='word_1_412' title='bbox 1722 668 1786 696; x_wconf 90' lang='lat' dir='ltr'><strong>apo-</strong></span> 
     </span>
    </p>
   </div>
   <div class='ocr_carea' id='block_1_58' title="bbox 997 706 1785 742">
    <p class='ocr_par' dir='ltr' id='par_1_58' title="bbox 997 706 1785 742">
     <span class='ocr_line' id='line_1_58' title="bbox 997 706 1785 742; baseline -0.003 -8"><span class='ocrx_word' id='word_1_413' title='bbox 997 707 1131 734; x_wconf 80' lang='lat' dir='ltr'><strong>stolorum</strong></span> <span class='ocrx_word' id='word_1_414' title='bbox 1146 706 1268 742; x_wconf 85' lang='lat' dir='ltr'><strong>Spiritus</strong></span> <span class='ocrx_word' id='word_1_415' title='bbox 1286 708 1377 735; x_wconf 78' lang='lat' dir='ltr'><strong>sancti</strong></span> <span class='ocrx_word' id='word_1_416' title='bbox 1394 707 1589 735; x_wconf 81' lang='lat' dir='ltr'><strong>conﬁrmatum</strong></span> <span class='ocrx_word' id='word_1_417' title='bbox 1605 706 1693 739; x_wconf 73' lang='lat' dir='ltr'><strong>gratia</strong></span> <span class='ocrx_word' id='word_1_418' title='bbox 1710 713 1785 734; x_wconf 83' lang='lat' dir='ltr'><strong>erra-</strong></span> 
     </span>
    </p>
   </div>
   <div class='ocr_carea' id='block_1_59' title="bbox 999 753 1785 788">
    <p class='ocr_par' dir='ltr' id='par_1_59' title="bbox 999 753 1785 788">
     <span class='ocr_line' id='line_1_59' title="bbox 999 753 1785 788; baseline -0.001 -8"><span class='ocrx_word' id='word_1_419' title='bbox 999 759 1102 785; x_wconf 87' lang='lat' dir='ltr'><strong>turum,</strong></span> <span class='ocrx_word' id='word_1_420' title='bbox 1116 754 1163 782; x_wconf 86' lang='lat' dir='ltr'><strong>sed</strong></span> <span class='ocrx_word' id='word_1_421' title='bbox 1177 761 1360 787; x_wconf 74' lang='lat' dir='ltr'><strong>successores,</strong></span> <span class='ocrx_word' id='word_1_422' title='bbox 1370 754 1403 781; x_wconf 91' lang='lat' dir='ltr'><strong>ad</strong></span> <span class='ocrx_word' id='word_1_423' title='bbox 1414 753 1653 781; x_wconf 88' lang='lat' dir='ltr'><strong>conﬁrmationem</strong></span> <span class='ocrx_word' id='word_1_424' title='bbox 1667 760 1785 788; x_wconf 85' lang='lat' dir='ltr'><strong>quorum</strong></span> 
     </span>
    </p>
   </div>
   <div class='ocr_carea' id='block_1_60' title="bbox 997 799 1786 835">
    <p class='ocr_par' dir='ltr' id='par_1_60' title="bbox 997 799 1786 835">
     <span class='ocr_line' id='line_1_60' title="bbox 997 799 1786 835; baseline 0 -9"><span class='ocrx_word' id='word_1_425' title='bbox 997 799 1104 831; x_wconf 81' lang='lat' dir='ltr'><strong>Petrus,</strong></span> <span class='ocrx_word' id='word_1_426' title='bbox 1122 799 1175 827; x_wconf 87' lang='lat' dir='ltr'><strong>hoc</strong></span> <span class='ocrx_word' id='word_1_427' title='bbox 1197 804 1239 827; x_wconf 78' lang='lat' dir='ltr'><strong>cst</strong></span> <span class='ocrx_word' id='word_1_428' title='bbox 1251 799 1339 834; x_wconf 82' lang='lat' dir='ltr'><strong>ipsius</strong></span> <span class='ocrx_word' id='word_1_429' title='bbox 1353 807 1529 827; x_wconf 80' lang='lat' dir='ltr'><strong>successores</strong></span> <span class='ocrx_word' id='word_1_430' title='bbox 1543 799 1666 827; x_wconf 85' lang='lat' dir='ltr'><strong>converti</strong></span> <span class='ocrx_word' id='word_1_431' title='bbox 1687 799 1786 835; x_wconf 79' lang='lat' dir='ltr'><strong>juben-</strong></span> 
     </span>
    </p>
   </div>
   <div class='ocr_carea' id='block_1_61' title="bbox 1000 845 1786 880">
    <p class='ocr_par' dir='ltr' id='par_1_61' title="bbox 1000 845 1786 880">
     <span class='ocr_line' id='line_1_61' title="bbox 1000 845 1786 880; baseline 0.001 -9"><span class='ocrx_word' id='word_1_432' title='bbox 1000 849 1058 877; x_wconf 89' lang='lat' dir='ltr'><strong>tnr;</strong></span> <span class='ocrx_word' id='word_1_433' title='bbox 1076 845 1148 880; x_wconf 87' lang='lat' dir='ltr'><strong>quod</strong></span> <span class='ocrx_word' id='word_1_434' title='bbox 1165 845 1256 880; x_wconf 83' lang='lat' dir='ltr'><strong>reipsa</strong></span> <span class='ocrx_word' id='word_1_435' title='bbox 1270 846 1423 880; x_wconf 84' lang='lat' dir='ltr'><strong>perfectum</strong></span> <span class='ocrx_word' id='word_1_436' title='bbox 1439 854 1448 874; x_wconf 85' lang='lat'><strong>:</strong></span> <span class='ocrx_word' id='word_1_437' title='bbox 1465 853 1536 880; x_wconf 69' lang='lat' dir='ltr'><strong>saepe</strong></span> <span class='ocrx_word' id='word_1_438' title='bbox 1551 852 1669 880; x_wconf 85' lang='lat' dir='ltr'><strong>namque</strong></span> <span class='ocrx_word' id='word_1_439' title='bbox 1680 850 1786 872; x_wconf 53' lang='lat' dir='ltr'><strong>caeteras</strong></span> 
     </span>
    </p>
   </div>
   <div class='ocr_carea' id='block_1_62' title="bbox 998 891 1784 926">
    <p class='ocr_par' dir='ltr' id='par_1_62' title="bbox 998 891 1784 926">
     <span class='ocr_line' id='line_1_62' title="bbox 998 891 1784 926; baseline 0.003 -9"><span class='ocrx_word' id='word_1_440' title='bbox 998 891 1074 918; x_wconf 89' lang='lat' dir='ltr'><strong>orbis</strong></span> <span class='ocrx_word' id='word_1_441' title='bbox 1102 891 1231 918; x_wconf 65' lang='lat' dir='ltr'><strong>Ecclesiae</strong></span> <span class='ocrx_word' id='word_1_442' title='bbox 1249 899 1264 918; x_wconf 91' lang='lat' dir='ltr'><strong>a</strong></span> <span class='ocrx_word' id='word_1_443' title='bbox 1292 892 1415 918; x_wconf 78' lang='lat' dir='ltr'><strong>Romana</strong></span> <span class='ocrx_word' id='word_1_444' title='bbox 1441 891 1611 918; x_wconf 71' lang='lat' dir='ltr'><strong>conﬁrmata:</strong></span> <span class='ocrx_word' id='word_1_445' title='bbox 1633 895 1707 924; x_wconf 89' lang='lat' dir='ltr'><strong>sunt,</strong></span> <span class='ocrx_word' id='word_1_446' title='bbox 1726 891 1784 926; x_wconf 77' lang='lat' dir='ltr'><strong>ipsa</strong></span> 
     </span>
    </p>
   </div>
   <div class='ocr_carea' id='block_1_63' title="bbox 997 936 1786 972">
    <p class='ocr_par' dir='ltr' id='par_1_63' title="bbox 997 936 1786 972">
     <span class='ocr_line' id='line_1_63' title="bbox 997 936 1786 972; baseline 0.001 -9"><span class='ocrx_word' id='word_1_447' title='bbox 997 937 1032 963; x_wconf 84' lang='lat' dir='ltr'><strong>ab</strong></span> <span class='ocrx_word' id='word_1_448' title='bbox 1044 937 1105 964; x_wconf 83' lang='lat' dir='ltr'><strong>aliis</strong></span> <span class='ocrx_word' id='word_1_449' title='bbox 1115 944 1268 971; x_wconf 89' lang='lat' dir='ltr'><strong>nunquam.</strong></span> <span class='ocrx_word' id='word_1_450' title='bbox 1281 937 1334 964; x_wconf 89' lang='lat' dir='ltr'><strong>Sed</strong></span> <span class='ocrx_word' id='word_1_451' title='bbox 1350 938 1472 972; x_wconf 89' lang='lat' dir='ltr'><strong>t‘empora</strong></span> <span class='ocrx_word' id='word_1_452' title='bbox 1486 945 1598 972; x_wconf 87' lang='lat' dir='ltr'><strong>quoque</strong></span> <span class='ocrx_word' id='word_1_453' title='bbox 1613 936 1786 972; x_wconf 71' lang='lat' dir='ltr'><strong>prteiectune</strong></span> 
     </span>
    </p>
   </div>
   <div class='ocr_carea' id='block_1_64' title="bbox 997 982 1784 1017">
    <p class='ocr_par' dir='ltr' id='par_1_64' title="bbox 997 982 1784 1017">
     <span class='ocr_line' id='line_1_64' title="bbox 997 982 1784 1017; baseline 0.001 -8"><span class='ocrx_word' id='word_1_454' title='bbox 997 982 1070 1009; x_wconf 80' lang='lat' dir='ltr'><strong>Petri</strong></span> <span class='ocrx_word' id='word_1_455' title='bbox 1089 982 1301 1010; x_wconf 83' lang='lat' dir='ltr'><strong>admirationem</strong></span> <span class='ocrx_word' id='word_1_456' title='bbox 1316 1003 1324 1015; x_wconf 86' lang='lat'><strong>,</strong></span> <span class='ocrx_word' id='word_1_457' title='bbox 1342 983 1363 1010; x_wconf 92' lang='lat' dir='ltr'><strong>si</strong></span> <span class='ocrx_word' id='word_1_458' title='bbox 1380 983 1595 1011; x_wconf 77' lang='lat' dir='ltr'><strong>considerantur</strong></span> <span class='ocrx_word' id='word_1_459' title='bbox 1610 1002 1618 1015; x_wconf 91' lang='lat'><strong>,</strong></span> <span class='ocrx_word' id='word_1_460' title='bbox 1634 983 1784 1017; x_wconf 74' lang='lat' dir='ltr'><strong>adaugent.</strong></span> 
     </span>
    </p>
   </div>
   <div class='ocr_carea' id='block_1_65' title="bbox 996 1029 1784 1064">
    <p class='ocr_par' dir='ltr' id='par_1_65' title="bbox 996 1029 1784 1064">
     <span class='ocr_line' id='line_1_65' title="bbox 996 1029 1784 1064; baseline -0.001 -8"><span class='ocrx_word' id='word_1_461' title='bbox 996 1035 1021 1056; x_wconf 87' lang='lat' dir='ltr'><strong>et</strong></span> <span class='ocrx_word' id='word_1_462' title='bbox 1037 1029 1118 1056; x_wconf 81' lang='lat' dir='ltr'><strong>tidem</strong></span> <span class='ocrx_word' id='word_1_463' title='bbox 1138 1030 1177 1057; x_wconf 91' lang='lat' dir='ltr'><strong>rei</strong></span> <span class='ocrx_word' id='word_1_464' title='bbox 1194 1029 1301 1057; x_wconf 78' lang='lat' dir='ltr'><strong>faciunt</strong></span> <span class='ocrx_word' id='word_1_465' title='bbox 1316 1029 1480 1057; x_wconf 90' lang='lat' dir='ltr'><strong>ﬁrmiorem.</strong></span> <span class='ocrx_word' id='word_1_466' title='bbox 1496 1029 1592 1057; x_wconf 88' lang='lat' dir='ltr'><strong>Claves</strong></span> <span class='ocrx_word' id='word_1_467' title='bbox 1616 1030 1784 1064; x_wconf 86' lang='lat' dir='ltr'><strong>promittun-</strong></span> 
     </span>
    </p>
   </div>
   <div class='ocr_carea' id='block_1_66' title="bbox 998 1075 1784 1110">
    <p class='ocr_par' dir='ltr' id='par_1_66' title="bbox 998 1075 1784 1110">
     <span class='ocr_line' id='line_1_66' title="bbox 998 1075 1784 1110; baseline 0 -9"><span class='ocrx_word' id='word_1_468' title='bbox 998 1080 1054 1108; x_wconf 88' lang='lat' dir='ltr'><strong>tur,</strong></span> <span class='ocrx_word' id='word_1_469' title='bbox 1068 1083 1129 1107; x_wconf 85' lang='lat' dir='ltr'><strong>cum</strong></span> <span class='ocrx_word' id='word_1_470' title='bbox 1144 1075 1202 1110; x_wconf 84' lang='lat' dir='ltr'><strong>ipse</strong></span> <span class='ocrx_word' id='word_1_471' title='bbox 1216 1080 1280 1102; x_wconf 87' lang='lat' dir='ltr'><strong>ante</strong></span> <span class='ocrx_word' id='word_1_472' title='bbox 1298 1076 1367 1103; x_wconf 90' lang='lat' dir='ltr'><strong>alios</strong></span> <span class='ocrx_word' id='word_1_473' title='bbox 1382 1075 1482 1103; x_wconf 88' lang='lat' dir='ltr'><strong>Filium</strong></span> <span class='ocrx_word' id='word_1_474' title='bbox 1502 1076 1549 1103; x_wconf 88' lang='lat' dir='ltr'><strong>Dei</strong></span> <span class='ocrx_word' id='word_1_475' title='bbox 1566 1076 1622 1102; x_wconf 86' lang='lat' dir='ltr'><strong>vivi</strong></span> <span class='ocrx_word' id='word_1_476' title='bbox 1640 1075 1784 1102; x_wconf 77' lang='lat' dir='ltr'><strong>confessus</strong></span> 
     </span>
    </p>
   </div>
   <div class='ocr_carea' id='block_1_67' title="bbox 996 1121 1784 1157">
    <p class='ocr_par' dir='ltr' id='par_1_67' title="bbox 996 1121 1784 1157">
     <span class='ocr_line' id='line_1_67' title="bbox 996 1121 1784 1157; baseline 0.003 -9"><span class='ocrx_word' id='word_1_477' title='bbox 996 1126 1091 1156; x_wconf 82' lang='lat' dir='ltr'><strong>esset;</strong></span> <span class='ocrx_word' id='word_1_478' title='bbox 1110 1121 1170 1149; x_wconf 84' lang='lat' dir='ltr'><strong>ﬁdei</strong></span> <span class='ocrx_word' id='word_1_479' title='bbox 1190 1130 1243 1148; x_wconf 91' lang='lat' dir='ltr'><strong>non</strong></span> <span class='ocrx_word' id='word_1_480' title='bbox 1261 1122 1409 1150; x_wconf 77' lang='lat' dir='ltr'><strong>defecturas</strong></span> <span class='ocrx_word' id='word_1_481' title='bbox 1424 1123 1540 1157; x_wconf 73' lang='lat' dir='ltr'><strong>gratiam</strong></span> <span class='ocrx_word' id='word_1_482' title='bbox 1556 1130 1571 1149; x_wconf 88' lang='lat' dir='ltr'><strong>a</strong></span> <span class='ocrx_word' id='word_1_483' title='bbox 1592 1122 1784 1157; x_wconf 72' lang='lat' dir='ltr'><strong>prolieiseeute</strong></span> 
     </span>
    </p>
   </div>
   <div class='ocr_carea' id='block_1_68' title="bbox 997 1166 1782 1202">
    <p class='ocr_par' dir='ltr' id='par_1_68' title="bbox 997 1166 1782 1202">
     <span class='ocr_line' id='line_1_68' title="bbox 997 1166 1782 1202; baseline 0 -9"><span class='ocrx_word' id='word_1_484' title='bbox 997 1166 1023 1193; x_wconf 90' lang='lat' dir='ltr'><strong>in</strong></span> <span class='ocrx_word' id='word_1_485' title='bbox 1040 1174 1150 1194; x_wconf 88' lang='lat' dir='ltr'><strong>crucem</strong></span> <span class='ocrx_word' id='word_1_486' title='bbox 1168 1167 1245 1200; x_wconf 80' lang='lat' dir='ltr'><strong>quasi</strong></span> <span class='ocrx_word' id='word_1_487' title='bbox 1262 1171 1428 1194; x_wconf 86' lang='lat' dir='ltr'><strong>testamento</strong></span> <span class='ocrx_word' id='word_1_488' title='bbox 1442 1168 1559 1202; x_wconf 82' lang='lat' dir='ltr'><strong>accepit.</strong></span> <span class='ocrx_word' id='word_1_489' title='bbox 1579 1167 1782 1202; x_wconf 83' lang='lat' dir='ltr'><strong>pascendarum</strong></span> 
     </span>
    </p>
   </div>
   <div class='ocr_carea' id='block_1_69' title="bbox 996 1212 1785 1250">
    <p class='ocr_par' dir='ltr' id='par_1_69' title="bbox 996 1212 1785 1250">
     <span class='ocr_line' id='line_1_69' title="bbox 996 1212 1785 1250; baseline 0.003 -12"><span class='ocrx_word' id='word_1_490' title='bbox 996 1212 1088 1238; x_wconf 93' lang='lat' dir='ltr'><strong>ovium</strong></span> <span class='ocrx_word' id='word_1_491' title='bbox 1104 1212 1419 1250; x_wconf 28' lang='lat' dir='ltr'><strong>simplicitcr‘omnium,</strong></span> <span class='ocrx_word' id='word_1_492' title='bbox 1440 1217 1524 1248; x_wconf 83' lang='lat' dir='ltr'><strong>atque</strong></span> <span class='ocrx_word' id='word_1_493' title='bbox 1540 1220 1673 1247; x_wconf 80' lang='lat' dir='ltr'><strong>agnorum</strong></span> <span class='ocrx_word' id='word_1_494' title='bbox 1688 1218 1785 1240; x_wconf 82' lang='lat' dir='ltr'><strong>aucto-</strong></span> 
     </span>
    </p>
   </div>
   <div class='ocr_carea' id='block_1_70' title="bbox 997 1258 1781 1294">
    <p class='ocr_par' dir='ltr' id='par_1_70' title="bbox 997 1258 1781 1294">
     <span class='ocr_line' id='line_1_70' title="bbox 997 1258 1781 1294; baseline 0.001 -10"><span class='ocrx_word' id='word_1_495' title='bbox 997 1258 1119 1290; x_wconf 80' lang='lat' dir='ltr'><strong>ritatem,</strong></span> <span class='ocrx_word' id='word_1_496' title='bbox 1145 1263 1207 1293; x_wconf 88' lang='lat' dir='ltr'><strong>post</strong></span> <span class='ocrx_word' id='word_1_497' title='bbox 1232 1259 1489 1292; x_wconf 86' lang='lat' dir='ltr'><strong>resurrectionem,</strong></span> <span class='ocrx_word' id='word_1_498' title='bbox 1510 1267 1606 1294; x_wconf 91' lang='lat' dir='ltr'><strong>parum</strong></span> <span class='ocrx_word' id='word_1_499' title='bbox 1632 1265 1781 1294; x_wconf 86' lang='lat' dir='ltr'><strong>antequam</strong></span> 
     </span>
    </p>
   </div>
   <div class='ocr_carea' id='block_1_71' title="bbox 996 1303 1781 1338">
    <p class='ocr_par' dir='ltr' id='par_1_71' title="bbox 996 1303 1781 1338">
     <span class='ocr_line' id='line_1_71' title="bbox 996 1303 1781 1338; baseline 0.001 -8"><span class='ocrx_word' id='word_1_500' title='bbox 996 1303 1129 1331; x_wconf 90' lang='lat' dir='ltr'><strong>Dominus</strong></span> <span class='ocrx_word' id='word_1_501' title='bbox 1142 1304 1169 1331; x_wconf 95' lang='lat' dir='ltr'><strong>in</strong></span> <span class='ocrx_word' id='word_1_502' title='bbox 1186 1304 1270 1332; x_wconf 67' lang='lat' dir='ltr'><strong>caelos</strong></span> <span class='ocrx_word' id='word_1_503' title='bbox 1291 1305 1463 1333; x_wconf 89' lang='lat' dir='ltr'><strong>ascenderet.</strong></span> <span class='ocrx_word' id='word_1_504' title='bbox 1486 1305 1626 1338; x_wconf 87' lang='lat' dir='ltr'><strong>Quorsum</strong></span> <span class='ocrx_word' id='word_1_505' title='bbox 1648 1304 1727 1332; x_wconf 69' lang='lat' dir='ltr'><strong>hac?</strong></span> <span class='ocrx_word' id='word_1_506' title='bbox 1747 1304 1781 1332; x_wconf 80' lang='lat' dir='ltr'><strong>Ut</strong></span> 
     </span>
    </p>
   </div>
   <div class='ocr_carea' id='block_1_72' title="bbox 996 1350 1781 1386">
    <p class='ocr_par' dir='ltr' id='par_1_72' title="bbox 996 1350 1781 1386">
     <span class='ocr_line' id='line_1_72' title="bbox 996 1350 1781 1386; baseline 0 -8"><span class='ocrx_word' id='word_1_507' title='bbox 996 1350 1175 1378; x_wconf 84' lang='lat' dir='ltr'><strong>ostendamus</strong></span> <span class='ocrx_word' id='word_1_508' title='bbox 1187 1357 1304 1379; x_wconf 90' lang='lat' dir='ltr'><strong>mortem</strong></span> <span class='ocrx_word' id='word_1_509' title='bbox 1318 1351 1430 1386; x_wconf 86' lang='lat' dir='ltr'><strong>quidem</strong></span> <span class='ocrx_word' id='word_1_510' title='bbox 1451 1351 1523 1379; x_wconf 87' lang='lat' dir='ltr'><strong>Petri</strong></span> <span class='ocrx_word' id='word_1_511' title='bbox 1540 1355 1568 1378; x_wconf 90' lang='lat' dir='ltr'><strong>et</strong></span> <span class='ocrx_word' id='word_1_512' title='bbox 1583 1358 1669 1386; x_wconf 68' lang='lat' dir='ltr'><strong>genus</strong></span> <span class='ocrx_word' id='word_1_513' title='bbox 1683 1352 1781 1378; x_wconf 83' lang='lat' dir='ltr'><strong>mortis</strong></span> 
     </span>
    </p>
   </div>
   <div class='ocr_carea' id='block_1_73' title="bbox 996 1396 1781 1431">
    <p class='ocr_par' dir='ltr' id='par_1_73' title="bbox 996 1396 1781 1431">
     <span class='ocr_line' id='line_1_73' title="bbox 996 1396 1781 1431; baseline 0.001 -9"><span class='ocrx_word' id='word_1_514' title='bbox 996 1396 1200 1431; x_wconf 62' lang='lat' dir='ltr'><strong>praedicendum</strong></span> <span class='ocrx_word' id='word_1_515' title='bbox 1224 1396 1322 1428; x_wconf 82' lang='lat' dir='ltr'><strong>fuisse,</strong></span> <span class='ocrx_word' id='word_1_516' title='bbox 1339 1397 1454 1424; x_wconf 82' lang='lat' dir='ltr'><strong>Joannis</strong></span> <span class='ocrx_word' id='word_1_517' title='bbox 1471 1402 1561 1424; x_wconf 84' lang='lat' dir='ltr'><strong>autem</strong></span> <span class='ocrx_word' id='word_1_518' title='bbox 1584 1402 1710 1428; x_wconf 86' lang='lat' dir='ltr'><strong>mortem,</strong></span> <span class='ocrx_word' id='word_1_519' title='bbox 1727 1398 1781 1424; x_wconf 88' lang='lat' dir='ltr'><strong>nisi</strong></span> 
     </span>
    </p>
   </div>
   <div class='ocr_carea' id='block_1_74' title="bbox 996 1441 1783 1478">
    <p class='ocr_par' dir='ltr' id='par_1_74' title="bbox 996 1441 1783 1478">
     <span class='ocr_line' id='line_1_74' title="bbox 996 1441 1783 1478; baseline 0.001 -10"><span class='ocrx_word' id='word_1_520' title='bbox 996 1441 1059 1477; x_wconf 90' lang='lat' dir='ltr'><strong>quis</strong></span> <span class='ocrx_word' id='word_1_521' title='bbox 1077 1442 1104 1469; x_wconf 91' lang='lat' dir='ltr'><strong>in</strong></span> <span class='ocrx_word' id='word_1_522' title='bbox 1127 1443 1258 1470; x_wconf 86' lang='lat' dir='ltr'><strong>extremis</strong></span> <span class='ocrx_word' id='word_1_523' title='bbox 1275 1443 1359 1478; x_wconf 81' lang='lat' dir='ltr'><strong>hujus</strong></span> <span class='ocrx_word' id='word_1_524' title='bbox 1378 1443 1471 1470; x_wconf 72' lang='lat' dir='ltr'><strong>smculi</strong></span> <span class='ocrx_word' id='word_1_525' title='bbox 1493 1443 1611 1470; x_wconf 81' lang='lat' dir='ltr'><strong>futuram</strong></span> <span class='ocrx_word' id='word_1_526' title='bbox 1630 1451 1691 1470; x_wconf 80' lang='lat' dir='ltr'><strong>cuin</strong></span> <span class='ocrx_word' id='word_1_527' title='bbox 1717 1451 1783 1478; x_wconf 85' lang='lat' dir='ltr'><strong>apo-</strong></span> 
     </span>
    </p>
   </div>
   <div class='ocr_carea' id='block_1_75' title="bbox 997 1488 1782 1524">
    <p class='ocr_par' dir='ltr' id='par_1_75' title="bbox 997 1488 1782 1524">
     <span class='ocr_line' id='line_1_75' title="bbox 997 1488 1782 1524; baseline 0.003 -10"><span class='ocrx_word' id='word_1_528' title='bbox 997 1488 1076 1515; x_wconf 89' lang='lat' dir='ltr'><strong>stolis</strong></span> <span class='ocrx_word' id='word_1_529' title='bbox 1100 1488 1250 1522; x_wconf 83' lang='lat' dir='ltr'><strong>existimet,</strong></span> <span class='ocrx_word' id='word_1_530' title='bbox 1268 1497 1322 1516; x_wconf 92' lang='lat' dir='ltr'><strong>non</strong></span> <span class='ocrx_word' id='word_1_531' title='bbox 1346 1490 1432 1517; x_wconf 79' lang='lat' dir='ltr'><strong>fuisse</strong></span> <span class='ocrx_word' id='word_1_532' title='bbox 1449 1490 1634 1517; x_wconf 81' lang='lat' dir='ltr'><strong>scribendam.</strong></span> <span class='ocrx_word' id='word_1_533' title='bbox 1652 1490 1692 1517; x_wconf 85' lang='lat' dir='ltr'><strong>Ad</strong></span> <span class='ocrx_word' id='word_1_534' title='bbox 1714 1489 1782 1524; x_wconf 84' lang='lat' dir='ltr'><strong>quid</strong></span> 
     </span>
    </p>
   </div>
   <div class='ocr_carea' id='block_1_76' title="bbox 996 1535 1780 1568">
    <p class='ocr_par' dir='ltr' id='par_1_76' title="bbox 996 1535 1780 1568">
     <span class='ocr_line' id='line_1_76' title="bbox 996 1535 1780 1568; baseline 0.004 -7"><span class='ocrx_word' id='word_1_535' title='bbox 996 1535 1069 1561; x_wconf 87' lang='lat' dir='ltr'><strong>enim</strong></span> <span class='ocrx_word' id='word_1_536' title='bbox 1088 1535 1265 1568; x_wconf 91' lang='lat' dir='ltr'><strong>moriturum,</strong></span> <span class='ocrx_word' id='word_1_537' title='bbox 1281 1543 1344 1562; x_wconf 92' lang='lat' dir='ltr'><strong>cum</strong></span> <span class='ocrx_word' id='word_1_538' title='bbox 1362 1535 1493 1563; x_wconf 85' lang='lat' dir='ltr'><strong>Dominus</strong></span> <span class='ocrx_word' id='word_1_539' title='bbox 1507 1536 1540 1564; x_wconf 90' lang='lat' dir='ltr'><strong>ad</strong></span> <span class='ocrx_word' id='word_1_540' title='bbox 1555 1544 1617 1563; x_wconf 92' lang='lat' dir='ltr'><strong>eum</strong></span> <span class='ocrx_word' id='word_1_541' title='bbox 1636 1537 1741 1564; x_wconf 90' lang='lat' dir='ltr'><strong>venerit</strong></span> <span class='ocrx_word' id='word_1_542' title='bbox 1753 1536 1780 1564; x_wconf 88' lang='lat' dir='ltr'><strong>in</strong></span> 
     </span>
    </p>
   </div>
   <div class='ocr_carea' id='block_1_77' title="bbox 994 1579 1780 1616">
    <p class='ocr_par' dir='ltr' id='par_1_77' title="bbox 994 1579 1780 1616">
     <span class='ocr_line' id='line_1_77' title="bbox 994 1579 1780 1616; baseline 0.005 -10"><span class='ocrx_word' id='word_1_543' title='bbox 994 1579 1045 1606; x_wconf 87' lang='lat' dir='ltr'><strong>hac</strong></span> <span class='ocrx_word' id='word_1_544' title='bbox 1066 1580 1223 1608; x_wconf 91' lang='lat' dir='ltr'><strong>conditione</strong></span> <span class='ocrx_word' id='word_1_545' title='bbox 1241 1581 1394 1614; x_wconf 87' lang='lat' dir='ltr'><strong>communi,</strong></span> <span class='ocrx_word' id='word_1_546' title='bbox 1413 1582 1602 1610; x_wconf 86' lang='lat' dir='ltr'><strong>scriberetur?</strong></span> <span class='ocrx_word' id='word_1_547' title='bbox 1619 1582 1659 1610; x_wconf 83' lang='lat' dir='ltr'><strong>Ad</strong></span> <span class='ocrx_word' id='word_1_548' title='bbox 1686 1590 1780 1616; x_wconf 86' lang='lat' dir='ltr'><strong>repre-</strong></span> 
     </span>
    </p>
   </div>
   <div class='ocr_carea' id='block_1_78' title="bbox 993 1626 1781 1658">
    <p class='ocr_par' dir='ltr' id='par_1_78' title="bbox 993 1626 1781 1658">
     <span class='ocr_line' id='line_1_78' title="bbox 993 1626 1781 1658; baseline 0.005 -5"><span class='ocrx_word' id='word_1_549' title='bbox 993 1626 1154 1653; x_wconf 87' lang='lat' dir='ltr'><strong>hensiouem</strong></span> <span class='ocrx_word' id='word_1_550' title='bbox 1171 1627 1339 1655; x_wconf 81' lang='lat' dir='ltr'><strong>curiositatis</strong></span> <span class='ocrx_word' id='word_1_551' title='bbox 1358 1629 1456 1656; x_wconf 85' lang='lat' dir='ltr'><strong>Petri?</strong></span> <span class='ocrx_word' id='word_1_552' title='bbox 1476 1628 1510 1656; x_wconf 85' lang='lat' dir='ltr'><strong>At</strong></span> <span class='ocrx_word' id='word_1_553' title='bbox 1524 1629 1605 1656; x_wconf 90' lang='lat' dir='ltr'><strong>unico</strong></span> <span class='ocrx_word' id='word_1_554' title='bbox 1630 1629 1716 1656; x_wconf 87' lang='lat' dir='ltr'><strong>verbo</strong></span> <span class='ocrx_word' id='word_1_555' title='bbox 1738 1638 1781 1658; x_wconf 91' lang='lat' dir='ltr'><strong>re-</strong></span> 
     </span>
    </p>
   </div>
   <div class='ocr_carea' id='block_1_79' title="bbox 995 1672 1779 1708">
    <p class='ocr_par' dir='ltr' id='par_1_79' title="bbox 995 1672 1779 1708">
     <span class='ocr_line' id='line_1_79' title="bbox 995 1672 1779 1708; baseline 0.004 -9"><span class='ocrx_word' id='word_1_556' title='bbox 995 1672 1151 1708; x_wconf 73' lang='lat' dir='ltr'><strong>darguitur,</strong></span> <span class='ocrx_word' id='word_1_557' title='bbox 1165 1680 1200 1700; x_wconf 91' lang='lat' dir='ltr'><strong>ne</strong></span> <span class='ocrx_word' id='word_1_558' title='bbox 1212 1679 1318 1708; x_wconf 63' lang='lat' dir='ltr'><strong>quaerat</strong></span> <span class='ocrx_word' id='word_1_559' title='bbox 1334 1673 1435 1705; x_wconf 86' lang='lat' dir='ltr'><strong>aliena,</strong></span> <span class='ocrx_word' id='word_1_560' title='bbox 1451 1679 1480 1701; x_wconf 86' lang='lat' dir='ltr'><strong>ut</strong></span> <span class='ocrx_word' id='word_1_561' title='bbox 1499 1674 1680 1708; x_wconf 68' lang='lat' dir='ltr'><strong>interroganti</strong></span> <span class='ocrx_word' id='word_1_562' title='bbox 1697 1675 1779 1702; x_wconf 86' lang='lat' dir='ltr'><strong>Petro</strong></span> 
     </span>
    </p>
   </div>
   <div class='ocr_carea' id='block_1_80' title="bbox 991 1718 1778 1754">
    <p class='ocr_par' dir='ltr' id='par_1_80' title="bbox 991 1718 1778 1754">
     <span class='ocr_line' id='line_1_80' title="bbox 991 1718 1778 1754; baseline 0.004 -9"><span class='ocrx_word' id='word_1_563' title='bbox 991 1718 1149 1746; x_wconf 85' lang='lat' dir='ltr'><strong>satisﬁeret.</strong></span> <span class='ocrx_word' id='word_1_564' title='bbox 1174 1721 1208 1746; x_wconf 80' lang='lat' dir='ltr'><strong>At</strong></span> <span class='ocrx_word' id='word_1_565' title='bbox 1227 1719 1388 1754; x_wconf 86' lang='lat' dir='ltr'><strong>increpatur</strong></span> <span class='ocrx_word' id='word_1_566' title='bbox 1402 1726 1430 1747; x_wconf 88' lang='lat' dir='ltr'><strong>et</strong></span> <span class='ocrx_word' id='word_1_567' title='bbox 1456 1720 1568 1754; x_wconf 87' lang='lat' dir='ltr'><strong>quidem</strong></span> <span class='ocrx_word' id='word_1_568' title='bbox 1588 1720 1778 1748; x_wconf 78' lang='lat' dir='ltr'><strong>vehementer.</strong></span> 
     </span>
    </p>
   </div>
   <div class='ocr_carea' id='block_1_81' title="bbox 991 1764 1779 1800">
    <p class='ocr_par' dir='ltr' id='par_1_81' title="bbox 991 1764 1779 1800">
     <span class='ocr_line' id='line_1_81' title="bbox 991 1764 1779 1800; baseline 0.001 -9"><span class='ocrx_word' id='word_1_569' title='bbox 991 1764 1062 1797; x_wconf 87' lang='lat' dir='ltr'><strong>Quid</strong></span> <span class='ocrx_word' id='word_1_570' title='bbox 1079 1765 1153 1791; x_wconf 87' lang='lat' dir='ltr'><strong>enim</strong></span> <span class='ocrx_word' id='word_1_571' title='bbox 1170 1765 1262 1792; x_wconf 89' lang='lat' dir='ltr'><strong>acrius</strong></span> <span class='ocrx_word' id='word_1_572' title='bbox 1274 1772 1355 1800; x_wconf 82' lang='lat' dir='ltr'><strong>quam</strong></span> <span class='ocrx_word' id='word_1_573' title='bbox 1370 1770 1543 1800; x_wconf 74' lang='lat' dir='ltr'><strong>quaerentem</strong></span> <span class='ocrx_word' id='word_1_574' title='bbox 1573 1765 1671 1792; x_wconf 87' lang='lat' dir='ltr'><strong>audire</strong></span> <span class='ocrx_word' id='word_1_575' title='bbox 1685 1774 1692 1792; x_wconf 86' lang='lat'><strong>:</strong></span> <span class='ocrx_word' id='word_1_576' title='bbox 1709 1764 1779 1798; x_wconf 79' lang='lat' dir='ltr'><strong>Quid</strong></span> 
     </span>
    </p>
   </div>
   <div class='ocr_carea' id='block_1_82' title="bbox 991 1803 1777 1842">
    <p class='ocr_par' dir='ltr' id='par_1_82' title="bbox 991 1803 1777 1842">
     <span class='ocr_line' id='line_1_82' title="bbox 991 1803 1777 1842; baseline 0 -6"><span class='ocrx_word' id='word_1_577' title='bbox 991 1809 1026 1837; x_wconf 83' lang='lat' dir='ltr'><strong>ad</strong></span> <span class='ocrx_word' id='word_1_578' title='bbox 1046 1810 1095 1837; x_wconf 77' lang='lat' dir='ltr'><strong>te?</strong></span> <span class='ocrx_word' id='word_1_579' title='bbox 1124 1810 1179 1837; x_wconf 88' lang='lat' dir='ltr'><strong>Cur</strong></span> <span class='ocrx_word' id='word_1_580' title='bbox 1209 1815 1301 1838; x_wconf 86' lang='lat' dir='ltr'><strong>autem</strong></span> <span class='ocrx_word' id='word_1_581' title='bbox 1327 1803 1489 1838; x_wconf 82' lang='lat' dir='ltr'><strong>atﬁrmando</strong></span> <span class='ocrx_word' id='word_1_582' title='bbox 1516 1810 1630 1842; x_wconf 91' lang='lat' dir='ltr'><strong>intulit,</strong></span> <span class='ocrx_word' id='word_1_583' title='bbox 1651 1817 1777 1837; x_wconf 89' lang='lat' dir='ltr'><strong>commu-</strong></span> 
     </span>
    </p>
   </div>
   <div class='ocr_carea' id='block_1_83' title="bbox 991 1856 1780 1884">
    <p class='ocr_par' dir='ltr' id='par_1_83' title="bbox 991 1856 1780 1884">
     <span class='ocr_line' id='line_1_83' title="bbox 991 1856 1780 1884; baseline 0 -2"><span class='ocrx_word' id='word_1_584' title='bbox 991 1863 1052 1882; x_wconf 86' lang='lat' dir='ltr'><strong>nem</strong></span> <span class='ocrx_word' id='word_1_585' title='bbox 1081 1856 1152 1882; x_wconf 90' lang='lat' dir='ltr'><strong>hanc</strong></span> <span class='ocrx_word' id='word_1_586' title='bbox 1174 1856 1349 1883; x_wconf 80' lang='lat' dir='ltr'><strong>mortalitatis</strong></span> <span class='ocrx_word' id='word_1_587' title='bbox 1372 1861 1473 1883; x_wconf 78' lang='lat' dir='ltr'><strong>nostra:</strong></span> <span class='ocrx_word' id='word_1_588' title='bbox 1509 1856 1780 1884; x_wconf 77' lang='lat' dir='ltr'><strong>conditionem~om-</strong></span> 
     </span>
    </p>
   </div>
   <div class='ocr_carea' id='block_1_84' title="bbox 991 1900 1778 1935">
    <p class='ocr_par' dir='ltr' id='par_1_84' title="bbox 991 1900 1778 1935">
     <span class='ocr_line' id='line_1_84' title="bbox 991 1900 1778 1935; baseline -0.001 -8"><span class='ocrx_word' id='word_1_589' title='bbox 991 1900 1073 1928; x_wconf 90' lang='lat' dir='ltr'><strong>nibus</strong></span> <span class='ocrx_word' id='word_1_590' title='bbox 1087 1900 1231 1927; x_wconf 89' lang='lat' dir='ltr'><strong>certiorem</strong></span> <span class='ocrx_word' id='word_1_591' title='bbox 1253 1905 1335 1935; x_wconf 89' lang='lat' dir='ltr'><strong>atque</strong></span> <span class='ocrx_word' id='word_1_592' title='bbox 1362 1900 1550 1928; x_wconf 82' lang='lat' dir='ltr'><strong>inevitabilem</strong></span> <span class='ocrx_word' id='word_1_593' title='bbox 1563 1920 1571 1932; x_wconf 91' lang='lat'><strong>,</strong></span> <span class='ocrx_word' id='word_1_594' title='bbox 1601 1901 1654 1928; x_wconf 90' lang='lat' dir='ltr'><strong>nisi</strong></span> <span class='ocrx_word' id='word_1_595' title='bbox 1671 1904 1778 1927; x_wconf 64' lang='lat' dir='ltr'><strong>natura:</strong></span> 
     </span>
    </p>
   </div>
   <div class='ocr_carea' id='block_1_85' title="bbox 991 1945 1778 1982">
    <p class='ocr_par' dir='ltr' id='par_1_85' title="bbox 991 1945 1778 1982">
     <span class='ocr_line' id='line_1_85' title="bbox 991 1945 1778 1982; baseline -0.001 -9"><span class='ocrx_word' id='word_1_596' title='bbox 991 1945 1078 1981; x_wconf 85' lang='lat' dir='ltr'><strong>ipsius</strong></span> <span class='ocrx_word' id='word_1_597' title='bbox 1093 1946 1226 1974; x_wconf 89' lang='lat' dir='ltr'><strong>Dominus</strong></span> <span class='ocrx_word' id='word_1_598' title='bbox 1241 1947 1322 1974; x_wconf 88' lang='lat' dir='ltr'><strong>aliter</strong></span> <span class='ocrx_word' id='word_1_599' title='bbox 1342 1946 1489 1973; x_wconf 85' lang='lat' dir='ltr'><strong>statuerit?</strong></span> <span class='ocrx_word' id='word_1_600' title='bbox 1511 1946 1684 1982; x_wconf 83' lang='lat' dir='ltr'><strong>Quapropter</strong></span> <span class='ocrx_word' id='word_1_601' title='bbox 1699 1947 1720 1973; x_wconf 91' lang='lat' dir='ltr'><strong>si</strong></span> <span class='ocrx_word' id='word_1_602' title='bbox 1737 1947 1778 1973; x_wconf 86' lang='lat' dir='ltr'><strong>ui-</strong></span> 
     </span>
    </p>
   </div>
   <div class='ocr_carea' id='block_1_86' title="bbox 989 1991 1778 2028">
    <p class='ocr_par' dir='ltr' id='par_1_86' title="bbox 989 1991 1778 2028">
     <span class='ocr_line' id='line_1_86' title="bbox 989 1991 1778 2028; baseline 0.001 -10"><span class='ocrx_word' id='word_1_603' title='bbox 989 1991 1027 2019; x_wconf 92' lang='lat' dir='ltr'><strong>hil</strong></span> <span class='ocrx_word' id='word_1_604' title='bbox 1037 1992 1138 2020; x_wconf 81' lang='lat' dir='ltr'><strong>frustra</strong></span> <span class='ocrx_word' id='word_1_605' title='bbox 1152 1997 1179 2021; x_wconf 89' lang='lat' dir='ltr'><strong>et</strong></span> <span class='ocrx_word' id='word_1_606' title='bbox 1194 1993 1298 2028; x_wconf 85' lang='lat' dir='ltr'><strong>absque</strong></span> <span class='ocrx_word' id='word_1_607' title='bbox 1311 2000 1392 2020; x_wconf 86' lang='lat' dir='ltr'><strong>causa</strong></span> <span class='ocrx_word' id='word_1_608' title='bbox 1407 1992 1555 2028; x_wconf 67' lang='lat' dir='ltr'><strong>Scriptura!</strong></span> <span class='ocrx_word' id='word_1_609' title='bbox 1572 1993 1696 2020; x_wconf 77' lang='lat' dir='ltr'><strong>referunt</strong></span> <span class='ocrx_word' id='word_1_610' title='bbox 1707 2012 1715 2025; x_wconf 92' lang='lat'><strong>,</strong></span> <span class='ocrx_word' id='word_1_611' title='bbox 1736 1997 1778 2020; x_wconf 86' lang='lat' dir='ltr'><strong>to-</strong></span> 
     </span>
    </p>
   </div>
   <div class='ocr_carea' id='block_1_87' title="bbox 990 2037 1777 2072">
    <p class='ocr_par' dir='ltr' id='par_1_87' title="bbox 990 2037 1777 2072">
     <span class='ocr_line' id='line_1_87' title="bbox 990 2037 1777 2072; baseline 0 -8"><span class='ocrx_word' id='word_1_612' title='bbox 990 2037 1045 2065; x_wconf 88' lang='lat' dir='ltr'><strong>tius</strong></span> <span class='ocrx_word' id='word_1_613' title='bbox 1061 2041 1152 2064; x_wconf 88' lang='lat' dir='ltr'><strong>autem</strong></span> <span class='ocrx_word' id='word_1_614' title='bbox 1166 2037 1219 2065; x_wconf 89' lang='lat' dir='ltr'><strong>loci</strong></span> <span class='ocrx_word' id='word_1_615' title='bbox 1237 2044 1293 2072; x_wconf 90' lang='lat' dir='ltr'><strong>quo</strong></span> <span class='ocrx_word' id='word_1_616' title='bbox 1306 2037 1341 2064; x_wconf 89' lang='lat' dir='ltr'><strong>de</strong></span> <span class='ocrx_word' id='word_1_617' title='bbox 1355 2037 1461 2065; x_wconf 81' lang='lat' dir='ltr'><strong>Joanne</strong></span> <span class='ocrx_word' id='word_1_618' title='bbox 1478 2037 1522 2065; x_wconf 88' lang='lat' dir='ltr'><strong>hic</strong></span> <span class='ocrx_word' id='word_1_619' title='bbox 1536 2037 1669 2064; x_wconf 89' lang='lat' dir='ltr'><strong>scribitur</strong></span> <span class='ocrx_word' id='word_1_620' title='bbox 1680 2058 1687 2069; x_wconf 88' lang='lat'><strong>,</strong></span> <span class='ocrx_word' id='word_1_621' title='bbox 1701 2038 1777 2064; x_wconf 88' lang='lat' dir='ltr'><strong>nulla</strong></span> 
     </span>
    </p>
   </div>
   <div class='ocr_carea' id='block_1_88' title="bbox 990 2083 1775 2118">
    <p class='ocr_par' dir='ltr' id='par_1_88' title="bbox 990 2083 1775 2118">
     <span class='ocr_line' id='line_1_88' title="bbox 990 2083 1775 2118; baseline 0 -8"><span class='ocrx_word' id='word_1_622' title='bbox 990 2083 1212 2118; x_wconf 78' lang='lat' dir='ltr'><strong>potest‘inveniri</strong></span> <span class='ocrx_word' id='word_1_623' title='bbox 1227 2090 1310 2110; x_wconf 85' lang='lat' dir='ltr'><strong>causa</strong></span> <span class='ocrx_word' id='word_1_624' title='bbox 1324 2083 1378 2110; x_wconf 90' lang='lat' dir='ltr'><strong>nisi</strong></span> <span class='ocrx_word' id='word_1_625' title='bbox 1396 2083 1469 2118; x_wconf 92' lang='lat' dir='ltr'><strong>quod</strong></span> <span class='ocrx_word' id='word_1_626' title='bbox 1487 2083 1622 2110; x_wconf 87' lang='lat' dir='ltr'><strong>Dominus</strong></span> <span class='ocrx_word' id='word_1_627' title='bbox 1639 2083 1725 2110; x_wconf 88' lang='lat' dir='ltr'><strong>voluit</strong></span> <span class='ocrx_word' id='word_1_628' title='bbox 1742 2084 1775 2110; x_wconf 86' lang='lat' dir='ltr'><strong>ad</strong></span> 
     </span>
    </p>
   </div>
   <div class='ocr_carea' id='block_1_89' title="bbox 990 2129 1775 2165">
    <p class='ocr_par' dir='ltr' id='par_1_89' title="bbox 990 2129 1775 2165">
     <span class='ocr_line' id='line_1_89' title="bbox 990 2129 1775 2165; baseline 0.001 -10"><span class='ocrx_word' id='word_1_629' title='bbox 990 2132 1113 2155; x_wconf 85' lang='lat' dir='ltr'><strong>extrema</strong></span> <span class='ocrx_word' id='word_1_630' title='bbox 1130 2133 1253 2163; x_wconf 84' lang='lat' dir='ltr'><strong>tempora</strong></span> <span class='ocrx_word' id='word_1_631' title='bbox 1268 2129 1358 2163; x_wconf 89' lang='lat' dir='ltr'><strong>ipsum</strong></span> <span class='ocrx_word' id='word_1_632' title='bbox 1373 2135 1552 2163; x_wconf 84' lang='lat' dir='ltr'><strong>conservare,</strong></span> <span class='ocrx_word' id='word_1_633' title='bbox 1563 2134 1639 2165; x_wconf 82' lang='lat' dir='ltr'><strong>patet</strong></span> <span class='ocrx_word' id='word_1_634' title='bbox 1651 2130 1775 2157; x_wconf 90' lang='lat' dir='ltr'><strong>nondum</strong></span> 
     </span>
    </p>
   </div>
   <div class='ocr_carea' id='block_1_90' title="bbox 989 2172 1370 2201">
    <p class='ocr_par' dir='ltr' id='par_1_90' title="bbox 989 2172 1370 2201">
     <span class='ocr_line' id='line_1_90' title="bbox 989 2172 1370 2201; baseline 0.003 -1"><span class='ocrx_word' id='word_1_635' title='bbox 989 2172 1123 2200; x_wconf 83' lang='lat' dir='ltr'><strong>Joannem</strong></span> <span class='ocrx_word' id='word_1_636' title='bbox 1142 2178 1281 2201; x_wconf 89' lang='lat' dir='ltr'><strong>mortuum</strong></span> <span class='ocrx_word' id='word_1_637' title='bbox 1298 2181 1370 2201; x_wconf 88' lang='lat' dir='ltr'><strong>esse.</strong></span> 
     </span>
    </p>
   </div>
   <div class='ocr_carea' id='block_1_91' title="bbox 151 2209 1776 2254">
    <p class='ocr_par' dir='ltr' id='par_1_91' title="bbox 151 2209 1776 2254">
     <span class='ocr_line' id='line_1_91' title="bbox 151 2209 1776 2254; baseline 0.005 -15"><span class='ocrx_word' id='word_1_638' title='bbox 151 2209 280 2244; x_wconf 75' lang='lat' dir='ltr'><strong>Magistri</strong></span> <span class='ocrx_word' id='word_1_639' title='bbox 295 2210 462 2245; x_wconf 77' lang='lat' dir='ltr'><strong>sequendam</strong></span> <span class='ocrx_word' id='word_1_640' title='bbox 478 2212 602 2246; x_wconf 78' lang='lat' dir='ltr'><strong>apprime</strong></span> <span class='ocrx_word' id='word_1_641' title='bbox 626 2211 741 2240; x_wconf 78' lang='lat' dir='ltr'><strong>diceret.</strong></span> <span class='ocrx_word' id='word_1_642' title='bbox 762 2213 796 2240; x_wconf 80' lang='lat' dir='ltr'><strong>Et</strong></span> <span class='ocrx_word' id='word_1_643' title='bbox 810 2218 884 2241; x_wconf 83' lang='lat' dir='ltr'><strong>certe</strong></span> <span class='ocrx_word' id='word_1_644' title='bbox 899 2214 936 2241; x_wconf 74' lang='grc' dir='ltr'><strong>εἰ·</strong></span> <span class='ocrx_word' id='word_1_645' title='bbox 949 2214 978 2245; x_wconf 90' lang='lat' dir='ltr'><strong>D</strong></span> <span class='ocrx_word' id='word_1_646' title='bbox 1026 2219 1078 2246; x_wconf 75' lang='lat' dir='ltr'><strong>Sed</strong></span> <span class='ocrx_word' id='word_1_647' title='bbox 1093 2219 1228 2247; x_wconf 86' lang='lat' dir='ltr'><strong>dubitabit</strong></span> <span class='ocrx_word' id='word_1_648' title='bbox 1241 2219 1309 2247; x_wconf 79' lang='lat' dir='ltr'><strong>forte</strong></span> <span class='ocrx_word' id='word_1_649' title='bbox 1321 2219 1434 2254; x_wconf 84' lang='lat' dir='ltr'><strong>aliquis:</strong></span> <span class='ocrx_word' id='word_1_650' title='bbox 1445 2219 1474 2247; x_wconf 90' lang='lat' dir='ltr'><strong>Si</strong></span> <span class='ocrx_word' id='word_1_651' title='bbox 1487 2219 1554 2247; x_wconf 84' lang='lat' dir='ltr'><strong>nihil</strong></span> <span class='ocrx_word' id='word_1_652' title='bbox 1570 2219 1702 2254; x_wconf 86' lang='lat' dir='ltr'><strong>scriptum</strong></span> <span class='ocrx_word' id='word_1_653' title='bbox 1717 2220 1776 2247; x_wconf 85' lang='lat' dir='ltr'><strong>sine</strong></span> 
     </span>
    </p>
   </div>
   <div class='ocr_carea' id='block_1_92' title="bbox 152 2257 937 2295">
    <p class='ocr_par' dir='ltr' id='par_1_92' title="bbox 152 2257 937 2295">
     <span class='ocr_line' id='line_1_92' title="bbox 152 2257 937 2295; baseline 0.006 -13"><span class='ocrx_word' id='word_1_654' title='bbox 152 2260 200 2283; x_wconf 91' lang='lat' dir='ltr'><strong>cut</strong></span> <span class='ocrx_word' id='word_1_655' title='bbox 212 2263 273 2290; x_wconf 66' lang='lat' dir='ltr'><strong>quae</strong></span> <span class='ocrx_word' id='word_1_656' title='bbox 286 2257 442 2284; x_wconf 86' lang='lat' dir='ltr'><strong>necessaria</strong></span> <span class='ocrx_word' id='word_1_657' title='bbox 460 2262 525 2284; x_wconf 90' lang='lat' dir='ltr'><strong>sunt</strong></span> <span class='ocrx_word' id='word_1_658' title='bbox 537 2259 638 2292; x_wconf 68' lang='lat' dir='ltr'><strong>saepius</strong></span> <span class='ocrx_word' id='word_1_659' title='bbox 649 2259 809 2293; x_wconf 83' lang='lat' dir='ltr'><strong>repetenda.</strong></span> <span class='ocrx_word' id='word_1_660' title='bbox 826 2261 864 2287; x_wconf 84' lang='lat' dir='ltr'><strong>sic</strong></span> <span class='ocrx_word' id='word_1_661' title='bbox 877 2268 937 2295; x_wconf 76' lang='lat' dir='ltr'><strong>qua:</strong></span> 
     </span>
    </p>
   </div>
   <div class='ocr_carea' id='block_1_93' title="bbox 153 2301 937 2339">
    <p class='ocr_par' dir='ltr' id='par_1_93' title="bbox 153 2301 937 2339">
     <span class='ocr_line' id='line_1_93' title="bbox 153 2301 937 2339; baseline 0.008 -11"><span class='ocrx_word' id='word_1_662' title='bbox 153 2302 223 2329; x_wconf 88' lang='lat' dir='ltr'><strong>nihil</strong></span> <span class='ocrx_word' id='word_1_663' title='bbox 249 2301 413 2335; x_wconf 79' lang='lat' dir='ltr'><strong>conferunt,</strong></span> <span class='ocrx_word' id='word_1_664' title='bbox 434 2310 515 2330; x_wconf 91' lang='lat' dir='ltr'><strong>nemo</strong></span> <span class='ocrx_word' id='word_1_665' title='bbox 539 2303 654 2337; x_wconf 84' lang='lat' dir='ltr'><strong>scribit,</strong></span> <span class='ocrx_word' id='word_1_666' title='bbox 677 2305 840 2339; x_wconf 72' lang='lat' dir='ltr'><strong>praefectura</strong></span> <span class='ocrx_word' id='word_1_667' title='bbox 863 2307 937 2334; x_wconf 85' lang='lat' dir='ltr'><strong>Petri</strong></span> 
     </span>
    </p>
   </div>
   <div class='ocr_carea' id='block_1_94' title="bbox 152 2347 938 2389">
    <p class='ocr_par' dir='ltr' id='par_1_94' title="bbox 152 2347 938 2389">
     <span class='ocr_line' id='line_1_94' title="bbox 152 2347 938 2389; baseline 0.009 -15"><span class='ocrx_word' id='word_1_668' title='bbox 152 2347 233 2374; x_wconf 84' lang='lat' dir='ltr'><strong>aliter</strong></span> <span class='ocrx_word' id='word_1_669' title='bbox 249 2354 321 2382; x_wconf 74' lang='lat' dir='ltr'><strong>Stepe</strong></span> <span class='ocrx_word' id='word_1_670' title='bbox 334 2351 416 2383; x_wconf 86' lang='lat' dir='ltr'><strong>atque</strong></span> <span class='ocrx_word' id='word_1_671' title='bbox 429 2348 510 2375; x_wconf 85' lang='lat' dir='ltr'><strong>aliter</strong></span> <span class='ocrx_word' id='word_1_672' title='bbox 529 2350 695 2384; x_wconf 85' lang='lat' dir='ltr'><strong>exprimitur</strong></span> <span class='ocrx_word' id='word_1_673' title='bbox 712 2359 746 2378; x_wconf 87' lang='lat' dir='ltr'><strong>ne</strong></span> <span class='ocrx_word' id='word_1_674' title='bbox 765 2352 828 2386; x_wconf 83' lang='lat' dir='ltr'><strong>quis</strong></span> <span class='ocrx_word' id='word_1_675' title='bbox 844 2353 871 2380; x_wconf 92' lang='lat' dir='ltr'><strong>in</strong></span> <span class='ocrx_word' id='word_1_676' title='bbox 889 2361 938 2389; x_wconf 89' lang='lat' dir='ltr'><strong>po-</strong></span> 
     </span>
    </p>
   </div>
   <div class='ocr_carea' id='block_1_95' title="bbox 150 2393 938 2434">
    <p class='ocr_par' dir='ltr' id='par_1_95' title="bbox 150 2393 938 2434">
     <span class='ocr_line' id='line_1_95' title="bbox 150 2393 938 2434; baseline 0.01 -15"><span class='ocrx_word' id='word_1_677' title='bbox 150 2398 256 2420; x_wconf 71' lang='lat' dir='ltr'><strong>sterum</strong></span> <span class='ocrx_word' id='word_1_678' title='bbox 272 2393 373 2421; x_wconf 83' lang='lat' dir='ltr'><strong>audeat</strong></span> <span class='ocrx_word' id='word_1_679' title='bbox 389 2394 491 2422; x_wconf 88' lang='lat' dir='ltr'><strong>mutire</strong></span> <span class='ocrx_word' id='word_1_680' title='bbox 507 2396 550 2422; x_wconf 88' lang='lat' dir='ltr'><strong>vel</strong></span> <span class='ocrx_word' id='word_1_681' title='bbox 564 2396 674 2428; x_wconf 89' lang='lat' dir='ltr'><strong>dicere,</strong></span> <span class='ocrx_word' id='word_1_682' title='bbox 689 2397 828 2426; x_wconf 81' lang='lat' dir='ltr'><strong>Romanos</strong></span> <span class='ocrx_word' id='word_1_683' title='bbox 847 2401 938 2434; x_wconf 89' lang='lat' dir='ltr'><strong>ponti-</strong></span> 
     </span>
    </p>
   </div>
   <div class='ocr_carea' id='block_1_96' title="bbox 151 2439 935 2476">
    <p class='ocr_par' dir='ltr' id='par_1_96' title="bbox 151 2439 935 2476">
     <span class='ocr_line' id='line_1_96' title="bbox 151 2439 935 2476; baseline 0.01 -11"><span class='ocrx_word' id='word_1_684' title='bbox 151 2439 217 2467; x_wconf 72' lang='lat' dir='ltr'><strong>lices</strong></span> <span class='ocrx_word' id='word_1_685' title='bbox 230 2440 278 2474; x_wconf 88' lang='lat' dir='ltr'><strong>qui</strong></span> <span class='ocrx_word' id='word_1_686' title='bbox 294 2440 375 2466; x_wconf 86' lang='lat' dir='ltr'><strong>Petro</strong></span> <span class='ocrx_word' id='word_1_687' title='bbox 392 2446 606 2476; x_wconf 88' lang='lat' dir='ltr'><strong>successerunt,</strong></span> <span class='ocrx_word' id='word_1_688' title='bbox 624 2442 756 2470; x_wconf 66' lang='lat' dir='ltr'><strong>Ecclesiae</strong></span> <span class='ocrx_word' id='word_1_689' title='bbox 770 2445 935 2474; x_wconf 88' lang='lat' dir='ltr'><strong>universalis</strong></span> 
     </span>
    </p>
   </div>
   <div class='ocr_carea' id='block_1_97' title="bbox 151 2484 962 2524">
    <p class='ocr_par' dir='ltr' id='par_1_97' title="bbox 151 2484 962 2524">
     <span class='ocr_line' id='line_1_97' title="bbox 151 2484 962 2524; baseline 0.01 -13"><span class='ocrx_word' id='word_1_690' title='bbox 151 2493 206 2512; x_wconf 83' lang='lat' dir='ltr'><strong>non</strong></span> <span class='ocrx_word' id='word_1_691' title='bbox 231 2493 291 2513; x_wconf 87' lang='lat' dir='ltr'><strong>esse</strong></span> <span class='ocrx_word' id='word_1_692' title='bbox 303 2490 438 2520; x_wconf 80' lang='lat' dir='ltr'><strong>pastores.</strong></span> <span class='ocrx_word' id='word_1_693' title='bbox 453 2486 588 2519; x_wconf 83' lang='lat' dir='ltr'><strong>Quocirca</strong></span> <span class='ocrx_word' id='word_1_694' title='bbox 603 2488 695 2516; x_wconf 86' lang='lat' dir='ltr'><strong>claves</strong></span> <span class='ocrx_word' id='word_1_695' title='bbox 709 2491 786 2524; x_wconf 84' lang='lat' dir='ltr'><strong>regni</strong></span> <span class='ocrx_word' id='word_1_696' title='bbox 801 2491 935 2519; x_wconf 72' lang='lat' dir='ltr'><strong>cmlorum</strong></span> <span class='ocrx_word' id='word_1_697' title='bbox 959 2484 962 2486; x_wconf 12' lang='lat' dir='ltr'><strong>J</strong></span> 
     </span>
    </p>
   </div>
   <div class='ocr_carea' id='block_1_98' title="bbox 150 2531 935 2573">
    <p class='ocr_par' dir='ltr' id='par_1_98' title="bbox 150 2531 935 2573">
     <span class='ocr_line' id='line_1_98' title="bbox 150 2531 935 2573; baseline 0.009 -15"><span class='ocrx_word' id='word_1_698' title='bbox 150 2532 176 2559; x_wconf 87' lang='lat' dir='ltr'><strong>ei</strong></span> <span class='ocrx_word' id='word_1_699' title='bbox 193 2531 331 2567; x_wconf 67' lang='lat' dir='ltr'><strong>praecipue</strong></span> <span class='ocrx_word' id='word_1_700' title='bbox 357 2534 578 2566; x_wconf 87' lang='lat' dir='ltr'><strong>committuntur,</strong></span> <span class='ocrx_word' id='word_1_701' title='bbox 597 2538 624 2561; x_wconf 88' lang='lat' dir='ltr'><strong>et</strong></span> <span class='ocrx_word' id='word_1_702' title='bbox 640 2542 689 2569; x_wconf 90' lang='lat' dir='ltr'><strong>per</strong></span> <span class='ocrx_word' id='word_1_703' title='bbox 705 2535 778 2564; x_wconf 91' lang='lat' dir='ltr'><strong>hunc</strong></span> <span class='ocrx_word' id='word_1_704' title='bbox 798 2536 935 2573; x_wconf 82' lang='lat' dir='ltr'><strong>Evangelii</strong></span> 
     </span>
    </p>
   </div>
   <div class='ocr_carea' id='block_1_99' title="bbox 149 2577 936 2617">
    <p class='ocr_par' dir='ltr' id='par_1_99' title="bbox 149 2577 936 2617">
     <span class='ocr_line' id='line_1_99' title="bbox 149 2577 936 2617; baseline 0.011 -13"><span class='ocrx_word' id='word_1_705' title='bbox 149 2579 240 2605; x_wconf 92' lang='lat' dir='ltr'><strong>locum</strong></span> <span class='ocrx_word' id='word_1_706' title='bbox 256 2585 336 2612; x_wconf 88' lang='lat' dir='ltr'><strong>quem</strong></span> <span class='ocrx_word' id='word_1_707' title='bbox 353 2577 436 2605; x_wconf 89' lang='lat' dir='ltr'><strong>modo</strong></span> <span class='ocrx_word' id='word_1_708' title='bbox 452 2579 646 2613; x_wconf 86' lang='lat' dir='ltr'><strong>tractavimus,</strong></span> <span class='ocrx_word' id='word_1_709' title='bbox 659 2589 726 2615; x_wconf 78' lang='lat' dir='ltr'><strong>grex</strong></span> <span class='ocrx_word' id='word_1_710' title='bbox 741 2590 874 2617; x_wconf 78' lang='lat' dir='ltr'><strong>agnorum</strong></span> <span class='ocrx_word' id='word_1_711' title='bbox 894 2590 936 2613; x_wconf 89' lang='lat' dir='ltr'><strong>at-</strong></span> 
     </span>
    </p>
   </div>
   <div class='ocr_carea' id='block_1_100' title="bbox 151 2623 936 2665">
    <p class='ocr_par' dir='ltr' id='par_1_100' title="bbox 151 2623 936 2665">
     <span class='ocr_line' id='line_1_100' title="bbox 151 2623 936 2665; baseline 0.009 -15"><span class='ocrx_word' id='word_1_712' title='bbox 151 2631 204 2657; x_wconf 86' lang='lat' dir='ltr'><strong>que</strong></span> <span class='ocrx_word' id='word_1_713' title='bbox 216 2623 309 2651; x_wconf 88' lang='lat' dir='ltr'><strong>oviutn</strong></span> <span class='ocrx_word' id='word_1_714' title='bbox 324 2623 431 2650; x_wconf 92' lang='lat' dir='ltr'><strong>Domini</strong></span> <span class='ocrx_word' id='word_1_715' title='bbox 446 2624 485 2651; x_wconf 91' lang='lat' dir='ltr'><strong>illi</strong></span> <span class='ocrx_word' id='word_1_716' title='bbox 500 2626 720 2660; x_wconf 83' lang='lat' dir='ltr'><strong>commendatur,</strong></span> <span class='ocrx_word' id='word_1_717' title='bbox 754 2633 781 2654; x_wconf 91' lang='lat' dir='ltr'><strong>et</strong></span> <span class='ocrx_word' id='word_1_718' title='bbox 798 2634 862 2656; x_wconf 85' lang='lat' dir='ltr'><strong>ante</strong></span> <span class='ocrx_word' id='word_1_719' title='bbox 876 2638 936 2665; x_wconf 88' lang='lat' dir='ltr'><strong>pas-</strong></span> 
     </span>
    </p>
   </div>
   <div class='ocr_carea' id='block_1_101' title="bbox 152 2669 936 2704">
    <p class='ocr_par' dir='ltr' id='par_1_101' title="bbox 152 2669 936 2704">
     <span class='ocr_line' id='line_1_101' title="bbox 152 2669 936 2704; baseline 0.01 -8"><span class='ocrx_word' id='word_1_720' title='bbox 152 2670 257 2696; x_wconf 84' lang='lat' dir='ltr'><strong>sionem</strong></span> <span class='ocrx_word' id='word_1_721' title='bbox 274 2669 307 2696; x_wconf 89' lang='lat' dir='ltr'><strong>ad</strong></span> <span class='ocrx_word' id='word_1_722' title='bbox 322 2669 433 2697; x_wconf 86' lang='lat' dir='ltr'><strong>Petrum</strong></span> <span class='ocrx_word' id='word_1_723' title='bbox 454 2677 580 2698; x_wconf 86' lang='lat' dir='ltr'><strong>sermone</strong></span> <span class='ocrx_word' id='word_1_724' title='bbox 597 2678 732 2700; x_wconf 89' lang='lat' dir='ltr'><strong>converso</strong></span> <span class='ocrx_word' id='word_1_725' title='bbox 749 2679 777 2701; x_wconf 90' lang='lat' dir='ltr'><strong>et</strong></span> <span class='ocrx_word' id='word_1_726' title='bbox 791 2675 824 2702; x_wconf 91' lang='lat' dir='ltr'><strong>ad</strong></span> <span class='ocrx_word' id='word_1_727' title='bbox 839 2684 936 2704; x_wconf 88' lang='lat' dir='ltr'><strong>omnes</strong></span> 
     </span>
    </p>
   </div>
   <div class='ocr_carea' id='block_1_102' title="bbox 152 2717 934 2755">
    <p class='ocr_par' dir='ltr' id='par_1_102' title="bbox 152 2717 934 2755">
     <span class='ocr_line' id='line_1_102' title="bbox 152 2717 934 2755; baseline 0.01 -12"><span class='ocrx_word' id='word_1_728' title='bbox 152 2717 335 2744; x_wconf 89' lang='lat' dir='ltr'><strong>communiter</strong></span> <span class='ocrx_word' id='word_1_729' title='bbox 352 2717 440 2752; x_wconf 89' lang='lat' dir='ltr'><strong>primo</strong></span> <span class='ocrx_word' id='word_1_730' title='bbox 458 2718 561 2746; x_wconf 87' lang='lat' dir='ltr'><strong>dicitur</strong></span> <span class='ocrx_word' id='word_1_731' title='bbox 575 2727 583 2747; x_wconf 85' lang='lat'><strong>:</strong></span> <span class='ocrx_word' id='word_1_732' title='bbox 596 2719 673 2754; x_wconf 83' lang='lat' dir='ltr'><strong>Ecce,</strong></span> <span class='ocrx_word' id='word_1_733' title='bbox 695 2720 797 2755; x_wconf 82' lang='lat' dir='ltr'><strong>Simon,</strong></span> <span class='ocrx_word' id='word_1_734' title='bbox 818 2718 934 2751; x_wconf 83' lang='lat' dir='ltr'><strong>Satanas</strong></span> 
     </span>
    </p>
   </div>
   <div class='ocr_carea' id='block_1_103' title="bbox 152 2765 936 2807">
    <p class='ocr_par' dir='ltr' id='par_1_103' title="bbox 152 2765 936 2807">
     <span class='ocr_line' id='line_1_103' title="bbox 152 2765 936 2807; baseline 0.014 -18"><span class='ocrx_word' id='word_1_735' title='bbox 152 2767 276 2799; x_wconf 66' lang='lat' dir='ltr'><strong>expetivit</strong></span> <span class='ocrx_word' id='word_1_736' title='bbox 290 2774 335 2793; x_wconf 76' lang='lat' dir='ltr'><strong>vos</strong></span> <span class='ocrx_word' id='word_1_737' title='bbox 350 2765 466 2793; x_wconf 80' lang='lat' dir='ltr'><strong>cribrare</strong></span> <span class='ocrx_word' id='word_1_738' title='bbox 487 2769 564 2803; x_wconf 77' lang='lat' dir='ltr'><strong>quasi</strong></span> <span class='ocrx_word' id='word_1_739' title='bbox 582 2770 697 2797; x_wconf 71' lang='lat' dir='ltr'><strong>triticum</strong></span> <span class='ocrx_word' id='word_1_740' title='bbox 715 2775 797 2807; x_wconf 85' lang='lat' dir='ltr'><strong>atque</strong></span> <span class='ocrx_word' id='word_1_741' title='bbox 824 2773 936 2800; x_wconf 75' lang='lat' dir='ltr'><strong>convol~</strong></span> 
     </span>
    </p>
   </div>
   <div class='ocr_carea' id='block_1_104' title="bbox 188 2850 430 2884">
    <p class='ocr_par' dir='ltr' id='par_1_104' title="bbox 188 2850 430 2884">
     <span class='ocr_line' id='line_1_104' title="bbox 188 2850 430 2884; baseline 0.012 -7"><span class='ocrx_word' id='word_1_742' title='bbox 188 2850 196 2864; x_wconf 84' lang='grc'>¹</span> <span class='ocrx_word' id='word_1_743' title='bbox 215 2850 281 2878; x_wconf 86' lang='lat' dir='ltr'><strong>Luc.</strong></span> <span class='ocrx_word' id='word_1_744' title='bbox 301 2859 368 2884; x_wconf 82' lang='lat' dir='ltr'><strong>xxu,</strong></span> <span class='ocrx_word' id='word_1_745' title='bbox 385 2853 430 2880; x_wconf 74' lang='lat'><strong>3|.</strong></span> 
     </span>
    </p>
   </div>
   <div class='ocr_carea' id='block_1_105' title="bbox 991 2265 1776 2301">
    <p class='ocr_par' dir='ltr' id='par_1_105' title="bbox 991 2265 1776 2301">
     <span class='ocr_line' id='line_1_105' title="bbox 991 2265 1776 2301; baseline 0.001 -10"><span class='ocrx_word' id='word_1_746' title='bbox 991 2272 1073 2292; x_wconf 83' lang='lat' dir='ltr'><strong>causa</strong></span> <span class='ocrx_word' id='word_1_747' title='bbox 1090 2271 1142 2297; x_wconf 83' lang='lat' dir='ltr'><strong>est,</strong></span> <span class='ocrx_word' id='word_1_748' title='bbox 1161 2273 1248 2301; x_wconf 88' lang='lat' dir='ltr'><strong>neque</strong></span> <span class='ocrx_word' id='word_1_749' title='bbox 1266 2265 1366 2293; x_wconf 79' lang='lat' dir='ltr'><strong>factum</strong></span> <span class='ocrx_word' id='word_1_750' title='bbox 1390 2266 1476 2293; x_wconf 89' lang='lat' dir='ltr'><strong>multo</strong></span> <span class='ocrx_word' id='word_1_751' title='bbox 1494 2266 1591 2301; x_wconf 77' lang='lat' dir='ltr'><strong>magis,</strong></span> <span class='ocrx_word' id='word_1_752' title='bbox 1613 2273 1663 2293; x_wconf 93' lang='lat' dir='ltr'><strong>cur</strong></span> <span class='ocrx_word' id='word_1_753' title='bbox 1680 2271 1776 2300; x_wconf 83' lang='lat' dir='ltr'><strong>putan-</strong></span> 
     </span>
    </p>
   </div>
   <div class='ocr_carea' id='block_1_106' title="bbox 991 2310 1774 2344">
    <p class='ocr_par' dir='ltr' id='par_1_106' title="bbox 991 2310 1774 2344">
     <span class='ocr_line' id='line_1_106' title="bbox 991 2310 1774 2344; baseline 0.001 -6"><span class='ocrx_word' id='word_1_754' title='bbox 991 2310 1056 2338; x_wconf 89' lang='lat' dir='ltr'><strong>dum</strong></span> <span class='ocrx_word' id='word_1_755' title='bbox 1070 2316 1121 2342; x_wconf 89' lang='lat' dir='ltr'><strong>est,</strong></span> <span class='ocrx_word' id='word_1_756' title='bbox 1140 2319 1192 2338; x_wconf 87' lang='lat' dir='ltr'><strong>non</strong></span> <span class='ocrx_word' id='word_1_757' title='bbox 1205 2312 1320 2339; x_wconf 86' lang='lat' dir='ltr'><strong>cessisse</strong></span> <span class='ocrx_word' id='word_1_758' title='bbox 1328 2311 1417 2339; x_wconf 89' lang='lat' dir='ltr'><strong>adhuc</strong></span> <span class='ocrx_word' id='word_1_759' title='bbox 1434 2317 1538 2339; x_wconf 64' lang='lat' dir='ltr'><strong>natura:</strong></span> <span class='ocrx_word' id='word_1_760' title='bbox 1550 2311 1695 2344; x_wconf 82' lang='lat' dir='ltr'><strong>Joannem,</strong></span> <span class='ocrx_word' id='word_1_761' title='bbox 1712 2319 1774 2339; x_wconf 87' lang='lat' dir='ltr'><strong>cum</strong></span> 
     </span>
    </p>
   </div>
   <div class='ocr_carea' id='block_1_107' title="bbox 990 2356 1774 2392">
    <p class='ocr_par' dir='ltr' id='par_1_107' title="bbox 990 2356 1774 2392">
     <span class='ocr_line' id='line_1_107' title="bbox 990 2356 1774 2392; baseline -0.001 -9"><span class='ocrx_word' id='word_1_762' title='bbox 990 2357 1073 2383; x_wconf 90' lang='lat' dir='ltr'><strong>etiam</strong></span> <span class='ocrx_word' id='word_1_763' title='bbox 1087 2356 1167 2392; x_wconf 87' lang='lat' dir='ltr'><strong>hujus</strong></span> <span class='ocrx_word' id='word_1_764' title='bbox 1183 2364 1265 2384; x_wconf 89' lang='lat' dir='ltr'><strong>causa</strong></span> <span class='ocrx_word' id='word_1_765' title='bbox 1279 2364 1334 2384; x_wconf 91' lang='lat' dir='ltr'><strong>non</strong></span> <span class='ocrx_word' id='word_1_766' title='bbox 1350 2357 1483 2384; x_wconf 82' lang='lat' dir='ltr'><strong>alIeratur</strong></span> <span class='ocrx_word' id='word_1_767' title='bbox 1513 2357 1626 2388; x_wconf 88' lang='lat' dir='ltr'><strong>certior,</strong></span> <span class='ocrx_word' id='word_1_768' title='bbox 1647 2361 1675 2384; x_wconf 92' lang='lat' dir='ltr'><strong>et</strong></span> <span class='ocrx_word' id='word_1_769' title='bbox 1690 2358 1774 2383; x_wconf 84' lang='lat' dir='ltr'><strong>ntulln</strong></span> 
     </span>
    </p>
   </div>
   <div class='ocr_carea' id='block_1_108' title="bbox 991 2402 1773 2438">
    <p class='ocr_par' dir='ltr' id='par_1_108' title="bbox 991 2402 1773 2438">
     <span class='ocr_line' id='line_1_108' title="bbox 991 2402 1773 2438; baseline 0 -9"><span class='ocrx_word' id='word_1_770' title='bbox 991 2404 1047 2431; x_wconf 84' lang='lat' dir='ltr'><strong>sint</strong></span> <span class='ocrx_word' id='word_1_771' title='bbox 1062 2403 1087 2429; x_wconf 94' lang='lat' dir='ltr'><strong>in</strong></span> <span class='ocrx_word' id='word_1_772' title='bbox 1099 2402 1248 2437; x_wconf 87' lang='lat' dir='ltr'><strong>Scripturis</strong></span> <span class='ocrx_word' id='word_1_773' title='bbox 1263 2410 1380 2437; x_wconf 86' lang='lat' dir='ltr'><strong>quorum</strong></span> <span class='ocrx_word' id='word_1_774' title='bbox 1398 2410 1495 2430; x_wconf 86' lang='lat' dir='ltr'><strong>causas</strong></span> <span class='ocrx_word' id='word_1_775' title='bbox 1510 2403 1668 2438; x_wconf 76' lang='lat' dir='ltr'><strong>ignoremus</strong></span> <span class='ocrx_word' id='word_1_776' title='bbox 1679 2403 1690 2427; x_wconf 74' lang='grc' dir='ltr'>τ</span> <span class='ocrx_word' id='word_1_777' title='bbox 1703 2403 1773 2429; x_wconf 79' lang='lat' dir='ltr'><strong>Mul-</strong></span> 
     </span>
    </p>
   </div>
   <div class='ocr_carea' id='block_1_109' title="bbox 992 2448 1773 2484">
    <p class='ocr_par' dir='ltr' id='par_1_109' title="bbox 992 2448 1773 2484">
     <span class='ocr_line' id='line_1_109' title="bbox 992 2448 1773 2484; baseline -0.001 -8"><span class='ocrx_word' id='word_1_778' title='bbox 992 2454 1081 2477; x_wconf 90' lang='lat' dir='ltr'><strong>torum</strong></span> <span class='ocrx_word' id='word_1_779' title='bbox 1108 2450 1232 2484; x_wconf 83' lang='lat' dir='ltr'><strong>ignOrare</strong></span> <span class='ocrx_word' id='word_1_780' title='bbox 1266 2456 1315 2476; x_wconf 86' lang='lat' dir='ltr'><strong>nos</strong></span> <span class='ocrx_word' id='word_1_781' title='bbox 1338 2456 1447 2481; x_wconf 83' lang='lat' dir='ltr'><strong>causas,</strong></span> <span class='ocrx_word' id='word_1_782' title='bbox 1475 2455 1557 2475; x_wconf 91' lang='lat' dir='ltr'><strong>nemo</strong></span> <span class='ocrx_word' id='word_1_783' title='bbox 1577 2448 1628 2475; x_wconf 86' lang='lat' dir='ltr'><strong>ibit</strong></span> <span class='ocrx_word' id='word_1_784' title='bbox 1659 2448 1773 2475; x_wconf 78' lang='lat' dir='ltr'><strong>inﬁcias.</strong></span> 
     </span>
    </p>
   </div>
   <div class='ocr_carea' id='block_1_110' title="bbox 991 2493 1774 2528">
    <p class='ocr_par' dir='ltr' id='par_1_110' title="bbox 991 2493 1774 2528">
     <span class='ocr_line' id='line_1_110' title="bbox 991 2493 1774 2528; baseline -0.003 -5"><span class='ocrx_word' id='word_1_785' title='bbox 991 2497 1080 2524; x_wconf 86' lang='lat' dir='ltr'><strong>Causa</strong></span> <span class='ocrx_word' id='word_1_786' title='bbox 1096 2496 1169 2522; x_wconf 90' lang='lat' dir='ltr'><strong>enim</strong></span> <span class='ocrx_word' id='word_1_787' title='bbox 1197 2496 1293 2522; x_wconf 89' lang='lat' dir='ltr'><strong>mortis</strong></span> <span class='ocrx_word' id='word_1_788' title='bbox 1321 2495 1349 2522; x_wconf 90' lang='lat' dir='ltr'><strong>in</strong></span> <span class='ocrx_word' id='word_1_789' title='bbox 1370 2495 1475 2522; x_wconf 90' lang='lat' dir='ltr'><strong>Joanne</strong></span> <span class='ocrx_word' id='word_1_790' title='bbox 1496 2493 1665 2526; x_wconf 57' lang='lat' dir='ltr'><strong>diﬂ‘erendie,</strong></span> <span class='ocrx_word' id='word_1_791' title='bbox 1694 2494 1774 2528; x_wconf 83' lang='lat' dir='ltr'><strong>plane</strong></span> 
     </span>
    </p>
   </div>
   <div class='ocr_carea' id='block_1_111' title="bbox 990 2537 1772 2576">
    <p class='ocr_par' dir='ltr' id='par_1_111' title="bbox 990 2537 1772 2576">
     <span class='ocr_line' id='line_1_111' title="bbox 990 2537 1772 2576; baseline -0.005 -8"><span class='ocrx_word' id='word_1_792' title='bbox 990 2541 1106 2576; x_wconf 90' lang='lat' dir='ltr'><strong>percipi,</strong></span> <span class='ocrx_word' id='word_1_793' title='bbox 1131 2542 1192 2575; x_wconf 90' lang='lat' dir='ltr'><strong>quis</strong></span> <span class='ocrx_word' id='word_1_794' title='bbox 1222 2540 1322 2576; x_wconf 70' lang='lat' dir='ltr'><strong>poterit</strong></span> <span class='ocrx_word' id='word_1_795' title='bbox 1350 2538 1508 2574; x_wconf 75' lang='lat' dir='ltr'><strong>ambigere?</strong></span> <span class='ocrx_word' id='word_1_796' title='bbox 1530 2537 1654 2565; x_wconf 83' lang='lat' dir='ltr'><strong>Profecto</strong></span> <span class='ocrx_word' id='word_1_797' title='bbox 1680 2545 1772 2564; x_wconf 90' lang='lat' dir='ltr'><strong>nemo.</strong></span> 
     </span>
    </p>
   </div>
   <div class='ocr_carea' id='block_1_112' title="bbox 989 2582 1774 2622">
    <p class='ocr_par' dir='ltr' id='par_1_112' title="bbox 989 2582 1774 2622">
     <span class='ocr_line' id='line_1_112' title="bbox 989 2582 1774 2622; baseline -0.006 -9"><span class='ocrx_word' id='word_1_798' title='bbox 989 2586 1095 2622; x_wconf 83' lang='lat' dir='ltr'><strong>Clamat</strong></span> <span class='ocrx_word' id='word_1_799' title='bbox 1120 2586 1193 2613; x_wconf 93' lang='lat' dir='ltr'><strong>cnim</strong></span> <span class='ocrx_word' id='word_1_800' title='bbox 1213 2586 1363 2620; x_wconf 87' lang='lat' dir='ltr'><strong>Scriptura.</strong></span> <span class='ocrx_word' id='word_1_801' title='bbox 1382 2584 1472 2611; x_wconf 89' lang='lat' dir='ltr'><strong>Enoch</strong></span> <span class='ocrx_word' id='word_1_802' title='bbox 1489 2588 1516 2611; x_wconf 92' lang='lat' dir='ltr'><strong>et</strong></span> <span class='ocrx_word' id='word_1_803' title='bbox 1538 2582 1643 2611; x_wconf 86' lang='lat' dir='ltr'><strong>lleliam</strong></span> <span class='ocrx_word' id='word_1_804' title='bbox 1665 2582 1698 2610; x_wconf 86' lang='lat' dir='ltr'><strong>ad</strong></span> <span class='ocrx_word' id='word_1_805' title='bbox 1721 2582 1774 2609; x_wconf 90' lang='lat' dir='ltr'><strong>alia</strong></span> 
     </span>
    </p>
   </div>
   <div class='ocr_carea' id='block_1_113' title="bbox 989 2629 1775 2670">
    <p class='ocr_par' dir='ltr' id='par_1_113' title="bbox 989 2629 1775 2670">
     <span class='ocr_line' id='line_1_113' title="bbox 989 2629 1775 2670; baseline -0.008 -10"><span class='ocrx_word' id='word_1_806' title='bbox 989 2634 1060 2666; x_wconf 85' lang='lat' dir='ltr'><strong>loca,</strong></span> <span class='ocrx_word' id='word_1_807' title='bbox 1079 2633 1202 2660; x_wconf 89' lang='lat' dir='ltr'><strong>invitam</strong></span> <span class='ocrx_word' id='word_1_808' title='bbox 1224 2632 1330 2660; x_wconf 86' lang='lat' dir='ltr'><strong>scilicet</strong></span> <span class='ocrx_word' id='word_1_809' title='bbox 1345 2631 1496 2666; x_wconf 76' lang='lat' dir='ltr'><strong>longiorem</strong></span> <span class='ocrx_word' id='word_1_810' title='bbox 1522 2629 1679 2661; x_wconf 81' lang='lat' dir='ltr'><strong>translatos,</strong></span> <span class='ocrx_word' id='word_1_811' title='bbox 1696 2629 1775 2670; x_wconf 77' lang='lat' dir='ltr'><strong>cujus</strong></span> 
     </span>
    </p>
   </div>
   <div class='ocr_carea' id='block_1_114' title="bbox 993 2675 1775 2712">
    <p class='ocr_par' dir='ltr' id='par_1_114' title="bbox 993 2675 1775 2712">
     <span class='ocr_line' id='line_1_114' title="bbox 993 2675 1775 2712; baseline -0.009 -6"><span class='ocrx_word' id='word_1_812' title='bbox 993 2679 1179 2706; x_wconf 86' lang='lat' dir='ltr'><strong>translationis</strong></span> <span class='ocrx_word' id='word_1_813' title='bbox 1188 2686 1268 2705; x_wconf 75' lang='lat' dir='ltr'><strong>causa</strong></span> <span class='ocrx_word' id='word_1_814' title='bbox 1283 2678 1372 2712; x_wconf 87' lang='lat' dir='ltr'><strong>pritno</strong></span> <span class='ocrx_word' id='word_1_815' title='bbox 1386 2677 1496 2711; x_wconf 89' lang='lat' dir='ltr'><strong>quidem</strong></span> <span class='ocrx_word' id='word_1_816' title='bbox 1507 2675 1703 2711; x_wconf 74' lang='lat' dir='ltr'><strong>ignorabatur;</strong></span> <span class='ocrx_word' id='word_1_817' title='bbox 1714 2681 1775 2700; x_wconf 90' lang='lat' dir='ltr'><strong>cre-</strong></span> 
     </span>
    </p>
   </div>
   <div class='ocr_carea' id='block_1_115' title="bbox 990 2718 1773 2758">
    <p class='ocr_par' dir='ltr' id='par_1_115' title="bbox 990 2718 1773 2758">
     <span class='ocr_line' id='line_1_115' title="bbox 990 2718 1773 2758; baseline -0.01 -5"><span class='ocrx_word' id='word_1_818' title='bbox 990 2725 1093 2753; x_wconf 88' lang='lat' dir='ltr'><strong>debant</strong></span> <span class='ocrx_word' id='word_1_819' title='bbox 1107 2729 1210 2757; x_wconf 86' lang='lat' dir='ltr'><strong>tamen,</strong></span> <span class='ocrx_word' id='word_1_820' title='bbox 1226 2723 1290 2758; x_wconf 91' lang='lat' dir='ltr'><strong>quia</strong></span> <span class='ocrx_word' id='word_1_821' title='bbox 1302 2729 1431 2757; x_wconf 85' lang='lat' dir='ltr'><strong>expresse</strong></span> <span class='ocrx_word' id='word_1_822' title='bbox 1450 2720 1535 2748; x_wconf 85' lang='lat' dir='ltr'><strong>dicta.</strong></span> <span class='ocrx_word' id='word_1_823' title='bbox 1554 2719 1599 2747; x_wconf 90' lang='lat' dir='ltr'><strong>Sic</strong></span> <span class='ocrx_word' id='word_1_824' title='bbox 1612 2718 1773 2753; x_wconf 79' lang='lat' dir='ltr'><strong>accipienda</strong></span> 
     </span>
    </p>
   </div>
   <div class='ocr_carea' id='block_1_116' title="bbox 990 2763 1773 2805">
    <p class='ocr_par' dir='ltr' id='par_1_116' title="bbox 990 2763 1773 2805">
     <span class='ocr_line' id='line_1_116' title="bbox 990 2763 1773 2805; baseline -0.011 -6"><span class='ocrx_word' id='word_1_825' title='bbox 990 2772 1068 2799; x_wconf 77' lang='lat' dir='ltr'><strong>nobis</strong></span> <span class='ocrx_word' id='word_1_826' title='bbox 1080 2775 1154 2805; x_wconf 85' lang='lat' dir='ltr'><strong>sunt,</strong></span> <span class='ocrx_word' id='word_1_827' title='bbox 1167 2775 1232 2797; x_wconf 90' lang='lat' dir='ltr'><strong>utet</strong></span> <span class='ocrx_word' id='word_1_828' title='bbox 1245 2770 1358 2797; x_wconf 80' lang='lat' dir='ltr'><strong>ﬁrmiter</strong></span> <span class='ocrx_word' id='word_1_829' title='bbox 1367 2767 1479 2795; x_wconf 87' lang='lat' dir='ltr'><strong>credere</strong></span> <span class='ocrx_word' id='word_1_830' title='bbox 1492 2766 1651 2797; x_wconf 82' lang='lat' dir='ltr'><strong>debeamus,</strong></span> <span class='ocrx_word' id='word_1_831' title='bbox 1664 2763 1773 2792; x_wconf 83' lang='lat' dir='ltr'><strong>etiamsi</strong></span> 
     </span>
    </p>
   </div>
  </div>
