1916 3057
100 168 154 202 877

494 172 537 204 IN
558 173 686 211 lLLUD,
709 183 719 199 ε
738 175 798 206 SlC
817 177 916 208 νοω
937 178 1016 210 EUM
1040 182 1211 219 MANERE,
1229 191 1238 208 ι
1260 183 1339 215 ETC.

1679 169 1730 219 87$

99 224 204 276 pullam
224 226 500 276 causamvideamus,
517 232 581 264 post
594 229 814 259 incarnationem
825 233 892 260 Ver-
906 232 929 262 Δ
943 236 999 262 lum
1015 237 1089 264 aliud
1108 239 1268 266 mandatum
1297 240 1422 267 exstabat
1452 240 1621 273 hominibus,
1647 249 1728 276 quant

100 270 142 304 bi,
155 270 237 307 hujus
250 279 361 307 quoque
376 273 428 306 rei,
443 273 516 302 sicut
538 275 654 303 aliarum
674 277 821 304 multarum
846 285 890 305 re-

102 324 176 347 rum.
192 325 224 345 ac
236 325 307 352 pene
330 319 454 346 omnium
472 327 555 348 causa
568 321 649 349 nobis
659 321 793 350 innotuit.
828 323 890 350 Dia-

101 363 183 391 bolus
200 364 274 392 enim
289 365 420 393 licentius
432 366 460 393 in
477 366 581 395 ultimis
595 368 766 402 temporibus
777 374 892 404 propter

104 415 216 445 peccata
231 415 326 439 nostra
340 413 470 441 omnibus
486 414 543 441 suis
553 413 659 441 viribus
673 421 777 442 usurus
789 420 842 448 est,
860 420 891 443 ut

102 456 185 484 etiam
199 457 291 490 electi,
306 457 328 486 si
339 458 470 493 possibile
483 459 531 492 sit,
543 459 571 486 in
583 467 708 488 errorem
722 461 891 488 eontrudan-

103 505 160 529 tur.
170 501 238 530 Nam
253 510 315 530 cum
330 504 467 532 revelatus
483 504 537 532 erit
549 507 632 532 homo
648 505 805 539 iniquitatis
821 507 892 541 (om-

105 554 155 574 nes
168 548 244 575 enim
263 548 343 576 liberi
365 549 475 577 arbitrii
490 557 587 578 sumus
601 550 610 582 )
622 550 802 585 'prmstigiosis
831 551 892 585 ejus

103 595 246 623 miraculis
254 594 362 630 decepti
374 596 542 631 periremus,
556 596 610 624 nisi
626 596 760 624 Dominus
774 597 893 631 duplici-

104 645 146 668 ter
162 641 298 675 pracipue
326 641 510 676 providisset:
534 642 656 677 primum
684 642 892 677 Scripturarum

104 686 325 727 praemonitione,
339 695 400 722 qua:
413 695 511 723 magna
523 695 593 716 voce
611 687 740 722 figmenta
752 688 894 723 etvimpieo

106 736 189 759 tatem
205 732 282 760 illius
295 733 456 767 praedicant,
472 733 621 769 sugillant;
641 733 742 762 deinde
767 738 807 761 tot
829 741 892 761 san.

103 782 212 806 ctorum
239 779 380 807 hominum
408 779 561 813 miraculis,
580 779 717 814 doctrina,
731 779 892 815 prophetiis.

104 831 175 858 quos
195 832 279 859 parvo
295 829 419 860 tempore
432 826 582 860 antequam
594 825 746 860 impietatis
761 826 836 853 illius
851 825 894 854 vis

104 874 132 897 et
148 869 215 897 falsa
225 870 350 898 doctrina
362 871 498 899 missurus
509 876 563 904 est,
578 872 627 906 qui
643 876 674 900 ut
692 872 778 899 etiam
795 876 892 899 aucto-

103 916 186 943 ritate
208 924 263 951 qua
280 916 398 945 maxime
413 925 465 945 nos
493 921 634 949 moveant,
657 925 675 945 a
700 910 933 946 vetustissimisB

103 962 275 997 temporibus
286 967 314 990 et
329 963 407 998 quasi
417 963 512 991 statim
526 971 541 991 a
555 964 658 999 triplici
670 971 775 1004 rerum,
789 969 894 999 tempo-

105 1015 177 1041 rum,
193 1012 304 1037 zetatum
315 1009 461 1044 principio,
475 1013 503 1037 et
520 1009 654 1038 reservati
669 1010 703 1038 ad
719 1010 772 1038 hoc
790 1010 893 1038 divini-

104 1058 150 1081 tus
163 1054 349 1084 ministerium
367 1060 433 1083 sunt
447 1060 476 1083 et
490 1061 648 1084 reservatos
667 1063 730 1084 esse
756 1056 892 1091 scriptum

103 1106 156 1134 est,
170 1105 200 1130 ut
216 1101 460 1136 praedicationibus
473 1102 543 1137 ipsis
558 1103 606 1137 qui
623 1103 677 1130 sint
694 1106 722 1130 et
732 1111 781 1131 cur
800 1109 892 1130 vene-

104 1148 151 1180 rit.
164 1149 272 1176 sincera
289 1148 451 1184 integraque
464 1149 518 1176 llde
547 1149 705 1181 credamus.
739 1148 894 1183 Scripturis

103 1195 272 1229 pratmoniti.
284 1195 370 1228 docti,
382 1195 548 1229 continuati,
563 1195 638 1229 quod
648 1195 810 1223 Antichristi
824 1200 892 1222 tem-

106 1241 221 1276 poribus
236 1242 345 1269 venturi
359 1247 434 1270 sunt.
453 1242 581 1277 Oportuit
601 1247 694 1270 autem
712 1250 797 1270 unum
814 1249 846 1269 ex
859 1242 893 1270 il-

104 1288 138 1315 lis
149 1288 259 1316 mittere
276 1288 323 1323 qui
336 1294 400 1316 ante
414 1289 500 1324 legem
518 1289 640 1321 fuerunt,
661 1297 747 1316 unum
777 1289 823 1324 qui
841 1290 892 1316 sub

104 1335 179 1369 lege,
194 1335 305 1362 tertium
326 1336 372 1370 qui
382 1335 524 1363 Christum
543 1336 633 1369 ipsum
657 1335 806 1368 audiverit,
822 1335 892 1362 allo-

104 1386 187 1410 cutus
223 1382 320 1414 fuerit,
343 1383 486 1417 multoque
515 1383 601 1417 magis
629 1389 741 1409 necesse
759 1381 892 1409 adversus

104 1429 374 1463 Antichristum,qui
389 1436 418 1456 se
431 1428 573 1456 Christum
588 1428 689 1456 Filium
707 1435 767 1455 esse
784 1428 831 1455 Dei
843 1427 893 1454 ﬁn-

104 1480 159 1511 εει,
174 1483 256 1511 quam
282 1476 401 1510 aliquam
436 1483 469 1503 ex
497 1475 704 1503 vetustissimis.
731 1474 892 1502 Reservavit

105 1527 197 1549 autem
211 1529 244 1549 ex
266 1522 407 1549 veteribus
420 1521 509 1549 duos:
526 1522 680 1549 reservavit
703 1521 788 1556 igitur
806 1521 890 1548 etiam

105 1576 137 1595 ex
149 1569 290 1603 apostolis.
308 1569 376 1596 Tres
388 1577 454 1604 ergo
467 1569 599 1597 reservati
613 1573 678 1596 sunt
690 1568 822 1595 adversus
835 1567 890 1594 An-

106 1614 273 1647 tichristum,
295 1623 344 1650 pro
353 1615 469 1642 veritate
485 1615 555 1642 utin
575 1615 657 1642 ﬂnem
690 1619 829 1641 tantorum
852 1613 892 1640 vi-

107 1668 200 1688 rorum
218 1662 385 1692 testimonio,
403 1661 544 1689 miraculis
564 1661 735 1693 conllrmato,
753 1660 787 1688 ab
799 1660 896 1695 impie-

108 1711 164 1734 tate
177 1708 329 1735 incredibili
342 1712 424 1746 atque
435 1707 558 1735 inaudita
572 1708 698 1736 homines
713 1707 787 1735 illius
803 1707 895 1736 saeculi

109 1757 286 1780 revocentur.
303 1753 361 1780 Erit
388 1758 479 1780 autem
505 1753 692 1781 testimonium
714 1753 836 1786 Joannis,
867 1759 896 1781 ut

108 1806 160 1834 ego
175 1798 310 1831 arbitror,
326 1798 412 1825 multo
429 1799 541 1833 majoris
559 1799 712 1833 dignitatis,
729 1800 801 1834 quod
813 1800 892 1827 facile

108 1845 268 1881 percipitur,
280 1845 302 1872 si
318 1844 396 1879 quasi
421 1845 635 1872 controversiam
648 1846 834 1873 instituamus.
852 1847 896 1873 Di-

107 1895 172 1920 cant
183 1891 256 1926 impii
266 1891 465 1918 Antichristum
475 1898 534 1918 esse
545 1890 668 1918 Messiam
678 1895 705 1917 et
717 1891 814 1919 Filium
825 1893 872 1919 Dei
888 1902 895 1926 ;

109 1942 194 1965 testes
215 1937 316 1965 vetusti
330 1942 447 1971 negent,
464 1941 642 1971 asserantque
660 1936 760 1964 Tiberii
782 1938 897 1973 Augusti

109 1983 282 2018 temporibus
296 1982 436 2011 Christum
451 1983 732 2018 venisse,quanquam
751 1984 821 2011 male
848 1991 898 2019 po-

109 2035 203 2057 terunt
229 2034 320 2057 tamen
351 2030 552 2058 contendentes
575 2030 652 2065 impii
680 2031 825 2065 replicare,
840 2038 896 2059 non

109 2076 195 2103 fuisse
219 2075 281 2103 illos
296 2079 362 2103 tunc
388 2075 586 2111 llicrosolymis
605 2080 634 2104 et
655 2081 803 2112 propterea
822 2077 892 2104 falso

108 2121 233 2148 altestari
251 2121 323 2156 quod
339 2128 392 2148 non
407 2121 546 2148 viderunt.
562 2121 596 2148 At
621 2120 742 2149 Joannes
754 2126 782 2149 et
794 2122 897 2149 vidisse

109 2167 274 2194 clamabitet
286 2167 397 2194 audisse
414 2167 493 2194 illuni
507 2172 534 2194 et
548 2168 685 2203 tetigisse,
702 2173 731 2195 et
743 2168 896 2196 allocututn

109 2212 194 2239 fuisse
211 2216 239 2239 et
257 2212 378 2240 astitisse
403 2212 431 2239 in
455 2220 538 2240 cruce
551 2213 681 2248 pendenti
707 2219 736 2242 et
757 2214 896 2249 aspexisse

945 282 1019 316 quod
1034 288 1131 311 natura
1146 284 1172 311 in
1185 285 1357 320 singulorum
1370 286 1528 321 pselorihus
1541 287 1654 314 insitum
1671 293 1730 320 est;

946 329 1020 356 Elias
1036 331 1182 365 propheta,
1197 332 1243 366 qui
1261 333 1302 360 vel
1321 336 1444 360 mortuos
1460 333 1488 360 in
1502 334 1585 361 vitam
1610 335 1733 362 restituit

946 376 1072 404 oratione
1091 381 1118 404 et
1142 379 1192 405 sub
1217 379 1277 414 lege
1309 381 1486 414 coruscavit;
1506 380 1627 408 Joannes
1648 389 1734 409 evan-

946 422 1062 456 gelista,
1086 432 1168 458 quem
1188 425 1322 454 Dominus
1350 427 1500 461 plurimum
1532 427 1638 459 dilexit,
1665 436 1733 461 apo-

946 469 1080 496 stolorum
1103 471 1308 503 sanctissimus,
1325 480 1407 507 quem
1425 474 1453 500 in
1473 473 1656 500 univcrsal‘cm
1683 474 1735 501 Ec-

946 515 1039 543 i-lesite
1064 520 1202 550 pastorem
1230 517 1361 545 Dominus
1385 518 1427 553 (ut
1450 527 1501 553 ego
1521 519 1650 554 arbitror)
1678 527 1734 547 non

946 562 1105 597 praeposuit,
1136 567 1194 590 tum
1217 569 1248 591 ut
1275 563 1314 591 illi
1337 564 1437 600 virgini
1463 565 1578 593 Matrem
1601 565 1735 601 virginem

947 609 1162 640 commendaret,
1180 612 1238 636 tum
1254 613 1284 637 ut
1305 610 1385 637 Petro
1399 616 1465 638 tunc
1483 611 1577 646 (quem
1601 605 1747 638 velociori

946 651 1078 690 martyrio
1101 655 1273 689 destinavit),
1292 655 1390 684 Joanni
1405 662 1498 692 postea
1518 657 1545 684 in
1563 657 1736 692 temporibus

947 700 1121 734 Antichristi,
1149 701 1300 730 Ecclesiam
1316 703 1514 735 committeret,
1531 708 1558 730 et
1574 704 1615 731 sic
1627 703 1737 730 duobus

947 745 1090 781 discipulis
1120 755 1239 782 quorum
1267 748 1337 776 alter
1373 748 1487 782 dilexit,
1518 749 1587 776 alter
1620 749 1738 777 dilectus

947 791 1058 820 Christo
1083 793 1202 820 maxime
1228 794 1353 821 omnium
1380 794 1482 827 fuerat,
1511 794 1591 822 alteri
1622 795 1649 822 in
1677 794 1737 830 ipso

947 837 1088 873 Evangelii
1113 838 1203 871 initio,
1221 839 1301 867 alteri
1315 839 1342 866 in
1364 839 1417 868 line
1431 845 1460 868 et
1478 841 1603 875 utrisque
1627 841 1653 868 in
1673 847 1737 876 per-

948 883 1136 912 secutiouibus
1168 885 1295 913 maximis
1331 886 1452 913 Ecclesia
1485 887 1736 915 commendaretur.

947 930 1072 962 Accedit,
1089 930 1163 965 quod
1174 938 1269 958 omnes
1283 931 1400 965 apostoli
1425 932 1556 967 martyrio
1570 932 1653 960 vitam
1681 937 1737 959 ter-

947 978 1097 1008 minarunt,
1110 981 1140 1004 ut
1151 985 1231 1005 nemo
1249 978 1333 1012 possit
1343 978 1480 1013 ambigere
1492 980 1685 1006 veracissimos
1698 979 1734 1006 il-

947 1022 988 1050 los
1005 1027 1090 1050 testes
1103 1022 1199 1056 fuisse,
1214 1023 1260 1057 qui
1273 1023 1346 1051 sicut
1363 1023 1493 1051 Dominus
1511 1028 1597 1051 morle
1614 1025 1737 1050 testimo-

948 1068 1026 1095 nium
1045 1075 1126 1095 suum
1142 1073 1354 1103 persanxerunt.
1368 1068 1433 1096 Nam
1450 1068 1577 1096 Christus
1600 1070 1735 1096 Dominus

946 1119 1052 1145 noster,
1066 1113 1152 1142 Filius
1165 1115 1224 1146 Dei,
1241 1119 1269 1142 et
1285 1115 1407 1149 pontifex
1422 1115 1557 1143 maximus
1572 1115 1622 1142 fuit
1643 1121 1671 1143 ut
1687 1116 1737 1142 ho-

946 1168 1002 1195 mo,
1017 1161 1087 1189 sicut
1103 1160 1247 1188 Psalmista
1264 1161 1350 1194 canit,
1369 1161 1407 1187 Tu
1421 1169 1446 1188 es
1471 1162 1594 1188 sacerdos
1619 1162 1645 1188 in
1659 1167 1735 1188 a’ler-

946 1215 1021 1239 num,
1041 1207 1182 1235 secundum
1196 1208 1314 1235 ordinem
1329 1207 1514 1234 Melchisedech
1535 1208 1558 1241 ²;
1575 1213 1603 1235 et
1616 1216 1678 1240 rex;
1695 1208 1736 1234 tll-

946 1254 1018 1281 citur
1029 1254 1101 1281 enim
1122 1254 1148 1280 in
1167 1261 1313 1288 personam
1326 1253 1404 1289 ejus:
1430 1252 1486 1288 Ego
1500 1258 1590 1280 autem
1606 1254 1736 1280 constitu-

948 1303 988 1325 tus
1005 1307 1063 1326 sum
1091 1307 1136 1326 rex
1151 1299 1183 1325 ab
1213 1300 1270 1334 ipso
1285 1307 1364 1334 super
1385 1298 1450 1326 Sion
1475 1303 1588 1326 titantem
1615 1304 1736 1326 sanciunt

917 1378 919 1380 _
946 1345 1001 1380 ejus
1013 1345 1024 1360 ⁸
1038 1353 1046 1378 ;
1060 1349 1088 1372 et
1105 1345 1208 1372 Pilatus
1224 1345 1251 1372 in
1265 1345 1354 1376 titulo,
1369 1345 1444 1372 Jesus
1461 1345 1616 1372 Nazarenus
1632 1353 1677 1371 rex
1690 1345 1737 1371 Ju-

946 1392 1120 1425 dwarum;ct
1131 1395 1233 1426 martyr
1249 1392 1363 1425 primus,
1382 1397 1410 1429 et
1424 1391 1575 1424 maximus;
1595 1399 1656 1418 nam
1674 1399 1736 1418 cum

947 1437 1133 1465 testimonium
1151 1444 1202 1464 nec
1228 1437 1262 1464 de
1278 1445 1307 1464 se
1323 1437 1382 1472 ipso
1394 1445 1485 1469 suum,
1499 1437 1572 1472 quod
1588 1435 1672 1464 Filius
1689 1437 1738 1464 Dei

946 1489 1031 1517 esset,
1044 1483 1131 1516 Judaei
1143 1483 1312 1517 acciperent,
1323 1491 1374 1511 nec
1384 1483 1473 1510 Patris
1487 1483 1529 1510 sui
1543 1484 1589 1517 qui
1599 1483 1740 1510 miraculis

946 1529 1077 1558 inauditis
1091 1529 1242 1558 testabatur
1254 1530 1342 1565 ipsum
1356 1538 1415 1558 esse
1426 1530 1525 1557 Filium
1540 1537 1634 1562 suum,
1648 1535 1737 1558 morte

947 1576 1132 1604 testimonium
1144 1576 1344 1610 comprobavit.
1362 1575 1468 1604 Scimus
1481 1581 1555 1604 certe
1567 1576 1677 1604 Judaeos
1695 1585 1740 1604 rc.-

948 1627 991 1651 cie
1004 1623 1172 1650 intellexisse
1187 1623 1269 1650 verba
1284 1622 1404 1656 Domini,
1418 1623 1518 1657 quibus
1531 1622 1640 1650 Patrem
1656 1631 1737 1660 suum

948 1669 1166 1704 omnipotentem
1184 1669 1269 1696 Deum
1296 1669 1461 1704 appellabat.
1493 1669 1570 1697 Unde
1591 1669 1737 1701 dicebant,

948 1716 1120 1750 moriipsum
1147 1715 1399 1750 secundumlcgcm
1415 1715 1526 1746 debere.
1552 1715 1617 1749 quia
1637 1714 1737 1742 Filium

948 1761 996 1789 Dci
1012 1761 1132 1796 seipsum
1150 1761 1227 1789 fecit.
1240 1761 1298 1789 Nec
1322 1761 1396 1788 enitn
1415 1761 1494 1788 aliter
1511 1761 1627 1797 intelligi
1648 1766 1739 1797 potest

948 1809 1021 1843 quod
1038 1809 1123 1837 Deum
1137 1809 1246 1836 Patrem
1264 1817 1325 1836 esse
1337 1817 1417 1837 suum
1432 1809 1614 1844 praedicabat;
1628 1814 1740 1844 propte-

948 1860 994 1880 rea
1009 1853 1092 1881 dicit:
1107 1854 1277 1889 Manifestavi
1286 1862 1380 1882 nomen
1396 1859 1469 1881 tuum
1482 1855 1657 1882 hominibus“.
1670 1856 1738 1882 Nam

948 1902 1012 1926 ante
1028 1899 1176 1926 adventum
1193 1900 1221 1926 in
1239 1907 1324 1927 carne
1342 1899 1427 1928 Verbi
1444 1900 1618 1927 reconditum
1641 1909 1739 1935 magno

959 1945 987 1972 in
1003 1950 1174 1972 sacramento
1193 1945 1323 1972 tenebant
1339 1946 1413 1980 quod
1432 1944 1506 1973 Deus
1520 1946 1556 1972 ita
1573 1950 1616 1973 est
1645 1935 1758 1979 Pater:

949 1996 979 2018 ut
993 1989 1092 2017 Filium
1105 1990 1247 2018 habeatex
1261 1990 1417 2018 substantia
1431 1998 1480 2018 sua
1498 1991 1631 2026 genitum,
1648 2000 1740 2027 requa.

948 2035 1001 2063 lem
1017 2039 1113 2063 natura
1129 2040 1161 2063 et
1175 2035 1437 2063 consubstantialem
1453 2044 1462 2070 ;
1478 2044 1584 2069 verum,
1603 2038 1733 2071 quoniam

949 2089 1024 2109 mors
1038 2082 1201 2109 ultimorum
1217 2080 1381 2109 terribilium
1394 2086 1448 2114 est,
1461 2090 1511 2109 nec
1523 2083 1623 2110 adduci
1638 2084 1740 2111 mentis

949 2134 1063 2163 compos
1087 2127 1169 2154 homo
1189 2130 1292 2162 potest,
1316 2131 1347 2154 ut
1372 2129 1470 2154 credat
1500 2128 1527 2154 in
1555 2129 1614 2163 ipso
1632 2134 1739 2157 terrore

950 2174 1048 2202 mortis
1062 2174 1182 2210 aliquem
1192 2173 1235 2201 vel
1252 2173 1286 2202 de
1305 2181 1346 2208 se,
1360 2173 1402 2201 vel
1419 2174 1453 2202 de
1468 2175 1522 2202 alio
1542 2175 1665 2206 mentiri.
1688 2176 1741 2203 hac

949 2221 983 2248 de
998 2228 1081 2249 causa
1105 2225 1239 2256 martyres
1253 2227 1319 2248 vere
1339 2225 1548 2256 nuncupantur,
1580 2222 1628 2257 qui
1650 2227 1739 2250 morte

108 2257 270 2293 sanguinem
290 2263 318 2285 et
334 2266 431 2293 aquam
448 2266 463 2286 e
476 2258 560 2286 latere
577 2260 676 2287 mortui
694 2260 893 2295 prosilientem,

951 2266 1063 2302 propria
1083 2266 1307 2302 praedicationem
1323 2274 1402 2295 suam
1434 2274 1527 2295 veram
1543 2275 1605 2296 esse
1624 2268 1739 2296 demoti.

108 2311 136 2332 et
169 2310 231 2340 post
263 2305 495 2332 resurrectionem
530 2306 684 2333 comedisse
723 2313 756 2334 ac
795 2306 898 2334 bibisse

108 2357 170 2377 cum
194 2349 251 2382 illo,
271 2354 299 2377 et
325 2357 422 2376 tnantts
439 2354 522 2384 atque
552 2350 636 2385 pedes
659 2351 783 2379 cruciﬁxi
812 2352 897 2379 vidis-

110 2403 140 2423 se
169 2395 358 2431 palpasseque.
376 2395 504 2423 Miracula
522 2403 632 2432 quoque
649 2396 785 2431 narrabit,
810 2398 896 2426 multo

109 2442 186 2476 plura
207 2450 289 2477 quam
318 2443 438 2478 scripsit,
464 2443 487 2470 si
511 2447 602 2471 tamen
630 2446 749 2473 mundus
769 2451 833 2474 tunc
852 2454 896 2473 ca-

110 2495 173 2522 pere
189 2488 301 2522 poterit,
331 2489 501 2524 auribusque
525 2491 583 2518 suis
609 2499 703 2519 vocem
742 2492 815 2519 illam
843 2501 895 2519 au-

108 2534 183 2562 disse
211 2535 389 2568 assev‘erabit,
410 2536 520 2570 Lazare,
551 2538 611 2564 veni
642 2538 740 2573 foras‘
778 2545 889 2574 et'qua-

110 2580 266 2606 triduanum
298 2587 437 2608 mortuum
470 2582 606 2611 exsiliissc
630 2583 703 2611 foras
731 2592 746 2612 c
770 2586 896 2620 sepulcro

107 2625 210 2654 vidisse
238 2631 265 2654 et
292 2627 399 2655 institas
429 2629 531 2663 quibus
555 2634 614 2657 erat
631 2631 772 2666 alligatum
799 2631 895 2659 Lazari

109 2679 210 2705 corpus
226 2672 353 2700 manibus
366 2673 423 2700 suis
441 2674 569 2702 solvisse.
585 2675 646 2703 Haec
673 2677 782 2711 aliaque
799 2677 896 2712 hujus—

109 2718 181 2745 modi
196 2718 338 2745 miraculis
355 2719 510 2747 aiiirinabit.
528 2720 596 2749 Tres
619 2722 702 2757 igitur
726 2724 898 2758 temporibus

110 2764 163 2791 illis
183 2763 294 2792 falsitati
320 2766 448 2794 resistent
471 2771 555 2795 testes
574 2776 580 2794 :
604 2769 698 2796 Enoch
716 2769 761 2797 ille
784 2770 895 2805 justus.

110 2811 188 2847 cuius
206 2816 269 2839 autc
285 2812 418 2840 dilutium
432 2813 538 2849 justitia
552 2813 662 2846 claruit,
694 2819 805 2852 quando
835 2824 898 2845 nui-

171 2906 177 2921 ’
196 2906 273 2936 Joan.
289 2916 328 2943 ιι,
350 2908 393 2937 45.

443 2910 452 2925 ¹
468 2908 541 2938 Psal.
559 2915 613 2942 cu,
636 2910 660 2938 ι.
700 2911 709 2928 ³
727 2910 799 2939 I‘sal.
819 2919 848 2943 ιι,
864 2911 890 2938 6.

949 2317 1084 2341 strarunt.
1099 2313 1208 2341 Primus
1218 2320 1284 2341 vero
1297 2318 1403 2350 martyr
1416 2313 1541 2342 Christus
1552 2322 1614 2342 cum
1628 2315 1738 2343 tradere

948 2359 1075 2394 spiritum
1090 2358 1146 2386 Deo
1157 2359 1250 2391 vellet,
1261 2350 1436 2395 magna'voce
1451 2360 1573 2387 intonuit
1590 2361 1732 2388 clamans:

948 2404 1040 2437 Pater,
1058 2405 1085 2432 in
1102 2413 1197 2432 manus
1222 2410 1283 2432 tuus
1300 2407 1454 2433 commendo
1482 2407 1617 2441 spiritum.
1638 2415 1735 2434 meum.

950 2451 1024 2478 lianc
1048 2450 1268 2479 testiﬁcationem
1298 2459 1348 2487 per
1377 2452 1539 2487 sanguinem
1566 2458 1594 2480 et
1618 2458 1735 2481 mortth

950 2498 1066 2534 apostoli
1079 2506 1176 2527 omnes
1199 2498 1345 2526 Dominum
1376 2499 1462 2526 secuti
1479 2499 1514 2526 de
1540 2499 1737 2533 pta’dicatioue

950 2551 999 2571 sua
1013 2544 1144 2572 iecerunt.
1161 2544 1216 2573 Cur
1231 2544 1352 2573 Joannes
1363 2545 1416 2573 hac
1427 2545 1514 2580 gloria
1523 2546 1598 2573 solus
1614 2546 1738 2581 privare.

951 2590 1014 2617 tur?
1033 2591 1073 2616 An
1087 2591 1151 2626 quia
1171 2590 1234 2625 plus
1254 2591 1363 2618 caneris
1377 2591 1541 2619 amabatur?
1555 2591 1613 2619 luto
1626 2597 1735 2625 contra,

950 2635 1080 2670 quoniam
1119 2636 1236 2663 maxime
1271 2636 1437 2671 diligebatur
1480 2637 1584 2665 idcirco
1635 2643 1738 2672 marty-

949 2681 1019 2708 rium
1032 2680 1105 2715 quod
1123 2689 1138 2708 a
1151 2681 1260 2709 Christo
1275 2681 1385 2709 initium
1399 2682 1472 2717 cepit
1496 2684 1524 2710 in
1552 2690 1615 2710 eum
1635 2684 1733 2710 termi-

948 2727 1069 2754 nubitur.
1087 2727 1119 2754 Et
1134 2727 1206 2755 sicut
1225 2728 1288 2762 plus
1303 2728 1427 2763 diligenti
1443 2729 1566 2757 Ecclesia
1598 2729 1736 2763 incipiens

947 2773 1000 2800 l‘uit
1014 2773 1171 2805 commissa.
1193 2774 1229 2801 ita
1247 2774 1309 2810 plus
1323 2775 1424 2802 dilecto
1441 2775 1576 2802 desinens
1589 2782 1733 2803 commcn-

947 2824 1069 2848 damtur.
1088 2820 1136 2854 ita,
1150 2821 1286 2856 quispiam
1302 2821 1424 2857 inquiet;
1441 2821 1490 2849 sed
1507 2826 1597 2849 tamen
1617 2821 1736 2850 incredi‘
1777 2820 1779 2822 ’

938 2911 948 2926 ⁸
965 2911 1045 2940 Joan.
1060 2921 1126 2948 xvn,
1144 2914 1170 2942 6.
