1916 3057
182 128 236 161 8'9

779 133 943 165 GEORGII
964 115 1226 170 rnirszumu

1758 141 1818 174 880

183 187 240 214 bile
256 187 374 219 videtur.
391 191 468 216 tanto
484 189 616 224 temporis
629 191 720 226 spatio
733 192 865 220 dilectum
880 193 967 220 disei-
980 193 1007 223 Α
1019 201 1075 222 non
1091 197 1256 224 moriturum
1264 190 1396 224 .lnsnneni
1409 197 1537 232 usquead
1550 203 1672 225 extrema
1688 203 1817 232 teurpora

183 231 278 266 pulum
289 233 405 260 vinculis
414 233 504 261 adhuc
514 236 640 270 corporis
651 238 750 268 leucri.
761 245 812 265 nec
824 238 970 266 liberatum

182 277 236 304 hoc
246 285 356 305 carcere
366 278 450 306 fuisse
467 280 494 306 in
505 280 620 308 Domino
632 283 794 315 resolutum.
807 284 854 311 sed
870 285 972 320 longis-

183 323 254 350 simo
271 328 394 359 tempore
412 326 438 352 in
457 326 510 354 hoc
527 328 703 356 resolutionis
728 329 865 357 desiderio
882 331 971 365 jacta-

181 369 216 396 ri.
233 369 289 396 Nec
301 371 375 397 enim
387 372 555 400 credendum
568 379 620 407 est.
637 375 729 403 minus
741 376 875 405 Joannem
889 385 970 411 quam

180 413 295 442 Paulum
313 417 414 444 resolvi
429 418 613 451 desiderasse.
629 422 677 455 qui
693 422 749 449 ait:
766 422 852 457 Cupio
875 423 971 450 resolui

181 465 206 487 et
220 469 276 489 esse
293 471 351 489 tum
366 462 472 491 Christo
486 473 497 497 ;
517 467 597 500 quasi
612 474 679 494 vero
701 476 757 496 non
773 470 861 503 possit
875 469 969 496 Domi-

180 513 234 534 nus
248 514 274 534 ei
286 507 336 543 ipsi
346 513 375 536 et
390 510 482 537 Euoch
503 516 586 547 atque
599 513 665 541 EH8
680 520 744 542 ante
756 522 872 543 mortem
887 517 970 548 etiam

181 552 384 582 beatitudinem
403 556 527 591 elargiri,
541 560 670 593 quamvis
687 569 742 588 non
770 561 810 588 illi
836 563 969 596 aequalem

153 595 155 597 ’
183 605 267 631 quam
279 599 392 628 resoluti
410 601 563 634 habebunt.
580 608 685 632 tantam
706 611 798 633 tamen
813 614 842 634 ut
861 595 970 635 audiret

180 649 262 679 atque
283 646 389 673 videret
402 655 433 674 ea
449 655 511 682 quae
527 657 577 677 nec
594 651 692 679 oculus
708 652 776 678 vidit
798 660 850 680 nec
879 653 907 680 in
921 661 969 681 co-

180 691 341 725 gitationem
359 694 480 722 hominis
495 698 701 730 ascenderunt;
715 700 788 733 quod
810 700 837 727 in
852 708 969 735 corpore

179 737 273 765 adhuc
290 739 385 766 animo
403 740 516 768 detento
535 742 593 769 lieri
612 751 705 778 posse.
730 745 753 773 is
772 746 830 780 ipse
848 750 969 774 testatur

180 782 290 810 dicens:
314 783 374 812 Siue
390 786 417 812 in
433 795 552 822 corpore,
568 790 622 816 sius
634 794 711 817 extra
735 799 840 826 corpus,
870 793 967 825 nescio.

180 830 250 856 Deus
265 831 343 864 scit}.
362 832 437 859 Adde
450 833 523 867 quod
540 835 567 862 in
582 840 715 863 aeternum
730 844 780 871 pro
796 836 849 864 hoc
863 837 968 864 brevis-

1023 241 1226 276 existimarint;
1237 244 1393 278 sidenique
1406 243 1524 271 Joannes
1538 245 1596 279 ipsa
1608 245 1817 273 modestissime

1023 293 1179 314 sermonem
1196 293 1224 315 et
1240 289 1324 315 verba
1341 289 1489 316 ornderens
1506 296 1563 317 rem
1578 296 1634 317 non
1648 296 1690 317 est
1703 291 1815 318 inlicia—

1022 335 1084 359 tus:
1097 333 1162 367 quis
1175 333 1324 362 dubitabit.
1337 334 1550 362 dilectissimum
1566 336 1670 363 Christi
1683 337 1810 370 discipu-

1023 376 1089 408 lum.
1100 376 1218 405 altéruta
1237 379 1352 414 virginis
1369 380 1458 408 Maria
1487 389 1536 414 per
1550 381 1684 409 allectum
1697 387 1816 417 propter

1023 422 1209 457 virginitatem
1225 424 1321 458 ﬁlium,
1339 427 1384 453 eui
1398 431 1427 452 ut
1444 431 1533 454 mater
1548 427 1604 454 lilio
1615 429 1814 455 commendata

1020 468 1085 500 fuit,
1105 469 1153 502 qui
1165 471 1371 504 generationem
1386 471 1470 499 Verbi
1499 477 1630 500 aeternam
1651 474 1814 500 horninibus

1020 514 1152 548 intonuit,
1177 517 1222 543 cui
1236 517 1367 544 Ecclesia:
1375 519 1518 546 militantis
1531 523 1619 547 status
1632 519 1683 547 fuit
1699 519 1811 547 revela-

1022 566 1079 593 tus;
1091 561 1167 595 quis.
1181 562 1292 597 inquam
1311 563 1460 597 dubitabit,
1474 566 1682 600 evangelistam.
1694 571 1808 600 aposto-

1021 606 1088 638 lum.
1102 608 1265 642 prophetam
1283 610 1407 645 martyrii
1422 617 1533 646 quoque
1545 619 1647 639 corona
1664 613 1691 639 in
1714 619 1810 640 extm-

1019 655 1074 683 mis
1091 656 1264 690 temporibus
1277 658 1442 691 potiturum.
1471 662 1500 685 ut
1512 663 1630 694 uterque
1644 660 1690 694 qui
1715 661 1810 694 pluri-

1019 709 1094 728 nsum
1109 701 1216 733 dilexit.
1232 707 1262 729 et
1277 703 1324 738 qui
1340 701 1491 737 plurimum
1518 704 1636 732 dilectus
1655 713 1670 732 a
1690 705 1809 733 Domino

1018 747 1081 779 fuit.
1102 747 1130 774 in
1147 749 1275 775 maximis
1290 749 1541 783 persecutio-tibus.
1571 751 1642 778 alter
1662 751 1808 786 incipit-nti

1018 793 1090 821 alter
1102 794 1238 822 desinenti
1261 792 1392 822 Ecclesiae
1402 796 1505 830 prosit.
1531 797 1581 828 tu.
1601 797 1745 832 inquiunt;
1759 798 1808 825 sed

1019 841 1098 868 multi
1111 841 1240 868 doctores
1250 840 1381 869 Ecclesiae
1394 846 1448 869 tam
1456 842 1611 870 Orientales
1624 851 1706 878 quam
1727 844 1808 872 Occi-

179 875 250 902 simo
263 878 394 910 temp0ris
411 879 500 912 spatio
511 887 611 907 corona
621 867 743 917 martyrii
754 882 872 916 fulgens.
884 888 912 909 et
926 883 969 910 fu-
984 867 1005 895 ⁸
1018 867 1144 915 dentatas
1442 889 1530 923 ipsum
1543 867 1724 924 scripserunt.
1734 899 1809 924 cno-

179 925 243 948 tura
264 922 458 956 przedicatione
475 926 654 959 promeritus,
669 928 754 962 magis
769 929 910 963 magisque
925 938 969 958 re-

179 966 346 999 splendebit.
363 967 429 995 Illud
438 971 561 1004 profecto
569 972 667 999 mirum
676 978 718 1001 est
729 974 802 1009 quod
811 982 874 1002 eum
885 983 966 1011 quem

179 1018 320 1040 mortuum
339 1017 521 1049 contendunt,
536 1025 590 1051 qua
613 1024 702 1046 morte
729 1020 886 1053 dormierit,
918 1030 968 1050 ne-

179 1063 286 1091 queunt
300 1067 450 1094 exponere,
462 1069 511 1089 nec
525 1063 657 1098 reliquias
679 1065 740 1100 ejus
759 1074 879 1100 unquam
895 1068 967 1097 visas

178 1102 280 1130 alicubi
297 1104 428 1134 fatentur.
445 1107 504 1134 Non
521 1115 563 1135 est
588 1115 665 1137 certe
685 1111 835 1139 verisimile
851 1118 880 1139 ut
896 1114 967 1140 mul-

180 1153 270 1176 torum
287 1158 341 1177 non
359 1155 440 1179 tantae
460 1153 594 1181 claritatis
614 1161 784 1189 sanctorum.
798 1159 845 1192 qui
861 1159 888 1186 in
903 1167 963 1188 ere-

179 1202 226 1222 mo
242 1196 395 1236 latitarnnt.
409 1203 436 1225 et
450 1207 524 1227 mors
538 1207 667 1229 narretur
681 1209 710 1231 et
728 1205 852 1240 reliquiae
871 1212 965 1234 osten-

179 1241 291 1273 dantur,
309 1243 461 1272 ctJoannis
475 1247 664 1280 apostolorum
691 1251 851 1281 clarissimi,
878 1261 962 1287 quem

179 1287 207 1313 in
228 1287 296 1313 Asim
312 1290 371 1315 lune
401 1296 539 1318 versatum
568 1292 653 1322 fuisse
678 1301 797 1329 constat,
817 1297 910 1332 ibique
931 1300 965 1326 ab

179 1331 232 1358 hac
253 1333 307 1359 vita
323 1336 472 1363 recessisse
488 1337 530 1371 (ut
544 1338 645 1372 aiunt).
666 1349 718 1368 nec
740 1350 814 1370 mors
842 1331 965 1378 expona-

180 1382 225 1404 tur
239 1387 290 1405 nec
305 1381 431 1408 exanime
443 1390 544 1418 corpus
561 1392 682 1420 unquam
695 1387 784 1414 visum
795 1389 890 1417 luerit.
909 1390 964 1418 Sed

179 1431 268 1456 operm
281 1425 398 1459 pretium
413 1432 465 1461 est,
483 1430 606 1459 breviter
633 1440 666 1460 ac
680 1435 798 1462 summis
816 1436 858 1471 (ut.
875 1437 963 1473 aiunt)

180 1469 275 1503 digitis
291 1476 413 1506 tangere,
428 1481 489 1508 qua:
506 1475 645 1504 feruntur.

1021 940 1081 960 tum
1097 933 1255 961 auctoritati
1283 934 1489 969 repugnandum
1504 942 1560 962 non
1586 940 1638 964 est.
1655 936 1697 964 Sit
1725 944 1806 964 sane.

1018 979 1138 1014 Abyssus
1150 978 1224 1007 eiii-tt
1232 984 1276 1007 est
1291 979 1444 1014 Scriptura,
1456 980 1622 1016 incipientes
1636 981 1767 1015 diximus,
1780 987 1809 1010 et

1017 1025 1097 1052 aliter
1119 1025 1166 1052 alii
1191 1025 1297 1059 singula
1315 1026 1438 1059 capiunt,
1454 1030 1484 1053 et
1506 1032 1604 1054 mnes
1620 1028 1806 1063 suscipientes

1017 1071 1096 1097 divisi
1116 1075 1163 1097 aut
1186 1070 1354 1105 evangelicae
1372 1070 1524 1106 Scriptura
1546 1077 1595 1100 aut
1613 1072 1694 1101 alteri
1711 1073 1808 1101 alteris

1016 1117 1217 1144 contradicunt.
1238 1116 1268 1143 In
1286 1116 1337 1143 bac
1354 1123 1421 1144 vero
1436 1118 1589 1152 quastione
1616 1119 1638 1145 si
1657 1119 1808 1152 [indictus

1017 1161 1155 1195 Evangelii
1177 1161 1254 1188 locus
1277 1167 1306 1189 et
1323 1161 1444 1189 rationes
1468 1163 1557 1190 solum
1583 1163 1807 1194 considerantur.

1016 1201 1141 1233 articulis
1151 1205 1213 1233 ﬁdei
1231 1214 1285 1233 nou
1301 1208 1513 1237 contradicitur.
1533 1208 1716 1236 contradictio
1732 1209 1760 1236 in
1775 1216 1807 1237 re

1016 1251 1073 1279 sola
1091 1256 1224 1278 remanet.
1241 1252 1274 1279 Et
1302 1253 1397 1285 credo.
1412 1253 1434 1279 si
1451 1253 1524 1287 quis,
1539 1254 1614 1280 omni
1628 1260 1805 1290 ρι’-ἐοῦσαμ-

1017 1298 1090 1325 tione
1101 1305 1134 1325 ac
1145 1298 1323 1325 contentione
1333 1299 1453 1333 objecta,
1465 1299 1582 1334 integer.
1598 1308 1642 1327 nes
1655 1301 1728 1335 ipsas
1734 1309 1806 1328 clm-

1019 1343 1131 1374 sideret.
1155 1343 1236 1371 nobis
1255 1343 1414 1370 afuturum.
1436 1343 1546 1371 Certior
1567 1352 1643 1374 vero
1666 1352 1726 1372 sum
1742 1354 1805 1372 cuin

1014 1389 1070 1424 jam
1084 1390 1195 1415 tertium
1212 1389 1302 1416 locum
1319 1393 1484 1420 tractavero.
1499 1390 1604 1424 absque
1615 1392 1806 1418 controversia

1015 1441 1111 1461 onines
1122 1434 1269 1462 ail'uturos.
1281 1434 1360 1462 Nulla
1372 1435 1445 1462 enim
1458 1435 1575 1462 alioru
1586 1440 1629 1462 cst
1642 1437 1804 1468 auctoritas.

1016 1479 1166 1513 Scriptura:
1178 1480 1334 1507 auctoritati
1352 1479 1460 1507 collata.
1482 1480 1538 1508 Nec
1553 1485 1643 1507 tamen
1663 1481 1758 1508 Patres
1781 1481 1804 1508 si

216 1515 342 1544 Traduut
355 1525 450 1547 omnes
465 1521 535 1554 fere,
553 1523 600 1557 qui
620 1523 672 1552 hac
688 1525 722 1552 de
737 1533 766 1553 re
783 1526 866 1555 locuti
891 1535 966 1563 sum,
981 1534 1002 1562 ε
1019 1531 1111 1552 contra
1126 1526 1304 1559 scripserunt.
1319 1526 1462 1552 criminari
1476 1526 1527 1558 ias,
1541 1525 1562 1552 si
1575 1526 1625 1553 loci
1640 1527 1803 1561 Scriptum.

182 1567 326 1598 postquam
340 1564 462 1594 Joannes
474 1569 562 1596 sensit
573 1569 701 1597 ultimum
715 1572 861 1602 advenisse
880 1575 967 1610 diem.

178 1608 294 1643 iussisse
311 1610 460 1646 discipulos
475 1612 581 1641 foveam
593 1615 694 1649 facere,
712 1618 738 1644 in
755 1627 836 1653 quam
849 1628 911 1648 curn
926 1608 966 1650 vi:

180 1660 232 1681 Vus
242 1655 410 1690 vestitusque
417 1657 615 1693 descendisset,
628 1661 776 1696 imperasse
790 1665 856 1697 illis.
867 1672 897 1694 ut
907 1667 968 1694 abi-

180 1704 243 1727 rent
259 1705 286 1727 et
299 1701 484 1735 sicjaccntem
496 1703 522 1730 in
540 1705 630 1738 fovea.
648 1707 850 1744 Dominamque
869 1719 968 1747 exspe-

180 1748 301 1771 ctantem
311 1746 514 1782 relinquerent;
527 1750 753 1786 obtemperarunt
764 1755 814 1787 illi,
824 1763 851 1783 et
858 1746 968 1792 postero

183 1788 228 1817 die
237 1791 350 1822 reversi.
361 1799 415 1818 non
427 1792 587 1822 invenerunt
599 1795 699 1830 ipsum.
707 1797 773 1831 Quis
781 1807 813 1827 ex
823 1788 873 1829 hac
883 1801 968 1830 histo-

179 1835 280 1883 rian-on
290 1836 431 1872 intelligat,
440 1845 496 1872 pro:
507 1840 639 1869 modestia
648 1842 699 1870 hoc
709 1842 967 1883 impetrasse-ipsum

181 1888 195 1905 a
209 1879 335 1914 Domino,
348 1890 383 1909 ne
404 1884 600 1918 praedicaretur
609 1887 688 1916 vivus
705 1889 731 1916 in
748 1879 847 1919 coelum
863 1879 966 1928 ra‘ptus.

179 1924 247 1952 Nam
262 1926 286 1953 si
301 1927 464 1956 moriturum
474 1930 585 1965 Iamiam
598 1940 626 1959 se
642 1937 840 1971 prmcognovit,
866 1924 916 1966 cur
931 1941 967 1968 ila

180 1972 261 1998 vivus
271 1973 374 2005 perfodi
387 1974 472 2002 voluit
481 1980 508 2003 et
516 1984 570 2004 non
578 1981 753 2014 exspectavit.
764 1990 863 2017 corpus
870 1993 966 2012 exsan-

179 2025 233 2052 gue
258 2018 285 2045 in
305 2020 430 2054 sepulcro
444 2021 553 2049 defodi?
564 2023 656 2051 Dicam
675 2033 768 2059 aperte
782 2029 855 2062 quod
867 2031 965 2059 sentio.

148 2088 154 2090 Ἴ
180 2063 238 2090 Nisi
252 2064 357 2092 ratione
370 2066 521 2101 modestiae,
535 2069 606 2096 sicut
619 2070 750 2104 diximus,
765 2072 864 2102 fecisse
877 2075 965 2118 i‘pSum

179 2110 378 2144 putaverimus,
388 2112 492 2144 puerile
503 2114 568 2148 quid
583 2110 731 2150 videbitur,
743 2117 783 2145 sic
789 2110 908 2147 voluis'se
918 2121 965 2149 de-

179 2156 247 2184 ludi.
257 2156 334 2190 Quod
346 2163 556 2194 autempostero
566 2160 612 2188 die
623 2168 677 2189 non
685 2162 737 2190 l'uit
750 2163 887 2197 inventus,
898 2175 965 2193 non-

179 2210 214 2230 ne
223 2203 362 2230 insolubili
372 2209 531 2239 argumento
542 2210 594 2239 est,
604 2205 694 2234 vivum
706 2204 835 2236 inde'alio
848 2201 964 2239 trahsla-
982 2202 1003 2228 θ

179 2253 248 2275 tum.
258 2248 295 2275 ita
307 2256 428 2282 prorsus.
438 2250 509 2283 Quas
519 2251 554 2279 ob
564 2259 617 2285 res,
627 2255 649 2280 si
667 2253 740 2280 nulla
751 2260 840 2289 potest
850 2256 965 2284 inveniri

180 2295 232 2321 alia
240 2303 321 2323 causa
338 2297 501 2331 evangelicis
515 2297 595 2331 digna
604 2301 792 2332 sacramentis.
802 2309 851 2329 cur
862 2303 895 2330 de
911 2304 965 2331 vita

181 2340 297 2368 Joannis
311 2347 338 2368 et
350 2347 436 2370 morte
453 2342 585 2371 Dominus
602 2345 647 2372 hic
664 2346 732 2373 dixit
754 2353 782 2374 et
799 2349 964 2384 evangelista

179 2386 305 2421 iteravit;
330 2387 353 2415 si
369 2393 490 2426 extrema
508 2394 632 2424 tempora
646 2391 762 2419 testibus
776 2394 907 2428 egebunt,
919 2397 965 2431 qui

178 2434 368 2461 testimonium
377 2434 433 2470 jam
453 2434 500 2462 diu
513 2436 622 2464 venisse
633 2436 774 2465 Christum
786 2440 963 2476 perllibeant;

177 2480 200 2506 si
217 2479 332 2514 apostoli
359 2480 478 2516 alicujus
491 2481 672 2511 excellentior
686 2487 728 2510 est
757 2484 809 2512 hac
826 2486 860 2513 de
873 2494 903 2514 re
918 2493 960 2514 te-

177 2525 307 2553 atiilcatio
317 2534 324 2558 ;
336 2526 359 2552 si
372 2533 469 2554 omnes
484 2527 623 2562 apostolos
631 2524 817 2559 'obdormiisse
833 2533 963 2568 martyrio

178 2576 297 2603 constat,
310 2571 429 2600 Joannes
437 2580 451 2600 a
461 2573 570 2601 nemine
581 2579 745 2610 conspectus
757 2577 892 2606 exanimis
902 2585 943 2606 est
956 2589 964 2612 ;

182 2617 206 2645 si
220 2623 351 2651 praeterea
368 2618 531 2646 afﬁrmative
546 2620 650 2648 dictum
663 2626 706 2649 est
720 2629 735 2649 a
755 2622 891 2651 Domino:
906 2624 968 2653 l’olo

178 2670 239 2690 eum
252 2672 360 2691 mouere
378 2666 460 2692 donec
475 2667 579 2694 ueniam
589 2688 597 2700 ,
625 2675 675 2695 nec
690 2667 724 2695 de
739 2670 848 2704 propria
871 2671 965 2699 condi-

180 2709 255 2736 tione
268 2710 320 2738 hoc
338 2715 412 2738 recte
434 2711 547 2747 intelligi
561 2718 668 2748 potest;
690 2714 711 2741 si
731 2722 827 2742 omnes
851 2718 966 2751 apostoli

181 2758 210 2778 et
223 2754 349 2789 discipuli
366 2756 474 2784 Domini
489 2757 571 2784 verba
588 2759 648 2794 ejus
660 2759 700 2786 sic
718 2758 924 2794 intellexerunt,
938 2767 966 2789 ut

220 2841 267 2869 ‘lI
281 2843 342 2871 Cor.
362 2854 408 2879 xu,
427 2849 450 2874 3.
491 2849 500 2864 ¹
515 2850 588 2884 Apoc
619 2858 643 2882 ς,
666 2849 707 2878 ll.

1019 1579 1089 1605 quos
1103 1571 1129 1597 in
1145 1571 1264 1598 medium
1277 1571 1446 1598 adducemus
1457 1579 1514 1598 non
1531 1578 1722 1603 occurrerunt.
1739 1580 1802 1599 cum

1018 1617 1180 1645 scriberent.
1194 1617 1268 1645 Nihil
1281 1617 1354 1644 enim
1375 1617 1520 1650 habemus,
1534 1619 1607 1653 quod
1622 1626 1675 1645 non
1693 1618 1801 1652 accepi-

1019 1671 1091 1695 mus.
1108 1669 1138 1690 et
1156 1663 1333 1700 Spiritusubi
1349 1664 1406 1690 vult
1420 1665 1517 1698 spirat.
1532 1664 1620 1698 Quare
1635 1665 1747 1692 stultum
1764 1669 1806 1695 est

1018 1710 1040 1738 si
1059 1710 1200 1744 accepisti.
1214 1710 1325 1744 gloriari
1343 1710 1420 1745 quasi
1439 1717 1494 1737 non
1514 1711 1664 1745 acceperis.
1680 1711 1733 1738 Sed
1748 1713 1802 1746 jam

1019 1757 1191 1791 Scripturam
1209 1755 1244 1783 de
1259 1764 1288 1782 re
1300 1756 1442 1791 proposita
1456 1756 1616 1791 loquentem
1646 1757 1801 1784 audiamus.

1053 1802 1104 1829 llic
1116 1801 1188 1828 idem
1202 1801 1322 1829 Joannes
1335 1801 1362 1828 in
1374 1802 1450 1829 calce
1479 1802 1542 1828 noui
1558 1802 1657 1837 capitis
1670 1802 1805 1838 Apocaly-

1018 1848 1075 1884 psis
1086 1847 1191 1875 dictum
1207 1847 1260 1874 sibi
1274 1854 1334 1875 esse
1351 1847 1466 1875 scribit:
1502 1846 1614 1882 Oportet
1645 1852 1671 1874 te
1705 1849 1802 1875 iterata

1018 1895 1174 1929 prophetare
1190 1893 1304 1928 populis,
1322 1893 1452 1928 gentibus.
1467 1893 1564 1928 linguis
1580 1898 1605 1920 et
1629 1894 1719 1921 multis
1733 1895 1810 1930 regi-~

1018 1941 1064 1967 bus
1078 1940 1102 1966 ‘.
1116 1939 1145 1966 Id
1163 1943 1239 1966 certe
1253 1946 1308 1966 non
1321 1943 1412 1973 potest
1426 1939 1461 1966 de
1485 1938 1636 1973 Evangelio
1649 1940 1715 1971 dici.
1741 1940 1803 1968 licet

1018 1990 1196 2020 posteaquam
1211 1984 1402 2019 Apocalypsis.
1419 1984 1551 2019 scripturn
1564 1985 1598 2011 ab
1613 1992 1646 2011 eo
1659 1985 1706 2012 sit.
1737 1984 1802 2012 Nam

1019 2039 1069 2058 ιιι-ε
1086 2030 1262 2065 Evangelium
1281 2029 1451 2064 prophetiam
1475 2029 1548 2057 ullus
1570 2037 1692 2064 unquam
1711 2030 1804 2064 appel-

1016 2077 1084 2104 labit
1096 2084 1147 2103 nec
1173 2075 1266 2103 multis
1282 2075 1415 2110 scriptum
1437 2080 1480 2103 est
1506 2076 1619 2111 linguis,
1639 2076 1687 2103 sed
1710 2076 1802 2104 Graece

1017 2122 1116 2149 solum.
1131 2120 1186 2147 Nec
1200 2120 1284 2148 refert
1295 2119 1318 2147 si
1338 2127 1386 2153 per
1415 2120 1618 2147 traductionem
1645 2121 1682 2148 ad
1702 2121 1801 2147 multas

1018 2167 1172 2202 pervenerit
1194 2166 1310 2200 linguas.
1321 2165 1520 2194 Traductioncs
1532 2166 1604 2193 enim
1617 2175 1670 2194 non
1682 2172 1804 2194 suutau-

1017 2218 1136 2246 ciorum,
1147 2212 1193 2239 sed
1204 2212 1409 2238 translatorum.
1420 2213 1479 2246 Ipse
1488 2217 1578 2239 autem
1590 2213 1802 2247 propltetalurus

1017 2259 1109 2286 multis
1122 2257 1241 2292 populis,
1256 2258 1394 2292 gentibus,
1408 2258 1519 2292 regibus
1529 2266 1577 2293 per
1591 2259 1691 2285 multas
1705 2259 1803 2286 dicitur

1017 2304 1135 2338 linguas.
1144 2302 1256 2329 Accedit
1266 2302 1338 2337 quod
1356 2301 1399 2328 his
1408 2301 1433 2329 ci
1445 2302 1525 2329 dictis
1532 2303 1674 2330 coniestim
1687 2303 1713 2330 in
1726 2304 1802 2331 initio

1017 2349 1128 2384 capituli
1146 2348 1247 2376 decimi
1273 2347 1375 2375 dicitur
1392 2347 1426 2375 de
1440 2348 1550 2376 duobus
1576 2349 1693 2376 testibus
1709 2349 1802 2377 Enocb

1017 2399 1045 2421 et
1060 2393 1129 2421 Elia.
1142 2393 1220 2421 Unde
1234 2397 1310 2428 patet
1321 2400 1374 2419 non
1392 2391 1474 2420 simul
1487 2393 1540 2421 sibi
1554 2393 1658 2422 dictum
1672 2394 1804 2422 divinitus

1018 2439 1103 2467 luisse
1115 2438 1149 2466 de
1164 2437 1251 2465 tribus
1266 2437 1394 2468 testibus.
1409 2437 1458 2465 sed
1475 2437 1585 2465 divisim
1602 2438 1630 2465 in
1646 2439 1722 2466 calce
1738 2438 1802 2466 noni

1018 2486 1052 2512 de
1067 2485 1158 2519 seipso
1174 2488 1202 2512 et
1221 2488 1343 2512 actutum
1363 2482 1390 2511 in
1413 2483 1520 2511 decimo
1536 2484 1569 2511 de
1588 2484 1711 2519 reliquis.
1741 2492 1802 2512 cum

1017 2531 1110 2559 omnia
1124 2531 1180 2558 sint
1191 2536 1255 2558 nota
1266 2529 1393 2561 Domino.
1409 2537 1460 2557 nec
1470 2530 1593 2558 honestis
1602 2531 1745 2558 hominum
1758 2531 1804 2559 de-Z

1017 2577 1127 2605 sideriis
1140 2585 1261 2612 unquam
1283 2576 1401 2609 resistat.
1419 2577 1465 2604 sed
1481 2584 1592 2611 semper
1611 2575 1728 2604 favendo
1742 2585 1803 2612 pro-

1019 2628 1150 2658 sequatur
1164 2630 1219 2649 non
1235 2621 1327 2649 minus
1337 2629 1419 2656 quam
1440 2622 1615 2657 praevenerit.
1629 2621 1804 2657 Prophetavil

1019 2668 1102 2703 igitur
1121 2667 1205 2695 semel
1220 2667 1254 2694 de
1271 2667 1403 2695 universo
1420 2671 1491 2694 statu
1506 2667 1636 2696 Ecclesiae
1650 2668 1802 2701 militantis,

1019 2715 1046 2741 in
1068 2713 1248 2750 Ap0calypsi;
1269 2714 1317 2741 sed
1336 2719 1444 2748 oportet
1470 2714 1559 2749 ipsum
1587 2715 1687 2742 iterum
1711 2715 1803 2742 multis

1018 2761 1120 2796 linguis
1134 2761 1298 2797 prophetare
1314 2761 1426 2795 regibus
1443 2760 1537 2788 multis
1549 2782 1556 2794 ,
1573 2761 1682 2796 populis
1698 2761 1801 2794 multis,
