1916 3057
113 161 165 195 881

502 133 553 194 IN‘
568 164 697 202 lLLUD,
717 170 728 188 4
745 163 803 194 SlC
823 163 921 195 VOLO
942 163 1024 195 EUM
1044 165 1218 202 MANERE,
1237 172 1246 189 ι
1270 166 1350 197 Ετε.

1687 165 1740 198 882

113 215 244 253 gentibus
258 215 363 244 multis.
376 216 465 249 Quare
479 218 503 245 si
539 217 719 254 Evangelium
752 219 898 254 prophetia

961 221 1052 249 nmmo
1070 230 1123 257 quo
1134 230 1181 257 ego
1195 221 1316 257 beptisor
1330 220 1537 256 ιαρεὶιεόὶηιόπὸ,
1554 220 1606 249 hoc
1616 227 1669 256 est,
1682 223 1739 258 Ego

113 271 170 291 non
184 267 237 295 est,
250 270 301 290 nec
315 263 337 290 si
354 268 438 296 esset,
454 264 548 292 multis
560 264 662 300 linguis
676 265 712 292 ab
724 265 783 299 ipso
796 264 901 292 editum

113 315 168 343 est,
187 317 238 337 nec
249 309 343 337 multis
358 310 416 344 ipse
434 310 593 345 praedicavit
608 312 747 346 gentibus,
766 311 814 339 sed
825 311 902 339 Grie-

113 356 171 389 cis;
190 363 240 383 nec
250 356 377 383 omnibus
395 356 507 389 Graecis,
525 358 572 384 sed
588 358 716 385 Asiaticis
731 358 818 385 solum
830 367 839 390 ;
851 365 903 385 nec

115 401 227 436 regibus
242 401 346 433 multis,
366 400 498 429 Romanis
511 403 584 429 cnim
602 403 665 430 Asia
683 409 749 431 tunc
778 403 903 436 subiecta

115 446 192 473 fuit:
211 442 389 480 perspicuum
405 451 447 473 est
475 452 544 474 ante
566 447 715 475 adventum
739 448 903 475 Antichriin

115 492 356 526 prophetaturutn,
373 492 483 526 quando
505 493 601 520 veniet
616 489 702 520 honio
719 493 830 529 iniquus
855 494 902 529 qui

115 538 264 573 praestigiis
280 538 338 566 suis
352 538 454 566 mullos
470 538 657 574 decipiet,qui
673 540 699 567 vi
713 548 823 575 quoque
843 545 902 568 nte-

117 588 163 611 tnr
179 583 310 617 adversus
326 583 430 617 ﬁdeles,
451 589 605 619 caeteraque
621 585 790 620 huiusmodi.
806 586 901 614 Enoch

116 633 146 657 et
162 629 234 657 Elias
255 630 308 656 hoc
337 630 465 658 similiter
480 630 593 658 facient.
608 631 818 666 Quapropterct
829 632 903 660 Scri-

117 679 201 709 ptura
218 683 272 702 non
287 679 422 708 mortuos,
440 678 488 705 scd
503 678 559 705 alio
580 682 672 712 raptos
688 678 715 704 in
731 686 847 713 corpore
862 677 905 705 di-

118 721 168 753 cit,
185 727 215 748 ut
229 721 323 749 fideles
339 722 414 750 illius
428 723 561 757 temporis
578 723 687 751 facilius
707 724 813 758 possint
841 731 904 751 cre-

118 765 196 798 dere.
212 766 274 794 illos
289 767 365 802 ipsos
384 774 445 794 esse
471 769 518 802 qui
543 768 680 796 divinitus
700 769 733 796 ad
752 770 905 804 praedican-

117 811 183 838 dum
197 816 226 839 et
245 812 474 847 prophetandurn.
490 821 552 841 cum
568 814 655 841 multo
671 813 776 849 fulgore
811 814 837 841 in
855 822 903 841 ex-

119 859 214 885 tremis
230 858 401 892 temporibus
418 859 552 887 reservati
567 859 689 887 fuerunt.
711 860 767 887 llac
784 861 842 895 ipsa
859 869 904 888 ra-

118 902 207 936 tione,
240 903 394 939 eademque
409 904 443 932 de
462 912 556 937 causa,
576 910 632 932 tum
666 913 715 940 per
735 906 907 940 esplauatum

119 947 260 983 Evangelii
295 948 411 983 locum,
446 955 503 977 tum
536 951 621 978 multo
654 952 840 986 expressius,
870 952 908 980 si‘

119 993 308 1030 gnificantius,
321 995 421 1024 clarius
432 1003 481 1030 per
493 996 697 1031 Apocalypsim.
712 996 827 1024 Joannis
840 1005 909 1031 quo—

120 1047 175 1074 que
186 1040 334 1068 reservatio
348 1041 489 1068 scribitur.
500 1041 556 1069 Nec
568 1042 621 1070 ista
631 1042 804 1074 suﬂ‘ecerint,
815 1042 862 1069 sed
875 1043 909 1070 ab

121 1085 297 1120 evangelistis
311 1084 436 1113 Matthaao
447 1091 476 1114 et
489 1079 581 1114 Marco
593 1087 714 1123 ipsorum
727 1087 845 1116 filiorum
858 1087 909 1115 Ze—

122 1129 210 1157 iiedtei
229 1131 393 1165 martyrium
415 1139 516 1167 magno
547 1132 689 1167 praeconio
708 1133 908 1162 conclamatur.

120 1176 189 1204 Nam
208 1184 268 1204 cum
287 1177 398 1212 utrique
413 1177 527 1210 fratres,
539 1179 710 1206 aestimantes
741 1179 769 1205 in
787 1179 837 1206 hac
855 1178 909 1206 vita

124 1231 237 1257 regnum
250 1223 353 1251 Christi
367 1223 505 1256 futurutn,
523 1225 716 1259 petiissentab
744 1233 777 1252 co
798 1231 827 1252 ut
840 1225 910 1253 alter

125 1269 151 1295 in
172 1268 274 1296 dextris
296 1270 356 1304 ejus
370 1270 439 1296 alter
454 1271 487 1297 in
515 1271 636 1298 sinistris
653 1270 805 1301 sederent.
827 1276 911 1305 atque

125 1313 157 1340 ad
191 1314 245 1341 hoc
273 1323 369 1349 preces
399 1316 482 1342 etiam
512 1324 569 1343 suat
599 1317 655 1352 (ut
679 1316 911 1351 evangelistarum

125 1359 258 1393 scriptum
274 1361 343 1387 alter
359 1359 471 1396 reliquit
487 1360 496 1396 )
514 1362 609 1389 matris
621 1362 824 1393 adhibuissent.
836 1363 912 1397 igne-

125 1412 186 1431 rare
204 1404 277 1439 ipsos
293 1404 359 1441 quid
380 1409 514 1440 peterent,
529 1407 646 1441 primum
661 1406 819 1439 audierunt,
834 1407 913 1434 de’n-

125 1449 159 1476 dc
176 1449 216 1476 sic
232 1450 390 1486 interrogati
411 1450 537 1478 fuerunt:
558 1451 672 1478 Potestis
694 1451 782 1478 bibere
803 1452 911 1478 culicem

125 1504 202 1530 quem
220 1505 266 1530 ego
277 1497 404 1524 bibilurus
421 1498 501 1524 sum!
526 1498 744 1533 responderunt:
757 1498 911 1525 Possumus.

955 275 1005 302 pro
1021 267 1100 295 vobis
1113 268 1277 302 caeterisque
1294 266 1454 295 hominibus
1468 268 1629 303 sanguinem
1646 276 1737 296 meum

953 310 1105 344 effundam.
1117 312 1164 339 sed
1179 319 1229 339 vos
1242 318 1352 347 qnoque
1368 319 1418 347 pro
1434 312 1552 340 veritate
1567 313 1741 347 prwdicatio~

953 356 998 383 nis
1013 361 1111 384 vestrae
1138 357 1301 392 sanguinem
1324 363 1446 386 vestrum
1470 358 1629 386 edundetis.
1662 359 1741 387 llunc

953 402 1068 430 calicem
1083 402 1309 439 baptismumque
1329 404 1512 439 sanguineum
1526 404 1646 432 Jacobus
1671 405 1740 439 qui-

952 446 1015 474 dem
1029 447 1084 483 jam
1101 446 1173 474 bibit
1188 451 1216 474 et
1245 447 1400 482 baptizatus
1417 453 1469 480 est,
1487 449 1522 476 ab
1539 448 1646 477 Herode
1664 450 1742 477 occi.

954 499 1022 525 sus;
1038 492 1158 520 Joannes
1183 500 1260 524 vero,
1281 493 1413 527 minime;
1429 494 1580 522 bibiturum
1594 503 1659 530 ergo
1679 496 1742 530 quis

953 543 1033 573 negat
1044 539 1055 564 Ῥ
1066 538 1194 566 Christus
1211 539 1284 566 enim
1299 539 1432 567 Dominus
1448 545 1543 568 noster
1566 541 1600 568 de
1616 541 1740 576 utrisque

954 584 1086 612 fratribus
1104 583 1174 611 dixit
1191 594 1197 612 :
1214 584 1332 612 Culicem
1352 586 1459 620 quidem
1479 595 1566 613 meum
1590 587 1690 619 biberis,
1718 591 1742 614 et

955 629 1084 663 baptismo
1102 636 1159 656 meo
1174 629 1383 664 baptizabimini,
1401 631 1453 657 hoc
1469 636 1522 663 est,
1537 630 1679 665 Sanguine
1695 638 1743 658 ve-
1775 626 1777 629 ’

955 679 1013 702 stro
1024 674 1103 702 infusi
1117 683 1165 709 pro
1175 675 1290 703 veritate
1301 676 1467 703 moriemini.
1481 677 1536 704 Nec
1550 677 1665 704 refertsi
1682 677 1744 711 quis

954 719 1038 751 dicat,
1056 720 1150 747 animo
1161 721 1235 747 illum
1252 725 1398 756 martyrem
1415 721 1510 748 fuisse.
1529 721 1588 748 Non
1604 721 1678 748 enim
1702 721 1745 748 dii

954 765 996 792 xit
1018 764 1164 798 Dominus,
1187 765 1308 792 Calicem
1346 766 1457 801 quidem
1479 773 1570 793 meum
1597 766 1702 798 bibere.
1717 770 1746 793 et

954 810 1090 845 baptismo
1099 818 1154 845 quo
1163 818 1214 846 ego
1221 811 1347 846 baptizor
1357 811 1489 846 baptizari
1500 813 1586 847 parati
1595 813 1685 846 eritis,
1695 811 1745 840 sed

958 864 1014 884 rem
1031 857 1117 890 ipsam
1128 861 1156 884 et
1170 856 1333 884 effusionem
1347 857 1487 892 sanguinis
1500 863 1594 891 aperte
1608 858 1746 885 afﬁrman-

959 903 1004 934 do,
1019 901 1116 930 Bibetis
1127 907 1155 930 et
1169 902 1381 938 baptizabimini,
1398 903 1499 938 inquit.
1517 903 1597 936 Quod
1614 904 1636 931 si
1653 904 1746 931 docto-

960 949 999 976 ris
1015 948 1131 984 alicujus
1146 950 1296 976 auctoritas
1312 949 1460 977 nonnullos
1472 949 1629 984 perturbat,
1650 950 1748 977 sciant

951 993 1090 1020 Joannem
1104 992 1344 1028 Chrysostomum,
1361 994 1441 1029 cujus
1453 994 1605 1021 auctoritas
1621 1001 1676 1021 non
1693 994 1746 1020 im-

961 1038 1062 1064 merito
1076 1045 1174 1074 magna
1189 1046 1299 1073 semper
1312 1038 1365 1066 fuit
1379 1044 1405 1065 et
1420 1042 1463 1066 est
1479 1038 1506 1065 in
1522 1037 1656 1070 Ecclesia,
1682 1045 1746 1065 cum

961 1083 1026 1112 illud
1047 1084 1166 1112 Matthm
1180 1089 1310 1119 exponat,
1328 1083 1446 1112 Calicem
1463 1083 1568 1118 quidem
1581 1092 1667 1110 meum
1675 1083 1748 1110 bibe-

961 1131 1006 1163 εἰς.
1024 1131 1067 1158 his
1084 1131 1175 1158 verbis
1194 1130 1251 1158 uti:
1269 1130 1362 1165 Magna
1377 1130 1455 1157 vobis
1476 1134 1550 1157 certe
1562 1130 1632 1156 bona
1649 1129 1749 1164 pradi-

962 1184 1007 1208 co,
1030 1176 1154 1212 martyrii
1177 1176 1250 1204 enim
1278 1183 1380 1204 corona
1415 1175 1559 1210 patiemini
1583 1181 1612 1202 et
1628 1175 1748 1202 violenta

963 1226 1062 1254 morte,
1079 1222 1151 1248 sicut
1163 1226 1190 1248 et
1204 1228 1265 1256 ego,
1281 1229 1295 1248 a
1324 1221 1378 1248 vita
1396 1220 1544 1247 decedetis.
1575 1220 1713 1247 Praeterea
1726 1220 1747 1246 si

962 1266 1058 1294 licebit
1075 1275 1134 1302 quae
1146 1266 1227 1301 plane
1243 1266 1385 1301 Scriptura
1400 1265 1532 1300 prmdicat
1547 1273 1600 1292 non
1619 1265 1691 1292 sicut
1706 1265 1749 1291 di-

963 1316 1064 1338 cuntur
1083 1311 1220 1346 accipere,
1235 1311 1282 1338 sed
1304 1311 1337 1338 ad
1355 1310 1475 1337 animant
1503 1314 1584 1344 atque
1618 1310 1750 1336 intentiu-

964 1365 1026 1384 nem
1043 1356 1158 1388 referre,
1176 1363 1271 1383 vereor
1287 1364 1321 1383 ne
1334 1355 1414 1382 facile
1431 1355 1560 1390 pleraque
1573 1355 1665 1382 omnia
1677 1362 1751 1381 com-

964 1407 1037 1431 mota
1051 1402 1203 1433 labescant,
1217 1401 1351 1429 labefacta
1368 1406 1460 1432 ruant,
1473 1401 1565 1428 diruta
1582 1401 1608 1426 in
1631 1400 1747 1427 nihilum

964 1450 1124 1485 redigantur
1141 1455 1170 1477 et
1179 1449 1351 1477 Antichristo
1372 1448 1540 1481 latissimam
1557 1448 1629 1475 viant
1647 1454 1751 1482 praapa-

966 1501 1027 1525 rent
1040 1501 1122 1531 atque
1138 1496 1274 1531 aperiant.

128 1541 159 1568 Et
177 1542 309 1570 Dominus
328 1544 362 1570 de
378 1543 530 1577 ambobus,
552 1544 668 1572 Calicem
695 1545 799 1580 quidem
825 1552 912 1571 meum
926 1550 950 1581 ο
1000 1541 1174 1570 Credendum
1189 1542 1273 1577 igitur
1287 1546 1340 1574 est,
1355 1540 1490 1570 Joannem
1503 1539 1595 1568 adhuc
1605 1539 1708 1572 vivere,
1724 1543 1752 1566 et

125 1587 217 1615 bibatis
234 1588 254 1616 '.
283 1588 401 1617 Calicem
432 1590 478 1618 hic
508 1598 589 1618 nemo
616 1590 734 1623 dubitat,
764 1590 912 1618 violentam

127 1639 255 1667 mortem,
277 1634 302 1662 id
320 1639 363 1663 est
381 1636 554 1671 mysterium,
573 1636 723 1671 appellari:
738 1635 796 1663 sive
812 1636 851 1663 sic
865 1635 914 1664 lu—

114 1675 248 1707 'd:eorutn
266 1680 360 1716 lingua
372 1686 400 1708 et
424 1681 575 1717 Scripturie
597 1682 798 1710 consuetudine
829 1681 915 1709 fuerit

116 1718 298 1759 usurpatum,
318 1727 377 1753 sive
392 1726 482 1758 aliter,
499 1727 569 1754 nihil
585 1727 678 1755 refert.
692 1727 738 1754 Sic
752 1727 913 1760 Mattheus;

128 1771 236 1798 Marcus
247 1774 337 1798 anteiit
354 1771 388 1799 ad
409 1772 466 1800 haec
481 1772 576 1799 addit:
590 1773 625 1799 Et
638 1773 772 1808 baptismo
801 1782 852 1808 quo
867 1781 915 1808 ego

127 1817 257 1852 baptizor,
272 1816 412 1852 baptizari.
426 1816 549 1852 Cumque
559 1817 599 1845 illi
614 1818 836 1852 respondissent:
851 1817 916 1845 Pos-

127 1871 228 1895 sumus,
243 1862 369 1890 similiter
385 1863 485 1891 infert:
501 1863 616 1891 Calicem
628 1864 733 1895 quidem
746 1871 832 1890 meum
848 1863 918 1891 bibe-

129 1910 161 1936 lia
177 1913 201 1935 et
213 1909 342 1944 baptismo
369 1917 420 1944 quo
442 1917 488 1945 ego
503 1910 632 1943 baptizor,
645 1909 855 1944 baptizabimini,
870 1909 917 1936 ba-

127 1955 259 1989 ptismum
270 1954 316 1982 hic
330 1954 494 1990 intelligens,
504 1953 665 1982 effusionem
676 1962 759 1989 super
773 1962 802 1981 se
810 1954 915 1989 proprii

129 1999 280 2034 sanguinis.
302 1999 365 2026 llzcc
379 2000 499 2027 Jacobus
516 2005 542 2027 et
559 1998 679 2027 Joannes
697 2007 750 2025 non
774 1998 917 2025 intellexe-

131 2048 204 2076 runt,
221 2044 310 2071 adhuc
327 2045 400 2072 enim
419 2049 538 2077 terrena,
555 2044 722 2079 piscaturam
741 2051 774 2071 ac
788 2044 855 2070 retia
872 2043 915 2070 ni-

131 2090 244 2122 mirum,
260 2090 396 2118 colebant.
419 2090 483 2117 ldco
499 2090 533 2117 de
563 2095 628 2124 potu
662 2094 690 2116 et
719 2089 752 2116 de
778 2088 916 2123 baptismo

130 2135 258 2170 aquatica
270 2135 323 2162 dici
334 2139 472 2170 putantes,
485 2135 560 2162 illico
569 2143 598 2162 se
610 2142 689 2170 posse
701 2134 914 2169 responderunt.

130 2180 165 2207 Et
178 2180 323 2207 Dominus:
339 2180 455 2208 Calicem
467 2180 571 2216 quidem
588 2189 672 2219 meum
688 2180 780 2208 bibetis
808 2185 832 2208 et
867 2182 914 2207 ba-

168 2259 177 2276 ¹
193 2259 290 2288 Matth.
302 2260 402 2293 “,22.

966 1589 993 1616 in
1009 1588 1140 1616 extremis
1153 1588 1324 1623 temporibus
1338 1587 1471 1623 martyrio
1502 1587 1685 1615 moriturum;
1701 1592 1753 1612 nec

966 1634 1132 1662 credendum
1165 1634 1267 1666 solum,
1303 1641 1399 1660 verum
1430 1633 1512 1660 ctiam
1537 1631 1752 1666 praedicandum.

966 1678 1168 1713 Scripturaruiu
1178 1679 1253 1706 enim
1268 1682 1438 1706 sacramenta
1454 1677 1501 1712 qui
1513 1678 1667 1704 taciturnus
1684 1677 1750 1702 reti-

966 1731 1023 1759 net,
1041 1733 1095 1754 nou
1107 1725 1205 1754 evadet
1219 1724 1343 1760 impune,
1361 1724 1514 1758 preesertim
1527 1722 1554 1749 id
1574 1721 1648 1757 quod
1676 1726 1705 1749 et
1721 1721 1750 1748 ia

966 1772 1080 1800 dubium
1094 1771 1167 1807 apud
1179 1778 1276 1799 omnes
1288 1769 1379 1797 dicam
1395 1770 1486 1797 adhuc
1501 1768 1629 1796 vertitur.
1644 1767 1678 1795 Et
1697 1767 1753 1794 nisi

966 1819 1092 1854 perutilis
1107 1818 1200 1846 futura
1208 1822 1283 1845 esset
1299 1816 1466 1844 Christianis
1481 1815 1565 1850 hujus
1582 1813 1753 1849 praedicatio,

967 1871 1022 1890 non
1036 1863 1164 1897 equidem
1189 1868 1262 1890 tanta
1280 1870 1345 1890 cura
1374 1860 1538 1890 crediderim
1565 1859 1754 1892 conscriptum

968 1907 1062 1935 fuisse.
1075 1908 1216 1942 Scriptum
1231 1913 1275 1934 est
1289 1915 1355 1942 ergo
1372 1911 1402 1934 ut
1414 1911 1442 1934 el.
1468 1905 1590 1932 sciamus
1613 1909 1641 1930 et
1658 1904 1755 1938 pracdi-

967 1959 1061 1979 cemns
1074 1952 1245 1986 posterisque
1257 1957 1387 1979 constans
1401 1957 1429 1979 et
1440 1951 1548 1977 ﬁrmum
1564 1949 1756 1984 relinquamus

967 1997 1042 2032 quod
1058 2001 1087 2024 et
1105 1997 1236 2025 Dominus
1244 2001 1272 2024 et
1282 2004 1330 2031 per
1342 1995 1491 2031 Evangelia
1506 2000 1534 2022 et
1551 2001 1600 2029 per
1614 1993 1749 2029 Apocaly-

967 2044 1037 2078 psint
1053 2043 1135 2071 nobis
1147 2042 1274 2074 tradidit,
1292 2041 1508 2075 commendavit,
1524 2045 1554 2068 ut
1577 2040 1629 2067 hac
1643 2047 1755 2074 quoque

969 2087 1120 2124 Scriptura:
1145 2088 1353 2123 prmmonitione
1376 2091 1459 2122 atque
1486 2086 1610 2113 doctrina
1640 2085 1683 2112 vel
1699 2091 1756 2111 mo-

968 2139 1087 2162 neantur
1098 2138 1126 2162 et
1139 2134 1220 2162 fidem
1232 2138 1341 2161 servent
1354 2133 1439 2160 futuri
1452 2131 1582 2166 temporis
1591 2130 1755 2157 Antichristi

969 2180 1064 2209 ﬁdeles
1073 2201 1081 2214 ,
1094 2181 1137 2208 vel
1149 2180 1347 2208 incxcusabiles
1356 2180 1477 2214 undique
1488 2177 1553 2207 iacti
1562 2176 1758 2206 conticescant.
