1916 3057
758 132 923 164 GEORGII
939 132 1203 165 TRAPEZUNTH

1746 133 1802 170 885

166 213 1789 225 Μ

427 295 794 341 MAR'I‘YBIUM
835 297 1180 342 BEATISSIMI
1220 298 1532 345 MARTYBIS

559 405 689 483 AN
693 407 978 484 DREZE
1017 408 1145 484 DE
1196 408 1424 486 CHIO

243 543 310 581 QUI
337 532 719 575 CONSTANTINOPOLI
742 543 862 580 OBllT,
893 544 1004 575 ANNO
1023 543 1146 575 PRIMO
1163 544 1276 576 PAULI
1301 545 1328 575 ΙΙ
1351 547 1484 579 SUMMI
1507 549 1736 596 PONTIFICIS

480 631 506 661 Α
530 629 723 662 GEORGIO
747 629 1049 662 TRAPEZUNTIO
1071 631 1234 664 LATINE
1251 632 1478 665 SCRIPTUM.

798 703 869 734 (Acta
881 706 1021 729 sanctorum
1040 703 1071 728 29
1087 704 1168 735 Bait.)

197 856 219 884 l.
241 854 421 890 Quandojam
436 855 556 883 triennio
566 862 581 883 e
593 853 672 882 Creta
684 853 952 888 Constantinopolim
967 855 990 884 Α
1005 852 1157 885 adhaerere,
1176 857 1207 881 ut
1222 853 1359 882 bellorum
1377 854 1487 883 labores
1509 855 1624 883 subeam
1642 877 1650 889 ,
1666 857 1795 892 pericula

164 904 335 938 navigassem
349 922 356 933 .
381 903 537 929 universam
563 902 636 929 illam
656 901 753 928 urbem
769 908 831 928 Cllm
857 900 952 928 Galata

130 938 135 945 ’
163 948 245 975 simul
261 948 288 975 in
304 947 489 974 admiratione
503 951 585 982 atque
597 945 700 981 gaudio
715 946 806 981 reperi
824 954 877 973 non
890 954 953 980 par-

164 1003 209 1024 vo,
227 999 340 1030 propter
359 994 499 1029 singulare
515 997 543 1021 et
558 993 712 1020 inauditum
740 993 835 1020 multis
849 997 953 1027 tempo-

164 1042 241 1069 ribus
258 1041 374 1069 Andrete
386 1041 419 1068 de
432 1040 513 1073 Chio,
527 1048 576 1074 pro
590 1040 654 1068 Jesu
667 1040 770 1083 ChrisLi
783 1040 954 1074 professione

165 1088 337 1123 martyrium.
357 1086 420 1114 Fuit
431 1087 504 1114 enim
519 1087 599 1122 paulo
615 1093 678 1114 ante
692 1086 953 1114 tuirabili'constatt-

165 1134 200 1159 tia
227 1141 276 1166 per
296 1132 411 1166 gratiam
435 1132 481 1158 Dei
514 1137 631 1166 gestum.
661 1132 727 1159 Nam
762 1139 812 1167 ego
842 1132 953 1167 quidem

164 1185 259 1204 mense
281 1177 429 1204 Novembri
451 1178 591 1212 applicui,
609 1186 680 1204 attno
705 1178 740 1204 ab
763 1177 954 1204 incarnatione

165 1223 272 1250 Domini
291 1223 370 1251 1465.
395 1223 519 1250 Andreas
536 1231 601 1250 vero
622 1227 726 1258 martyr
740 1223 842 1250 Christi
858 1223 956 1257 ιιι*ωοί-

163 1278 235 1304 pttus
256 1269 291 1296 29
305 1269 349 1296 die
371 1270 473 1296 mensis
494 1269 567 1301 lllaii,
589 1269 712 1301 ejusdem
736 1269 800 1296 anui
819 1277 953 1297 coronam

166 1315 292 1350 wartyrii
308 1315 500 1343 misericordia
514 1315 616 1343 Christi
633 1321 810 1347 consecutus,
826 1315 852 1342 in
869 1316 955 1343 oculos

164 1361 332 1388 :tscettditad
350 1369 411 1388 eum
440 1369 488 1395 pro
517 1369 573 1395 quo
594 1361 694 1388 multos
711 1361 849 1388 cruciatus
873 1361 956 1388 susti-

166 1405 237 1432 nuit.
261 1405 362 1432 Verum
383 1406 455 1440 quod
478 1407 672 1434 admirabilius
693 1407 744 1434 rite
768 1407 954 1435 consideranti

164 1450 317 1484 videbitur,
331 1451 396 1478 illttd
419 1456 471 1483 est,
492 1452 566 1486 quod
588 1452 641 1479 nisi
663 1452 779 1479 Androm
793 1453 954 1488 martyrium

167 1497 301 1524 divinitus
336 1497 504 1525 destinatum
545 1498 638 1525 divina
671 1500 757 1533 gratia
788 1498 976 1533 Christianis,

166 1548 246 1575 opem
269 1542 387 1573 tulisset,
407 1547 432 1569 et
448 1543 557 1570 anintos
576 1550 673 1570 eorunt
696 1543 840 1576 tirntasset,
857 1551 954 1577 magna

166 1586 192 1612 itt
207 1594 255 1613 eos
270 1586 360 1614 clades
376 1595 408 1614 ac
421 1595 545 1614 aerumna
571 1588 671 1623 ingens
689 1588 723 1615 ab
744 1588 857 1615 inimico
874 1596 957 1623 gene—

167 1632 204 1659 ris
220 1633 345 1664 ltnntani,
365 1635 491 1669 procellae
507 1635 534 1661 in
553 1643 655 1662 ntoretn
673 1635 878 1662 fttissetell‘usa.
892 1634 957 1668 Qui-

166 1678 227 1705 dam
244 1680 317 1706 enim
330 1699 336 1710 ,
355 1688 436 1714 quem
454 1681 569 1708 honoris
592 1690 673 1708 causa
693 1689 746 1708 non
762 1682 875 1708 nomino
889 1682 907 1714 ‘,
924 1689 956 1708 ex

167 1723 370 1757 Trapezuntitta
401 1731 479 1752 orttts
504 1727 592 1758 urbe,
624 1727 867 1762 peripateticorum
896 1726 958 1761 piti-

167 1770 298 1804 l050pltiae
313 1770 466 1804 professor,
476 1772 533 1799 sive
546 1780 594 1799 sua
608 1777 717 1806 sponte,
732 1777 763 1799 ut
776 1772 853 1799 multi
868 1773 956 1805 aiunt,
970 1766 977 1769 ’

167 1817 225 1843 sive
240 1816 383 1848 impulsus,
402 1817 496 1844 nescio
512 1839 519 1850 ,
542 1826 592 1845 nec
606 1838 613 1849 ,
629 1818 651 1845 si
669 1815 765 1849 sciam,
786 1818 880 1845 dicere
908 1826 957 1845 au-

167 1862 234 1894 sint,
256 1870 366 1889 erucem
395 1863 502 1890 Domini
534 1864 645 1899 negavit
668 1869 695 1891 et
721 1863 879 1892 Maltutneto
907 1863 965 1891 ad!

168 1907 257 1934 haesit.

205 1955 226 1982 ll
258 1954 348 1988 Quare
371 1953 524 1982 Turcarnm
544 1963 592 1983 rex
610 1956 719 1989 elatus,
749 1956 837 1984 virum
862 1965 958 1992 quent-

172 2003 247 2036 dam,
262 2002 341 2037 cujus
359 2010 459 2029 nomen
483 2011 526 2030 me
545 2003 623 2038 fugit,
641 2005 786 2039 ipsuntque
800 2004 959 2040 Trapezun-

170 2050 238 2077 tittm
258 2050 363 2076 militiae
380 2049 579 2084 peritissimum
596 2051 622 2077 itt
650 2059 791 2078 carcerem
814 2053 956 2087 conjecit:

170 2097 283 2131 dignum
299 2101 385 2126 rattts,
403 2101 430 2122 nl
448 2090 642 2130 philosophum
654 2098 798 2125 eoncivcm
810 2106 890 2125 suum
911 2107 957 2126 vo-

169 2142 230 2169 Irus
260 2142 390 2168 uolensve
418 2141 593 2175 imitaretur;
634 2143 765 2178 cupiebat
796 2144 869 2172 enim
897 2145 957 2180 ejus

1007 907 1103 934 magna
1121 907 1170 933 pro
1193 900 1361 935 imperatore
1379 901 1489 929 mortali
1512 902 1674 937 suscipiam.
1692 903 1801 938 gladius

1005 945 1032 972 in
1048 945 1220 973 Christianos
1233 946 1408 974 Christianus
1426 948 1485 982 ipse
1507 952 1588 975 natus
1612 948 1802 984 distringam?

1004 996 1032 1019 et
1043 991 1162 1026 deuiqtte
1175 992 1202 1019 itt
1219 996 1336 1019 mortem
1355 1000 1446 1027 ruere,
1462 1001 1544 1028 quam
1558 994 1715 1029 fugiendam
1731 1004 1800 1022 cen-

1005 1038 1060 1065 suit
1077 1038 1268 1073 pltilosophus,
1281 1042 1312 1065 ut
1326 1038 1354 1066 in
1369 1043 1501 1066 teteruam
1525 1047 1556 1067 ac
1571 1047 1663 1068 veram
1679 1046 1799 1069 ntortem

1006 1083 1112 1110 deferat
1129 1083 1274 1118 prteceps?
1291 1083 1354 1111 Haec
1373 1084 1427 1112 ille.

1040 1129 1086 1156 ill.
1111 1127 1211 1158 Verum
1239 1130 1306 1157 dum
1334 1131 1392 1158 haec
1420 1130 1660 1166 Constantinopoli
1688 1132 1799 1168 fierent,

1005 1177 1132 1205 Andreas
1154 1177 1281 1205 febribus
1306 1179 1429 1213 graviter
1453 1178 1596 1205 laborabat
1615 1178 1799 1213 coelibemque

1006 1231 1035 1251 se
1064 1228 1199 1258 perpetuo
1228 1223 1288 1251 fore
1316 1224 1427 1259 Regina:
1456 1224 1656 1251 misericordire
1692 1225 1798 1259 Virgini

1006 1268 1092 1302 vovit,
1109 1269 1131 1296 si
1154 1268 1293 1296 evaderet.
1316 1268 1426 1296 Scdatis
1451 1268 1527 1296 illico
1550 1269 1685 1302 febribus,
1715 1269 1800 1304 paulo

1006 1318 1069 1349 post
1090 1314 1166 1349 quasi
1178 1322 1211 1342 ex
1225 1319 1314 1342 morte
1331 1315 1466 1348 surrexit,
1477 1319 1506 1343 et
1520 1315 1593 1343 albis
1607 1323 1636 1343 se
1649 1317 1800 1344 vestimen-

1007 1360 1041 1387 tis
1067 1360 1177 1394 induit,
1201 1366 1231 1389 ut
1256 1362 1363 1389 scilicet
1384 1370 1526 1397 nunquam
1551 1362 1675 1390 oblivisci
1704 1367 1800 1398 posset

1008 1406 1172 1433 munditiem
1187 1407 1323 1442 corporis,
1337 1415 1418 1443 qttam
1433 1407 1575 1435 Creatoris
1590 1407 1691 1435 obtulit
1707 1407 1798 1434 Matri.

1007 1451 1276 1488 Constantinopolim
1292 1453 1393 1481 deinde
1415 1454 1505 1489 petiit,
1528 1462 1581 1480 nott
1598 1459 1628 1480 ut
1651 1458 1799 1484 mercator.

1009 1502 1056 1525 aut
1072 1506 1157 1532 vagus
1173 1499 1286 1534 quidam
1310 1507 1472 1535 magnarum
1488 1499 1600 1526 urbitttu
1619 1499 1798 1526 visendarum

1009 1543 1176 1579 cupiditate;
1192 1553 1299 1572 suutma
1316 1546 1391 1572 enim
1409 1545 1436 1572 in
1459 1546 1561 1582 juvene
1586 1545 1681 1578 viginti
1703 1550 1731 1572 ct
1756 1553 1800 1572 Se-

1010 1594 1083 1625 ptem
1096 1598 1232 1618 anttorum
1246 1591 1366 1626 gravitas
1378 1595 1460 1625 atque
1477 1591 1631 1617 constantia
1645 1590 1777 1617 illucebat
1791 1599 1798 1616 :

1009 1643 1073 1662 raro
1099 1635 1162 1670 quis
1190 1636 1272 1663 inatte
1289 1636 1404 1663 verbum
1430 1637 1465 1663 ab
1482 1643 1528 1663 ore
1547 1636 1635 1671 ipsius
1662 1635 1800 1663 excidisse

1009 1682 1133 1714 audivit;
1148 1689 1163 1708 a
1175 1682 1238 1717 joco
1252 1683 1324 1710 enim
1342 1682 1452 1717 penitus
1469 1688 1529 1710 erat
1547 1682 1665 1709 alienus.
1681 1681 1737 1709 Cttr
1754 1681 1801 1716 igi-

1010 1733 1055 1755 tur
1068 1729 1137 1756 ivit?
1153 1729 1174 1756 A
1198 1729 1284 1764 gratia
1304 1729 1363 1762 Dei,
1380 1733 1410 1756 ut
1430 1737 1481 1764 ego
1495 1729 1627 1760 arbitror,
1645 1729 1678 1755 ad
1695 1734 1800 1763 tnarty-

1010 1773 1082 1801 rium
1096 1775 1259 1807 vocabatur,
1275 1780 1304 1801 ut
1320 1775 1377 1809 ipse
1396 1775 1422 1801 in
1439 1774 1516 1802 cmlis
1530 1774 1642 1801 Christo
1660 1782 1722 1801 cum
1738 1774 1799 1800 aliis

1011 1820 1180 1857 martyribus
1195 1821 1349 1852 assisteret,
1365 1825 1393 1847 et
1415 1820 1546 1848 omnibus
1570 1820 1734 1855 prodesset,
1753 1820 1798 1855 qui

1011 1866 1171 1902 philosophi
1188 1866 1246 1893 sive
1263 1865 1386 1899 levitate,
1411 1866 1470 1893 sive
1487 1871 1593 1893 terrore
1607 1865 1716 1892 fuerant
1734 1873 1800 1892 eun-

1012 1912 1128 1940 turbati.
1148 1912 1247 1939 Statim
1260 1919 1322 1939 enm
1338 1911 1365 1938 iit
1383 1912 1479 1939 urbem
1493 1911 1636 1947 applicuit,
1653 1917 1799 1939 accusatus

1009 1957 1072 1990 fuit,
1100 1958 1174 1992 quod
1190 1965 1253 1985 cum
1274 1957 1440 1985 Christianis
1456 1962 1672 1984 eouversaretur
1684 1977 1692 1989 ,
1710 1957 1798 1983 eccle-

1010 2005 1120 2040 siasque
1137 2005 1254 2038 viseret,
1269 2005 1349 2040 quasi
1361 2004 1539 2032 Christianus
1556 2012 1665 2031 sumnta
1681 2012 1743 2030 cum
1763 2011 1800 2030 re

1009 2052 1111 2087 ligione
1125 2059 1157 2079 ae
1171 2051 1319 2079 devotione
1334 2050 1429 2082 homo,
1442 2050 1488 2086 qui
1504 2057 1615 2077 erucem
1629 2049 1799 2076 Alexandrite

1010 2098 1121 2132 negavit
1134 2118 1140 2130 ,
1159 2097 1351 2130 concttlcavit,
1372 2097 1462 2131 sputis
1488 2095 1602 2124 foedavit
1617 2116 1625 2128 ,
1644 2101 1671 2124 et
1688 2095 1799 2122 dentum

1010 2145 1037 2172 itt
1054 2149 1178 2172 stercora
1194 2143 1324 2179 projecit.
1340 2143 1411 2174 ,llmc
1430 2147 1599 2170 mercatores
1616 2142 1736 2177 Egyptii,
1752 2142 1809 2177 qui

167 2195 250 2222 opera
271 2188 311 2215 uti
329 2188 355 2214 in
380 2195 410 2214 re
429 2187 552 2215 militari.
580 2188 704 2223 Cumque
721 2188 879 2217 Christiano
903 2199 957 2218 non
973 2198 993 2227 ς,
1011 2195 1076 2218 tunc
1093 2191 1120 2217 in
1148 2190 1217 2218 urbe
1233 2190 1361 2222 aderant,
1380 2189 1413 2217 ad
1430 2190 1552 2225 judicent
1572 2189 1744 2219 detulerunt.
1760 2196 1801 2215 se-

169 2234 331 2265 conlideret,
355 2233 388 2260 ad
407 2233 593 2260 Maltuntetttm
617 2235 757 2262 intrudere
772 2235 909 2270 cupiebat.
923 2237 958 2263 At

171 2281 216 2308 ille
231 2280 325 2309 animo
342 2285 445 2315 martyr
463 2290 470 2308 :
490 2281 688 2316 Philosophus,
705 2282 826 2312 dicebat.
845 2283 871 2309 itt
888 2283 957 2310 deli-

169 2327 219 2354 ciis
237 2326 387 2359 educatus,
407 2327 512 2362 majore
525 2335 574 2362 spe
591 2327 711 2361 ipsarum
727 2327 830 2355 Christi
847 2336 958 2356 crucettt

170 2373 298 2408 negavit;
326 2380 377 2407 ego
406 2378 516 2405 autent,
546 2373 592 2407 qtti
618 2380 669 2408 pro
699 2374 959 2406 imperatore-tneo

171 2419 281 2446 mortali
296 2423 336 2446 tot
359 2423 505 2453 tantosque
528 2419 649 2450 labores.
673 2427 735 2447 cum
752 2421 862 2455 Scythis
888 2421 960 2449 bella

169 2472 268 2499 gerens
286 2463 346 2496 tttli,
371 2464 544 2499 vulneraque
570 2463 666 2497 excepi
682 2463 784 2498 (dixit,
810 2469 838 2491 ct
864 2470 959 2499 aperto

171 2515 292 2544 pectore,
311 2510 458 2537 cicatrices
472 2509 647 2543 ostendebat)
661 2518 709 2544 pro
726 2510 893 2545 imperatore
906 2519 961 2538 coe-

171 2557 230 2584 lesti
246 2562 361 2584 mortent
372 2556 492 2584 timebo?
506 2556 584 2584 Absit
596 2564 610 2583 a
622 2564 665 2583 tne
679 2561 752 2583 tanta
768 2557 884 2584 insania.
896 2558 961 2591 Quae

170 2611 248 2631 ntens
263 2609 393 2638 praeterea
410 2607 486 2631 esset
497 2609 569 2634 mea,
585 2603 626 2629 vel
642 2602 746 2637 potius,
758 2610 820 2637 qua
830 2603 959 2636 stultitia,

169 2650 312 2678 veritatem
326 2650 432 2677 doloris
449 2649 571 2684 fugiendi
589 2656 671 2676 causa
689 2649 818 2684 prodere,
832 2657 864 2676 ae
878 2655 960 2677 aeter-

170 2705 205 2725 na
230 2697 408 2731 caelestiaque
436 2703 520 2731 regna
546 2694 716 2730 repudiare,
744 2695 958 2730 Mahumetoque

205 2790 215 2800 ⁹
237 2791 339 2819 Alludit
362 2791 394 2819 ad
414 2793 578 2827 Amyrtttzen
598 2790 813 2826 Trapezuntium
833 2791 955 2826 philoso-

171 2825 315 2865 plrttnrqtti
333 2835 364 2854 ex
375 2825 537 2865 Christiano
554 2829 695 2865 Agarenus
713 2828 805 2854 factus
819 2831 874 2865 est:
888 2827 954 2861 Ejus

171 2861 326 2893 epistolam,
349 2863 381 2889 ad
402 2861 592 2890 Bussariottem
610 2862 755 2894 directam,
771 2870 826 2898 qua
851 2861 955 2897 Trape<

1010 2244 1063 2271 que
1080 2236 1153 2270 ipsos
1177 2236 1281 2263 vidisse
1297 2243 1360 2263 eum
1384 2240 1530 2269 negantem
1543 2254 1551 2267 ,
1568 2233 1800 2267 confitentemque

1010 2283 1083 2317 quod
1114 2282 1273 2309 Maltumeto
1309 2282 1486 2313 adhaereret,
1516 2280 1658 2308 attdivisse
1689 2284 1800 2306 attesta-

1012 2329 1122 2356 bantur.

1049 2374 1096 2400 iV.
1118 2373 1251 2400 Trahitur
1274 2374 1301 2400 in
1329 2372 1465 2408 judicium
1495 2371 1620 2399 Andreas
1652 2370 1776 2404 iniquum
1792 2391 1798 2400 ,

1011 2419 1244 2454 aecusationeqtte
1263 2419 1378 2446 recitata
1391 2438 1398 2451 ,
1419 2424 1559 2451 nunquam
1577 2423 1606 2443 se
1623 2423 1638 2442 a
1655 2415 1736 2447 Citio,
1755 2415 1799 2441 ubi

1013 2469 1109 2496 italus,
1127 2465 1317 2499 educatusque
1331 2464 1394 2496 fuit,
1410 2463 1463 2490 nisi
1481 2468 1546 2490 tunc
1563 2463 1713 2489 rccessisse
1730 2461 1801 2489 affir-

1015 2511 1117 2542 mabat,
1135 2511 1217 2545 idque
1241 2510 1336 2537 utultis
1355 2509 1474 2537 testibus
1492 2508 1675 2544 approbabat,
1692 2508 1801 2535 univer-

1011 2564 1126 2590 sumque
1141 2556 1202 2584 Cltii
1222 2556 1362 2583 civitatem
1383 2555 1435 2582 huc
1448 2555 1536 2589 ipsunt
1553 2554 1624 2581 seire
1638 2554 1740 2581 aiebat.
1757 2554 1801 2582 Ju-

1011 2601 1063 2629 dcx
1077 2601 1186 2636 iniquus
1195 2601 1244 2629 hac
1257 2602 1284 2628 itt
1298 2610 1325 2628 re
1337 2609 1390 2628 nott
1401 2608 1461 2639 esse
1470 2599 1623 2626 audiendos
1630 2599 1801 2627 Cltristianos

1013 2648 1154 2675 censebat.
1181 2647 1259 2675 Tunc
1284 2647 1507 2675 Christianorum
1540 2645 1708 2679 tuuititudo,
1741 2654 1800 2681 qtae

1014 2696 1180 2724 circumfusa
1198 2697 1300 2729 stabat,
1319 2696 1359 2728 Si,
1378 2693 1492 2730 inquit,
1514 2692 1739 2720 Christianorum
1766 2698 1801 2720 te-

1008 2795 1119 2817 zuntcttt
1135 2799 1149 2818 a
1170 2790 1269 2818 Turcis
1290 2792 1475 2825 expugnatam
1499 2787 1640 2821 describit.
1655 2786 1797 2816 edidimus

1009 2833 1104 2860 supra,
1121 2827 1173 2854 col.
1197 2827 1258 2854 725.
1280 2826 1357 2854 Eon.
