1916 3057
84 164 146 197 885

567 162 801 198 MARTYRIUM
821 167 850 198 S.
873 167 1036 199 ANDRExE
1059 169 1112 199 DE
1130 169 1230 200 ClllO‘.

1658 159 1718 196 885

83 222 251 249 alimonium
278 223 304 250 in
332 223 490 259 huiusmodi
516 231 600 252 causa
621 224 795 252 refutandutn
819 229 874 255 est,
890 226 910 253 Α
926 226 961 253 sit
977 228 1182 260 przeponcuda?
1201 229 1294 259 Erras.
1311 227 1362 261 ipsi
1377 225 1542 261 respondent
1556 232 1563 252 ε
1579 232 1642 252 nam
1659 231 1715 251 n09

84 267 348 296 Mabuntetistarum
372 278 482 304 quoque
508 271 638 297 similiter
662 278 716 296 nott
740 270 872 304 recipien-

85 315 167 342 dum.
182 314 250 342 Nam
266 316 339 343 sicut
356 323 406 343 nos
423 316 611 343 Christianum
631 315 699 342 falso
716 321 876 342 accusmunt

85 361 165 396 juste
178 361 361 395 defendimus,
379 362 419 389 sic
445 362 644 389 Mahumetistae
672 361 877 389 accusationem

89 414 206 433 suorum
225 414 315 434 veram
331 415 390 434 esse
412 407 593 434 contendunt.
608 407 699 440 Quare
712 407 879 441 praetermis-

87 452 129 479 sis
144 452 271 479 ‘testibtts
286 473 293 484 ,
322 461 366 480 res
384 453 441 487 ipsa
465 453 610 488 quaerenda
631 459 681 480 est.
709 453 768 480 Non
798 452 878 479 aliter

89 497 197 530 igitur,
217 505 299 531 quam
319 497 404 525 Judaei
430 498 584 525 secundutn
616 497 762 524 Mosaicam
790 497 877 531 legem

88 543 258 570 circumcidi
283 550 348 570 suos
367 543 500 581 propheta
523 549 615 570 vester
629 543 732 578 jussit:
749 549 835 576 quare
855 541 878 568 si

88 587 222 622 genitalia
248 588 331 621 hujus
358 588 480 615 membra
509 588 593 615 simili
618 592 681 615 nota
707 587 771 615 lwsa
796 591 878 617 sunt,

91 638 182 660 tnorte
203 633 264 668 jure
288 634 440 668 plectetur;
461 634 503 660 sin
530 634 655 665 minime,
682 641 743 660 cutn
762 633 819 668 ipsa
849 639 881 659 re

89 685 177 705 causa
197 677 400 705 determinetur
413 685 474 710 sua,
488 683 514 705 et
527 678 568 705 nil
585 677 774 712 ambiguitatis
790 676 880 703 homi-

90 731 159 750 num
183 723 285 750 animis
309 723 474 751 remanebit.
499 724 640 758 Spoliatur
669 724 775 751 interea
801 723 881 750 miles

90 769 216 801 Christi,
233 769 378 803 nudusque
396 777 411 796 a
426 773 500 797 tanta
525 769 702 797 multitudine
725 769 878 804 aspicitur:

91 815 200 842 nullum
223 814 302 842 ineo
322 814 453 842 indicium
466 834 474 846 ,
495 815 571 842 nulla
588 815 809 842 circnmcisionis
824 821 881 841 ma-

88 861 168 893 cula,
185 860 292 888 nullum
316 860 573 888 Mahnntetistarnm
589 865 702 900 apparet
719 859 880 894 vestigium.

91 907 255 934 Exclamant
273 915 306 934 ex
319 907 413 934 latitia
429 906 594 937 Christiani.
606 905 818 937 confunduntur
831 904 880 931 ad-

90 953 209 980 versarii
224 973 231 984 ,
247 958 275 980 et
294 952 358 979 victi
374 952 484 986 penittts
501 956 717 987 prosternuntur
730 960 737 978 :
752 951 806 979 nisi
820 951 880 977 dia-

92 1001 185 1027 bolico
203 1004 264 1027 astu
285 999 391 1034 adjttti,
423 999 618 1032 exposuissent
651 997 737 1025 moris
764 1005 825 1024 esse
853 997 880 1024 in

92 1046 223 1081 IEgypto,
243 1046 368 1072 minoris.
379 1045 506 1073 homines
529 1046 620 1072 atatis
634 1044 809 1076 circumcidi,
824 1051 882 1071 ma-

90 1091 173 1125 joris,
187 1091 209 1118 si
227 1091 260 1118 ad
275 1090 461 1118 Mahnmetum
478 1091 525 1118 Dei
541 1091 703 1125 prophetam
717 1094 881 1116 convertan-

96 1143 156 1169 tur,
171 1136 334 1164 circumcidi
352 1136 374 1163 si
390 1137 508 1164 volunt:
526 1137 548 1164 si
566 1144 633 1164 vero
656 1137 807 1163 abhorrent
829 1135 882 1162 cir-

96 1182 296 1210 cttmcisionetn
312 1202 319 1213 ,
341 1182 418 1209 nullo
446 1183 506 1217 cogi
528 1181 608 1209 tttodo
628 1189 708 1216 posse
722 1202 729 1212 ,
751 1181 880 1216 quoniatn

96 1229 198 1256 tnclius
216 1228 252 1254 sit
268 1227 370 1255 lucrari
386 1228 505 1255 animam
521 1227 643 1254 hominis
654 1248 662 1260 ,
679 1235 712 1254 ex
729 1231 786 1254 toto
804 1227 883 1255 nobis

96 1275 181 1302 corde
199 1274 385 1302 adhterentem
403 1274 431 1301 in
449 1274 557 1302 cazteris
573 1275 703 1302 omnibus
721 1280 819 1308 prteter
828 1274 884 1301 cir-

98 1320 308 1350 cnmcisionem,
321 1326 401 1353 quam
415 1319 541 1354 rejicere,
553 1319 682 1353 quoniam
695 1320 884 1346 circumcisio-

99 1375 163 1394 nem
186 1365 358 1393 reformidet.
379 1364 427 1391 llis
446 1364 615 1393 rationibus.
632 1365 674 1391 vel
699 1365 784 1399 magis
797 1385 804 1397 ,
820 1365 884 1399 quia

100 1419 182 1440 sectae
196 1412 304 1440 favebat
320 1419 378 1439 sute
392 1430 398 1443 ,
421 1411 556 1438 confusus
575 1410 670 1445 judex,
700 1411 802 1437 nullam
819 1418 885 1444 pro-

99 1458 231 1485 nuntiare
254 1457 423 1485 sententiam
441 1456 510 1483 velle
524 1456 552 1482 in
576 1463 606 1482 re
625 1460 700 1482 tanta
719 1455 806 1487 dixit,
831 1455 884 1482 nisi

101 1511 194 1538 regem
211 1503 403 1536 consuluerit;
421 1502 458 1530 ita
481 1503 553 1529 enim
570 1501 655 1528 muris
669 1505 712 1528 est
740 1501 766 1528 itt
795 1501 885 1529 causis

101 1549 237 1584 ambiguis
249 1554 276 1576 et
287 1548 392 1575 arduis.

135 1595 168 1622 Υ.
191 1595 292 1630 llegetn
311 1595 394 1628 igitur
406 1617 414 1628 ,
432 1595 460 1622 in
489 1602 631 1622 carcereut
657 1594 784 1630 conjecto
800 1592 885 1620 milite

101 1641 215 1674 Christi,
233 1641 391 1669 consultum
406 1640 496 1668 adiit:
513 1640 558 1668 cui
582 1640 676 1674 omnia
694 1647 755 1667 cutn
776 1639 886 1666 retulis-

102 1693 155 1718 set,
176 1687 363 1720 interrogatus
378 1686 411 1713 de
427 1690 507 1713 aetate
521 1687 619 1721 ipsius,
643 1686 796 1720 habituque
810 1684 885 1712 omni

102 1732 228 1766 corporis
247 1740 254 1758 :
270 1731 384 1758 Iuvenis
397 1753 405 1763 ,
424 1731 513 1765 inquit
542 1732 610 1766 ipse,
638 1732 729 1759 animo
755 1732 886 1764 invictus,

103 1781 186 1811 atque
203 1782 300 1809 magna
311 1779 426 1807 statura,
441 1775 592 1810 grandibus
607 1777 714 1802 ossibus
728 1781 810 1810 atque
824 1784 888 1802 ner-

104 1821 145 1847 vis
168 1819 350 1848 convallatus.
367 1820 511 1847 Rex.tales
526 1820 652 1847 homines
667 1820 770 1847 habere
787 1821 813 1846 in
832 1820 885 1847 mi—

104 1866 162 1894 litia
183 1865 277 1900 cupit:
292 1864 375 1897 Vade,
392 1865 492 1899 inquit,
505 1869 532 1891 et
547 1865 665 1899 pritnum
680 1865 739 1897 illi,
755 1865 777 1892 si
793 1873 887 1892 noster

107 1912 226 1939 vuluetit
246 1919 318 1944 esse,
338 1910 483 1938 olferintus
507 1911 730 1938 centurionatum
751 1911 778 1937 in
791 1911 888 1939 militia

107 1963 217 1990 nostra;
234 1956 345 1989 deinde,
359 1961 440 1990 prout
455 1956 482 1983 in
497 1956 595 1984 virtute
612 1956 702 1991 ipsum
716 1955 807 1983 valere
825 1963 890 1983 con-

107 2004 281 2036 spexerintus
293 2024 300 2036 ,
319 2003 352 2030 ad
372 2003 474 2039 majora
489 2002 684 2037 provehemus.
698 2001 776 2034 Quod
793 2002 816 2028 si
838 2002 889 2029 be—

107 2050 213 2077 neliciis
237 2058 291 2076 non
312 2049 544 2081 commovebitur,
572 2048 653 2075 minis
678 2053 761 2083 atque
785 2054 889 2076 terrore

108 2095 196 2130 ipsum
216 2095 379 2128 concutias;
400 2099 428 2122 et
450 2095 473 2122 si
492 2099 590 2122 neutra
609 2095 712 2130 poteris
738 2094 888 2129 praevalere

108 2142 160 2174 via,
176 2141 265 2176 capite
278 2141 392 2175 plectas.
405 2141 499 2168 Altero
508 2140 592 2175 igitur
603 2140 659 2171 die,
670 2141 805 2174 producto
819 2141 888 2174 ipso,

107 2187 225 2222 primum
238 2186 310 2221 regis
326 2186 542 2221 pollicitationes
577 2191 770 2221 proponuntur
803 2185 888 2213 mira-

108 2232 154 2259 bili
175 2239 238 2264 cutn
256 2231 469 2265 ampliﬁcatione
486 2239 493 2257 :
510 2229 597 2266 Caput
621 2231 715 2258 statim
730 2230 786 2258 eris
801 2250 808 2262 ,
830 2230 886 2256 An-

108 2278 182 2310 drea,
204 2280 314 2304 centum
331 2276 449 2303 militum
467 2295 475 2308 ,
503 2281 531 2304 et
553 2284 568 2303 a
588 2277 759 2312 privatorqu
788 2281 891 2304 tractus

108 2323 265 2349 conditione
279 2341 286 2354 ,
309 2329 371 2349 cum
407 2321 579 2356 principibus
613 2322 858 2349 connumerabcris
880 2343 888 2354 ,

109 2370 240 2404 facileque
271 2369 360 2396 virtus
382 2373 410 2396 et
441 2368 582 2404 diligentia
607 2373 650 2396 ttta
677 2369 790 2396 extollet
813 2374 839 2397 te
857 2370 890 2396 ad

113 2416 223 2450 majora.
241 2413 342 2441 Verum
358 2421 420 2441 cum
439 2418 541 2449 martyr
555 2413 667 2448 Christi,
687 2415 756 2442 nihil
776 2423 892 2450 respon-

109 2462 209 2492 dendo,
225 2465 403 2487 contemnere
419 2460 510 2488 oblata
536 2460 689 2493 videretur,
703 2461 749 2495 qui
771 2461 892 2489 circum-

111 2507 163 2534 fusi
179 2510 258 2533 erant
278 2506 404 2533 veritatis
427 2506 541 2538 hostes,
565 2505 611 2532 alii
639 2510 784 2541 argentum
810 2512 892 2541 atque

111 2561 219 2585 aurum,
239 2553 284 2580 alii
299 2557 400 2585 vestes,
413 2552 461 2581 alii
475 2551 674 2585 supellectilem
691 2552 794 2579 variam
811 2553 892 2587 polli-

111 2601 259 2633 ('Cilallllﬂ';
274 2607 392 2634 Cumque
406 2599 432 2626 itt
449 2598 559 2626 siletttio
578 2598 669 2629 acrius
684 2603 891 2632 perseveraret:

111 2646 192 2680 Quid,
210 2645 350 2680 inquiunt.
365 2652 399 2672 ne
413 2644 506 2671 verbis
528 2643 641 2678 quidem
660 2645 714 2671 tuis
729 2652 778 2671 nos
795 2645 893 2680 dignos

113 2691 208 2723 putas?
223 2691 301 2726 Digiti
319 2690 428 2725 quidem
443 2711 450 2722 ,
474 2689 528 2721 ait,
549 2697 597 2716 vos
613 2690 680 2717 estis
697 2690 784 2717 tttulto
808 2691 894 2725 majo-

113 2737 207 2768 l'lbllS,
225 2743 307 2770 quam
330 2742 380 2770 ego
402 2734 495 2762 dicere
521 2739 568 2761 aut
583 2735 739 2769 excogitare
769 2743 866 2770 queam
884 2744 892 2764 :

90 2783 93 2786 ⁴
114 2782 159 2809 sed
185 2789 250 2813 res,
279 2788 347 2816 quas
368 2780 493 2812 offertis,
523 2780 597 2807 nulla
628 2781 808 2815 responsione
830 2787 895 2809 sunt

114 2828 208 2860 dignae.
222 2825 293 2860 Quid
306 2826 379 2853 enim
394 2826 524 2853 caducam
539 2825 609 2853 hanc
626 2826 709 2853 vitam
728 2831 809 2861 atque
821 2835 894 2855 mor-

115 2875 192 2902 talcm
212 2873 316 2909 putatis
333 2872 424 2908 magni
449 2871 550 2907 aliquid
580 2872 692 2906 habere,
719 2880 772 2907 quo
789 2875 893 2902 coeli-sti

900 1573 921 1601 C

927 277 955 299 et
970 273 1002 298 ad
1024 273 1096 299 illam
1114 273 1162 300 tibi
1176 273 1247 300 viam
1261 273 1370 308 aperire
1383 273 1534 303 studemus,
1547 275 1575 297 et
1589 270 1660 297 hanc
1670 269 1715 296 in-

928 325 1011 352 super
1027 319 1074 345 tibi
1100 318 1208 345 felicem
1234 319 1348 346 reddere
1374 325 1517 345 conamur.
1542 316 1600 343 Non
1625 316 1714 343 cohae-

929 369 1002 396 rent,
1020 364 1120 398 inquit,
1139 364 1243 391 caduca
1258 364 1377 394 aeternis,
1392 372 1446 391 non
1465 362 1591 390 felicibus
1602 361 1711 392 misera,

929 417 982 436 non
1003 410 1115 447 profana
1132 410 1230 437 beatis.
1245 411 1298 438 Sed
1315 410 1379 445 quid
1392 417 1461 443 opus
1475 413 1517 435 est
1530 407 1644 435 verbis?
1659 406 1714 441 Ego

928 455 1088 482 felicitatem
1108 456 1189 491 hujus
1207 456 1301 483 saeculi
1320 455 1398 483 nihili
1413 455 1484 482 facio
1500 463 1506 482 :
1524 461 1574 488 ego
1590 460 1713 483 crucem,

930 502 1096 535 passionem,
1122 503 1346 537 sepulturamque
1367 502 1468 529 Christi
1493 501 1546 528 mei
1563 507 1714 533 nunquam,

930 547 1033 574 auxilio
1049 547 1124 574 illius
1142 546 1228 575 fretus
1239 569 1246 580 ,
1263 547 1378 582 negabo.
1394 547 1512 573 Statuite
1529 546 1554 572 itt
1579 552 1620 571 tne
1636 543 1715 578 quid-

930 593 995 626 quid
1011 593 1182 626 tnalueritis;
1201 601 1285 620 unum
1302 600 1377 628 rogo,
1391 600 1426 620 ne
1442 599 1485 619 me
1495 591 1589 618 verbis
1599 589 1715 624 amplius
1753 616 1756 622 ,

931 639 1053 666 tentetis.

968 685 1011 712 Vl.
1034 684 1082 712 His
1096 684 1189 716 dictis,
1207 684 1348 719 coniectus
1364 683 1436 710 illico
1449 683 1475 709 in
1491 689 1641 712 carcerem,
1657 680 1715 706 vin-

932 730 1002 758 culis
1018 735 1170 762 catenatus,
1186 730 1304 765 pedihtts
1322 734 1404 764 atque
1426 727 1555 754 manibus
1578 727 1715 760 alligatus,

931 777 965 804 ad
984 777 1127 804 meridiem
1143 777 1286 811 sequentis
1301 776 1377 808 diei,
1401 777 1448 809 qui
1466 774 1517 801 fuit
1536 773 1570 812 ΞΟ
1587 772 1660 803 Maii.
1675 767 1716 806 ja-
1750 798 1754 816 ᾗ

932 822 999 848 cuit.
1015 822 1080 849 Post
1095 821 1241 848 meridiem
1258 821 1350 849 statim
1368 819 1556 855 protrahitur,
1573 822 1601 846 et
1614 818 1641 844 in
1657 823 1719 851 par-

932 872 988 894 tem
1005 867 1083 894 urbis
1108 873 1170 902 qum
1186 867 1323 894 orientem
1339 869 1455 900 spectat,
1469 871 1553 899 prope
1570 871 1656 894 mare,
1667 862 1719 888 du-

932 913 1017 945 citur,
1029 912 1076 939 ubi
1093 912 1125 939 ad
1143 913 1234 947 palum
1252 912 1343 938 nudus
1358 911 1499 945 alligatus,
1513 909 1627 941 ﬂagellis
1638 912 1719 941 atque

933 957 1001 985 loris
1028 957 1163 990 caeditur,
1192 957 1284 984 acrius
1313 964 1395 991 qttam
1424 955 1479 982 dici
1506 954 1621 989 possit:
1645 953 1720 986 prin-

933 1002 1006 1036 cipio
1030 1001 1197 1037 ﬂagellorum
1211 1006 1240 1029 et
1256 1002 1402 1029 verberum
1426 999 1626 1027 contremuisse
1652 997 1721 1024 dici-

935 1052 989 1079 tur,
1006 1053 1035 1075 et
1047 1048 1176 1075 manibus
1193 1048 1227 1075 ad
1248 1052 1345 1082 pectus
1359 1046 1520 1077 contractis,
1539 1053 1570 1072 ac
1584 1044 1678 1078 digitis
1692 1043 1719 1069 in

934 1101 1057 1128 pugnum
1071 1094 1248 1128 compressis,
1263 1100 1361 1128 magna
1374 1092 1543 1120 exclamasse
1556 1098 1623 1118 voce
1640 1099 1646 1116 :
1660 1090 1720 1117 Vir-

935 1147 968 1174 go
983 1139 1080 1172 Maria,
1094 1139 1192 1174 atljuva
1211 1147 1264 1166 tne.
1283 1139 1350 1166 lude
1367 1138 1484 1173 pedibus
1504 1138 1591 1164 altero
1606 1137 1638 1162 ad
1654 1135 1721 1162 alte-

937 1193 996 1212 rum
1013 1185 1261 1217 adductis,'stetit
1286 1188 1378 1211 rectus
1401 1183 1428 1210 in
1455 1183 1558 1210 eisdem
1589 1181 1720 1216 vestigiis,

937 1230 1063 1257 mirabile
1079 1229 1153 1256 dictu
1170 1249 1178 1260 ,
1204 1236 1291 1263 usque
1312 1228 1345 1256 ad
1368 1228 1434 1255 solis
1453 1234 1593 1254 occasum.
1614 1226 1721 1253 interea

936 1275 1001 1302 dum
1022 1275 1101 1302 miles
1117 1274 1220 1302 Christi
1237 1275 1280 1302 his
1299 1273 1469 1301 cruciatibus
1483 1276 1638 1304 exercetur,
1654 1271 1721 1297 'fra-

937 1321 1084 1355 pezuntius
1097 1321 1152 1350 ille.
1172 1321 1205 1347 de
1222 1328 1276 1354 quo
1293 1327 1375 1354 supra
1391 1319 1483 1350 retuli,
1500 1327 1516 1346 e
1530 1319 1650 1345 fenestra
1665 1323 1721 1344 tur-

938 1368 976 1393 ris
988 1385 996 1398 ,
1016 1366 1042 1393 in
1065 1374 1118 1400 qtta
1135 1366 1223 1393 fuerat
1239 1365 1372 1395 inclusus,
1389 1365 1548 1400 prominens
1561 1363 1697 1390 clamabat
1713 1370 1720 1389 :

937 1412 960 1441 Ο
983 1413 1091 1440 felicem
1111 1411 1311 1443 Christianum,
1327 1419 1344 1438 ο
1361 1412 1468 1439 beatam
1486 1418 1548 1445 quae
1576 1414 1602 1437 te
1627 1409 1723 1444 genuit

939 1459 1067 1491 insulam,
1080 1466 1096 1485 o
1112 1458 1315 1485 nobilissimum
1329 1462 1411 1492 atqtte
1425 1456 1500 1483 omni
1515 1455 1596 1483 laude
1610 1455 1720 1489 dignum

939 1511 1037 1538 genus,
1056 1503 1128 1530 unde
1145 1507 1222 1529 ortus
1235 1510 1276 1529 es.
1291 1501 1400 1529 Utinam
1420 1501 1501 1528 istltie
1516 1508 1604 1528 essent
1621 1506 1721 1530 tecum.

942 1553 972 1576 ut
990 1548 1085 1575 eadem
1099 1553 1208 1583 paterer
1221 1556 1270 1583 pro
1283 1547 1409 1574 Christo!
1424 1546 1486 1574 Haec
1498 1546 1605 1581 aliaque
1620 1546 1723 1572 vocit‘c-

941 1595 1062 1626 rahatur.
1072 1595 1196 1630 martyrii
1210 1601 1352 1624 coronam.
1367 1597 1397 1621 ut
1406 1593 1538 1624 arbitror,
1551 1592 1722 1620 desiderans.

939 1641 1089 1668 Carttilices
1105 1646 1207 1672 autem,
1224 1640 1332 1668 Andrea
1351 1639 1476 1671 reducto,
1496 1638 1589 1666 multis
1604 1638 1723 1672 pretiosa

940 1686 1063 1714 membra
1079 1686 1202 1720 ﬂagellis,
1219 1685 1343 1720 lorisque
1356 1684 1428 1713 fcede
1445 1683 1604 1715 dilacerata,
1618 1689 1724 1717 ungunt

942 1733 1101 1768 unguentis,
1112 1732 1204 1759 cibum
1221 1739 1331 1766 quoque
1346 1736 1431 1766 atque
1444 1734 1540 1765 potum
1556 1729 1590 1756 ad
1608 1728 1725 1756 fulcien-

941 1779 1001 1806 datn
1020 1779 1047 1806 itt
1065 1786 1180 1813 corpore
1195 1778 1328 1810 animam,
1345 1777 1379 1805 de
1404 1777 1575 1804 medicorum
1597 1775 1724 1806 consilio,

941 1832 1057 1858 quorum
1073 1825 1151 1853 multi
1176 1831 1208 1851 ac
1224 1823 1382 1859 peritissimi
1399 1823 1528 1854 aderant,
1547 1821 1722 1851 obtulerunt.

942 1877 974 1896 ac
988 1877 1097 1904 aquam,
1110 1871 1137 1898 in
1152 1878 1206 1904 qua
1221 1878 1275 1897 non
1291 1868 1524 1904 parum.dcftecati
1537 1867 1597 1895 auri
1614 1868 1723 1901 pondus

942 1914 1087 1946 bullicrat,
1103 1916 1262 1942 conducunt
1285 1915 1319 1942 ad
1346 1913 1509 1942 bibendutn.
1526 1912 1554 1940 Id
1577 1911 1724 1943 faciebant,

942 1968 997 1995 quo
1012 1960 1120 1994 longior
1133 1960 1187 1986 vita
1206 1959 1383 1994 ejusaliquid
1400 1959 1433 1985 ad
1449 1958 1622 1993 negationem
1635 1956 1726 1984 crucis

943 2005 1066 2036 afferret,
1084 2004 1165 2032 simul
1183 2008 1211 2031 et
1225 2004 1403 2031 ostenderent
1414 2023 1421 2036 ,
1438 2003 1534 2037 quanti
1550 2003 1635 2029 vitam
1651 1996 1731 2028 face-7

942 2055 1005 2079 rettt
1019 2051 1079 2086 ejus
1095 2059 1103 2079 :
1121 2050 1191 2077 forte
1206 2049 1300 2082 etiam,
1328 2049 1456 2084 quoniam
1473 2055 1535 2076 cutn
1558 2047 1726 2074 Christianis

942 2096 1055 2124 enutriti
1071 2095 1139 2126 sint,
1159 2099 1188 2122 et
1198 2094 1323 2123 nonnulli
1340 2101 1434 2122 eorum
1450 2093 1598 2120 Christiani
1612 2092 1726 2118 fuerint.

942 2141 998 2169 Nec
1014 2141 1187 2176 ignorabant,
1200 2140 1337 2175 quomodo
1351 2144 1483 2174 martyres
1498 2137 1602 2166 Christi
1617 2137 1681 2164 olim
1699 2137 1726 2163 in

943 2188 988 2216 die
1001 2188 1209 2219 cruciabantur,
1225 2192 1253 2214 et
1268 2186 1295 2213 in
1312 2189 1394 2213 nocte
1408 2183 1643 2212 convalescehant.
1653 2183 1728 2216 Qua-

944 2241 986 2265 re,
1004 2233 1132 2261 timentes
1147 2240 1182 2260 ne
1200 2232 1227 2260 id
1243 2231 1377 2259 divinittts
1391 2231 1525 2263 eveniret,
1543 2229 1726 2269 medicamen-

944 2280 980 2308 tis
995 2280 1053 2307 suis
1068 2279 1206 2306 occultare
1217 2278 1360 2307 veritatem
1383 2277 1540 2305 studebant.

982 2324 1037 2352 Vll.
1058 2324 1194 2356 Vicesitna
1211 2324 1297 2358 prima
1313 2323 1436 2358 ejusdem
1454 2323 1556 2350 mensis
1572 2322 1618 2350 die
1632 2330 1727 2349 rursus

944 2370 1118 2405 producitur,
1127 2369 1336 2404 denudatusque
1346 2368 1444 2396 ferreis
1452 2369 1590 2404 unguibus
1602 2373 1709 2402 tergora
1719 2387 1726 2398 .

944 2423 1006 2450 quae
1016 2415 1105 2451 pridie
1122 2414 1182 2450 ejus
1192 2414 1246 2442 diei
1256 2414 1365 2442 fuerant
1377 2414 1523 2449 ﬂagellata,
1533 2414 1728 2446 dilacerantur,

945 2470 996 2489 nec
1011 2461 1161 2496 quidquam
1182 2460 1256 2487 aliud
1287 2459 1352 2486 fecit
1368 2459 1493 2494 dixitque
1521 2459 1598 2486 miles
1615 2458 1728 2490 Christi,

945 2515 1102 2543 quanquam
1115 2506 1190 2541 prius
1201 2505 1368 2533 contremuit
1379 2505 1407 2532 in
1421 2505 1566 2540 principio,
1578 2512 1729 2539 manusque

944 2554 978 2580 ad
993 2561 1023 2580 se
1044 2552 1169 2583 adduxit,
1184 2551 1285 2585 digitos
1302 2551 1329 2578 itt
1348 2558 1455 2586 pugnos
1479 2551 1628 2583 contraxit,
1648 2551 1729 2584 pedes

945 2599 973 2627 in
1001 2599 1097 2626 iisdetn
1114 2597 1237 2633 Vestigiis
1255 2597 1353 2629 tenuit,
1379 2604 1531 2632 magnaque
1549 2603 1615 2623 voce
1630 2596 1729 2623 clama-

945 2645 1004 2672 vit:
1022 2644 1104 2677 Virgo
1117 2643 1210 2675 Maria,
1221 2643 1286 2678 juva
1302 2650 1355 2670 me.
1373 2642 1417 2670 Sic
1429 2642 1630 2676 Trapezuntius
1646 2643 1729 2669 etiam

945 2691 1051 2724 eadem,
1071 2697 1132 2725 qua:
1150 2690 1239 2724 pridie
1255 2689 1461 2717 vociferabatur
1477 2708 1484 2721 ,
1499 2695 1515 2715 e
1541 2689 1611 2715 tttrri
1629 2687 1728 2714 iterum

946 2741 1027 2771 atque
1039 2737 1137 2763 iterum
1153 2736 1304 2768 repetebat.
1317 2735 1486 2763 Adveniente
1501 2741 1591 2768 nocte,
1605 2744 1730 2770 ungttcn~

948 2784 982 2810 tis
999 2783 1126 2815 illinitur,
1143 2782 1269 2809 sitttiliter
1281 2786 1308 2809 et
1323 2781 1530 2809 medicamentis
1542 2786 1624 2816 atque
1637 2783 1728 2816 aquis,

947 2831 974 2857 in
992 2829 1092 2864 quibus
1109 2837 1206 2864 magna
1222 2829 1309 2856 virtus
1322 2828 1379 2855 auri
1399 2827 1488 2855 fuerat
1501 2827 1605 2859 infusa,
1619 2832 1727 2855 susten-

948 2881 1032 2909 tatur,
1045 2876 1122 2912 quasi
1140 2875 1251 2904 charum
1269 2874 1357 2904 crucis
1372 2874 1465 2902 hostes
1476 2874 1592 2903 salutem
1604 2874 1665 2910 ejus
1683 2873 1729 2901 ba—
