  <div class='ocr_page' id='page_1' title='image "/cluster/home/n/w/nwhite01/storage/ocr_20150623/161/njp.32101077773255/571.png"; bbox 0 0 1916 3057; ppageno 0'>
   <div class='ocr_carea' id='block_1_1' title="bbox 181 134 236 169">
    <p class='ocr_par' dir='ltr' id='par_1_1' title="bbox 181 134 236 169">
     <span class='ocr_line' id='line_1_1' title="bbox 181 134 236 169; baseline 0 -1"><span class='ocrx_word' id='word_1_1' title='bbox 181 134 236 169; x_wconf 78' lang='grc'><strong>887</strong></span> 
     </span>
    </p>
   </div>
   <div class='ocr_carea' id='block_1_2' title="bbox 181 190 1010 230">
    <p class='ocr_par' dir='ltr' id='par_1_2' title="bbox 181 190 1010 230">
     <span class='ocr_line' id='line_1_2' title="bbox 181 190 1010 230; baseline -0.005 -8"><span class='ocrx_word' id='word_1_2' title='bbox 181 195 290 226; x_wconf 88' lang='lat' dir='ltr'><strong>berent,</strong></span> <span class='ocrx_word' id='word_1_3' title='bbox 308 199 433 230; x_wconf 69' lang='lat' dir='ltr'><strong>magnam</strong></span> <span class='ocrx_word' id='word_1_4' title='bbox 452 191 486 220; x_wconf 83' lang='lat' dir='ltr'><strong>iis</strong></span> <span class='ocrx_word' id='word_1_5' title='bbox 501 191 585 220; x_wconf 80' lang='lat' dir='ltr'><strong>rebus</strong></span> <span class='ocrx_word' id='word_1_6' title='bbox 601 191 691 220; x_wconf 87' lang='lat' dir='ltr'><strong>inesse</strong></span> <span class='ocrx_word' id='word_1_7' title='bbox 714 191 848 219; x_wconf 75' lang='lat' dir='ltr'><strong>virtutem</strong></span> <span class='ocrx_word' id='word_1_8' title='bbox 874 190 971 226; x_wconf 71' lang='lat' dir='ltr'><strong>praedi—</strong></span> <span class='ocrx_word' id='word_1_9' title='bbox 983 190 1010 221; x_wconf 74' lang='grc' dir='ltr'>Α</span> 
     </span>
    </p>
   </div>
   <div class='ocr_carea' id='block_1_3' title="bbox 180 237 969 274">
    <p class='ocr_par' dir='ltr' id='par_1_3' title="bbox 180 237 969 274">
     <span class='ocr_line' id='line_1_3' title="bbox 180 237 969 274; baseline -0.005 -6"><span class='ocrx_word' id='word_1_10' title='bbox 180 244 285 272; x_wconf 82' lang='lat' dir='ltr'><strong>cantes,</strong></span> <span class='ocrx_word' id='word_1_11' title='bbox 301 238 423 274; x_wconf 72' lang='lat' dir='ltr'><strong>Spiritus</strong></span> <span class='ocrx_word' id='word_1_12' title='bbox 436 239 525 266; x_wconf 81' lang='lat' dir='ltr'><strong>sancti</strong></span> <span class='ocrx_word' id='word_1_13' title='bbox 538 239 654 274; x_wconf 77' lang='lat' dir='ltr'><strong>gratiam</strong></span> <span class='ocrx_word' id='word_1_14' title='bbox 667 239 695 266; x_wconf 90' lang='lat' dir='ltr'><strong>in</strong></span> <span class='ocrx_word' id='word_1_15' title='bbox 710 238 881 266; x_wconf 86' lang='lat' dir='ltr'><strong>medicorum</strong></span> <span class='ocrx_word' id='word_1_16' title='bbox 897 237 969 271; x_wconf 82' lang='lat' dir='ltr'><strong>peri-</strong></span> 
     </span>
    </p>
   </div>
   <div class='ocr_carea' id='block_1_4' title="bbox 181 284 969 320">
    <p class='ocr_par' dir='ltr' id='par_1_4' title="bbox 181 284 969 320">
     <span class='ocr_line' id='line_1_4' title="bbox 181 284 969 320; baseline -0.005 -6"><span class='ocrx_word' id='word_1_17' title='bbox 181 286 260 316; x_wconf 87' lang='lat' dir='ltr'><strong>tiam.</strong></span> <span class='ocrx_word' id='word_1_18' title='bbox 277 285 390 320; x_wconf 82' lang='lat' dir='ltr'><strong>cibique</strong></span> <span class='ocrx_word' id='word_1_19' title='bbox 407 293 439 313; x_wconf 88' lang='lat' dir='ltr'><strong>ac</strong></span> <span class='ocrx_word' id='word_1_20' title='bbox 462 289 543 319; x_wconf 91' lang='lat' dir='ltr'><strong>potus</strong></span> <span class='ocrx_word' id='word_1_21' title='bbox 557 284 783 312; x_wconf 87' lang='lat' dir='ltr'><strong>commoditatem</strong></span> <span class='ocrx_word' id='word_1_22' title='bbox 798 284 969 311; x_wconf 76' lang='lat' dir='ltr'><strong>derivantes.</strong></span> 
     </span>
    </p>
   </div>
   <div class='ocr_carea' id='block_1_5' title="bbox 181 330 971 366">
    <p class='ocr_par' dir='ltr' id='par_1_5' title="bbox 181 330 971 366">
     <span class='ocr_line' id='line_1_5' title="bbox 181 330 971 366; baseline -0.004 -7"><span class='ocrx_word' id='word_1_23' title='bbox 181 331 361 359; x_wconf 85' lang='lat' dir='ltr'><strong>lllueescente</strong></span> <span class='ocrx_word' id='word_1_24' title='bbox 387 339 507 366; x_wconf 80' lang='lat' dir='ltr'><strong>namque</strong></span> <span class='ocrx_word' id='word_1_25' title='bbox 528 330 572 358; x_wconf 90' lang='lat' dir='ltr'><strong>die</strong></span> <span class='ocrx_word' id='word_1_26' title='bbox 585 350 593 363; x_wconf 89' lang='lat'><strong>,</strong></span> <span class='ocrx_word' id='word_1_27' title='bbox 613 338 699 358; x_wconf 84' lang='lat' dir='ltr'><strong>sanus</strong></span> <span class='ocrx_word' id='word_1_28' title='bbox 719 330 835 357; x_wconf 89' lang='lat' dir='ltr'><strong>omnino</strong></span> <span class='ocrx_word' id='word_1_29' title='bbox 867 334 971 364; x_wconf 80' lang='lat' dir='ltr'><strong>martyr</strong></span> 
     </span>
    </p>
   </div>
   <div class='ocr_carea' id='block_1_6' title="bbox 180 376 971 413">
    <p class='ocr_par' dir='ltr' id='par_1_6' title="bbox 180 376 971 413">
     <span class='ocr_line' id='line_1_6' title="bbox 180 376 971 413; baseline -0.003 -7"><span class='ocrx_word' id='word_1_30' title='bbox 180 378 284 406; x_wconf 85' lang='lat' dir='ltr'><strong>Christi</strong></span> <span class='ocrx_word' id='word_1_31' title='bbox 300 379 427 413; x_wconf 84' lang='lat' dir='ltr'><strong>apparuit</strong></span> <span class='ocrx_word' id='word_1_32' title='bbox 442 398 449 410; x_wconf 92' lang='lat'><strong>,</strong></span> <span class='ocrx_word' id='word_1_33' title='bbox 470 386 531 412; x_wconf 66' lang='lat' dir='ltr'><strong>qua:</strong></span> <span class='ocrx_word' id='word_1_34' title='bbox 550 386 594 405; x_wconf 80' lang='lat' dir='ltr'><strong>res</strong></span> <span class='ocrx_word' id='word_1_35' title='bbox 612 377 820 406; x_wconf 82' lang='lat' dir='ltr'><strong>medicamentis</strong></span> <span class='ocrx_word' id='word_1_36' title='bbox 842 376 901 404; x_wconf 80' lang='lat' dir='ltr'><strong>fieri</strong></span> <span class='ocrx_word' id='word_1_37' title='bbox 916 384 971 404; x_wconf 91' lang='lat' dir='ltr'><strong>non</strong></span> 
     </span>
    </p>
   </div>
   <div class='ocr_carea' id='block_1_7' title="bbox 182 421 974 460">
    <p class='ocr_par' dir='ltr' id='par_1_7' title="bbox 182 421 974 460">
     <span class='ocr_line' id='line_1_7' title="bbox 182 421 974 460; baseline -0.004 -7"><span class='ocrx_word' id='word_1_38' title='bbox 182 429 274 460; x_wconf 80' lang='lat' dir='ltr'><strong>potest</strong></span> <span class='ocrx_word' id='word_1_39' title='bbox 290 434 296 452; x_wconf 85' lang='lat'><strong>:</strong></span> <span class='ocrx_word' id='word_1_40' title='bbox 313 433 375 460; x_wconf 72' lang='lat' dir='ltr'><strong>qua:</strong></span> <span class='ocrx_word' id='word_1_41' title='bbox 390 433 451 452; x_wconf 92' lang='lat' dir='ltr'><strong>eum</strong></span> <span class='ocrx_word' id='word_1_42' title='bbox 470 424 634 452; x_wconf 74' lang='lat' dir='ltr'><strong>naturaliter</strong></span> <span class='ocrx_word' id='word_1_43' title='bbox 647 429 779 460; x_wconf 73' lang='lat' dir='ltr'><strong>agerent,</strong></span> <span class='ocrx_word' id='word_1_44' title='bbox 791 421 915 459; x_wconf 78' lang='lat' dir='ltr'><strong>longiore</strong></span> <span class='ocrx_word' id='word_1_45' title='bbox 932 424 974 450; x_wconf 94' lang='lat' dir='ltr'><strong>in-</strong></span> 
     </span>
    </p>
   </div>
   <div class='ocr_carea' id='block_1_8' title="bbox 183 470 970 506">
    <p class='ocr_par' dir='ltr' id='par_1_8' title="bbox 183 470 970 506">
     <span class='ocr_line' id='line_1_8' title="bbox 183 470 970 506; baseline -0.003 -8"><span class='ocrx_word' id='word_1_46' title='bbox 183 471 278 505; x_wconf 72' lang='lat' dir='ltr'><strong>digent</strong></span> <span class='ocrx_word' id='word_1_47' title='bbox 302 477 427 506; x_wconf 89' lang='lat' dir='ltr'><strong>tempore</strong></span> <span class='ocrx_word' id='word_1_48' title='bbox 441 491 448 503; x_wconf 89' lang='lat'><strong>,</strong></span> <span class='ocrx_word' id='word_1_49' title='bbox 474 471 754 506; x_wconf 79' lang='lat' dir='ltr'><strong>frequentatioueque</strong></span> <span class='ocrx_word' id='word_1_50' title='bbox 776 470 970 502; x_wconf 78' lang='lat' dir='ltr'><strong>conveniente,</strong></span> 
     </span>
    </p>
   </div>
   <div class='ocr_carea' id='block_1_9' title="bbox 183 515 974 552">
    <p class='ocr_par' dir='ltr' id='par_1_9' title="bbox 183 515 974 552">
     <span class='ocr_line' id='line_1_9' title="bbox 183 515 974 552; baseline -0.003 -8"><span class='ocrx_word' id='word_1_51' title='bbox 183 525 219 544; x_wconf 88' lang='lat' dir='ltr'><strong>ne</strong></span> <span class='ocrx_word' id='word_1_52' title='bbox 235 517 340 552; x_wconf 75' lang='lat' dir='ltr'><strong>digesta</strong></span> <span class='ocrx_word' id='word_1_53' title='bbox 355 518 381 544; x_wconf 93' lang='lat' dir='ltr'><strong>in</strong></span> <span class='ocrx_word' id='word_1_54' title='bbox 398 517 514 545; x_wconf 89' lang='lat' dir='ltr'><strong>dubium</strong></span> <span class='ocrx_word' id='word_1_55' title='bbox 531 517 635 550; x_wconf 83' lang='lat' dir='ltr'><strong>aliquid</strong></span> <span class='ocrx_word' id='word_1_56' title='bbox 656 516 800 544; x_wconf 79' lang='lat' dir='ltr'><strong>conferant</strong></span> <span class='ocrx_word' id='word_1_57' title='bbox 820 523 827 542; x_wconf 87' lang='lat'><strong>:</strong></span> <span class='ocrx_word' id='word_1_58' title='bbox 845 515 918 550; x_wconf 90' lang='lat' dir='ltr'><strong>quod</strong></span> <span class='ocrx_word' id='word_1_59' title='bbox 934 521 974 542; x_wconf 86' lang='lat' dir='ltr'><strong>ta-</strong></span> 
     </span>
    </p>
   </div>
   <div class='ocr_carea' id='block_1_10' title="bbox 185 562 974 597">
    <p class='ocr_par' dir='ltr' id='par_1_10' title="bbox 185 562 974 597">
     <span class='ocr_line' id='line_1_10' title="bbox 185 562 974 597; baseline -0.001 -8"><span class='ocrx_word' id='word_1_60' title='bbox 185 570 248 590; x_wconf 88' lang='lat' dir='ltr'><strong>men</strong></span> <span class='ocrx_word' id='word_1_61' title='bbox 279 564 392 590; x_wconf 88' lang='lat' dir='ltr'><strong>minime</strong></span> <span class='ocrx_word' id='word_1_62' title='bbox 411 562 502 590; x_wconf 79' lang='lat' dir='ltr'><strong>facere</strong></span> <span class='ocrx_word' id='word_1_63' title='bbox 518 568 645 597; x_wconf 77' lang='lat' dir='ltr'><strong>possunt,</strong></span> <span class='ocrx_word' id='word_1_64' title='bbox 669 562 692 590; x_wconf 81' lang='lat' dir='ltr'><strong>si</strong></span> <span class='ocrx_word' id='word_1_65' title='bbox 713 563 805 589; x_wconf 84' lang='lat' dir='ltr'><strong>denuo</strong></span> <span class='ocrx_word' id='word_1_66' title='bbox 820 569 922 596; x_wconf 90' lang='lat' dir='ltr'><strong>corpus</strong></span> <span class='ocrx_word' id='word_1_67' title='bbox 942 569 974 588; x_wconf 88' lang='lat' dir='ltr'><strong>ac</strong></span> 
     </span>
    </p>
   </div>
   <div class='ocr_carea' id='block_1_11' title="bbox 185 606 973 643">
    <p class='ocr_par' dir='ltr' id='par_1_11' title="bbox 185 606 973 643">
     <span class='ocr_line' id='line_1_11' title="bbox 185 606 973 643; baseline -0.003 -8"><span class='ocrx_word' id='word_1_68' title='bbox 185 609 288 643; x_wconf 67' lang='lat' dir='ltr'><strong>saepius</strong></span> <span class='ocrx_word' id='word_1_69' title='bbox 309 608 476 640; x_wconf 70' lang='lat' dir='ltr'><strong>exagitetur,</strong></span> <span class='ocrx_word' id='word_1_70' title='bbox 490 609 549 635; x_wconf 85' lang='lat' dir='ltr'><strong>sive</strong></span> <span class='ocrx_word' id='word_1_71' title='bbox 568 608 651 635; x_wconf 87' lang='lat' dir='ltr'><strong>etiam</strong></span> <span class='ocrx_word' id='word_1_72' title='bbox 673 607 799 635; x_wconf 83' lang='lat' dir='ltr'><strong>atrocius</strong></span> <span class='ocrx_word' id='word_1_73' title='bbox 820 606 973 634; x_wconf 88' lang='lat' dir='ltr'><strong>crucietur.</strong></span> 
     </span>
    </p>
   </div>
   <div class='ocr_carea' id='block_1_12' title="bbox 185 653 975 689">
    <p class='ocr_par' dir='ltr' id='par_1_12' title="bbox 185 653 975 689">
     <span class='ocr_line' id='line_1_12' title="bbox 185 653 975 689; baseline 0 -9"><span class='ocrx_word' id='word_1_74' title='bbox 185 653 251 687; x_wconf 75' lang='lat' dir='ltr'><strong>Quae</strong></span> <span class='ocrx_word' id='word_1_75' title='bbox 266 654 353 681; x_wconf 85' lang='lat' dir='ltr'><strong>virtus</strong></span> <span class='ocrx_word' id='word_1_76' title='bbox 370 661 450 689; x_wconf 88' lang='lat' dir='ltr'><strong>opem</strong></span> <span class='ocrx_word' id='word_1_77' title='bbox 472 654 573 681; x_wconf 70' lang='lat' dir='ltr'><strong>aﬂ‘erre</strong></span> <span class='ocrx_word' id='word_1_78' title='bbox 599 657 689 689; x_wconf 79' lang='lat' dir='ltr'><strong>potest</strong></span> <span class='ocrx_word' id='word_1_79' title='bbox 714 657 813 688; x_wconf 67' lang='lat' dir='ltr'><strong>praeter</strong></span> <span class='ocrx_word' id='word_1_80' title='bbox 836 653 975 680; x_wconf 86' lang='lat' dir='ltr'><strong>divinam?</strong></span> 
     </span>
    </p>
   </div>
   <div class='ocr_carea' id='block_1_13' title="bbox 185 698 412 726">
    <p class='ocr_par' dir='ltr' id='par_1_13' title="bbox 185 698 412 726">
     <span class='ocr_line' id='line_1_13' title="bbox 185 698 412 726; baseline 0.004 -1"><span class='ocrx_word' id='word_1_81' title='bbox 185 698 313 726; x_wconf 77' lang='lat' dir='ltr'><strong>Profecto</strong></span> <span class='ocrx_word' id='word_1_82' title='bbox 326 699 412 726; x_wconf 89' lang='lat' dir='ltr'><strong>nulla.</strong></span> 
     </span>
    </p>
   </div>
   <div class='ocr_carea' id='block_1_14' title="bbox 222 744 975 780">
    <p class='ocr_par' dir='ltr' id='par_1_14' title="bbox 222 744 975 780">
     <span class='ocr_line' id='line_1_14' title="bbox 222 744 975 780; baseline 0.001 -10"><span class='ocrx_word' id='word_1_83' title='bbox 222 744 291 771; x_wconf 73' lang='lat' dir='ltr'><strong>\‘lll.</strong></span> <span class='ocrx_word' id='word_1_84' title='bbox 314 745 447 772; x_wconf 88' lang='lat' dir='ltr'><strong>Vieesima</strong></span> <span class='ocrx_word' id='word_1_85' title='bbox 472 745 595 772; x_wconf 86' lang='lat' dir='ltr'><strong>secunda</strong></span> <span class='ocrx_word' id='word_1_86' title='bbox 625 744 749 780; x_wconf 85' lang='lat' dir='ltr'><strong>ejusdem</strong></span> <span class='ocrx_word' id='word_1_87' title='bbox 780 745 886 772; x_wconf 54' lang='lat' dir='ltr'><strong>metuis</strong></span> <span class='ocrx_word' id='word_1_88' title='bbox 919 744 975 777; x_wconf 89' lang='lat' dir='ltr'><strong>die,</strong></span> 
     </span>
    </p>
   </div>
   <div class='ocr_carea' id='block_1_15' title="bbox 176 790 977 826">
    <p class='ocr_par' dir='ltr' id='par_1_15' title="bbox 176 790 977 826">
     <span class='ocr_line' id='line_1_15' title="bbox 176 790 977 826; baseline 0.001 -9"><span class='ocrx_word' id='word_1_89' title='bbox 176 790 352 825; x_wconf 69' lang='lat' dir='ltr'><strong>producitur</strong></span> <span class='ocrx_word' id='word_1_90' title='bbox 371 791 502 819; x_wconf 87' lang='lat' dir='ltr'><strong>similiter</strong></span> <span class='ocrx_word' id='word_1_91' title='bbox 523 796 584 826; x_wconf 89' lang='lat' dir='ltr'><strong>post</strong></span> <span class='ocrx_word' id='word_1_92' title='bbox 601 792 745 819; x_wconf 81' lang='lat' dir='ltr'><strong>meridiem</strong></span> <span class='ocrx_word' id='word_1_93' title='bbox 758 812 766 824; x_wconf 90' lang='lat'><strong>,</strong></span> <span class='ocrx_word' id='word_1_94' title='bbox 782 799 816 819; x_wconf 89' lang='lat' dir='ltr'><strong>ac</strong></span> <span class='ocrx_word' id='word_1_95' title='bbox 836 799 935 819; x_wconf 87' lang='lat' dir='ltr'><strong>manus</strong></span> <span class='ocrx_word' id='word_1_96' title='bbox 947 797 977 818; x_wconf 88' lang='lat' dir='ltr'><strong>et</strong></span> 
     </span>
    </p>
   </div>
   <div class='ocr_carea' id='block_1_16' title="bbox 188 837 976 873">
    <p class='ocr_par' dir='ltr' id='par_1_16' title="bbox 188 837 976 873">
     <span class='ocr_line' id='line_1_16' title="bbox 188 837 976 873; baseline 0 -9"><span class='ocrx_word' id='word_1_97' title='bbox 188 837 273 871; x_wconf 85' lang='lat' dir='ltr'><strong>pedes</strong></span> <span class='ocrx_word' id='word_1_98' title='bbox 290 838 330 865; x_wconf 84' lang='lat' dir='ltr'><strong>sic</strong></span> <span class='ocrx_word' id='word_1_99' title='bbox 347 842 525 871; x_wconf 87' lang='lat' dir='ltr'><strong>torquentur,</strong></span> <span class='ocrx_word' id='word_1_100' title='bbox 547 842 577 865; x_wconf 92' lang='lat' dir='ltr'><strong>ut</strong></span> <span class='ocrx_word' id='word_1_101' title='bbox 593 845 629 865; x_wconf 86' lang='lat' dir='ltr'><strong>ne</strong></span> <span class='ocrx_word' id='word_1_102' title='bbox 640 838 791 873; x_wconf 77' lang='lat' dir='ltr'><strong>digitorum</strong></span> <span class='ocrx_word' id='word_1_103' title='bbox 805 839 916 872; x_wconf 81' lang='lat' dir='ltr'><strong>quidem</strong></span> <span class='ocrx_word' id='word_1_104' title='bbox 931 846 976 865; x_wconf 91' lang='lat' dir='ltr'><strong>ar-</strong></span> 
     </span>
    </p>
   </div>
   <div class='ocr_carea' id='block_1_17' title="bbox 189 875 1015 920">
    <p class='ocr_par' dir='ltr' id='par_1_17' title="bbox 189 875 1015 920">
     <span class='ocr_line' id='line_1_17' title="bbox 189 875 1015 920; baseline 0 -9"><span class='ocrx_word' id='word_1_105' title='bbox 189 883 279 916; x_wconf 86' lang='lat' dir='ltr'><strong>ticuli,</strong></span> <span class='ocrx_word' id='word_1_106' title='bbox 302 891 353 912; x_wconf 88' lang='lat' dir='ltr'><strong>nec</strong></span> <span class='ocrx_word' id='word_1_107' title='bbox 373 884 496 917; x_wconf 79' lang='lat' dir='ltr'><strong>cubitus,</strong></span> <span class='ocrx_word' id='word_1_108' title='bbox 512 892 564 911; x_wconf 86' lang='lat' dir='ltr'><strong>nec</strong></span> <span class='ocrx_word' id='word_1_109' title='bbox 582 892 672 920; x_wconf 71' lang='lat' dir='ltr'><strong>genua</strong></span> <span class='ocrx_word' id='word_1_110' title='bbox 688 885 717 911; x_wconf 84' lang='lat' dir='ltr'><strong>iu</strong></span> <span class='ocrx_word' id='word_1_111' title='bbox 733 884 802 913; x_wconf 88' lang='lat' dir='ltr'><strong>locis</strong></span> <span class='ocrx_word' id='word_1_112' title='bbox 817 885 876 912; x_wconf 86' lang='lat' dir='ltr'><strong>suis</strong></span> <span class='ocrx_word' id='word_1_113' title='bbox 890 892 978 912; x_wconf 85' lang='lat' dir='ltr'><strong>rema-</strong></span> <span class='ocrx_word' id='word_1_114' title='bbox 995 875 1015 902; x_wconf 69' lang='grc' dir='ltr'><strong><em>Β</em></strong></span> 
     </span>
    </p>
   </div>
   <div class='ocr_carea' id='block_1_18' title="bbox 187 930 978 966">
    <p class='ocr_par' dir='ltr' id='par_1_18' title="bbox 187 930 978 966">
     <span class='ocr_line' id='line_1_18' title="bbox 187 930 978 966; baseline 0 -9"><span class='ocrx_word' id='word_1_115' title='bbox 187 933 308 963; x_wconf 84' lang='lat' dir='ltr'><strong>nerent,</strong></span> <span class='ocrx_word' id='word_1_116' title='bbox 330 930 378 958; x_wconf 79' lang='lat' dir='ltr'><strong>sed</strong></span> <span class='ocrx_word' id='word_1_117' title='bbox 398 930 467 958; x_wconf 77' lang='lat' dir='ltr'><strong>locis</strong></span> <span class='ocrx_word' id='word_1_118' title='bbox 488 930 546 957; x_wconf 82' lang='lat' dir='ltr'><strong>suis</strong></span> <span class='ocrx_word' id='word_1_119' title='bbox 564 931 659 957; x_wconf 83' lang='lat' dir='ltr'><strong>omnia</strong></span> <span class='ocrx_word' id='word_1_120' title='bbox 677 930 814 958; x_wconf 85' lang='lat' dir='ltr'><strong>salirent:</strong></span> <span class='ocrx_word' id='word_1_121' title='bbox 828 930 876 966; x_wconf 88' lang='lat' dir='ltr'><strong>qui</strong></span> <span class='ocrx_word' id='word_1_122' title='bbox 900 930 978 958; x_wconf 89' lang='lat' dir='ltr'><strong>dolor</strong></span> 
     </span>
    </p>
   </div>
   <div class='ocr_carea' id='block_1_19' title="bbox 189 975 979 1011">
    <p class='ocr_par' dir='ltr' id='par_1_19' title="bbox 189 975 979 1011">
     <span class='ocr_line' id='line_1_19' title="bbox 189 975 979 1011; baseline 0.003 -10"><span class='ocrx_word' id='word_1_123' title='bbox 189 975 325 1002; x_wconf 80' lang='lat' dir='ltr'><strong>maximus</strong></span> <span class='ocrx_word' id='word_1_124' title='bbox 338 976 463 1003; x_wconf 88' lang='lat' dir='ltr'><strong>omnium</strong></span> <span class='ocrx_word' id='word_1_125' title='bbox 476 981 530 1003; x_wconf 87' lang='lat' dir='ltr'><strong>est.</strong></span> <span class='ocrx_word' id='word_1_126' title='bbox 543 976 649 1003; x_wconf 64' lang='lat' dir='ltr'><strong>Cretera</strong></span> <span class='ocrx_word' id='word_1_127' title='bbox 663 976 792 1004; x_wconf 79' lang='lat' dir='ltr'><strong>similiter</strong></span> <span class='ocrx_word' id='word_1_128' title='bbox 803 981 879 1011; x_wconf 79' lang='lat' dir='ltr'><strong>gesta</strong></span> <span class='ocrx_word' id='word_1_129' title='bbox 891 976 979 1004; x_wconf 87' lang='lat' dir='ltr'><strong>dicta-</strong></span> 
     </span>
    </p>
   </div>
   <div class='ocr_carea' id='block_1_20' title="bbox 189 1021 977 1065">
    <p class='ocr_par' dir='ltr' id='par_1_20' title="bbox 189 1021 977 1065">
     <span class='ocr_line' id='line_1_20' title="bbox 189 1021 977 1065; baseline 0.003 -18"><span class='ocrx_word' id='word_1_130' title='bbox 189 1027 244 1055; x_wconf 89' lang='lat' dir='ltr'><strong>que</strong></span> <span class='ocrx_word' id='word_1_131' title='bbox 257 1041 264 1052; x_wconf 87' lang='lat'><strong>,</strong></span> <span class='ocrx_word' id='word_1_132' title='bbox 281 1028 336 1048; x_wconf 88' lang='lat' dir='ltr'><strong>non</strong></span> <span class='ocrx_word' id='word_1_133' title='bbox 356 1021 391 1048; x_wconf 83' lang='lat' dir='ltr'><strong>ab</strong></span> <span class='ocrx_word' id='word_1_134' title='bbox 406 1022 469 1056; x_wconf 89' lang='lat' dir='ltr'><strong>ipso</strong></span> <span class='ocrx_word' id='word_1_135' title='bbox 484 1022 572 1050; x_wconf 90' lang='lat' dir='ltr'><strong>solum</strong></span> <span class='ocrx_word' id='word_1_136' title='bbox 587 1042 597 1065; x_wconf 45' lang='grc' dir='ltr'><strong>ε</strong></span> <span class='ocrx_word' id='word_1_137' title='bbox 615 1023 663 1057; x_wconf 88' lang='lat' dir='ltr'><strong>qui</strong></span> <span class='ocrx_word' id='word_1_138' title='bbox 682 1026 773 1050; x_wconf 90' lang='lat' dir='ltr'><strong>tamen</strong></span> <span class='ocrx_word' id='word_1_139' title='bbox 798 1022 868 1050; x_wconf 86' lang='lat' dir='ltr'><strong>nihil</strong></span> <span class='ocrx_word' id='word_1_140' title='bbox 891 1023 977 1055; x_wconf 85' lang='lat' dir='ltr'><strong>aliud,</strong></span> 
     </span>
    </p>
   </div>
   <div class='ocr_carea' id='block_1_21' title="bbox 190 1066 976 1104">
    <p class='ocr_par' dir='ltr' id='par_1_21' title="bbox 190 1066 976 1104">
     <span class='ocr_line' id='line_1_21' title="bbox 190 1066 976 1104; baseline 0.003 -10"><span class='ocrx_word' id='word_1_141' title='bbox 190 1066 243 1094; x_wconf 86' lang='lat' dir='ltr'><strong>nisi</strong></span> <span class='ocrx_word' id='word_1_142' title='bbox 261 1067 365 1102; x_wconf 79' lang='lat' dir='ltr'><strong>:Virgo</strong></span> <span class='ocrx_word' id='word_1_143' title='bbox 379 1067 477 1100; x_wconf 77' lang='lat' dir='ltr'><strong>Maria,</strong></span> <span class='ocrx_word' id='word_1_144' title='bbox 489 1068 554 1101; x_wconf 89' lang='lat' dir='ltr'><strong>juva</strong></span> <span class='ocrx_word' id='word_1_145' title='bbox 570 1076 627 1100; x_wconf 89' lang='lat' dir='ltr'><strong>me,</strong></span> <span class='ocrx_word' id='word_1_146' title='bbox 643 1068 672 1096; x_wconf 90' lang='lat' dir='ltr'><strong>in</strong></span> <span class='ocrx_word' id='word_1_147' title='bbox 688 1069 825 1104; x_wconf 87' lang='lat' dir='ltr'><strong>principio</strong></span> <span class='ocrx_word' id='word_1_148' title='bbox 841 1069 976 1102; x_wconf 73' lang='lat' dir='ltr'><strong>(telorum,</strong></span> 
     </span>
    </p>
   </div>
   <div class='ocr_carea' id='block_1_22' title="bbox 190 1112 979 1150">
    <p class='ocr_par' dir='ltr' id='par_1_22' title="bbox 190 1112 979 1150">
     <span class='ocr_line' id='line_1_22' title="bbox 190 1112 979 1150; baseline 0.004 -10"><span class='ocrx_word' id='word_1_149' title='bbox 190 1112 275 1147; x_wconf 82' lang='lat' dir='ltr'><strong>idque</strong></span> <span class='ocrx_word' id='word_1_150' title='bbox 293 1114 378 1140; x_wconf 88' lang='lat' dir='ltr'><strong>semel</strong></span> <span class='ocrx_word' id='word_1_151' title='bbox 397 1113 552 1147; x_wconf 85' lang='lat' dir='ltr'><strong>clamabat;</strong></span> <span class='ocrx_word' id='word_1_152' title='bbox 570 1122 666 1142; x_wconf 85' lang='lat' dir='ltr'><strong>verum</strong></span> <span class='ocrx_word' id='word_1_153' title='bbox 690 1115 774 1142; x_wconf 86' lang='lat' dir='ltr'><strong>etiam</strong></span> <span class='ocrx_word' id='word_1_154' title='bbox 790 1123 805 1142; x_wconf 95' lang='lat' dir='ltr'><strong>a</strong></span> <span class='ocrx_word' id='word_1_155' title='bbox 821 1115 979 1150; x_wconf 85' lang='lat' dir='ltr'><strong>Trapezun-</strong></span> 
     </span>
    </p>
   </div>
   <div class='ocr_carea' id='block_1_23' title="bbox 190 1160 977 1196">
    <p class='ocr_par' dir='ltr' id='par_1_23' title="bbox 190 1160 977 1196">
     <span class='ocr_line' id='line_1_23' title="bbox 190 1160 977 1196; baseline 0.004 -10"><span class='ocrx_word' id='word_1_156' title='bbox 190 1160 230 1187; x_wconf 91' lang='lat' dir='ltr'><strong>tio</strong></span> <span class='ocrx_word' id='word_1_157' title='bbox 247 1160 293 1187; x_wconf 92' lang='lat' dir='ltr'><strong>illo</strong></span> <span class='ocrx_word' id='word_1_158' title='bbox 304 1181 311 1193; x_wconf 96' lang='lat'><strong>,</strong></span> <span class='ocrx_word' id='word_1_159' title='bbox 330 1160 377 1194; x_wconf 86' lang='lat' dir='ltr'><strong>qui</strong></span> <span class='ocrx_word' id='word_1_160' title='bbox 394 1160 557 1195; x_wconf 84' lang='lat' dir='ltr'><strong>martyrium</strong></span> <span class='ocrx_word' id='word_1_161' title='bbox 573 1161 614 1188; x_wconf 86' lang='lat' dir='ltr'><strong>sie</strong></span> <span class='ocrx_word' id='word_1_162' title='bbox 637 1161 784 1196; x_wconf 84' lang='lat' dir='ltr'><strong>expetebat</strong></span> <span class='ocrx_word' id='word_1_163' title='bbox 798 1182 804 1193; x_wconf 89' lang='lat'><strong>,</strong></span> <span class='ocrx_word' id='word_1_164' title='bbox 830 1168 860 1189; x_wconf 87' lang='lat' dir='ltr'><strong>ut</strong></span> <span class='ocrx_word' id='word_1_165' title='bbox 875 1162 977 1194; x_wconf 87' lang='lat' dir='ltr'><strong>multis,</strong></span> 
     </span>
    </p>
   </div>
   <div class='ocr_carea' id='block_1_24' title="bbox 189 1205 979 1242">
    <p class='ocr_par' dir='ltr' id='par_1_24' title="bbox 189 1205 979 1242">
     <span class='ocr_line' id='line_1_24' title="bbox 189 1205 979 1242; baseline 0 -8"><span class='ocrx_word' id='word_1_166' title='bbox 189 1206 274 1234; x_wconf 87' lang='lat' dir='ltr'><strong>etiam</strong></span> <span class='ocrx_word' id='word_1_167' title='bbox 292 1205 508 1239; x_wconf 83' lang='lat' dir='ltr'><strong>Mahumetistis,</strong></span> <span class='ocrx_word' id='word_1_168' title='bbox 521 1206 703 1234; x_wconf 85' lang='lat' dir='ltr'><strong>audientibus</strong></span> <span class='ocrx_word' id='word_1_169' title='bbox 716 1207 817 1242; x_wconf 67' lang='lat' dir='ltr'><strong>smpius</strong></span> <span class='ocrx_word' id='word_1_170' title='bbox 830 1213 979 1242; x_wconf 86' lang='lat' dir='ltr'><strong>repeteret,</strong></span> 
     </span>
    </p>
   </div>
   <div class='ocr_carea' id='block_1_25' title="bbox 190 1252 977 1288">
    <p class='ocr_par' dir='ltr' id='par_1_25' title="bbox 190 1252 977 1288">
     <span class='ocr_line' id='line_1_25' title="bbox 190 1252 977 1288; baseline 0.003 -9"><span class='ocrx_word' id='word_1_171' title='bbox 190 1258 253 1287; x_wconf 67' lang='lat' dir='ltr'><strong>quae</strong></span> <span class='ocrx_word' id='word_1_172' title='bbox 267 1252 340 1279; x_wconf 86' lang='lat' dir='ltr'><strong>dicta</strong></span> <span class='ocrx_word' id='word_1_173' title='bbox 355 1252 484 1286; x_wconf 87' lang='lat' dir='ltr'><strong>superius</strong></span> <span class='ocrx_word' id='word_1_174' title='bbox 508 1257 584 1279; x_wconf 88' lang='lat' dir='ltr'><strong>sunt.</strong></span> <span class='ocrx_word' id='word_1_175' title='bbox 601 1253 770 1280; x_wconf 83' lang='lat' dir='ltr'><strong>Medicorum</strong></span> <span class='ocrx_word' id='word_1_176' title='bbox 786 1261 898 1288; x_wconf 87' lang='lat' dir='ltr'><strong>quoque</strong></span> <span class='ocrx_word' id='word_1_177' title='bbox 916 1254 977 1281; x_wconf 91' lang='lat' dir='ltr'><strong>dili-</strong></span> 
     </span>
    </p>
   </div>
   <div class='ocr_carea' id='block_1_26' title="bbox 191 1297 978 1332">
    <p class='ocr_par' dir='ltr' id='par_1_26' title="bbox 191 1297 978 1332">
     <span class='ocr_line' id='line_1_26' title="bbox 191 1297 978 1332; baseline 0.003 -8"><span class='ocrx_word' id='word_1_178' title='bbox 191 1298 285 1331; x_wconf 73' lang='lat' dir='ltr'><strong>gentia</strong></span> <span class='ocrx_word' id='word_1_179' title='bbox 298 1297 429 1325; x_wconf 85' lang='lat' dir='ltr'><strong>similiter</strong></span> <span class='ocrx_word' id='word_1_180' title='bbox 442 1318 450 1330; x_wconf 91' lang='lat'><strong>,</strong></span> <span class='ocrx_word' id='word_1_181' title='bbox 474 1297 530 1324; x_wconf 87' lang='lat' dir='ltr'><strong>imo</strong></span> <span class='ocrx_word' id='word_1_182' title='bbox 548 1298 631 1325; x_wconf 87' lang='lat' dir='ltr'><strong>etiam</strong></span> <span class='ocrx_word' id='word_1_183' title='bbox 653 1298 740 1332; x_wconf 83' lang='lat' dir='ltr'><strong>major</strong></span> <span class='ocrx_word' id='word_1_184' title='bbox 760 1297 846 1326; x_wconf 80' lang='lat' dir='ltr'><strong>fuisse</strong></span> <span class='ocrx_word' id='word_1_185' title='bbox 866 1298 978 1326; x_wconf 88' lang='lat' dir='ltr'><strong>dicitur.</strong></span> 
     </span>
    </p>
   </div>
   <div class='ocr_carea' id='block_1_27' title="bbox 194 1344 980 1378">
    <p class='ocr_par' dir='ltr' id='par_1_27' title="bbox 194 1344 980 1378">
     <span class='ocr_line' id='line_1_27' title="bbox 194 1344 980 1378; baseline 0 -6"><span class='ocrx_word' id='word_1_186' title='bbox 194 1344 328 1372; x_wconf 76' lang='lat' dir='ltr'><strong>Vicesima</strong></span> <span class='ocrx_word' id='word_1_187' title='bbox 345 1344 426 1371; x_wconf 87' lang='lat' dir='ltr'><strong>tertia</strong></span> <span class='ocrx_word' id='word_1_188' title='bbox 443 1344 487 1372; x_wconf 84' lang='lat' dir='ltr'><strong>dic</strong></span> <span class='ocrx_word' id='word_1_189' title='bbox 501 1344 648 1372; x_wconf 85' lang='lat' dir='ltr'><strong>incolumis</strong></span> <span class='ocrx_word' id='word_1_190' title='bbox 665 1351 803 1378; x_wconf 87' lang='lat' dir='ltr'><strong>sanusque</strong></span> <span class='ocrx_word' id='word_1_191' title='bbox 817 1351 872 1371; x_wconf 89' lang='lat' dir='ltr'><strong>non</strong></span> <span class='ocrx_word' id='word_1_192' title='bbox 893 1344 980 1372; x_wconf 91' lang='lat' dir='ltr'><strong>medi-</strong></span> 
     </span>
    </p>
   </div>
   <div class='ocr_carea' id='block_1_28' title="bbox 190 1392 979 1428">
    <p class='ocr_par' dir='ltr' id='par_1_28' title="bbox 190 1392 979 1428">
     <span class='ocr_line' id='line_1_28' title="bbox 190 1392 979 1428; baseline 0.003 -10"><span class='ocrx_word' id='word_1_193' title='bbox 190 1399 287 1419; x_wconf 88' lang='lat' dir='ltr'><strong>corum</strong></span> <span class='ocrx_word' id='word_1_194' title='bbox 308 1397 385 1424; x_wconf 89' lang='lat' dir='ltr'><strong>arte,</strong></span> <span class='ocrx_word' id='word_1_195' title='bbox 403 1392 451 1419; x_wconf 87' lang='lat' dir='ltr'><strong>sed</strong></span> <span class='ocrx_word' id='word_1_196' title='bbox 473 1392 548 1420; x_wconf 78' lang='lat' dir='ltr'><strong>illius</strong></span> <span class='ocrx_word' id='word_1_197' title='bbox 562 1392 642 1428; x_wconf 83' lang='lat' dir='ltr'><strong>primi</strong></span> <span class='ocrx_word' id='word_1_198' title='bbox 666 1392 807 1428; x_wconf 84' lang='lat' dir='ltr'><strong>martyris,</strong></span> <span class='ocrx_word' id='word_1_199' title='bbox 828 1397 856 1421; x_wconf 91' lang='lat' dir='ltr'><strong>et</strong></span> <span class='ocrx_word' id='word_1_200' title='bbox 871 1393 979 1421; x_wconf 88' lang='lat' dir='ltr'><strong>Domini</strong></span> 
     </span>
    </p>
   </div>
   <div class='ocr_carea' id='block_1_29' title="bbox 191 1438 982 1474">
    <p class='ocr_par' dir='ltr' id='par_1_29' title="bbox 191 1438 982 1474">
     <span class='ocr_line' id='line_1_29' title="bbox 191 1438 982 1474; baseline 0.004 -10"><span class='ocrx_word' id='word_1_201' title='bbox 191 1439 315 1465; x_wconf 77' lang='lat' dir='ltr'><strong>omnium</strong></span> <span class='ocrx_word' id='word_1_202' title='bbox 331 1438 395 1466; x_wconf 85' lang='lat' dir='ltr'><strong>Jcsu</strong></span> <span class='ocrx_word' id='word_1_203' title='bbox 413 1438 518 1467; x_wconf 85' lang='lat' dir='ltr'><strong>Christi</strong></span> <span class='ocrx_word' id='word_1_204' title='bbox 535 1439 688 1474; x_wconf 84' lang='lat' dir='ltr'><strong>productus</strong></span> <span class='ocrx_word' id='word_1_205' title='bbox 703 1438 838 1471; x_wconf 77' lang='lat' dir='ltr'><strong>Andreas,</strong></span> <span class='ocrx_word' id='word_1_206' title='bbox 848 1447 921 1467; x_wconf 92' lang='lat' dir='ltr'><strong>novo</strong></span> <span class='ocrx_word' id='word_1_207' title='bbox 936 1447 982 1474; x_wconf 76' lang='lat' dir='ltr'><strong>ge-</strong></span> 
     </span>
    </p>
   </div>
   <div class='ocr_carea' id='block_1_30' title="bbox 192 1485 981 1520">
    <p class='ocr_par' dir='ltr' id='par_1_30' title="bbox 192 1485 981 1520">
     <span class='ocr_line' id='line_1_30' title="bbox 192 1485 981 1520; baseline 0.003 -9"><span class='ocrx_word' id='word_1_208' title='bbox 192 1493 258 1512; x_wconf 89' lang='lat' dir='ltr'><strong>nere</strong></span> <span class='ocrx_word' id='word_1_209' title='bbox 277 1485 417 1513; x_wconf 83' lang='lat' dir='ltr'><strong>cruciatus</strong></span> <span class='ocrx_word' id='word_1_210' title='bbox 445 1490 560 1512; x_wconf 84' lang='lat' dir='ltr'><strong>vexatur</strong></span> <span class='ocrx_word' id='word_1_211' title='bbox 583 1494 591 1512; x_wconf 82' lang='lat' dir='ltr'><em>z</em></span> <span class='ocrx_word' id='word_1_212' title='bbox 616 1485 749 1513; x_wconf 84' lang='lat' dir='ltr'><strong>humeros</strong></span> <span class='ocrx_word' id='word_1_213' title='bbox 776 1485 907 1514; x_wconf 85' lang='lat' dir='ltr'><strong>carnibus</strong></span> <span class='ocrx_word' id='word_1_214' title='bbox 932 1493 981 1520; x_wconf 89' lang='lat' dir='ltr'><strong>per</strong></span> 
     </span>
    </p>
   </div>
   <div class='ocr_carea' id='block_1_31' title="bbox 192 1531 1016 1570">
    <p class='ocr_par' dir='ltr' id='par_1_31' title="bbox 192 1531 1016 1570">
     <span class='ocr_line' id='line_1_31' title="bbox 192 1531 1016 1570; baseline 0 -12"><span class='ocrx_word' id='word_1_215' title='bbox 192 1531 298 1566; x_wconf 83' lang='lat' dir='ltr'><strong>gladios</strong></span> <span class='ocrx_word' id='word_1_216' title='bbox 322 1532 473 1564; x_wconf 87' lang='lat' dir='ltr'><strong>denudant,</strong></span> <span class='ocrx_word' id='word_1_217' title='bbox 498 1531 641 1559; x_wconf 83' lang='lat' dir='ltr'><strong>studentes</strong></span> <span class='ocrx_word' id='word_1_218' title='bbox 657 1539 768 1566; x_wconf 86' lang='lat' dir='ltr'><strong>semper</strong></span> <span class='ocrx_word' id='word_1_219' title='bbox 780 1552 788 1565; x_wconf 88' lang='lat'><strong>,</strong></span> <span class='ocrx_word' id='word_1_220' title='bbox 812 1539 846 1559; x_wconf 91' lang='lat' dir='ltr'><strong>ne</strong></span> <span class='ocrx_word' id='word_1_221' title='bbox 864 1532 980 1559; x_wconf 84' lang='lat' dir='ltr'><strong>celerior</strong></span> <span class='ocrx_word' id='word_1_222' title='bbox 993 1539 1016 1570; x_wconf 72' lang='grc' dir='ltr'><strong>ρ</strong></span> 
     </span>
    </p>
   </div>
   <div class='ocr_carea' id='block_1_32' title="bbox 192 1577 979 1612">
    <p class='ocr_par' dir='ltr' id='par_1_32' title="bbox 192 1577 979 1612">
     <span class='ocr_line' id='line_1_32' title="bbox 192 1577 979 1612; baseline 0 -8"><span class='ocrx_word' id='word_1_223' title='bbox 192 1585 266 1604; x_wconf 84' lang='lat' dir='ltr'><strong>mors</strong></span> <span class='ocrx_word' id='word_1_224' title='bbox 292 1579 381 1612; x_wconf 87' lang='lat' dir='ltr'><strong>ipsum</strong></span> <span class='ocrx_word' id='word_1_225' title='bbox 403 1578 556 1604; x_wconf 84' lang='lat' dir='ltr'><strong>invaderet.</strong></span> <span class='ocrx_word' id='word_1_226' title='bbox 587 1577 741 1612; x_wconf 81' lang='lat' dir='ltr'><strong>Sperabant</strong></span> <span class='ocrx_word' id='word_1_227' title='bbox 764 1578 848 1610; x_wconf 85' lang='lat' dir='ltr'><strong>enim,</strong></span> <span class='ocrx_word' id='word_1_228' title='bbox 878 1579 900 1605; x_wconf 87' lang='lat' dir='ltr'><strong>si</strong></span> <span class='ocrx_word' id='word_1_229' title='bbox 925 1585 979 1604; x_wconf 92' lang='lat' dir='ltr'><strong>non</strong></span> 
     </span>
    </p>
   </div>
   <div class='ocr_carea' id='block_1_33' title="bbox 191 1622 982 1657">
    <p class='ocr_par' dir='ltr' id='par_1_33' title="bbox 191 1622 982 1657">
     <span class='ocr_line' id='line_1_33' title="bbox 191 1622 982 1657; baseline 0 -8"><span class='ocrx_word' id='word_1_230' title='bbox 191 1622 343 1649; x_wconf 74' lang='lat' dir='ltr'><strong>acerbitate</strong></span> <span class='ocrx_word' id='word_1_231' title='bbox 364 1630 395 1650; x_wconf 89' lang='lat' dir='ltr'><strong>uc</strong></span> <span class='ocrx_word' id='word_1_232' title='bbox 415 1622 606 1657; x_wconf 76' lang='lat' dir='ltr'><strong>magnitudine</strong></span> <span class='ocrx_word' id='word_1_233' title='bbox 626 1623 764 1654; x_wconf 87' lang='lat' dir='ltr'><strong>dolorum,</strong></span> <span class='ocrx_word' id='word_1_234' title='bbox 784 1626 903 1650; x_wconf 89' lang='lat' dir='ltr'><strong>attamen</strong></span> <span class='ocrx_word' id='word_1_235' title='bbox 920 1622 982 1649; x_wconf 88' lang='lat' dir='ltr'><strong>diu-</strong></span> 
     </span>
    </p>
   </div>
   <div class='ocr_carea' id='block_1_34' title="bbox 193 1668 982 1703">
    <p class='ocr_par' dir='ltr' id='par_1_34' title="bbox 193 1668 982 1703">
     <span class='ocr_line' id='line_1_34' title="bbox 193 1668 982 1703; baseline 0.001 -8"><span class='ocrx_word' id='word_1_236' title='bbox 193 1668 326 1695; x_wconf 89' lang='lat' dir='ltr'><strong>turnitate</strong></span> <span class='ocrx_word' id='word_1_237' title='bbox 345 1675 376 1696; x_wconf 87' lang='lat' dir='ltr'><strong>se</strong></span> <span class='ocrx_word' id='word_1_238' title='bbox 405 1668 548 1700; x_wconf 84' lang='lat' dir='ltr'><strong>victuros,</strong></span> <span class='ocrx_word' id='word_1_239' title='bbox 568 1668 617 1695; x_wconf 89' lang='lat' dir='ltr'><strong>sed</strong></span> <span class='ocrx_word' id='word_1_240' title='bbox 646 1668 732 1696; x_wconf 80' lang='lat' dir='ltr'><strong>derisi</strong></span> <span class='ocrx_word' id='word_1_241' title='bbox 754 1669 864 1696; x_wconf 83' lang='lat' dir='ltr'><strong>tandem</strong></span> <span class='ocrx_word' id='word_1_242' title='bbox 882 1669 982 1703; x_wconf 54' lang='lat' dir='ltr'><strong>jacueo</strong></span> 
     </span>
    </p>
   </div>
   <div class='ocr_carea' id='block_1_35' title="bbox 193 1713 982 1749">
    <p class='ocr_par' dir='ltr' id='par_1_35' title="bbox 193 1713 982 1749">
     <span class='ocr_line' id='line_1_35' title="bbox 193 1713 982 1749; baseline 0.001 -9"><span class='ocrx_word' id='word_1_243' title='bbox 193 1718 269 1740; x_wconf 89' lang='lat' dir='ltr'><strong>runt.</strong></span> <span class='ocrx_word' id='word_1_244' title='bbox 293 1713 436 1741; x_wconf 83' lang='lat' dir='ltr'><strong>Declinato</strong></span> <span class='ocrx_word' id='word_1_245' title='bbox 455 1713 501 1741; x_wconf 88' lang='lat' dir='ltr'><strong>die</strong></span> <span class='ocrx_word' id='word_1_246' title='bbox 522 1713 667 1741; x_wconf 88' lang='lat' dir='ltr'><strong>reducitur</strong></span> <span class='ocrx_word' id='word_1_247' title='bbox 680 1734 687 1746; x_wconf 89' lang='lat'><strong>,</strong></span> <span class='ocrx_word' id='word_1_248' title='bbox 727 1714 811 1742; x_wconf 85' lang='lat' dir='ltr'><strong>sicuti</strong></span> <span class='ocrx_word' id='word_1_249' title='bbox 830 1715 982 1749; x_wconf 84' lang='lat' dir='ltr'><strong>superiori-</strong></span> 
     </span>
    </p>
   </div>
   <div class='ocr_carea' id='block_1_36' title="bbox 194 1759 983 1795">
    <p class='ocr_par' dir='ltr' id='par_1_36' title="bbox 194 1759 983 1795">
     <span class='ocr_line' id='line_1_36' title="bbox 194 1759 983 1795; baseline 0.001 -9"><span class='ocrx_word' id='word_1_250' title='bbox 194 1761 247 1787; x_wconf 88' lang='lat' dir='ltr'><strong>bus</strong></span> <span class='ocrx_word' id='word_1_251' title='bbox 269 1759 386 1790; x_wconf 84' lang='lat' dir='ltr'><strong>diebus,</strong></span> <span class='ocrx_word' id='word_1_252' title='bbox 407 1759 491 1787; x_wconf 80' lang='lat' dir='ltr'><strong>dictis</strong></span> <span class='ocrx_word' id='word_1_253' title='bbox 508 1759 644 1795; x_wconf 79' lang='lat' dir='ltr'><strong>factisque</strong></span> <span class='ocrx_word' id='word_1_254' title='bbox 658 1779 666 1793; x_wconf 91' lang='lat'><strong>,</strong></span> <span class='ocrx_word' id='word_1_255' title='bbox 687 1760 896 1788; x_wconf 84' lang='lat' dir='ltr'><strong>medicamentis</strong></span> <span class='ocrx_word' id='word_1_256' title='bbox 913 1768 983 1795; x_wconf 83' lang='lat' dir='ltr'><strong>quo-</strong></span> 
     </span>
    </p>
   </div>
   <div class='ocr_carea' id='block_1_37' title="bbox 193 1804 983 1840">
    <p class='ocr_par' dir='ltr' id='par_1_37' title="bbox 193 1804 983 1840">
     <span class='ocr_line' id='line_1_37' title="bbox 193 1804 983 1840; baseline 0.001 -9"><span class='ocrx_word' id='word_1_257' title='bbox 193 1811 249 1839; x_wconf 82' lang='lat' dir='ltr'><strong>que</strong></span> <span class='ocrx_word' id='word_1_258' title='bbox 268 1811 323 1831; x_wconf 94' lang='lat' dir='ltr'><strong>non</strong></span> <span class='ocrx_word' id='word_1_259' title='bbox 350 1804 432 1832; x_wconf 85' lang='lat' dir='ltr'><strong>aliter</strong></span> <span class='ocrx_word' id='word_1_260' title='bbox 458 1812 542 1840; x_wconf 84' lang='lat' dir='ltr'><strong>quam</strong></span> <span class='ocrx_word' id='word_1_261' title='bbox 572 1806 650 1840; x_wconf 84' lang='lat' dir='ltr'><strong>prius</strong></span> <span class='ocrx_word' id='word_1_262' title='bbox 677 1805 820 1833; x_wconf 80' lang='lat' dir='ltr'><strong>adhibitis.</strong></span> <span class='ocrx_word' id='word_1_263' title='bbox 842 1805 890 1832; x_wconf 91' lang='lat' dir='ltr'><strong>Die</strong></span> <span class='ocrx_word' id='word_1_264' title='bbox 911 1806 983 1832; x_wconf 83' lang='lat' dir='ltr'><strong>vice-</strong></span> 
     </span>
    </p>
   </div>
   <div class='ocr_carea' id='block_1_38' title="bbox 193 1851 985 1886">
    <p class='ocr_par' dir='ltr' id='par_1_38' title="bbox 193 1851 985 1886">
     <span class='ocr_line' id='line_1_38' title="bbox 193 1851 985 1886; baseline 0.003 -9"><span class='ocrx_word' id='word_1_265' title='bbox 193 1851 265 1878; x_wconf 87' lang='lat' dir='ltr'><strong>sima</strong></span> <span class='ocrx_word' id='word_1_266' title='bbox 282 1855 380 1885; x_wconf 88' lang='lat' dir='ltr'><strong>quarta</strong></span> <span class='ocrx_word' id='word_1_267' title='bbox 400 1851 524 1886; x_wconf 81' lang='lat' dir='ltr'><strong>ejusdem</strong></span> <span class='ocrx_word' id='word_1_268' title='bbox 549 1852 653 1879; x_wconf 85' lang='lat' dir='ltr'><strong>mensis</strong></span> <span class='ocrx_word' id='word_1_269' title='bbox 668 1872 675 1884; x_wconf 91' lang='lat'><strong>,</strong></span> <span class='ocrx_word' id='word_1_270' title='bbox 695 1852 793 1879; x_wconf 88' lang='lat' dir='ltr'><strong>eodem</strong></span> <span class='ocrx_word' id='word_1_271' title='bbox 814 1851 896 1879; x_wconf 86' lang='lat' dir='ltr'><strong>modo</strong></span> <span class='ocrx_word' id='word_1_272' title='bbox 915 1851 985 1879; x_wconf 85' lang='lat' dir='ltr'><strong>iiuut</strong></span> 
     </span>
    </p>
   </div>
   <div class='ocr_carea' id='block_1_39' title="bbox 195 1889 984 1933">
    <p class='ocr_par' dir='ltr' id='par_1_39' title="bbox 195 1889 984 1933">
     <span class='ocr_line' id='line_1_39' title="bbox 195 1889 984 1933; baseline 0.001 -10"><span class='ocrx_word' id='word_1_273' title='bbox 195 1897 300 1929; x_wconf 77' lang='lat' dir='ltr'><strong>omnia,</strong></span> <span class='ocrx_word' id='word_1_274' title='bbox 313 1889 467 1933; x_wconf 76' lang='lat' dir='ltr'><strong>eodemque</strong></span> <span class='ocrx_word' id='word_1_275' title='bbox 482 1897 510 1924; x_wconf 93' lang='lat' dir='ltr'><strong>in</strong></span> <span class='ocrx_word' id='word_1_276' title='bbox 526 1897 597 1931; x_wconf 86' lang='lat' dir='ltr'><strong>loco,</strong></span> <span class='ocrx_word' id='word_1_277' title='bbox 611 1904 668 1933; x_wconf 86' lang='lat' dir='ltr'><strong>quo</strong></span> <span class='ocrx_word' id='word_1_278' title='bbox 686 1898 714 1925; x_wconf 90' lang='lat' dir='ltr'><strong>in</strong></span> <span class='ocrx_word' id='word_1_279' title='bbox 727 1897 773 1926; x_wconf 88' lang='lat' dir='ltr'><strong>die</strong></span> <span class='ocrx_word' id='word_1_280' title='bbox 787 1899 883 1926; x_wconf 84' lang='lat' dir='ltr'><strong>clunes</strong></span> <span class='ocrx_word' id='word_1_281' title='bbox 895 1897 984 1926; x_wconf 87' lang='lat' dir='ltr'><strong>carni-</strong></span> 
     </span>
    </p>
   </div>
   <div class='ocr_carea' id='block_1_40' title="bbox 195 1944 985 1978">
    <p class='ocr_par' dir='ltr' id='par_1_40' title="bbox 195 1944 985 1978">
     <span class='ocr_line' id='line_1_40' title="bbox 195 1944 985 1978; baseline 0.001 -8"><span class='ocrx_word' id='word_1_282' title='bbox 195 1944 248 1971; x_wconf 91' lang='lat' dir='ltr'><strong>bus</strong></span> <span class='ocrx_word' id='word_1_283' title='bbox 262 1944 406 1970; x_wconf 87' lang='lat' dir='ltr'><strong>novaculis</strong></span> <span class='ocrx_word' id='word_1_284' title='bbox 421 1944 588 1978; x_wconf 86' lang='lat' dir='ltr'><strong>spoliantur,</strong></span> <span class='ocrx_word' id='word_1_285' title='bbox 600 1951 656 1972; x_wconf 91' lang='lat' dir='ltr'><strong>non</strong></span> <span class='ocrx_word' id='word_1_286' title='bbox 670 1945 774 1977; x_wconf 88' lang='lat' dir='ltr'><strong>subito,</strong></span> <span class='ocrx_word' id='word_1_287' title='bbox 786 1944 834 1972; x_wconf 88' lang='lat' dir='ltr'><strong>sed</strong></span> <span class='ocrx_word' id='word_1_288' title='bbox 847 1952 909 1972; x_wconf 89' lang='lat' dir='ltr'><strong>cum</strong></span> <span class='ocrx_word' id='word_1_289' title='bbox 926 1953 985 1972; x_wconf 82' lang='lat' dir='ltr'><strong>Illo--</strong></span> 
     </span>
    </p>
   </div>
   <div class='ocr_carea' id='block_1_41' title="bbox 199 1988 985 2025">
    <p class='ocr_par' dir='ltr' id='par_1_41' title="bbox 199 1988 985 2025">
     <span class='ocr_line' id='line_1_41' title="bbox 199 1988 985 2025; baseline 0.003 -9"><span class='ocrx_word' id='word_1_290' title='bbox 199 1998 245 2020; x_wconf 80' lang='lat' dir='ltr'><strong>ra.</strong></span> <span class='ocrx_word' id='word_1_291' title='bbox 266 1994 295 2016; x_wconf 88' lang='lat' dir='ltr'><strong>ut</strong></span> <span class='ocrx_word' id='word_1_292' title='bbox 320 1988 424 2016; x_wconf 83' lang='lat' dir='ltr'><strong>doloris</strong></span> <span class='ocrx_word' id='word_1_293' title='bbox 441 1990 578 2018; x_wconf 83' lang='lat' dir='ltr'><strong>acerbitas</strong></span> <span class='ocrx_word' id='word_1_294' title='bbox 601 1990 687 2025; x_wconf 75' lang='lat' dir='ltr'><strong>magis</strong></span> <span class='ocrx_word' id='word_1_295' title='bbox 703 1991 865 2018; x_wconf 84' lang='lat' dir='ltr'><strong>sentiretur.</strong></span> <span class='ocrx_word' id='word_1_296' title='bbox 880 1990 985 2018; x_wconf 72' lang='lat' dir='ltr'><strong>Caetera</strong></span> 
     </span>
    </p>
   </div>
   <div class='ocr_carea' id='block_1_42' title="bbox 196 2035 984 2072">
    <p class='ocr_par' dir='ltr' id='par_1_42' title="bbox 196 2035 984 2072">
     <span class='ocr_line' id='line_1_42' title="bbox 196 2035 984 2072; baseline 0 -9"><span class='ocrx_word' id='word_1_297' title='bbox 196 2036 290 2063; x_wconf 82' lang='lat' dir='ltr'><strong>omnia</strong></span> <span class='ocrx_word' id='word_1_298' title='bbox 314 2035 443 2063; x_wconf 87' lang='lat' dir='ltr'><strong>similiter</strong></span> <span class='ocrx_word' id='word_1_299' title='bbox 466 2041 537 2068; x_wconf 79' lang='lat' dir='ltr'><strong>acta,</strong></span> <span class='ocrx_word' id='word_1_300' title='bbox 561 2040 591 2063; x_wconf 89' lang='lat' dir='ltr'><strong>ut.</strong></span> <span class='ocrx_word' id='word_1_301' title='bbox 616 2036 643 2063; x_wconf 92' lang='lat' dir='ltr'><strong>in</strong></span> <span class='ocrx_word' id='word_1_302' title='bbox 669 2036 860 2072; x_wconf 86' lang='lat' dir='ltr'><strong>superioribus</strong></span> <span class='ocrx_word' id='word_1_303' title='bbox 876 2037 984 2067; x_wconf 85' lang='lat' dir='ltr'><strong>diebus,</strong></span> 
     </span>
    </p>
   </div>
   <div class='ocr_carea' id='block_1_43' title="bbox 198 2081 987 2116">
    <p class='ocr_par' dir='ltr' id='par_1_43' title="bbox 198 2081 987 2116">
     <span class='ocr_line' id='line_1_43' title="bbox 198 2081 987 2116; baseline 0.004 -10"><span class='ocrx_word' id='word_1_304' title='bbox 198 2082 328 2115; x_wconf 81' lang='lat' dir='ltr'><strong>dictaque</strong></span> <span class='ocrx_word' id='word_1_305' title='bbox 345 2082 442 2108; x_wconf 86' lang='lat' dir='ltr'><strong>eodem</strong></span> <span class='ocrx_word' id='word_1_306' title='bbox 459 2081 541 2108; x_wconf 80' lang='lat' dir='ltr'><strong>modo</strong></span> <span class='ocrx_word' id='word_1_307' title='bbox 563 2081 647 2108; x_wconf 85' lang='lat' dir='ltr'><strong>etiam</strong></span> <span class='ocrx_word' id='word_1_308' title='bbox 672 2089 687 2108; x_wconf 93' lang='lat' dir='ltr'><strong>a</strong></span> <span class='ocrx_word' id='word_1_309' title='bbox 711 2081 900 2116; x_wconf 79' lang='lat' dir='ltr'><strong>Trapezuntio</strong></span> <span class='ocrx_word' id='word_1_310' title='bbox 916 2089 987 2109; x_wconf 87' lang='lat' dir='ltr'><strong>mar--</strong></span> 
     </span>
    </p>
   </div>
   <div class='ocr_carea' id='block_1_44' title="bbox 199 2127 986 2167">
    <p class='ocr_par' dir='ltr' id='par_1_44' title="bbox 199 2127 986 2167">
     <span class='ocr_line' id='line_1_44' title="bbox 199 2127 986 2167; baseline 0.001 -13"><span class='ocrx_word' id='word_1_311' title='bbox 199 2131 221 2162; x_wconf 68' lang='grc' dir='ltr'><strong>ι)</strong></span> <span class='ocrx_word' id='word_1_312' title='bbox 230 2135 257 2153; x_wconf 89' lang='lat' dir='ltr'><strong>re</strong></span> <span class='ocrx_word' id='word_1_313' title='bbox 272 2128 365 2167; x_wconf 82' lang='lat' dir='ltr'><strong>animo</strong></span> <span class='ocrx_word' id='word_1_314' title='bbox 387 2133 471 2161; x_wconf 88' lang='lat' dir='ltr'><strong>atque</strong></span> <span class='ocrx_word' id='word_1_315' title='bbox 494 2127 646 2160; x_wconf 83' lang='lat' dir='ltr'><strong>voluntate,</strong></span> <span class='ocrx_word' id='word_1_316' title='bbox 663 2128 710 2162; x_wconf 85' lang='lat' dir='ltr'><strong>qui</strong></span> <span class='ocrx_word' id='word_1_317' title='bbox 734 2128 788 2155; x_wconf 84' lang='lat' dir='ltr'><strong>illis</strong></span> <span class='ocrx_word' id='word_1_318' title='bbox 802 2127 911 2161; x_wconf 87' lang='lat' dir='ltr'><strong>diebus,</strong></span> <span class='ocrx_word' id='word_1_319' title='bbox 924 2128 986 2163; x_wconf 88' lang='lat' dir='ltr'><strong>qui-</strong></span> 
     </span>
    </p>
   </div>
   <div class='ocr_carea' id='block_1_45' title="bbox 201 2173 986 2207">
    <p class='ocr_par' dir='ltr' id='par_1_45' title="bbox 201 2173 986 2207">
     <span class='ocr_line' id='line_1_45' title="bbox 201 2173 986 2207; baseline 0.005 -9"><span class='ocrx_word' id='word_1_320' title='bbox 201 2174 252 2200; x_wconf 84' lang='lat' dir='ltr'><strong>bus</strong></span> <span class='ocrx_word' id='word_1_321' title='bbox 272 2173 395 2200; x_wconf 81' lang='lat' dir='ltr'><strong>Andreas</strong></span> <span class='ocrx_word' id='word_1_322' title='bbox 415 2173 571 2207; x_wconf 82' lang='lat' dir='ltr'><strong>patiebatur</strong></span> <span class='ocrx_word' id='word_1_323' title='bbox 585 2195 592 2206; x_wconf 91' lang='lat'><strong>,</strong></span> <span class='ocrx_word' id='word_1_324' title='bbox 614 2174 743 2201; x_wconf 83' lang='lat' dir='ltr'><strong>similiter</strong></span> <span class='ocrx_word' id='word_1_325' title='bbox 763 2182 778 2201; x_wconf 89' lang='lat' dir='ltr'><strong>e</strong></span> <span class='ocrx_word' id='word_1_326' title='bbox 799 2174 870 2202; x_wconf 90' lang='lat' dir='ltr'><strong>turri</strong></span> <span class='ocrx_word' id='word_1_327' title='bbox 890 2175 986 2202; x_wconf 83' lang='lat' dir='ltr'><strong>clarui-</strong></span> 
     </span>
    </p>
   </div>
   <div class='ocr_carea' id='block_1_46' title="bbox 202 2215 1026 2257">
    <p class='ocr_par' dir='ltr' id='par_1_46' title="bbox 202 2215 1026 2257">
     <span class='ocr_line' id='line_1_46' title="bbox 202 2215 1026 2257; baseline 0.004 -12"><span class='ocrx_word' id='word_1_328' title='bbox 202 2220 287 2246; x_wconf 81' lang='lat' dir='ltr'><strong>Iabat.</strong></span> <span class='ocrx_word' id='word_1_329' title='bbox 316 2219 364 2247; x_wconf 86' lang='lat' dir='ltr'><strong>Die</strong></span> <span class='ocrx_word' id='word_1_330' title='bbox 382 2219 512 2247; x_wconf 85' lang='lat' dir='ltr'><strong>vicesima</strong></span> <span class='ocrx_word' id='word_1_331' title='bbox 543 2221 654 2255; x_wconf 88' lang='lat' dir='ltr'><strong>quinta,</strong></span> <span class='ocrx_word' id='word_1_332' title='bbox 684 2226 776 2255; x_wconf 87' lang='lat' dir='ltr'><strong>partes</strong></span> <span class='ocrx_word' id='word_1_333' title='bbox 800 2221 902 2256; x_wconf 82' lang='lat' dir='ltr'><strong>pedum</strong></span> <span class='ocrx_word' id='word_1_334' title='bbox 928 2230 989 2257; x_wconf 63' lang='lat' dir='ltr'><strong>quas</strong></span> <span class='ocrx_word' id='word_1_335' title='bbox 1005 2215 1026 2242; x_wconf 81' lang='grc' dir='ltr'>ῐ)</span> 
     </span>
    </p>
   </div>
   <div class='ocr_carea' id='block_1_47' title="bbox 202 2266 987 2301">
    <p class='ocr_par' dir='ltr' id='par_1_47' title="bbox 202 2266 987 2301">
     <span class='ocr_line' id='line_1_47' title="bbox 202 2266 987 2301; baseline 0.005 -10"><span class='ocrx_word' id='word_1_336' title='bbox 202 2266 275 2292; x_wconf 85' lang='lat' dir='ltr'><strong>inter</strong></span> <span class='ocrx_word' id='word_1_337' title='bbox 289 2273 378 2300; x_wconf 77' lang='lat' dir='ltr'><strong>genua</strong></span> <span class='ocrx_word' id='word_1_338' title='bbox 395 2266 547 2301; x_wconf 85' lang='lat' dir='ltr'><strong>clunesque</strong></span> <span class='ocrx_word' id='word_1_339' title='bbox 565 2271 644 2299; x_wconf 72' lang='lat' dir='ltr'><strong>sunt,</strong></span> <span class='ocrx_word' id='word_1_340' title='bbox 658 2268 789 2295; x_wconf 82' lang='lat' dir='ltr'><strong>carnibus</strong></span> <span class='ocrx_word' id='word_1_341' title='bbox 801 2268 928 2295; x_wconf 88' lang='lat' dir='ltr'><strong>similiter</strong></span> <span class='ocrx_word' id='word_1_342' title='bbox 941 2268 987 2295; x_wconf 78' lang='lat' dir='ltr'><strong>de~</strong></span> 
     </span>
    </p>
   </div>
   <div class='ocr_carea' id='block_1_48' title="bbox 201 2313 988 2350">
    <p class='ocr_par' dir='ltr' id='par_1_48' title="bbox 201 2313 988 2350">
     <span class='ocr_line' id='line_1_48' title="bbox 201 2313 988 2350; baseline 0.004 -12"><span class='ocrx_word' id='word_1_343' title='bbox 201 2313 365 2345; x_wconf 82' lang='lat' dir='ltr'><strong>nudantur;</strong></span> <span class='ocrx_word' id='word_1_344' title='bbox 396 2317 495 2340; x_wconf 63' lang='lat' dir='ltr'><strong>caetera</strong></span> <span class='ocrx_word' id='word_1_345' title='bbox 522 2314 619 2340; x_wconf 82' lang='lat' dir='ltr'><strong>eodem</strong></span> <span class='ocrx_word' id='word_1_346' title='bbox 651 2314 734 2341; x_wconf 84' lang='lat' dir='ltr'><strong>modo</strong></span> <span class='ocrx_word' id='word_1_347' title='bbox 760 2314 833 2342; x_wconf 87' lang='lat' dir='ltr'><strong>dicta</strong></span> <span class='ocrx_word' id='word_1_348' title='bbox 856 2320 988 2350; x_wconf 79' lang='lat' dir='ltr'><strong>gestaque</strong></span> 
     </span>
    </p>
   </div>
   <div class='ocr_carea' id='block_1_49' title="bbox 202 2359 989 2393">
    <p class='ocr_par' dir='ltr' id='par_1_49' title="bbox 202 2359 989 2393">
     <span class='ocr_line' id='line_1_49' title="bbox 202 2359 989 2393; baseline 0.003 -8"><span class='ocrx_word' id='word_1_349' title='bbox 202 2359 326 2385; x_wconf 73' lang='lat' dir='ltr'><strong>ruerunt.</strong></span> <span class='ocrx_word' id='word_1_350' title='bbox 350 2359 483 2386; x_wconf 82' lang='lat' dir='ltr'><strong>Vicesima</strong></span> <span class='ocrx_word' id='word_1_351' title='bbox 508 2363 585 2387; x_wconf 77' lang='lat' dir='ltr'><strong>sexta</strong></span> <span class='ocrx_word' id='word_1_352' title='bbox 606 2360 668 2392; x_wconf 79' lang='lat' dir='ltr'><strong>die.</strong></span> <span class='ocrx_word' id='word_1_353' title='bbox 688 2367 760 2389; x_wconf 73' lang='lat' dir='ltr'><strong>sura:</strong></span> <span class='ocrx_word' id='word_1_354' title='bbox 773 2380 780 2393; x_wconf 97' lang='lat'><strong>,</strong></span> <span class='ocrx_word' id='word_1_355' title='bbox 800 2361 827 2388; x_wconf 91' lang='lat' dir='ltr'><strong>id</strong></span> <span class='ocrx_word' id='word_1_356' title='bbox 847 2365 909 2393; x_wconf 86' lang='lat' dir='ltr'><strong>est,</strong></span> <span class='ocrx_word' id='word_1_357' title='bbox 928 2368 989 2388; x_wconf 81' lang='lat' dir='ltr'><strong>ear-</strong></span> 
     </span>
    </p>
   </div>
   <div class='ocr_carea' id='block_1_50' title="bbox 202 2405 991 2442">
    <p class='ocr_par' dir='ltr' id='par_1_50' title="bbox 202 2405 991 2442">
     <span class='ocr_line' id='line_1_50' title="bbox 202 2405 991 2442; baseline 0.003 -11"><span class='ocrx_word' id='word_1_358' title='bbox 202 2412 275 2438; x_wconf 66' lang='lat' dir='ltr'><strong>nostr</strong></span> <span class='ocrx_word' id='word_1_359' title='bbox 302 2410 394 2439; x_wconf 83' lang='lat' dir='ltr'><strong>partes</strong></span> <span class='ocrx_word' id='word_1_360' title='bbox 425 2405 546 2440; x_wconf 88' lang='lat' dir='ltr'><strong>pedum,</strong></span> <span class='ocrx_word' id='word_1_361' title='bbox 577 2413 639 2441; x_wconf 66' lang='lat' dir='ltr'><strong>quae</strong></span> <span class='ocrx_word' id='word_1_362' title='bbox 669 2411 734 2433; x_wconf 90' lang='lat' dir='ltr'><strong>sunt</strong></span> <span class='ocrx_word' id='word_1_363' title='bbox 764 2406 835 2433; x_wconf 90' lang='lat' dir='ltr'><strong>intra</strong></span> <span class='ocrx_word' id='word_1_364' title='bbox 856 2414 943 2442; x_wconf 80' lang='lat' dir='ltr'><strong>genua</strong></span> <span class='ocrx_word' id='word_1_365' title='bbox 964 2411 991 2433; x_wconf 74' lang='lat' dir='ltr'><strong>et</strong></span> 
     </span>
    </p>
   </div>
   <div class='ocr_carea' id='block_1_51' title="bbox 201 2451 991 2485">
    <p class='ocr_par' dir='ltr' id='par_1_51' title="bbox 201 2451 991 2485">
     <span class='ocr_line' id='line_1_51' title="bbox 201 2451 991 2485; baseline 0.003 -8"><span class='ocrx_word' id='word_1_366' title='bbox 201 2451 321 2485; x_wconf 83' lang='lat' dir='ltr'><strong>poplites</strong></span> <span class='ocrx_word' id='word_1_367' title='bbox 338 2472 346 2483; x_wconf 89' lang='lat'><strong>,</strong></span> <span class='ocrx_word' id='word_1_368' title='bbox 367 2451 498 2478; x_wconf 88' lang='lat' dir='ltr'><strong>similiter</strong></span> <span class='ocrx_word' id='word_1_369' title='bbox 517 2451 650 2479; x_wconf 89' lang='lat' dir='ltr'><strong>carnibus</strong></span> <span class='ocrx_word' id='word_1_370' title='bbox 668 2452 855 2479; x_wconf 87' lang='lat' dir='ltr'><strong>denudantur.</strong></span> <span class='ocrx_word' id='word_1_371' title='bbox 871 2452 991 2480; x_wconf 69' lang='lat' dir='ltr'><strong>Czctcra-</strong></span> 
     </span>
    </p>
   </div>
   <div class='ocr_carea' id='block_1_52' title="bbox 202 2497 992 2532">
    <p class='ocr_par' dir='ltr' id='par_1_52' title="bbox 202 2497 992 2532">
     <span class='ocr_line' id='line_1_52' title="bbox 202 2497 992 2532; baseline 0.001 -6"><span class='ocrx_word' id='word_1_372' title='bbox 202 2505 257 2532; x_wconf 86' lang='lat' dir='ltr'><strong>que</strong></span> <span class='ocrx_word' id='word_1_373' title='bbox 272 2497 355 2530; x_wconf 79' lang='lat' dir='ltr'><strong>facta,</strong></span> <span class='ocrx_word' id='word_1_374' title='bbox 370 2497 456 2530; x_wconf 86' lang='lat' dir='ltr'><strong>dicta,</strong></span> <span class='ocrx_word' id='word_1_375' title='bbox 469 2503 615 2532; x_wconf 83' lang='lat' dir='ltr'><strong>procurata</strong></span> <span class='ocrx_word' id='word_1_376' title='bbox 631 2498 760 2525; x_wconf 80' lang='lat' dir='ltr'><strong>similiter</strong></span> <span class='ocrx_word' id='word_1_377' title='bbox 776 2498 898 2526; x_wconf 78' lang='lat' dir='ltr'><strong>fuerunt.</strong></span> <span class='ocrx_word' id='word_1_378' title='bbox 915 2499 992 2527; x_wconf 80' lang='lat' dir='ltr'><strong>Vice-</strong></span> 
     </span>
    </p>
   </div>
   <div class='ocr_carea' id='block_1_53' title="bbox 203 2544 990 2580">
    <p class='ocr_par' dir='ltr' id='par_1_53' title="bbox 203 2544 990 2580">
     <span class='ocr_line' id='line_1_53' title="bbox 203 2544 990 2580; baseline 0.001 -9"><span class='ocrx_word' id='word_1_379' title='bbox 203 2545 272 2572; x_wconf 82' lang='lat' dir='ltr'><strong>sima</strong></span> <span class='ocrx_word' id='word_1_380' title='bbox 285 2544 401 2580; x_wconf 85' lang='lat' dir='ltr'><strong>septima</strong></span> <span class='ocrx_word' id='word_1_381' title='bbox 416 2545 473 2577; x_wconf 92' lang='lat' dir='ltr'><strong>die,</strong></span> <span class='ocrx_word' id='word_1_382' title='bbox 486 2545 585 2578; x_wconf 81' lang='lat' dir='ltr'><strong>femur,</strong></span> <span class='ocrx_word' id='word_1_383' title='bbox 597 2552 714 2580; x_wconf 66' lang='lat' dir='ltr'><strong>quasque</strong></span> <span class='ocrx_word' id='word_1_384' title='bbox 726 2546 801 2573; x_wconf 84' lang='lat' dir='ltr'><strong>circa</strong></span> <span class='ocrx_word' id='word_1_385' title='bbox 813 2545 901 2580; x_wconf 86' lang='lat' dir='ltr'><strong>ipsum</strong></span> <span class='ocrx_word' id='word_1_386' title='bbox 915 2549 990 2577; x_wconf 86' lang='lat' dir='ltr'><strong>sunt,</strong></span> 
     </span>
    </p>
   </div>
   <div class='ocr_carea' id='block_1_54' title="bbox 204 2590 990 2626">
    <p class='ocr_par' dir='ltr' id='par_1_54' title="bbox 204 2590 990 2626">
     <span class='ocr_line' id='line_1_54' title="bbox 204 2590 990 2626; baseline 0 -9"><span class='ocrx_word' id='word_1_387' title='bbox 204 2590 331 2626; x_wconf 82' lang='lat' dir='ltr'><strong>corporis</strong></span> <span class='ocrx_word' id='word_1_388' title='bbox 346 2596 440 2626; x_wconf 90' lang='lat' dir='ltr'><strong>partes</strong></span> <span class='ocrx_word' id='word_1_389' title='bbox 455 2591 645 2625; x_wconf 82' lang='lat' dir='ltr'><strong>excoriantur.</strong></span> <span class='ocrx_word' id='word_1_390' title='bbox 666 2590 801 2618; x_wconf 78' lang='lat' dir='ltr'><strong>Vieesima</strong></span> <span class='ocrx_word' id='word_1_391' title='bbox 819 2595 917 2618; x_wconf 85' lang='lat' dir='ltr'><strong>octava</strong></span> <span class='ocrx_word' id='word_1_392' title='bbox 935 2590 990 2624; x_wconf 89' lang='lat' dir='ltr'><strong>die,</strong></span> 
     </span>
    </p>
   </div>
   <div class='ocr_carea' id='block_1_55' title="bbox 205 2637 992 2673">
    <p class='ocr_par' dir='ltr' id='par_1_55' title="bbox 205 2637 992 2673">
     <span class='ocr_line' id='line_1_55' title="bbox 205 2637 992 2673; baseline -0.001 -8"><span class='ocrx_word' id='word_1_393' title='bbox 205 2642 292 2665; x_wconf 90' lang='lat' dir='ltr'><strong>totmn</strong></span> <span class='ocrx_word' id='word_1_394' title='bbox 306 2645 406 2673; x_wconf 87' lang='lat' dir='ltr'><strong>corpus</strong></span> <span class='ocrx_word' id='word_1_395' title='bbox 420 2646 434 2665; x_wconf 90' lang='lat' dir='ltr'><strong>a</strong></span> <span class='ocrx_word' id='word_1_396' title='bbox 449 2637 539 2673; x_wconf 90' lang='lat' dir='ltr'><strong>capite</strong></span> <span class='ocrx_word' id='word_1_397' title='bbox 549 2637 582 2665; x_wconf 90' lang='lat' dir='ltr'><strong>ad</strong></span> <span class='ocrx_word' id='word_1_398' title='bbox 597 2638 681 2673; x_wconf 79' lang='lat' dir='ltr'><strong>pedes</strong></span> <span class='ocrx_word' id='word_1_399' title='bbox 689 2638 852 2666; x_wconf 85' lang='lat' dir='ltr'><strong>verberibus</strong></span> <span class='ocrx_word' id='word_1_400' title='bbox 864 2637 992 2669; x_wconf 74' lang='lat' dir='ltr'><strong>caeditur,</strong></span> 
     </span>
    </p>
   </div>
   <div class='ocr_carea' id='block_1_56' title="bbox 204 2685 993 2719">
    <p class='ocr_par' dir='ltr' id='par_1_56' title="bbox 204 2685 993 2719">
     <span class='ocr_line' id='line_1_56' title="bbox 204 2685 993 2719; baseline 0.001 -8"><span class='ocrx_word' id='word_1_401' title='bbox 204 2689 235 2711; x_wconf 92' lang='lat' dir='ltr'><strong>ut</strong></span> <span class='ocrx_word' id='word_1_402' title='bbox 251 2685 393 2713; x_wconf 88' lang='lat' dir='ltr'><strong>doloribus</strong></span> <span class='ocrx_word' id='word_1_403' title='bbox 405 2686 555 2719; x_wconf 88' lang='lat' dir='ltr'><strong>renovatis,</strong></span> <span class='ocrx_word' id='word_1_404' title='bbox 575 2686 685 2714; x_wconf 89' lang='lat' dir='ltr'><strong>tandem</strong></span> <span class='ocrx_word' id='word_1_405' title='bbox 703 2690 871 2713; x_wconf 77' lang='lat' dir='ltr'><strong>moveretur.</strong></span> <span class='ocrx_word' id='word_1_406' title='bbox 886 2686 993 2713; x_wconf 75' lang='lat' dir='ltr'><strong>Maxilla</strong></span> 
     </span>
    </p>
   </div>
   <div class='ocr_carea' id='block_1_57' title="bbox 204 2731 991 2766">
    <p class='ocr_par' dir='ltr' id='par_1_57' title="bbox 204 2731 991 2766">
     <span class='ocr_line' id='line_1_57' title="bbox 204 2731 991 2766; baseline 0.003 -10"><span class='ocrx_word' id='word_1_407' title='bbox 204 2737 315 2765; x_wconf 84' lang='lat' dir='ltr'><strong>quoque</strong></span> <span class='ocrx_word' id='word_1_408' title='bbox 331 2739 386 2758; x_wconf 87' lang='lat' dir='ltr'><strong>una</strong></span> <span class='ocrx_word' id='word_1_409' title='bbox 403 2739 459 2758; x_wconf 90' lang='lat' dir='ltr'><strong>uno</strong></span> <span class='ocrx_word' id='word_1_410' title='bbox 477 2732 532 2759; x_wconf 80' lang='lat' dir='ltr'><strong>ictu</strong></span> <span class='ocrx_word' id='word_1_411' title='bbox 558 2731 697 2759; x_wconf 76' lang='lat' dir='ltr'><strong>dcnutlata</strong></span> <span class='ocrx_word' id='word_1_412' title='bbox 713 2740 796 2760; x_wconf 84' lang='lat' dir='ltr'><strong>carne</strong></span> <span class='ocrx_word' id='word_1_413' title='bbox 812 2731 864 2758; x_wconf 80' lang='lat' dir='ltr'><strong>fuit</strong></span> <span class='ocrx_word' id='word_1_414' title='bbox 877 2751 884 2764; x_wconf 92' lang='lat'><strong>,</strong></span> <span class='ocrx_word' id='word_1_415' title='bbox 909 2739 991 2766; x_wconf 88' lang='lat' dir='ltr'><strong>quam</strong></span> 
     </span>
    </p>
   </div>
   <div class='ocr_carea' id='block_1_58' title="bbox 205 2776 993 2813">
    <p class='ocr_par' dir='ltr' id='par_1_58' title="bbox 205 2776 993 2813">
     <span class='ocr_line' id='line_1_58' title="bbox 205 2776 993 2813; baseline 0.003 -11"><span class='ocrx_word' id='word_1_416' title='bbox 205 2776 357 2803; x_wconf 84' lang='lat' dir='ltr'><strong>Christiani</strong></span> <span class='ocrx_word' id='word_1_417' title='bbox 378 2777 518 2811; x_wconf 84' lang='lat' dir='ltr'><strong>rapientes</strong></span> <span class='ocrx_word' id='word_1_418' title='bbox 541 2783 707 2810; x_wconf 85' lang='lat' dir='ltr'><strong>servarunt,</strong></span> <span class='ocrx_word' id='word_1_419' title='bbox 724 2778 832 2813; x_wconf 73' lang='lat' dir='ltr'><strong>fuitque</strong></span> <span class='ocrx_word' id='word_1_420' title='bbox 856 2778 882 2804; x_wconf 91' lang='lat' dir='ltr'><strong>in</strong></span> <span class='ocrx_word' id='word_1_421' title='bbox 899 2784 993 2804; x_wconf 88' lang='lat' dir='ltr'><strong>mona-</strong></span> 
     </span>
    </p>
   </div>
   <div class='ocr_carea' id='block_1_59' title="bbox 207 2821 993 2860">
    <p class='ocr_par' dir='ltr' id='par_1_59' title="bbox 207 2821 993 2860">
     <span class='ocr_line' id='line_1_59' title="bbox 207 2821 993 2860; baseline 0.006 -13"><span class='ocrx_word' id='word_1_422' title='bbox 207 2821 293 2848; x_wconf 85' lang='lat' dir='ltr'><strong>sterio</strong></span> <span class='ocrx_word' id='word_1_423' title='bbox 317 2823 388 2849; x_wconf 81' lang='lat' dir='ltr'><strong>beati</strong></span> <span class='ocrx_word' id='word_1_424' title='bbox 406 2823 542 2852; x_wconf 75' lang='lat' dir='ltr'><strong>Fruncisci</strong></span> <span class='ocrx_word' id='word_1_425' title='bbox 563 2825 692 2853; x_wconf 83' lang='lat' dir='ltr'><strong>inusitato</strong></span> <span class='ocrx_word' id='word_1_426' title='bbox 709 2825 831 2860; x_wconf 75' lang='lat' dir='ltr'><strong>fragrans</strong></span> <span class='ocrx_word' id='word_1_427' title='bbox 848 2824 932 2852; x_wconf 84' lang='lat' dir='ltr'><strong>odore</strong></span> <span class='ocrx_word' id='word_1_428' title='bbox 951 2829 993 2852; x_wconf 79' lang='lat' dir='ltr'><strong>at-</strong></span> 
     </span>
    </p>
   </div>
   <div class='ocr_carea' id='block_1_60' title="bbox 208 2866 406 2899">
    <p class='ocr_par' dir='ltr' id='par_1_60' title="bbox 208 2866 406 2899">
     <span class='ocr_line' id='line_1_60' title="bbox 208 2866 406 2899; baseline 0.01 -7"><span class='ocrx_word' id='word_1_429' title='bbox 208 2872 261 2899; x_wconf 87' lang='lat' dir='ltr'><strong>que</strong></span> <span class='ocrx_word' id='word_1_430' title='bbox 279 2866 406 2895; x_wconf 83' lang='lat' dir='ltr'><strong>mirabili.</strong></span> 
     </span>
    </p>
   </div>
   <div class='ocr_carea' id='block_1_61' title="bbox 779 131 1267 165">
    <p class='ocr_par' dir='ltr' id='par_1_61' title="bbox 779 131 1267 165">
     <span class='ocr_line' id='line_1_61' title="bbox 779 131 1267 165; baseline 0.006 -3"><span class='ocrx_word' id='word_1_431' title='bbox 779 131 941 163; x_wconf 79' lang='lat' dir='ltr'><strong>GEORGII</strong></span> <span class='ocrx_word' id='word_1_432' title='bbox 963 132 1223 165; x_wconf 79' lang='lat' dir='ltr'><strong>TRAPEZUNTll</strong></span> <span class='ocrx_word' id='word_1_433' title='bbox 1263 146 1267 149; x_wconf 81' lang='lat'><strong><em>&#39;</em></strong></span> 
     </span>
    </p>
   </div>
   <div class='ocr_carea' id='block_1_62' title="bbox 1761 133 1822 165">
    <p class='ocr_par' dir='ltr' id='par_1_62' title="bbox 1761 133 1822 165">
     <span class='ocr_line' id='line_1_62' title="bbox 1761 133 1822 165; baseline 0 0"><span class='ocrx_word' id='word_1_434' title='bbox 1761 133 1822 165; x_wconf 83' lang='lat'><strong>888</strong></span> 
     </span>
    </p>
   </div>
   <div class='ocr_carea' id='block_1_63' title="bbox 1059 191 1822 228">
    <p class='ocr_par' dir='ltr' id='par_1_63' title="bbox 1059 191 1822 228">
     <span class='ocr_line' id='line_1_63' title="bbox 1059 191 1822 228; baseline 0 -9"><span class='ocrx_word' id='word_1_435' title='bbox 1059 191 1104 219; x_wconf 84' lang='lat' dir='ltr'><strong>IX.</strong></span> <span class='ocrx_word' id='word_1_436' title='bbox 1126 191 1266 220; x_wconf 76' lang='lat' dir='ltr'><strong>Vicesima</strong></span> <span class='ocrx_word' id='word_1_437' title='bbox 1283 199 1356 221; x_wconf 79' lang='lat' dir='ltr'><strong>nona</strong></span> <span class='ocrx_word' id='word_1_438' title='bbox 1380 191 1504 228; x_wconf 84' lang='lat' dir='ltr'><strong>ejusdem</strong></span> <span class='ocrx_word' id='word_1_439' title='bbox 1533 191 1636 220; x_wconf 81' lang='lat' dir='ltr'><strong>mensis</strong></span> <span class='ocrx_word' id='word_1_440' title='bbox 1651 191 1696 220; x_wconf 79' lang='lat' dir='ltr'><strong>die</strong></span> <span class='ocrx_word' id='word_1_441' title='bbox 1711 213 1719 225; x_wconf 87' lang='lat'><strong>,</strong></span> <span class='ocrx_word' id='word_1_442' title='bbox 1740 200 1822 221; x_wconf 81' lang='lat' dir='ltr'><strong>anno</strong></span> 
     </span>
    </p>
   </div>
   <div class='ocr_carea' id='block_1_64' title="bbox 1023 238 1822 274">
    <p class='ocr_par' dir='ltr' id='par_1_64' title="bbox 1023 238 1822 274">
     <span class='ocr_line' id='line_1_64' title="bbox 1023 238 1822 274; baseline 0.001 -9"><span class='ocrx_word' id='word_1_443' title='bbox 1023 238 1114 273; x_wconf 90' lang='lat' dir='ltr'><strong>primo</strong></span> <span class='ocrx_word' id='word_1_444' title='bbox 1131 238 1313 274; x_wconf 79' lang='lat' dir='ltr'><strong>pontiﬁcatus</strong></span> <span class='ocrx_word' id='word_1_445' title='bbox 1324 246 1402 274; x_wconf 67' lang='lat' dir='ltr'><strong>papae</strong></span> <span class='ocrx_word' id='word_1_446' title='bbox 1418 239 1495 266; x_wconf 85' lang='lat' dir='ltr'><strong>Pauli</strong></span> <span class='ocrx_word' id='word_1_447' title='bbox 1510 239 1626 266; x_wconf 89' lang='lat' dir='ltr'><strong>secundi</strong></span> <span class='ocrx_word' id='word_1_448' title='bbox 1639 238 1737 271; x_wconf 87' lang='lat' dir='ltr'><strong>ultimo</strong></span> <span class='ocrx_word' id='word_1_449' title='bbox 1751 246 1822 274; x_wconf 88' lang='lat' dir='ltr'><strong>pro-</strong></span> 
     </span>
    </p>
   </div>
   <div class='ocr_carea' id='block_1_65' title="bbox 1023 284 1824 320">
    <p class='ocr_par' dir='ltr' id='par_1_65' title="bbox 1023 284 1824 320">
     <span class='ocr_line' id='line_1_65' title="bbox 1023 284 1824 320; baseline 0 -8"><span class='ocrx_word' id='word_1_450' title='bbox 1023 284 1138 312; x_wconf 90' lang='lat' dir='ltr'><strong>ducitur</strong></span> <span class='ocrx_word' id='word_1_451' title='bbox 1155 284 1281 313; x_wconf 80' lang='lat' dir='ltr'><strong>Andreas</strong></span> <span class='ocrx_word' id='word_1_452' title='bbox 1297 284 1332 313; x_wconf 88' lang='lat' dir='ltr'><strong>de</strong></span> <span class='ocrx_word' id='word_1_453' title='bbox 1357 284 1444 318; x_wconf 87' lang='lat' dir='ltr'><strong>Chio,</strong></span> <span class='ocrx_word' id='word_1_454' title='bbox 1462 291 1566 320; x_wconf 85' lang='lat' dir='ltr'><strong>martyr</strong></span> <span class='ocrx_word' id='word_1_455' title='bbox 1590 284 1693 313; x_wconf 91' lang='lat' dir='ltr'><strong>Christi</strong></span> <span class='ocrx_word' id='word_1_456' title='bbox 1717 285 1824 320; x_wconf 65' lang='lat' dir='ltr'><strong>praci-</strong></span> 
     </span>
    </p>
   </div>
   <div class='ocr_carea' id='block_1_66' title="bbox 1022 330 1822 366">
    <p class='ocr_par' dir='ltr' id='par_1_66' title="bbox 1022 330 1822 366">
     <span class='ocr_line' id='line_1_66' title="bbox 1022 330 1822 366; baseline 0.001 -9"><span class='ocrx_word' id='word_1_457' title='bbox 1022 338 1105 366; x_wconf 90' lang='lat' dir='ltr'><strong>puus,</strong></span> <span class='ocrx_word' id='word_1_458' title='bbox 1120 332 1147 358; x_wconf 92' lang='lat' dir='ltr'><strong>in</strong></span> <span class='ocrx_word' id='word_1_459' title='bbox 1160 330 1252 358; x_wconf 89' lang='lat' dir='ltr'><strong>locum</strong></span> <span class='ocrx_word' id='word_1_460' title='bbox 1265 330 1377 358; x_wconf 89' lang='lat' dir='ltr'><strong>solitum</strong></span> <span class='ocrx_word' id='word_1_461' title='bbox 1391 330 1425 358; x_wconf 85' lang='lat' dir='ltr'><strong>ad</strong></span> <span class='ocrx_word' id='word_1_462' title='bbox 1436 330 1598 358; x_wconf 86' lang='lat' dir='ltr'><strong>orientalem</strong></span> <span class='ocrx_word' id='word_1_463' title='bbox 1610 330 1686 358; x_wconf 84' lang='lat' dir='ltr'><strong>urbis</strong></span> <span class='ocrx_word' id='word_1_464' title='bbox 1695 335 1822 365; x_wconf 79' lang='lat' dir='ltr'><strong>partem,</strong></span> 
     </span>
    </p>
   </div>
   <div class='ocr_carea' id='block_1_67' title="bbox 1025 377 1818 412">
    <p class='ocr_par' dir='ltr' id='par_1_67' title="bbox 1025 377 1818 412">
     <span class='ocr_line' id='line_1_67' title="bbox 1025 377 1818 412; baseline 0.001 -9"><span class='ocrx_word' id='word_1_465' title='bbox 1025 385 1114 412; x_wconf 84' lang='lat' dir='ltr'><strong>prope</strong></span> <span class='ocrx_word' id='word_1_466' title='bbox 1126 385 1213 410; x_wconf 91' lang='lat' dir='ltr'><strong>mare,</strong></span> <span class='ocrx_word' id='word_1_467' title='bbox 1226 384 1322 408; x_wconf 89' lang='lat' dir='ltr'><strong>sanus,</strong></span> <span class='ocrx_word' id='word_1_468' title='bbox 1336 384 1430 408; x_wconf 71' lang='lat' dir='ltr'><strong>vivax,</strong></span> <span class='ocrx_word' id='word_1_469' title='bbox 1439 377 1517 404; x_wconf 90' lang='lat' dir='ltr'><strong>vultu</strong></span> <span class='ocrx_word' id='word_1_470' title='bbox 1531 377 1605 408; x_wconf 79' lang='lat' dir='ltr'><strong>laeto.</strong></span> <span class='ocrx_word' id='word_1_471' title='bbox 1618 377 1718 404; x_wconf 82' lang='lat' dir='ltr'><strong>decora</strong></span> <span class='ocrx_word' id='word_1_472' title='bbox 1732 377 1818 404; x_wconf 83' lang='lat' dir='ltr'><strong>facie.</strong></span> 
     </span>
    </p>
   </div>
   <div class='ocr_carea' id='block_1_68' title="bbox 1024 422 1823 455">
    <p class='ocr_par' dir='ltr' id='par_1_68' title="bbox 1024 422 1823 455">
     <span class='ocr_line' id='line_1_68' title="bbox 1024 422 1823 455; baseline -0.001 -5"><span class='ocrx_word' id='word_1_473' title='bbox 1024 423 1235 455; x_wconf 63' lang='lat' dir='ltr'><strong>Maltumetistae,</strong></span> <span class='ocrx_word' id='word_1_474' title='bbox 1247 422 1290 450; x_wconf 90' lang='lat' dir='ltr'><strong>his</strong></span> <span class='ocrx_word' id='word_1_475' title='bbox 1299 423 1381 450; x_wconf 83' lang='lat' dir='ltr'><strong>rebus</strong></span> <span class='ocrx_word' id='word_1_476' title='bbox 1394 424 1473 455; x_wconf 88' lang='lat' dir='ltr'><strong>moti,</strong></span> <span class='ocrx_word' id='word_1_477' title='bbox 1485 422 1749 450; x_wconf 87' lang='lat' dir='ltr'><strong>medicamentorum</strong></span> <span class='ocrx_word' id='word_1_478' title='bbox 1759 422 1823 449; x_wconf 56' lang='lat' dir='ltr'><strong>vir.</strong></span> 
     </span>
    </p>
   </div>
   <div class='ocr_carea' id='block_1_69' title="bbox 1025 467 1818 503">
    <p class='ocr_par' dir='ltr' id='par_1_69' title="bbox 1025 467 1818 503">
     <span class='ocr_line' id='line_1_69' title="bbox 1025 467 1818 503; baseline -0.004 -6"><span class='ocrx_word' id='word_1_479' title='bbox 1025 474 1084 497; x_wconf 88' lang='lat' dir='ltr'><strong>tute</strong></span> <span class='ocrx_word' id='word_1_480' title='bbox 1113 470 1154 497; x_wconf 85' lang='lat' dir='ltr'><strong>sic</strong></span> <span class='ocrx_word' id='word_1_481' title='bbox 1183 469 1287 496; x_wconf 83' lang='lat' dir='ltr'><strong>factum</strong></span> <span class='ocrx_word' id='word_1_482' title='bbox 1318 468 1501 500; x_wconf 83' lang='lat' dir='ltr'><strong>asserebant,</strong></span> <span class='ocrx_word' id='word_1_483' title='bbox 1532 473 1560 495; x_wconf 88' lang='lat' dir='ltr'><strong>et</strong></span> <span class='ocrx_word' id='word_1_484' title='bbox 1585 467 1818 503; x_wconf 68' lang='lat' dir='ltr'><strong>ingratitudinem</strong></span> 
     </span>
    </p>
   </div>
   <div class='ocr_carea' id='block_1_70' title="bbox 1026 513 1823 547">
    <p class='ocr_par' dir='ltr' id='par_1_70' title="bbox 1026 513 1823 547">
     <span class='ocr_line' id='line_1_70' title="bbox 1026 513 1823 547; baseline -0.005 -3"><span class='ocrx_word' id='word_1_485' title='bbox 1026 517 1100 544; x_wconf 90' lang='lat' dir='ltr'><strong>illius</strong></span> <span class='ocrx_word' id='word_1_486' title='bbox 1115 521 1279 543; x_wconf 85' lang='lat' dir='ltr'><strong>accusantes</strong></span> <span class='ocrx_word' id='word_1_487' title='bbox 1295 525 1302 542; x_wconf 84' lang='lat'><strong>:</strong></span> <span class='ocrx_word' id='word_1_488' title='bbox 1316 515 1376 542; x_wconf 82' lang='lat' dir='ltr'><strong>Non</strong></span> <span class='ocrx_word' id='word_1_489' title='bbox 1393 514 1479 546; x_wconf 83' lang='lat' dir='ltr'><strong>vides,</strong></span> <span class='ocrx_word' id='word_1_490' title='bbox 1498 514 1667 547; x_wconf 78' lang='lat' dir='ltr'><strong>clamabant,</strong></span> <span class='ocrx_word' id='word_1_491' title='bbox 1686 515 1799 541; x_wconf 81' lang='lat' dir='ltr'><strong>Andrea</strong></span> <span class='ocrx_word' id='word_1_492' title='bbox 1810 513 1823 540; x_wconf 65' lang='grc' dir='ltr'><em>ἲ</em></span> 
     </span>
    </p>
   </div>
   <div class='ocr_carea' id='block_1_71' title="bbox 1027 560 1822 592">
    <p class='ocr_par' dir='ltr' id='par_1_71' title="bbox 1027 560 1822 592">
     <span class='ocr_line' id='line_1_71' title="bbox 1027 560 1822 592; baseline -0.004 -4"><span class='ocrx_word' id='word_1_493' title='bbox 1027 561 1092 589; x_wconf 66' lang='lat' dir='ltr'><strong>Tuae</strong></span> <span class='ocrx_word' id='word_1_494' title='bbox 1107 561 1171 588; x_wconf 64' lang='lat' dir='ltr'><strong>vitae</strong></span> <span class='ocrx_word' id='word_1_495' title='bbox 1188 569 1256 588; x_wconf 83' lang='lat' dir='ltr'><strong>cura</strong></span> <span class='ocrx_word' id='word_1_496' title='bbox 1283 560 1363 588; x_wconf 64' lang='lat' dir='ltr'><strong>nobis</strong></span> <span class='ocrx_word' id='word_1_497' title='bbox 1389 561 1485 588; x_wconf 84' lang='lat' dir='ltr'><strong>habita</strong></span> <span class='ocrx_word' id='word_1_498' title='bbox 1506 565 1567 591; x_wconf 79' lang='lat' dir='ltr'><strong>est;</strong></span> <span class='ocrx_word' id='word_1_499' title='bbox 1584 565 1680 587; x_wconf 85' lang='lat' dir='ltr'><strong>nostro</strong></span> <span class='ocrx_word' id='word_1_500' title='bbox 1709 560 1822 592; x_wconf 88' lang='lat' dir='ltr'><strong>studio,</strong></span> 
     </span>
    </p>
   </div>
   <div class='ocr_carea' id='block_1_72' title="bbox 1027 605 1823 642">
    <p class='ocr_par' dir='ltr' id='par_1_72' title="bbox 1027 605 1823 642">
     <span class='ocr_line' id='line_1_72' title="bbox 1027 605 1823 642; baseline -0.001 -7"><span class='ocrx_word' id='word_1_501' title='bbox 1027 609 1083 636; x_wconf 92' lang='lat' dir='ltr'><strong>imo</strong></span> <span class='ocrx_word' id='word_1_502' title='bbox 1099 608 1172 642; x_wconf 77' lang='lat' dir='ltr'><strong>regis</strong></span> <span class='ocrx_word' id='word_1_503' title='bbox 1188 608 1294 642; x_wconf 84' lang='lat' dir='ltr'><strong>ipsius.</strong></span> <span class='ocrx_word' id='word_1_504' title='bbox 1312 607 1460 635; x_wconf 80' lang='lat' dir='ltr'><strong>incolumis</strong></span> <span class='ocrx_word' id='word_1_505' title='bbox 1475 615 1515 638; x_wconf 78' lang='lat' dir='ltr'><strong>cs.</strong></span> <span class='ocrx_word' id='word_1_506' title='bbox 1532 612 1560 635; x_wconf 91' lang='lat' dir='ltr'><strong>et</strong></span> <span class='ocrx_word' id='word_1_507' title='bbox 1578 607 1681 634; x_wconf 82' lang='lat' dir='ltr'><strong>virtute</strong></span> <span class='ocrx_word' id='word_1_508' title='bbox 1696 605 1823 634; x_wconf 78' lang='lat' dir='ltr'><strong>medica-</strong></span> 
     </span>
    </p>
   </div>
   <div class='ocr_carea' id='block_1_73' title="bbox 1027 652 1822 689">
    <p class='ocr_par' dir='ltr' id='par_1_73' title="bbox 1027 652 1822 689">
     <span class='ocr_line' id='line_1_73' title="bbox 1027 652 1822 689; baseline -0.005 -7"><span class='ocrx_word' id='word_1_509' title='bbox 1027 661 1197 687; x_wconf 88' lang='lat' dir='ltr'><strong>mentorum,</strong></span> <span class='ocrx_word' id='word_1_510' title='bbox 1214 660 1242 682; x_wconf 87' lang='lat' dir='ltr'><strong>et</strong></span> <span class='ocrx_word' id='word_1_511' title='bbox 1265 654 1416 682; x_wconf 79' lang='lat' dir='ltr'><strong>Mabumcti</strong></span> <span class='ocrx_word' id='word_1_512' title='bbox 1441 654 1539 689; x_wconf 70' lang='lat' dir='ltr'><strong>gratia:</strong></span> <span class='ocrx_word' id='word_1_513' title='bbox 1555 653 1602 688; x_wconf 94' lang='lat' dir='ltr'><strong>qui</strong></span> <span class='ocrx_word' id='word_1_514' title='bbox 1619 659 1645 680; x_wconf 89' lang='lat' dir='ltr'><strong>te</strong></span> <span class='ocrx_word' id='word_1_515' title='bbox 1662 653 1722 680; x_wconf 88' lang='lat' dir='ltr'><strong>vult</strong></span> <span class='ocrx_word' id='word_1_516' title='bbox 1748 652 1822 679; x_wconf 78' lang='lat' dir='ltr'><strong>deli-</strong></span> 
     </span>
    </p>
   </div>
   <div class='ocr_carea' id='block_1_74' title="bbox 1028 698 1820 734">
    <p class='ocr_par' dir='ltr' id='par_1_74' title="bbox 1028 698 1820 734">
     <span class='ocr_line' id='line_1_74' title="bbox 1028 698 1820 734; baseline -0.008 -5"><span class='ocrx_word' id='word_1_517' title='bbox 1028 707 1151 729; x_wconf 88' lang='lat' dir='ltr'><strong>ramenta</strong></span> <span class='ocrx_word' id='word_1_518' title='bbox 1166 701 1391 729; x_wconf 88' lang='lat' dir='ltr'><strong>Christianorum</strong></span> <span class='ocrx_word' id='word_1_519' title='bbox 1406 700 1442 728; x_wconf 82' lang='lat' dir='ltr'><strong>de</strong></span> <span class='ocrx_word' id='word_1_520' title='bbox 1457 707 1540 727; x_wconf 83' lang='lat' dir='ltr'><strong>cruce</strong></span> <span class='ocrx_word' id='word_1_521' title='bbox 1558 707 1590 726; x_wconf 87' lang='lat' dir='ltr'><strong>ac</strong></span> <span class='ocrx_word' id='word_1_522' title='bbox 1606 699 1734 734; x_wconf 73' lang='lat' dir='ltr'><strong>pasaione</strong></span> <span class='ocrx_word' id='word_1_523' title='bbox 1752 698 1820 726; x_wconf 79' lang='lat' dir='ltr'><strong>Jesu</strong></span> 
     </span>
    </p>
   </div>
   <div class='ocr_carea' id='block_1_75' title="bbox 1029 744 1821 781">
    <p class='ocr_par' dir='ltr' id='par_1_75' title="bbox 1029 744 1821 781">
     <span class='ocr_line' id='line_1_75' title="bbox 1029 744 1821 781; baseline -0.005 -7"><span class='ocrx_word' id='word_1_524' title='bbox 1029 747 1192 781; x_wconf 82' lang='lat' dir='ltr'><strong>despicere:</strong></span> <span class='ocrx_word' id='word_1_525' title='bbox 1209 754 1270 781; x_wconf 72' lang='lat' dir='ltr'><strong>quae</strong></span> <span class='ocrx_word' id='word_1_526' title='bbox 1293 746 1426 774; x_wconf 82' lang='lat' dir='ltr'><strong>beneﬁcia</strong></span> <span class='ocrx_word' id='word_1_527' title='bbox 1453 745 1584 780; x_wconf 84' lang='lat' dir='ltr'><strong>quoniam</strong></span> <span class='ocrx_word' id='word_1_528' title='bbox 1613 744 1737 779; x_wconf 73' lang='lat' dir='ltr'><strong>ingratus</strong></span> <span class='ocrx_word' id='word_1_529' title='bbox 1762 751 1821 770; x_wconf 82' lang='lat' dir='ltr'><strong>non</strong></span> 
     </span>
    </p>
   </div>
   <div class='ocr_carea' id='block_1_76' title="bbox 1029 790 1821 824">
    <p class='ocr_par' dir='ltr' id='par_1_76' title="bbox 1029 790 1821 824">
     <span class='ocr_line' id='line_1_76' title="bbox 1029 790 1821 824; baseline -0.005 -4"><span class='ocrx_word' id='word_1_530' title='bbox 1029 793 1126 824; x_wconf 77' lang='lat' dir='ltr'><strong>aeutis,</strong></span> <span class='ocrx_word' id='word_1_531' title='bbox 1151 797 1241 820; x_wconf 89' lang='lat' dir='ltr'><strong>morte</strong></span> <span class='ocrx_word' id='word_1_532' title='bbox 1257 792 1395 820; x_wconf 87' lang='lat' dir='ltr'><strong>ruorieris.</strong></span> <span class='ocrx_word' id='word_1_533' title='bbox 1413 791 1473 819; x_wconf 88' lang='lat' dir='ltr'><strong>Non</strong></span> <span class='ocrx_word' id='word_1_534' title='bbox 1499 796 1540 819; x_wconf 81' lang='lat' dir='ltr'><strong>est</strong></span> <span class='ocrx_word' id='word_1_535' title='bbox 1557 798 1650 823; x_wconf 87' lang='lat' dir='ltr'><strong>mors,</strong></span> <span class='ocrx_word' id='word_1_536' title='bbox 1675 790 1716 817; x_wconf 82' lang='lat' dir='ltr'><strong>sic</strong></span> <span class='ocrx_word' id='word_1_537' title='bbox 1733 797 1821 819; x_wconf 83' lang='lat' dir='ltr'><strong>mors.</strong></span> 
     </span>
    </p>
   </div>
   <div class='ocr_carea' id='block_1_77' title="bbox 1029 830 1824 872">
    <p class='ocr_par' dir='ltr' id='par_1_77' title="bbox 1029 830 1824 872">
     <span class='ocr_line' id='line_1_77' title="bbox 1029 830 1824 872; baseline -0.004 -7"><span class='ocrx_word' id='word_1_538' title='bbox 1029 840 1079 870; x_wconf 89' lang='lat' dir='ltr'><strong>ait.</strong></span> <span class='ocrx_word' id='word_1_539' title='bbox 1098 830 1227 866; x_wconf 51' lang='lat' dir='ltr'><strong>sed&#39;vitu.</strong></span> <span class='ocrx_word' id='word_1_540' title='bbox 1243 839 1335 872; x_wconf 85' lang='lat' dir='ltr'><strong>Quare</strong></span> <span class='ocrx_word' id='word_1_541' title='bbox 1355 839 1440 866; x_wconf 84' lang='lat' dir='ltr'><strong>nolite</strong></span> <span class='ocrx_word' id='word_1_542' title='bbox 1458 842 1555 872; x_wconf 87' lang='lat' dir='ltr'><strong>putare</strong></span> <span class='ocrx_word' id='word_1_543' title='bbox 1568 856 1576 869; x_wconf 89' lang='lat'><strong>,</strong></span> <span class='ocrx_word' id='word_1_544' title='bbox 1595 844 1638 864; x_wconf 88' lang='lat' dir='ltr'><strong>me</strong></span> <span class='ocrx_word' id='word_1_545' title='bbox 1659 837 1752 864; x_wconf 87' lang='lat' dir='ltr'><strong>verbis</strong></span> <span class='ocrx_word' id='word_1_546' title='bbox 1774 843 1824 862; x_wconf 82' lang='lat' dir='ltr'><strong>vc—</strong></span> 
     </span>
    </p>
   </div>
   <div class='ocr_carea' id='block_1_78' title="bbox 1030 882 1823 919">
    <p class='ocr_par' dir='ltr' id='par_1_78' title="bbox 1030 882 1823 919">
     <span class='ocr_line' id='line_1_78' title="bbox 1030 882 1823 919; baseline -0.004 -9"><span class='ocrx_word' id='word_1_547' title='bbox 1030 884 1096 911; x_wconf 78' lang='lat' dir='ltr'><strong>stris</strong></span> <span class='ocrx_word' id='word_1_548' title='bbox 1114 884 1214 912; x_wconf 90' lang='lat' dir='ltr'><strong>terreri</strong></span> <span class='ocrx_word' id='word_1_549' title='bbox 1233 891 1314 919; x_wconf 82' lang='lat' dir='ltr'><strong>posse</strong></span> <span class='ocrx_word' id='word_1_550' title='bbox 1331 891 1403 911; x_wconf 90' lang='lat' dir='ltr'><strong>:nec</strong></span> <span class='ocrx_word' id='word_1_551' title='bbox 1425 883 1627 911; x_wconf 86' lang='lat' dir='ltr'><strong>medicamenta</strong></span> <span class='ocrx_word' id='word_1_552' title='bbox 1647 882 1823 916; x_wconf 77' lang='lat' dir='ltr'><strong>proluerunt,</strong></span> 
     </span>
    </p>
   </div>
   <div class='ocr_carea' id='block_1_79' title="bbox 1030 928 1825 966">
    <p class='ocr_par' dir='ltr' id='par_1_79' title="bbox 1030 928 1825 966">
     <span class='ocr_line' id='line_1_79' title="bbox 1030 928 1825 966; baseline -0.006 -7"><span class='ocrx_word' id='word_1_553' title='bbox 1030 932 1133 966; x_wconf 77' lang='lat' dir='ltr'><strong>quippe</strong></span> <span class='ocrx_word' id='word_1_554' title='bbox 1152 938 1214 966; x_wconf 68' lang='lat' dir='ltr'><strong>qua:</strong></span> <span class='ocrx_word' id='word_1_555' title='bbox 1237 931 1280 959; x_wconf 85' lang='lat' dir='ltr'><strong>vel</strong></span> <span class='ocrx_word' id='word_1_556' title='bbox 1304 931 1332 958; x_wconf 94' lang='lat' dir='ltr'><strong>in</strong></span> <span class='ocrx_word' id='word_1_557' title='bbox 1351 931 1474 958; x_wconf 89' lang='lat' dir='ltr'><strong>minimis</strong></span> <span class='ocrx_word' id='word_1_558' title='bbox 1499 929 1663 957; x_wconf 87' lang='lat' dir='ltr'><strong>vulneribus</strong></span> <span class='ocrx_word' id='word_1_559' title='bbox 1688 928 1731 955; x_wconf 83' lang='lat' dir='ltr'><strong>vix</strong></span> <span class='ocrx_word' id='word_1_560' title='bbox 1760 933 1825 962; x_wconf 81' lang='lat' dir='ltr'><strong>post</strong></span> 
     </span>
    </p>
   </div>
   <div class='ocr_carea' id='block_1_80' title="bbox 1032 975 1824 1012">
    <p class='ocr_par' dir='ltr' id='par_1_80' title="bbox 1032 975 1824 1012">
     <span class='ocr_line' id='line_1_80' title="bbox 1032 975 1824 1012; baseline -0.005 -8"><span class='ocrx_word' id='word_1_561' title='bbox 1032 978 1132 1004; x_wconf 89' lang='lat' dir='ltr'><strong>multos</strong></span> <span class='ocrx_word' id='word_1_562' title='bbox 1147 977 1208 1004; x_wconf 78' lang='lat' dir='ltr'><strong>dies</strong></span> <span class='ocrx_word' id='word_1_563' title='bbox 1218 976 1322 1012; x_wconf 84' lang='lat' dir='ltr'><strong>aliquid</strong></span> <span class='ocrx_word' id='word_1_564' title='bbox 1335 976 1436 1004; x_wconf 67' lang='lat' dir='ltr'><strong>aﬂ‘erre</strong></span> <span class='ocrx_word' id='word_1_565' title='bbox 1454 980 1579 1011; x_wconf 90' lang='lat' dir='ltr'><strong>possunt.</strong></span> <span class='ocrx_word' id='word_1_566' title='bbox 1593 975 1635 1003; x_wconf 78' lang='lat' dir='ltr'><strong>Me</strong></span> <span class='ocrx_word' id='word_1_567' title='bbox 1646 980 1739 1002; x_wconf 86' lang='lat' dir='ltr'><strong>autem</strong></span> <span class='ocrx_word' id='word_1_568' title='bbox 1753 982 1824 1002; x_wconf 82' lang='lat' dir='ltr'><strong>crux</strong></span> 
     </span>
    </p>
   </div>
   <div class='ocr_carea' id='block_1_81' title="bbox 1031 1020 1823 1055">
    <p class='ocr_par' dir='ltr' id='par_1_81' title="bbox 1031 1020 1823 1055">
     <span class='ocr_line' id='line_1_81' title="bbox 1031 1020 1823 1055; baseline -0.005 -5"><span class='ocrx_word' id='word_1_569' title='bbox 1031 1023 1140 1050; x_wconf 88' lang='lat' dir='ltr'><strong>Domini</strong></span> <span class='ocrx_word' id='word_1_570' title='bbox 1169 1022 1256 1050; x_wconf 85' lang='lat' dir='ltr'><strong>nostri</strong></span> <span class='ocrx_word' id='word_1_571' title='bbox 1281 1023 1346 1050; x_wconf 76' lang='lat' dir='ltr'><strong>Jesu</strong></span> <span class='ocrx_word' id='word_1_572' title='bbox 1363 1021 1470 1049; x_wconf 83' lang='lat' dir='ltr'><strong>Christi</strong></span> <span class='ocrx_word' id='word_1_573' title='bbox 1485 1042 1493 1053; x_wconf 88' lang='lat'><strong>,</strong></span> <span class='ocrx_word' id='word_1_574' title='bbox 1519 1026 1548 1049; x_wconf 89' lang='lat' dir='ltr'><strong>et</strong></span> <span class='ocrx_word' id='word_1_575' title='bbox 1571 1020 1653 1055; x_wconf 66' lang='lat' dir='ltr'><strong>Virgo</strong></span> <span class='ocrx_word' id='word_1_576' title='bbox 1680 1020 1765 1047; x_wconf 80' lang='lat' dir='ltr'><strong>Maria</strong></span> <span class='ocrx_word' id='word_1_577' title='bbox 1788 1020 1823 1046; x_wconf 78' lang='lat' dir='ltr'><strong>ad</strong></span> 
     </span>
    </p>
   </div>
   <div class='ocr_carea' id='block_1_82' title="bbox 1031 1065 1825 1103">
    <p class='ocr_par' dir='ltr' id='par_1_82' title="bbox 1031 1065 1825 1103">
     <span class='ocr_line' id='line_1_82' title="bbox 1031 1065 1825 1103; baseline -0.005 -7"><span class='ocrx_word' id='word_1_578' title='bbox 1031 1069 1105 1096; x_wconf 92' lang='lat' dir='ltr'><strong>bunc</strong></span> <span class='ocrx_word' id='word_1_579' title='bbox 1120 1068 1193 1096; x_wconf 86' lang='lat' dir='ltr'><strong>diem</strong></span> <span class='ocrx_word' id='word_1_580' title='bbox 1204 1067 1381 1096; x_wconf 81' lang='lat' dir='ltr'><strong>conservavit</strong></span> <span class='ocrx_word' id='word_1_581' title='bbox 1392 1072 1476 1103; x_wconf 82' lang='lat' dir='ltr'><strong>atque</strong></span> <span class='ocrx_word' id='word_1_582' title='bbox 1492 1066 1656 1095; x_wconf 87' lang='lat' dir='ltr'><strong>reservavit.</strong></span> <span class='ocrx_word' id='word_1_583' title='bbox 1672 1065 1722 1093; x_wconf 88' lang='lat' dir='ltr'><strong>llic</strong></span> <span class='ocrx_word' id='word_1_584' title='bbox 1739 1065 1825 1093; x_wconf 87' lang='lat' dir='ltr'><strong>dictis</strong></span> 
     </span>
    </p>
   </div>
   <div class='ocr_carea' id='block_1_83' title="bbox 1031 1111 1822 1149">
    <p class='ocr_par' dir='ltr' id='par_1_83' title="bbox 1031 1111 1822 1149">
     <span class='ocr_line' id='line_1_83' title="bbox 1031 1111 1822 1149; baseline -0.006 -7"><span class='ocrx_word' id='word_1_585' title='bbox 1031 1114 1123 1142; x_wconf 88' lang='lat' dir='ltr'><strong>securi</strong></span> <span class='ocrx_word' id='word_1_586' title='bbox 1149 1118 1233 1149; x_wconf 89' lang='lat' dir='ltr'><strong>caput</strong></span> <span class='ocrx_word' id='word_1_587' title='bbox 1262 1113 1431 1148; x_wconf 85' lang='lat' dir='ltr'><strong>supposuit,</strong></span> <span class='ocrx_word' id='word_1_588' title='bbox 1458 1117 1486 1140; x_wconf 86' lang='lat' dir='ltr'><strong>et</strong></span> <span class='ocrx_word' id='word_1_589' title='bbox 1513 1113 1547 1139; x_wconf 88' lang='lat' dir='ltr'><strong>ad</strong></span> <span class='ocrx_word' id='word_1_590' title='bbox 1578 1111 1703 1140; x_wconf 74' lang='lat' dir='ltr'><strong>coelestia</strong></span> <span class='ocrx_word' id='word_1_591' title='bbox 1737 1118 1822 1146; x_wconf 78' lang='lat' dir='ltr'><strong>regna</strong></span> 
     </span>
    </p>
   </div>
   <div class='ocr_carea' id='block_1_84' title="bbox 1032 1161 1163 1188">
    <p class='ocr_par' dir='ltr' id='par_1_84' title="bbox 1032 1161 1163 1188">
     <span class='ocr_line' id='line_1_84' title="bbox 1032 1161 1163 1188; baseline 0 0"><span class='ocrx_word' id='word_1_592' title='bbox 1032 1161 1163 1188; x_wconf 79' lang='lat' dir='ltr'><strong>evolavit.</strong></span> 
     </span>
    </p>
   </div>
   <div class='ocr_carea' id='block_1_85' title="bbox 1070 1205 1821 1242">
    <p class='ocr_par' dir='ltr' id='par_1_85' title="bbox 1070 1205 1821 1242">
     <span class='ocr_line' id='line_1_85' title="bbox 1070 1205 1821 1242; baseline -0.004 -8"><span class='ocrx_word' id='word_1_593' title='bbox 1070 1207 1105 1235; x_wconf 79' lang='grc' dir='ltr'><strong>Χ.</strong></span> <span class='ocrx_word' id='word_1_594' title='bbox 1126 1207 1206 1234; x_wconf 88' lang='lat' dir='ltr'><strong>Tunc</strong></span> <span class='ocrx_word' id='word_1_595' title='bbox 1225 1207 1323 1235; x_wconf 89' lang='lat' dir='ltr'><strong>mortis</strong></span> <span class='ocrx_word' id='word_1_596' title='bbox 1340 1207 1401 1242; x_wconf 83' lang='lat' dir='ltr'><strong>ejus</strong></span> <span class='ocrx_word' id='word_1_597' title='bbox 1420 1206 1550 1238; x_wconf 80' lang='lat' dir='ltr'><strong>ministri,</strong></span> <span class='ocrx_word' id='word_1_598' title='bbox 1572 1211 1603 1233; x_wconf 88' lang='lat' dir='ltr'><strong>ut</strong></span> <span class='ocrx_word' id='word_1_599' title='bbox 1620 1206 1704 1241; x_wconf 72' lang='lat' dir='ltr'><strong>judex</strong></span> <span class='ocrx_word' id='word_1_600' title='bbox 1727 1205 1821 1240; x_wconf 85' lang='lat' dir='ltr'><strong>jusse-</strong></span> 
     </span>
    </p>
   </div>
   <div class='ocr_carea' id='block_1_86' title="bbox 1032 1251 1820 1288">
    <p class='ocr_par' dir='ltr' id='par_1_86' title="bbox 1032 1251 1820 1288">
     <span class='ocr_line' id='line_1_86' title="bbox 1032 1251 1820 1288; baseline -0.004 -8"><span class='ocrx_word' id='word_1_601' title='bbox 1032 1257 1085 1284; x_wconf 81' lang='lat' dir='ltr'><strong>rat,</strong></span> <span class='ocrx_word' id='word_1_602' title='bbox 1102 1257 1185 1288; x_wconf 78' lang='lat' dir='ltr'><strong>caput</strong></span> <span class='ocrx_word' id='word_1_603' title='bbox 1199 1257 1227 1281; x_wconf 93' lang='lat' dir='ltr'><strong>et</strong></span> <span class='ocrx_word' id='word_1_604' title='bbox 1246 1258 1375 1280; x_wconf 89' lang='lat' dir='ltr'><strong>truncum</strong></span> <span class='ocrx_word' id='word_1_605' title='bbox 1391 1259 1494 1287; x_wconf 84' lang='lat' dir='ltr'><strong>corpus</strong></span> <span class='ocrx_word' id='word_1_606' title='bbox 1515 1252 1625 1280; x_wconf 83' lang='lat' dir='ltr'><strong>trahere</strong></span> <span class='ocrx_word' id='word_1_607' title='bbox 1637 1251 1773 1279; x_wconf 87' lang='lat' dir='ltr'><strong>velociter</strong></span> <span class='ocrx_word' id='word_1_608' title='bbox 1787 1251 1820 1277; x_wconf 77' lang='lat' dir='ltr'><strong>ad</strong></span> 
     </span>
    </p>
   </div>
   <div class='ocr_carea' id='block_1_87' title="bbox 1031 1297 1822 1333">
    <p class='ocr_par' dir='ltr' id='par_1_87' title="bbox 1031 1297 1822 1333">
     <span class='ocr_line' id='line_1_87' title="bbox 1031 1297 1822 1333; baseline -0.001 -7"><span class='ocrx_word' id='word_1_609' title='bbox 1031 1307 1110 1327; x_wconf 85' lang='lat' dir='ltr'><strong>mare</strong></span> <span class='ocrx_word' id='word_1_610' title='bbox 1122 1304 1269 1327; x_wconf 87' lang='lat' dir='ltr'><strong>conantur.</strong></span> <span class='ocrx_word' id='word_1_611' title='bbox 1285 1298 1447 1326; x_wconf 81' lang='lat' dir='ltr'><strong>Exclamant</strong></span> <span class='ocrx_word' id='word_1_612' title='bbox 1458 1298 1619 1330; x_wconf 82' lang='lat' dir='ltr'><strong>Christiani,</strong></span> <span class='ocrx_word' id='word_1_613' title='bbox 1631 1298 1678 1333; x_wconf 90' lang='lat' dir='ltr'><strong>qui</strong></span> <span class='ocrx_word' id='word_1_614' title='bbox 1691 1297 1822 1333; x_wconf 80' lang='lat' dir='ltr'><strong>lacrymis</strong></span> 
     </span>
    </p>
   </div>
   <div class='ocr_carea' id='block_1_88' title="bbox 1031 1343 1822 1380">
    <p class='ocr_par' dir='ltr' id='par_1_88' title="bbox 1031 1343 1822 1380">
     <span class='ocr_line' id='line_1_88' title="bbox 1031 1343 1822 1380; baseline -0.004 -7"><span class='ocrx_word' id='word_1_615' title='bbox 1031 1346 1129 1373; x_wconf 69' lang='lat' dir='ltr'><strong>effusis</strong></span> <span class='ocrx_word' id='word_1_616' title='bbox 1144 1345 1507 1380; x_wconf 28' lang='lat' dir='ltr'><strong>circumstabant,vquorum</strong></span> <span class='ocrx_word' id='word_1_617' title='bbox 1529 1352 1626 1379; x_wconf 75' lang='lat' dir='ltr'><strong>magna</strong></span> <span class='ocrx_word' id='word_1_618' title='bbox 1647 1349 1709 1372; x_wconf 91' lang='lat' dir='ltr'><strong>erat</strong></span> <span class='ocrx_word' id='word_1_619' title='bbox 1727 1343 1822 1371; x_wconf 90' lang='lat' dir='ltr'><strong>multi-</strong></span> 
     </span>
    </p>
   </div>
   <div class='ocr_carea' id='block_1_89' title="bbox 1032 1391 1824 1427">
    <p class='ocr_par' dir='ltr' id='par_1_89' title="bbox 1032 1391 1824 1427">
     <span class='ocr_line' id='line_1_89' title="bbox 1032 1391 1824 1427; baseline -0.003 -7"><span class='ocrx_word' id='word_1_620' title='bbox 1032 1393 1121 1424; x_wconf 87' lang='lat' dir='ltr'><strong>tudo,</strong></span> <span class='ocrx_word' id='word_1_621' title='bbox 1140 1392 1328 1427; x_wconf 85' lang='lat' dir='ltr'><strong>sepeliendum</strong></span> <span class='ocrx_word' id='word_1_622' title='bbox 1354 1399 1416 1420; x_wconf 87' lang='lat' dir='ltr'><strong>esse</strong></span> <span class='ocrx_word' id='word_1_623' title='bbox 1443 1396 1597 1424; x_wconf 88' lang='lat' dir='ltr'><strong>mortuum,</strong></span> <span class='ocrx_word' id='word_1_624' title='bbox 1621 1399 1674 1418; x_wconf 89' lang='lat' dir='ltr'><strong>non</strong></span> <span class='ocrx_word' id='word_1_625' title='bbox 1702 1391 1729 1418; x_wconf 93' lang='lat' dir='ltr'><strong>in</strong></span> <span class='ocrx_word' id='word_1_626' title='bbox 1748 1398 1824 1418; x_wconf 87' lang='lat' dir='ltr'><strong>mare</strong></span> 
     </span>
    </p>
   </div>
   <div class='ocr_carea' id='block_1_90' title="bbox 1035 1438 1825 1474">
    <p class='ocr_par' dir='ltr' id='par_1_90' title="bbox 1035 1438 1825 1474">
     <span class='ocr_line' id='line_1_90' title="bbox 1035 1438 1825 1474; baseline -0.003 -8"><span class='ocrx_word' id='word_1_627' title='bbox 1035 1439 1250 1474; x_wconf 87' lang='lat' dir='ltr'><strong>projiciendum.</strong></span> <span class='ocrx_word' id='word_1_628' title='bbox 1279 1438 1336 1467; x_wconf 88' lang='lat' dir='ltr'><strong>lllis</strong></span> <span class='ocrx_word' id='word_1_629' title='bbox 1372 1438 1566 1466; x_wconf 87' lang='lat' dir='ltr'><strong>resistentibus</strong></span> <span class='ocrx_word' id='word_1_630' title='bbox 1584 1458 1591 1470; x_wconf 87' lang='lat'><strong>,</strong></span> <span class='ocrx_word' id='word_1_631' title='bbox 1620 1438 1722 1473; x_wconf 76' lang='lat' dir='ltr'><strong>regiam</strong></span> <span class='ocrx_word' id='word_1_632' title='bbox 1747 1438 1825 1464; x_wconf 91' lang='lat' dir='ltr'><strong>aiunt</strong></span> 
     </span>
    </p>
   </div>
   <div class='ocr_carea' id='block_1_91' title="bbox 1032 1484 1824 1520">
    <p class='ocr_par' dir='ltr' id='par_1_91' title="bbox 1032 1484 1824 1520">
     <span class='ocr_line' id='line_1_91' title="bbox 1032 1484 1824 1520; baseline -0.003 -8"><span class='ocrx_word' id='word_1_633' title='bbox 1032 1486 1207 1520; x_wconf 79' lang='lat' dir='ltr'><strong>rnajestatcm</strong></span> <span class='ocrx_word' id='word_1_634' title='bbox 1234 1492 1295 1512; x_wconf 90' lang='lat' dir='ltr'><strong>esse</strong></span> <span class='ocrx_word' id='word_1_635' title='bbox 1326 1485 1523 1512; x_wconf 85' lang='lat' dir='ltr'><strong>consulendam</strong></span> <span class='ocrx_word' id='word_1_636' title='bbox 1540 1504 1547 1516; x_wconf 90' lang='lat'><strong>,</strong></span> <span class='ocrx_word' id='word_1_637' title='bbox 1579 1484 1728 1518; x_wconf 87' lang='lat' dir='ltr'><strong>sepeliriue</strong></span> <span class='ocrx_word' id='word_1_638' title='bbox 1756 1484 1824 1511; x_wconf 85' lang='lat' dir='ltr'><strong>velit</strong></span> 
     </span>
    </p>
   </div>
   <div class='ocr_carea' id='block_1_92' title="bbox 1033 1529 1824 1566">
    <p class='ocr_par' dir='ltr' id='par_1_92' title="bbox 1033 1529 1824 1566">
     <span class='ocr_line' id='line_1_92' title="bbox 1033 1529 1824 1566; baseline -0.003 -8"><span class='ocrx_word' id='word_1_639' title='bbox 1033 1531 1123 1565; x_wconf 86' lang='lat' dir='ltr'><strong>ipsum</strong></span> <span class='ocrx_word' id='word_1_640' title='bbox 1138 1532 1192 1566; x_wconf 89' lang='lat' dir='ltr'><strong>jam</strong></span> <span class='ocrx_word' id='word_1_641' title='bbox 1210 1535 1362 1561; x_wconf 86' lang='lat' dir='ltr'><strong>mortuum,</strong></span> <span class='ocrx_word' id='word_1_642' title='bbox 1378 1538 1413 1556; x_wconf 82' lang='lat' dir='ltr'><strong>an</strong></span> <span class='ocrx_word' id='word_1_643' title='bbox 1433 1531 1459 1557; x_wconf 90' lang='lat' dir='ltr'><strong>in</strong></span> <span class='ocrx_word' id='word_1_644' title='bbox 1477 1538 1552 1557; x_wconf 91' lang='lat' dir='ltr'><strong>mare</strong></span> <span class='ocrx_word' id='word_1_645' title='bbox 1568 1530 1686 1564; x_wconf 84' lang='lat' dir='ltr'><strong>projici?</strong></span> <span class='ocrx_word' id='word_1_646' title='bbox 1705 1529 1763 1556; x_wconf 88' lang='lat' dir='ltr'><strong>lloc</strong></span> <span class='ocrx_word' id='word_1_647' title='bbox 1774 1537 1824 1556; x_wconf 86' lang='lat' dir='ltr'><strong>au—</strong></span> 
     </span>
    </p>
   </div>
   <div class='ocr_carea' id='block_1_93' title="bbox 1033 1576 1822 1612">
    <p class='ocr_par' dir='ltr' id='par_1_93' title="bbox 1033 1576 1822 1612">
     <span class='ocr_line' id='line_1_93' title="bbox 1033 1576 1822 1612; baseline -0.004 -8"><span class='ocrx_word' id='word_1_648' title='bbox 1033 1577 1093 1604; x_wconf 90' lang='lat' dir='ltr'><strong>dito</strong></span> <span class='ocrx_word' id='word_1_649' title='bbox 1109 1597 1116 1609; x_wconf 92' lang='lat'><strong>,</strong></span> <span class='ocrx_word' id='word_1_650' title='bbox 1140 1578 1197 1611; x_wconf 86' lang='lat' dir='ltr'><strong>ipse</strong></span> <span class='ocrx_word' id='word_1_651' title='bbox 1214 1577 1298 1612; x_wconf 83' lang='lat' dir='ltr'><strong>judex</strong></span> <span class='ocrx_word' id='word_1_652' title='bbox 1322 1577 1356 1603; x_wconf 87' lang='lat' dir='ltr'><strong>ad</strong></span> <span class='ocrx_word' id='word_1_653' title='bbox 1377 1583 1469 1611; x_wconf 72' lang='lat' dir='ltr'><strong>regem</strong></span> <span class='ocrx_word' id='word_1_654' title='bbox 1496 1576 1637 1610; x_wconf 87' lang='lat' dir='ltr'><strong>procurrit</strong></span> <span class='ocrx_word' id='word_1_655' title='bbox 1663 1576 1724 1609; x_wconf 87' lang='lat' dir='ltr'><strong>(nec</strong></span> <span class='ocrx_word' id='word_1_656' title='bbox 1747 1576 1822 1602; x_wconf 88' lang='lat' dir='ltr'><strong>cnim</strong></span> 
     </span>
    </p>
   </div>
   <div class='ocr_carea' id='block_1_94' title="bbox 1033 1621 1822 1657">
    <p class='ocr_par' dir='ltr' id='par_1_94' title="bbox 1033 1621 1822 1657">
     <span class='ocr_line' id='line_1_94' title="bbox 1033 1621 1822 1657; baseline -0.003 -8"><span class='ocrx_word' id='word_1_657' title='bbox 1033 1622 1278 1657; x_wconf 85' lang='lat' dir='ltr'><strong>lieetjndicibus,.</strong></span> <span class='ocrx_word' id='word_1_658' title='bbox 1289 1622 1400 1656; x_wconf 87' lang='lat' dir='ltr'><strong>quando</strong></span> <span class='ocrx_word' id='word_1_659' title='bbox 1425 1629 1516 1656; x_wconf 74' lang='lat' dir='ltr'><strong>regem</strong></span> <span class='ocrx_word' id='word_1_660' title='bbox 1532 1621 1735 1648; x_wconf 86' lang='lat' dir='ltr'><strong>consulendum</strong></span> <span class='ocrx_word' id='word_1_661' title='bbox 1762 1628 1822 1647; x_wconf 82' lang='lat' dir='ltr'><strong>esse</strong></span> 
     </span>
    </p>
   </div>
   <div class='ocr_carea' id='block_1_95' title="bbox 1034 1667 1822 1703">
    <p class='ocr_par' dir='ltr' id='par_1_95' title="bbox 1034 1667 1822 1703">
     <span class='ocr_line' id='line_1_95' title="bbox 1034 1667 1822 1703; baseline -0.003 -7"><span class='ocrx_word' id='word_1_662' title='bbox 1034 1669 1162 1701; x_wconf 84' lang='lat' dir='ltr'><strong>audiunt,</strong></span> <span class='ocrx_word' id='word_1_663' title='bbox 1180 1668 1333 1703; x_wconf 85' lang='lat' dir='ltr'><strong>quidquam</strong></span> <span class='ocrx_word' id='word_1_664' title='bbox 1352 1669 1444 1696; x_wconf 80' lang='lat' dir='ltr'><strong>facere</strong></span> <span class='ocrx_word' id='word_1_665' title='bbox 1463 1668 1591 1700; x_wconf 85' lang='lat' dir='ltr'><strong>ulterius,</strong></span> <span class='ocrx_word' id='word_1_666' title='bbox 1605 1667 1658 1694; x_wconf 87' lang='lat' dir='ltr'><strong>nisi</strong></span> <span class='ocrx_word' id='word_1_667' title='bbox 1673 1667 1730 1702; x_wconf 78' lang='lat' dir='ltr'><strong>regi</strong></span> <span class='ocrx_word' id='word_1_668' title='bbox 1748 1668 1822 1701; x_wconf 85' lang='lat' dir='ltr'><strong>prius</strong></span> 
     </span>
    </p>
   </div>
   <div class='ocr_carea' id='block_1_96' title="bbox 1035 1714 1821 1750">
    <p class='ocr_par' dir='ltr' id='par_1_96' title="bbox 1035 1714 1821 1750">
     <span class='ocr_line' id='line_1_96' title="bbox 1035 1714 1821 1750; baseline -0.003 -8"><span class='ocrx_word' id='word_1_669' title='bbox 1035 1715 1180 1750; x_wconf 78' lang='lat' dir='ltr'><strong>referant).</strong></span> <span class='ocrx_word' id='word_1_670' title='bbox 1208 1714 1262 1742; x_wconf 86' lang='lat' dir='ltr'><strong>Sed</strong></span> <span class='ocrx_word' id='word_1_671' title='bbox 1287 1715 1511 1742; x_wconf 86' lang='lat' dir='ltr'><strong>Christianorum</strong></span> <span class='ocrx_word' id='word_1_672' title='bbox 1541 1721 1654 1749; x_wconf 86' lang='lat' dir='ltr'><strong>quoque</strong></span> <span class='ocrx_word' id='word_1_673' title='bbox 1680 1715 1821 1748; x_wconf 85' lang='lat' dir='ltr'><strong>primates,</strong></span> 
     </span>
    </p>
   </div>
   <div class='ocr_carea' id='block_1_97' title="bbox 1036 1759 1820 1797">
    <p class='ocr_par' dir='ltr' id='par_1_97' title="bbox 1036 1759 1820 1797">
     <span class='ocr_line' id='line_1_97' title="bbox 1036 1759 1820 1797; baseline -0.004 -9"><span class='ocrx_word' id='word_1_674' title='bbox 1036 1769 1119 1797; x_wconf 91' lang='lat' dir='ltr'><strong>quam</strong></span> <span class='ocrx_word' id='word_1_675' title='bbox 1139 1761 1271 1788; x_wconf 87' lang='lat' dir='ltr'><strong>velociter</strong></span> <span class='ocrx_word' id='word_1_676' title='bbox 1286 1765 1426 1795; x_wconf 87' lang='lat' dir='ltr'><strong>poterant,</strong></span> <span class='ocrx_word' id='word_1_677' title='bbox 1445 1767 1534 1795; x_wconf 82' lang='lat' dir='ltr'><strong>regem</strong></span> <span class='ocrx_word' id='word_1_678' title='bbox 1553 1759 1660 1787; x_wconf 78' lang='lat' dir='ltr'><strong>aderrat</strong></span> <span class='ocrx_word' id='word_1_679' title='bbox 1677 1768 1684 1786; x_wconf 89' lang='lat'>:</span> <span class='ocrx_word' id='word_1_680' title='bbox 1698 1759 1745 1794; x_wconf 90' lang='lat' dir='ltr'><strong>qui</strong></span> <span class='ocrx_word' id='word_1_681' title='bbox 1761 1767 1820 1786; x_wconf 78' lang='lat' dir='ltr'><strong>cum</strong></span> 
     </span>
    </p>
   </div>
   <div class='ocr_carea' id='block_1_98' title="bbox 1034 1805 1822 1842">
    <p class='ocr_par' dir='ltr' id='par_1_98' title="bbox 1034 1805 1822 1842">
     <span class='ocr_line' id='line_1_98' title="bbox 1034 1805 1822 1842; baseline -0.005 -8"><span class='ocrx_word' id='word_1_682' title='bbox 1034 1807 1222 1842; x_wconf 82' lang='lat' dir='ltr'><strong>percepisset,</strong></span> <span class='ocrx_word' id='word_1_683' title='bbox 1236 1806 1336 1841; x_wconf 87' lang='lat' dir='ltr'><strong>quibus</strong></span> <span class='ocrx_word' id='word_1_684' title='bbox 1349 1805 1519 1833; x_wconf 82' lang='lat' dir='ltr'><strong>cruciatibus</strong></span> <span class='ocrx_word' id='word_1_685' title='bbox 1531 1826 1539 1838; x_wconf 91' lang='lat'><strong>,</strong></span> <span class='ocrx_word' id='word_1_686' title='bbox 1556 1810 1583 1833; x_wconf 92' lang='lat' dir='ltr'><strong>et</strong></span> <span class='ocrx_word' id='word_1_687' title='bbox 1598 1805 1722 1840; x_wconf 86' lang='lat' dir='ltr'><strong>quandiu</strong></span> <span class='ocrx_word' id='word_1_688' title='bbox 1739 1812 1822 1831; x_wconf 77' lang='lat' dir='ltr'><strong>vexa-</strong></span> 
     </span>
    </p>
   </div>
   <div class='ocr_carea' id='block_1_99' title="bbox 1035 1850 1821 1885">
    <p class='ocr_par' dir='ltr' id='par_1_99' title="bbox 1035 1850 1821 1885">
     <span class='ocr_line' id='line_1_99' title="bbox 1035 1850 1821 1885; baseline -0.004 -6"><span class='ocrx_word' id='word_1_689' title='bbox 1035 1857 1080 1879; x_wconf 87' lang='lat' dir='ltr'><strong>tus</strong></span> <span class='ocrx_word' id='word_1_690' title='bbox 1103 1852 1154 1879; x_wconf 84' lang='lat' dir='ltr'><strong>luit</strong></span> <span class='ocrx_word' id='word_1_691' title='bbox 1170 1852 1305 1885; x_wconf 77' lang='lat' dir='ltr'><strong>Andreas,</strong></span> <span class='ocrx_word' id='word_1_692' title='bbox 1318 1850 1483 1879; x_wconf 69' lang='lat' dir='ltr'><strong>eﬂerbuisse</strong></span> <span class='ocrx_word' id='word_1_693' title='bbox 1501 1852 1539 1878; x_wconf 90' lang='lat' dir='ltr'><strong>ira</strong></span> <span class='ocrx_word' id='word_1_694' title='bbox 1557 1851 1669 1883; x_wconf 88' lang='lat' dir='ltr'><strong>dicitur,</strong></span> <span class='ocrx_word' id='word_1_695' title='bbox 1686 1855 1714 1878; x_wconf 90' lang='lat' dir='ltr'><strong>et</strong></span> <span class='ocrx_word' id='word_1_696' title='bbox 1729 1850 1821 1877; x_wconf 86' lang='lat' dir='ltr'><strong>verbis</strong></span> 
     </span>
    </p>
   </div>
   <div class='ocr_carea' id='block_1_100' title="bbox 1036 1896 1822 1933">
    <p class='ocr_par' dir='ltr' id='par_1_100' title="bbox 1036 1896 1822 1933">
     <span class='ocr_line' id='line_1_100' title="bbox 1036 1896 1822 1933; baseline -0.004 -7"><span class='ocrx_word' id='word_1_697' title='bbox 1036 1899 1064 1926; x_wconf 93' lang='lat' dir='ltr'><strong>in</strong></span> <span class='ocrx_word' id='word_1_698' title='bbox 1081 1898 1202 1933; x_wconf 71' lang='lat' dir='ltr'><strong>iudicem</strong></span> <span class='ocrx_word' id='word_1_699' title='bbox 1218 1899 1258 1926; x_wconf 89' lang='lat' dir='ltr'><strong>sic</strong></span> <span class='ocrx_word' id='word_1_700' title='bbox 1272 1897 1414 1926; x_wconf 86' lang='lat' dir='ltr'><strong>atrocibus</strong></span> <span class='ocrx_word' id='word_1_701' title='bbox 1441 1904 1510 1925; x_wconf 66' lang='lat' dir='ltr'><strong>usas</strong></span> <span class='ocrx_word' id='word_1_702' title='bbox 1523 1897 1609 1924; x_wconf 80' lang='lat' dir='ltr'><strong>fuisse</strong></span> <span class='ocrx_word' id='word_1_703' title='bbox 1621 1918 1628 1926; x_wconf 83' lang='lat'><strong>.</strong></span> <span class='ocrx_word' id='word_1_704' title='bbox 1645 1901 1673 1924; x_wconf 91' lang='lat' dir='ltr'><strong>ut</strong></span> <span class='ocrx_word' id='word_1_705' title='bbox 1688 1896 1822 1924; x_wconf 77' lang='lat' dir='ltr'><strong>csanimis</strong></span> 
     </span>
    </p>
   </div>
   <div class='ocr_carea' id='block_1_101' title="bbox 1036 1943 1823 1979">
    <p class='ocr_par' dir='ltr' id='par_1_101' title="bbox 1036 1943 1823 1979">
     <span class='ocr_line' id='line_1_101' title="bbox 1036 1943 1823 1979; baseline -0.004 -7"><span class='ocrx_word' id='word_1_706' title='bbox 1036 1952 1071 1972; x_wconf 86' lang='lat' dir='ltr'><strong>ne</strong></span> <span class='ocrx_word' id='word_1_707' title='bbox 1093 1944 1208 1972; x_wconf 68' lang='lat' dir='ltr'><strong>mutiret</strong></span> <span class='ocrx_word' id='word_1_708' title='bbox 1233 1944 1345 1979; x_wconf 85' lang='lat' dir='ltr'><strong>quidem</strong></span> <span class='ocrx_word' id='word_1_709' title='bbox 1359 1943 1445 1978; x_wconf 89' lang='lat' dir='ltr'><strong>judex</strong></span> <span class='ocrx_word' id='word_1_710' title='bbox 1463 1943 1585 1978; x_wconf 87' lang='lat' dir='ltr'><strong>iniquus.</strong></span> <span class='ocrx_word' id='word_1_711' title='bbox 1602 1943 1656 1970; x_wconf 86' lang='lat' dir='ltr'><strong>Sed</strong></span> <span class='ocrx_word' id='word_1_712' title='bbox 1680 1950 1711 1969; x_wconf 83' lang='lat' dir='ltr'><strong>ea</strong></span> <span class='ocrx_word' id='word_1_713' title='bbox 1727 1943 1779 1974; x_wconf 88' lang='lat' dir='ltr'><strong>ira,</strong></span> <span class='ocrx_word' id='word_1_714' title='bbox 1797 1948 1823 1969; x_wconf 80' lang='lat' dir='ltr'><strong>et</strong></span> 
     </span>
    </p>
   </div>
   <div class='ocr_carea' id='block_1_102' title="bbox 1037 1988 1822 2025">
    <p class='ocr_par' dir='ltr' id='par_1_102' title="bbox 1037 1988 1822 2025">
     <span class='ocr_line' id='line_1_102' title="bbox 1037 1988 1822 2025; baseline -0.004 -8"><span class='ocrx_word' id='word_1_715' title='bbox 1037 1990 1090 2017; x_wconf 75' lang='lat' dir='ltr'><strong>illa:</strong></span> <span class='ocrx_word' id='word_1_716' title='bbox 1107 1989 1235 2025; x_wconf 75' lang='lat' dir='ltr'><strong>ingentes</strong></span> <span class='ocrx_word' id='word_1_717' title='bbox 1248 1989 1330 2016; x_wconf 65' lang='lat' dir='ltr'><strong>mina:</strong></span> <span class='ocrx_word' id='word_1_718' title='bbox 1353 1989 1435 2016; x_wconf 89' lang='lat' dir='ltr'><strong>simul</strong></span> <span class='ocrx_word' id='word_1_719' title='bbox 1450 1995 1513 2016; x_wconf 90' lang='lat' dir='ltr'><strong>cum</strong></span> <span class='ocrx_word' id='word_1_720' title='bbox 1532 1988 1625 2016; x_wconf 84' lang='lat' dir='ltr'><strong>verbis</strong></span> <span class='ocrx_word' id='word_1_721' title='bbox 1640 1992 1822 2015; x_wconf 84' lang='lat' dir='ltr'><strong>evanuerunt.</strong></span> 
     </span>
    </p>
   </div>
   <div class='ocr_carea' id='block_1_103' title="bbox 1035 2034 1824 2070">
    <p class='ocr_par' dir='ltr' id='par_1_103' title="bbox 1035 2034 1824 2070">
     <span class='ocr_line' id='line_1_103' title="bbox 1035 2034 1824 2070; baseline -0.005 -5"><span class='ocrx_word' id='word_1_722' title='bbox 1035 2037 1202 2065; x_wconf 76' lang='lat' dir='ltr'><strong>Christianis</strong></span> <span class='ocrx_word' id='word_1_723' title='bbox 1226 2036 1326 2065; x_wconf 79' lang='lat' dir='ltr'><strong>deinde</strong></span> <span class='ocrx_word' id='word_1_724' title='bbox 1338 2036 1428 2070; x_wconf 81' lang='lat' dir='ltr'><strong>jubet,</strong></span> <span class='ocrx_word' id='word_1_725' title='bbox 1450 2041 1480 2063; x_wconf 85' lang='lat' dir='ltr'><strong>ut</strong></span> <span class='ocrx_word' id='word_1_726' title='bbox 1504 2034 1642 2062; x_wconf 78' lang='lat' dir='ltr'><strong>Andream</strong></span> <span class='ocrx_word' id='word_1_727' title='bbox 1663 2034 1824 2065; x_wconf 84' lang='lat' dir='ltr'><strong>honoriﬁce,</strong></span> 
     </span>
    </p>
   </div>
   <div class='ocr_carea' id='block_1_104' title="bbox 1036 2081 1822 2117">
    <p class='ocr_par' dir='ltr' id='par_1_104' title="bbox 1036 2081 1822 2117">
     <span class='ocr_line' id='line_1_104' title="bbox 1036 2081 1822 2117; baseline -0.005 -7"><span class='ocrx_word' id='word_1_728' title='bbox 1036 2083 1119 2111; x_wconf 85' lang='lat' dir='ltr'><strong>sicuti</strong></span> <span class='ocrx_word' id='word_1_729' title='bbox 1135 2083 1216 2110; x_wconf 85' lang='lat' dir='ltr'><strong>decet</strong></span> <span class='ocrx_word' id='word_1_730' title='bbox 1228 2083 1317 2110; x_wconf 89' lang='lat' dir='ltr'><strong>virum</strong></span> <span class='ocrx_word' id='word_1_731' title='bbox 1339 2081 1450 2114; x_wconf 74' lang='lat' dir='ltr'><strong>fortem,</strong></span> <span class='ocrx_word' id='word_1_732' title='bbox 1461 2082 1612 2117; x_wconf 85' lang='lat' dir='ltr'><strong>‘sepeliant.</strong></span> <span class='ocrx_word' id='word_1_733' title='bbox 1629 2081 1681 2114; x_wconf 86' lang='lat' dir='ltr'><strong>Qui</strong></span> <span class='ocrx_word' id='word_1_734' title='bbox 1697 2086 1822 2116; x_wconf 82' lang='lat' dir='ltr'><strong>apposqu</strong></span> 
     </span>
    </p>
   </div>
   <div class='ocr_carea' id='block_1_105' title="bbox 1038 2129 1823 2166">
    <p class='ocr_par' dir='ltr' id='par_1_105' title="bbox 1038 2129 1823 2166">
     <span class='ocr_line' id='line_1_105' title="bbox 1038 2129 1823 2166; baseline -0.004 -8"><span class='ocrx_word' id='word_1_735' title='bbox 1038 2131 1128 2166; x_wconf 87' lang='lat' dir='ltr'><strong>capite</strong></span> <span class='ocrx_word' id='word_1_736' title='bbox 1143 2131 1251 2165; x_wconf 88' lang='lat' dir='ltr'><strong>corpori</strong></span> <span class='ocrx_word' id='word_1_737' title='bbox 1267 2137 1328 2164; x_wconf 90' lang='lat' dir='ltr'><strong>suo,</strong></span> <span class='ocrx_word' id='word_1_738' title='bbox 1354 2130 1388 2158; x_wconf 86' lang='lat' dir='ltr'><strong>ad</strong></span> <span class='ocrx_word' id='word_1_739' title='bbox 1405 2130 1529 2158; x_wconf 89' lang='lat' dir='ltr'><strong>Galatam</strong></span> <span class='ocrx_word' id='word_1_740' title='bbox 1547 2131 1739 2165; x_wconf 88' lang='lat' dir='ltr'><strong>deportarunt.</strong></span> <span class='ocrx_word' id='word_1_741' title='bbox 1758 2129 1823 2155; x_wconf 73' lang='lat' dir='ltr'><strong>Ade-</strong></span> 
     </span>
    </p>
   </div>
   <div class='ocr_carea' id='block_1_106' title="bbox 1039 2175 1826 2211">
    <p class='ocr_par' dir='ltr' id='par_1_106' title="bbox 1039 2175 1826 2211">
     <span class='ocr_line' id='line_1_106' title="bbox 1039 2175 1826 2211; baseline -0.001 -7"><span class='ocrx_word' id='word_1_742' title='bbox 1039 2181 1081 2204; x_wconf 90' lang='lat' dir='ltr'><strong>rat</strong></span> <span class='ocrx_word' id='word_1_743' title='bbox 1101 2181 1193 2203; x_wconf 89' lang='lat' dir='ltr'><strong>autem</strong></span> <span class='ocrx_word' id='word_1_744' title='bbox 1210 2176 1358 2203; x_wconf 88' lang='lat' dir='ltr'><strong>universus</strong></span> <span class='ocrx_word' id='word_1_745' title='bbox 1375 2182 1556 2211; x_wconf 91' lang='lat' dir='ltr'><strong>utrarumque</strong></span> <span class='ocrx_word' id='word_1_746' title='bbox 1572 2175 1681 2203; x_wconf 85' lang='lat' dir='ltr'><strong>urbium</strong></span> <span class='ocrx_word' id='word_1_747' title='bbox 1697 2196 1704 2208; x_wconf 89' lang='lat'><strong>,</strong></span> <span class='ocrx_word' id='word_1_748' title='bbox 1727 2175 1826 2203; x_wconf 71' lang='lat' dir='ltr'><strong>Galatae</strong></span> 
     </span>
    </p>
   </div>
   <div class='ocr_carea' id='block_1_107' title="bbox 1041 2221 1822 2256">
    <p class='ocr_par' dir='ltr' id='par_1_107' title="bbox 1041 2221 1822 2256">
     <span class='ocr_line' id='line_1_107' title="bbox 1041 2221 1822 2256; baseline -0.001 -7"><span class='ocrx_word' id='word_1_749' title='bbox 1041 2228 1122 2256; x_wconf 86' lang='lat' dir='ltr'><strong>atque</strong></span> <span class='ocrx_word' id='word_1_750' title='bbox 1133 2221 1400 2256; x_wconf 85' lang='lat' dir='ltr'><strong>Constantinopolis,</strong></span> <span class='ocrx_word' id='word_1_751' title='bbox 1416 2222 1545 2256; x_wconf 82' lang='lat' dir='ltr'><strong>populus,</strong></span> <span class='ocrx_word' id='word_1_752' title='bbox 1560 2222 1612 2248; x_wconf 89' lang='lat' dir='ltr'><strong>viri</strong></span> <span class='ocrx_word' id='word_1_753' title='bbox 1626 2221 1706 2248; x_wconf 89' lang='lat' dir='ltr'><strong>simul</strong></span> <span class='ocrx_word' id='word_1_754' title='bbox 1721 2229 1753 2248; x_wconf 93' lang='lat' dir='ltr'><strong>ac</strong></span> <span class='ocrx_word' id='word_1_755' title='bbox 1769 2229 1822 2248; x_wconf 87' lang='lat' dir='ltr'><strong>mn-</strong></span> 
     </span>
    </p>
   </div>
   <div class='ocr_carea' id='block_1_108' title="bbox 1041 2268 1826 2303">
    <p class='ocr_par' dir='ltr' id='par_1_108' title="bbox 1041 2268 1826 2303">
     <span class='ocr_line' id='line_1_108' title="bbox 1041 2268 1826 2303; baseline -0.001 -8"><span class='ocrx_word' id='word_1_756' title='bbox 1041 2268 1134 2298; x_wconf 88' lang='lat' dir='ltr'><strong>lieres.</strong></span> <span class='ocrx_word' id='word_1_757' title='bbox 1160 2268 1239 2302; x_wconf 87' lang='lat' dir='ltr'><strong>pueri</strong></span> <span class='ocrx_word' id='word_1_758' title='bbox 1265 2273 1348 2303; x_wconf 86' lang='lat' dir='ltr'><strong>atque</strong></span> <span class='ocrx_word' id='word_1_759' title='bbox 1374 2268 1481 2303; x_wconf 76' lang='lat' dir='ltr'><strong>puellzr,</strong></span> <span class='ocrx_word' id='word_1_760' title='bbox 1509 2269 1590 2296; x_wconf 91' lang='lat' dir='ltr'><strong>liberi</strong></span> <span class='ocrx_word' id='word_1_761' title='bbox 1615 2273 1640 2295; x_wconf 91' lang='lat' dir='ltr'><strong>et</strong></span> <span class='ocrx_word' id='word_1_762' title='bbox 1669 2268 1751 2299; x_wconf 77' lang='lat' dir='ltr'><strong>servi,</strong></span> <span class='ocrx_word' id='word_1_763' title='bbox 1779 2275 1826 2294; x_wconf 80' lang='lat' dir='ltr'><strong>nec</strong></span> 
     </span>
    </p>
   </div>
   <div class='ocr_carea' id='block_1_109' title="bbox 1041 2306 1826 2346">
    <p class='ocr_par' dir='ltr' id='par_1_109' title="bbox 1041 2306 1826 2346">
     <span class='ocr_line' id='line_1_109' title="bbox 1041 2306 1826 2346; baseline -0.004 -5"><span class='ocrx_word' id='word_1_764' title='bbox 1041 2306 1261 2341; x_wconf 63' lang='lat' dir='ltr'><strong>Cirristizﬁtorum</strong></span> <span class='ocrx_word' id='word_1_765' title='bbox 1277 2314 1366 2341; x_wconf 88' lang='lat' dir='ltr'><strong>solum</strong></span> <span class='ocrx_word' id='word_1_766' title='bbox 1380 2335 1387 2346; x_wconf 87' lang='lat'><strong>,</strong></span> <span class='ocrx_word' id='word_1_767' title='bbox 1406 2322 1500 2341; x_wconf 86' lang='lat' dir='ltr'><strong>verum</strong></span> <span class='ocrx_word' id='word_1_768' title='bbox 1516 2315 1600 2341; x_wconf 81' lang='lat' dir='ltr'><strong>etiam</strong></span> <span class='ocrx_word' id='word_1_769' title='bbox 1620 2313 1826 2341; x_wconf 73' lang='lat' dir='ltr'><strong>Mahumctista—</strong></span> 
     </span>
    </p>
   </div>
   <div class='ocr_carea' id='block_1_110' title="bbox 1042 2359 1824 2393">
    <p class='ocr_par' dir='ltr' id='par_1_110' title="bbox 1042 2359 1824 2393">
     <span class='ocr_line' id='line_1_110' title="bbox 1042 2359 1824 2393; baseline -0.001 -7"><span class='ocrx_word' id='word_1_770' title='bbox 1042 2366 1102 2386; x_wconf 90' lang='lat' dir='ltr'><strong>rum</strong></span> <span class='ocrx_word' id='word_1_771' title='bbox 1122 2359 1201 2386; x_wconf 88' lang='lat' dir='ltr'><strong>multi</strong></span> <span class='ocrx_word' id='word_1_772' title='bbox 1227 2359 1411 2386; x_wconf 89' lang='lat' dir='ltr'><strong>admiratione</strong></span> <span class='ocrx_word' id='word_1_773' title='bbox 1430 2360 1570 2391; x_wconf 83' lang='lat' dir='ltr'><strong>commoti,</strong></span> <span class='ocrx_word' id='word_1_774' title='bbox 1594 2367 1648 2386; x_wconf 90' lang='lat' dir='ltr'><strong>non</strong></span> <span class='ocrx_word' id='word_1_775' title='bbox 1674 2360 1824 2393; x_wconf 85' lang='lat' dir='ltr'><strong>pauciores,</strong></span> 
     </span>
    </p>
   </div>
   <div class='ocr_carea' id='block_1_111' title="bbox 1043 2405 1824 2440">
    <p class='ocr_par' dir='ltr' id='par_1_111' title="bbox 1043 2405 1824 2440">
     <span class='ocr_line' id='line_1_111' title="bbox 1043 2405 1824 2440; baseline -0.001 -8"><span class='ocrx_word' id='word_1_776' title='bbox 1043 2412 1124 2440; x_wconf 88' lang='lat' dir='ltr'><strong>qttam</strong></span> <span class='ocrx_word' id='word_1_777' title='bbox 1141 2405 1236 2432; x_wconf 83' lang='lat' dir='ltr'><strong>decies</strong></span> <span class='ocrx_word' id='word_1_778' title='bbox 1250 2405 1345 2433; x_wconf 89' lang='lat' dir='ltr'><strong>decem</strong></span> <span class='ocrx_word' id='word_1_779' title='bbox 1366 2406 1450 2432; x_wconf 85' lang='lat' dir='ltr'><strong>millia</strong></span> <span class='ocrx_word' id='word_1_780' title='bbox 1467 2414 1474 2432; x_wconf 71' lang='grc' dir='ltr'><strong>ε</strong></span> <span class='ocrx_word' id='word_1_781' title='bbox 1488 2405 1534 2440; x_wconf 90' lang='lat' dir='ltr'><strong>qui</strong></span> <span class='ocrx_word' id='word_1_782' title='bbox 1554 2413 1663 2435; x_wconf 88' lang='lat' dir='ltr'><strong>omnes,</strong></span> <span class='ocrx_word' id='word_1_783' title='bbox 1679 2405 1724 2432; x_wconf 92' lang='lat' dir='ltr'><strong>alli</strong></span> <span class='ocrx_word' id='word_1_784' title='bbox 1743 2405 1824 2438; x_wconf 83' lang='lat' dir='ltr'><strong>lacry-</strong></span> 
     </span>
    </p>
   </div>
   <div class='ocr_carea' id='block_1_112' title="bbox 1043 2452 1824 2487">
    <p class='ocr_par' dir='ltr' id='par_1_112' title="bbox 1043 2452 1824 2487">
     <span class='ocr_line' id='line_1_112' title="bbox 1043 2452 1824 2487; baseline 0 -9"><span class='ocrx_word' id='word_1_785' title='bbox 1043 2457 1164 2484; x_wconf 89' lang='lat' dir='ltr'><strong>mantes,</strong></span> <span class='ocrx_word' id='word_1_786' title='bbox 1187 2453 1233 2480; x_wconf 90' lang='lat' dir='ltr'><strong>alii</strong></span> <span class='ocrx_word' id='word_1_787' title='bbox 1250 2452 1347 2479; x_wconf 88' lang='lat' dir='ltr'><strong>laudes</strong></span> <span class='ocrx_word' id='word_1_788' title='bbox 1360 2452 1421 2487; x_wconf 86' lang='lat' dir='ltr'><strong>ejus</strong></span> <span class='ocrx_word' id='word_1_789' title='bbox 1439 2452 1633 2486; x_wconf 70' lang='lat' dir='ltr'><strong>prauiieautes,</strong></span> <span class='ocrx_word' id='word_1_790' title='bbox 1650 2456 1678 2479; x_wconf 89' lang='lat' dir='ltr'><strong>et</strong></span> <span class='ocrx_word' id='word_1_791' title='bbox 1694 2452 1740 2478; x_wconf 91' lang='lat' dir='ltr'><strong>alii</strong></span> <span class='ocrx_word' id='word_1_792' title='bbox 1762 2459 1824 2479; x_wconf 87' lang='lat' dir='ltr'><strong>con-</strong></span> 
     </span>
    </p>
   </div>
   <div class='ocr_carea' id='block_1_113' title="bbox 1043 2498 1826 2532">
    <p class='ocr_par' dir='ltr' id='par_1_113' title="bbox 1043 2498 1826 2532">
     <span class='ocr_line' id='line_1_113' title="bbox 1043 2498 1826 2532; baseline -0.003 -6"><span class='ocrx_word' id='word_1_793' title='bbox 1043 2499 1170 2527; x_wconf 85' lang='lat' dir='ltr'><strong>stantiam</strong></span> <span class='ocrx_word' id='word_1_794' title='bbox 1195 2506 1227 2526; x_wconf 90' lang='lat' dir='ltr'><strong>ae</strong></span> <span class='ocrx_word' id='word_1_795' title='bbox 1249 2499 1335 2526; x_wconf 89' lang='lat' dir='ltr'><strong>robur</strong></span> <span class='ocrx_word' id='word_1_796' title='bbox 1350 2498 1455 2531; x_wconf 75' lang='lat' dir='ltr'><strong>animi,</strong></span> <span class='ocrx_word' id='word_1_797' title='bbox 1483 2498 1528 2525; x_wconf 88' lang='lat' dir='ltr'><strong>alii</strong></span> <span class='ocrx_word' id='word_1_798' title='bbox 1548 2498 1722 2532; x_wconf 76' lang='lat' dir='ltr'><strong>prudentiam</strong></span> <span class='ocrx_word' id='word_1_799' title='bbox 1749 2503 1826 2532; x_wconf 86' lang='lat' dir='ltr'><strong>atque</strong></span> 
     </span>
    </p>
   </div>
   <div class='ocr_carea' id='block_1_114' title="bbox 1044 2545 1825 2581">
    <p class='ocr_par' dir='ltr' id='par_1_114' title="bbox 1044 2545 1825 2581">
     <span class='ocr_line' id='line_1_114' title="bbox 1044 2545 1825 2581; baseline -0.001 -9"><span class='ocrx_word' id='word_1_800' title='bbox 1044 2546 1221 2581; x_wconf 74' lang='lat' dir='ltr'><strong>gravitatem,</strong></span> <span class='ocrx_word' id='word_1_801' title='bbox 1247 2545 1293 2573; x_wconf 88' lang='lat' dir='ltr'><strong>alii</strong></span> <span class='ocrx_word' id='word_1_802' title='bbox 1311 2550 1503 2581; x_wconf 84' lang='lat' dir='ltr'><strong>contemptum</strong></span> <span class='ocrx_word' id='word_1_803' title='bbox 1518 2545 1705 2573; x_wconf 88' lang='lat' dir='ltr'><strong>humanarum</strong></span> <span class='ocrx_word' id='word_1_804' title='bbox 1721 2553 1825 2576; x_wconf 80' lang='lat' dir='ltr'><strong>rerum;</strong></span> 
     </span>
    </p>
   </div>
   <div class='ocr_carea' id='block_1_115' title="bbox 1044 2591 1826 2625">
    <p class='ocr_par' dir='ltr' id='par_1_115' title="bbox 1044 2591 1826 2625">
     <span class='ocr_line' id='line_1_115' title="bbox 1044 2591 1826 2625; baseline -0.001 -6"><span class='ocrx_word' id='word_1_805' title='bbox 1044 2592 1123 2620; x_wconf 90' lang='lat' dir='ltr'><strong>multi</strong></span> <span class='ocrx_word' id='word_1_806' title='bbox 1138 2591 1218 2619; x_wconf 80' lang='lat' dir='ltr'><strong>[idem</strong></span> <span class='ocrx_word' id='word_1_807' title='bbox 1238 2593 1264 2618; x_wconf 90' lang='lat' dir='ltr'><strong>in</strong></span> <span class='ocrx_word' id='word_1_808' title='bbox 1279 2592 1373 2619; x_wconf 82' lang='lat' dir='ltr'><strong>Jesum</strong></span> <span class='ocrx_word' id='word_1_809' title='bbox 1389 2591 1542 2623; x_wconf 86' lang='lat' dir='ltr'><strong>Christum,</strong></span> <span class='ocrx_word' id='word_1_810' title='bbox 1556 2592 1584 2619; x_wconf 93' lang='lat' dir='ltr'><strong>in</strong></span> <span class='ocrx_word' id='word_1_811' title='bbox 1596 2599 1707 2619; x_wconf 89' lang='lat' dir='ltr'><strong>crucem</strong></span> <span class='ocrx_word' id='word_1_812' title='bbox 1725 2597 1753 2618; x_wconf 86' lang='lat' dir='ltr'><strong>ct</strong></span> <span class='ocrx_word' id='word_1_813' title='bbox 1770 2599 1826 2625; x_wconf 87' lang='lat' dir='ltr'><strong>pas-</strong></span> 
     </span>
    </p>
   </div>
   <div class='ocr_carea' id='block_1_116' title="bbox 1044 2637 1827 2674">
    <p class='ocr_par' dir='ltr' id='par_1_116' title="bbox 1044 2637 1827 2674">
     <span class='ocr_line' id='line_1_116' title="bbox 1044 2637 1827 2674; baseline -0.003 -8"><span class='ocrx_word' id='word_1_814' title='bbox 1044 2640 1151 2666; x_wconf 86' lang='lat' dir='ltr'><strong>sionem</strong></span> <span class='ocrx_word' id='word_1_815' title='bbox 1164 2639 1236 2674; x_wconf 85' lang='lat' dir='ltr'><strong>ejus,</strong></span> <span class='ocrx_word' id='word_1_816' title='bbox 1253 2643 1282 2665; x_wconf 92' lang='lat' dir='ltr'><strong>et</strong></span> <span class='ocrx_word' id='word_1_817' title='bbox 1309 2639 1337 2665; x_wconf 92' lang='lat' dir='ltr'><strong>in</strong></span> <span class='ocrx_word' id='word_1_818' title='bbox 1362 2638 1566 2666; x_wconf 86' lang='lat' dir='ltr'><strong>immaculatam</strong></span> <span class='ocrx_word' id='word_1_819' title='bbox 1581 2638 1724 2672; x_wconf 77' lang='lat' dir='ltr'><strong>Virginem</strong></span> <span class='ocrx_word' id='word_1_820' title='bbox 1750 2637 1827 2665; x_wconf 88' lang='lat' dir='ltr'><strong>devo-</strong></span> 
     </span>
    </p>
   </div>
   <div class='ocr_carea' id='block_1_117' title="bbox 1047 2684 1827 2718">
    <p class='ocr_par' dir='ltr' id='par_1_117' title="bbox 1047 2684 1827 2718">
     <span class='ocr_line' id='line_1_117' title="bbox 1047 2684 1827 2718; baseline -0.004 -6"><span class='ocrx_word' id='word_1_821' title='bbox 1047 2686 1148 2712; x_wconf 90' lang='lat' dir='ltr'><strong>tionem</strong></span> <span class='ocrx_word' id='word_1_822' title='bbox 1180 2689 1338 2712; x_wconf 87' lang='lat' dir='ltr'><strong>narrantes.</strong></span> <span class='ocrx_word' id='word_1_823' title='bbox 1367 2684 1489 2711; x_wconf 78' lang='lat' dir='ltr'><strong>Tandem</strong></span> <span class='ocrx_word' id='word_1_824' title='bbox 1529 2684 1556 2711; x_wconf 94' lang='lat' dir='ltr'><strong>in</strong></span> <span class='ocrx_word' id='word_1_825' title='bbox 1594 2684 1697 2710; x_wconf 66' lang='lat' dir='ltr'><strong>Galatae</strong></span> <span class='ocrx_word' id='word_1_826' title='bbox 1729 2688 1827 2718; x_wconf 89' lang='lat' dir='ltr'><strong>partem</strong></span> 
     </span>
    </p>
   </div>
   <div class='ocr_carea' id='block_1_118' title="bbox 1045 2727 1828 2763">
    <p class='ocr_par' dir='ltr' id='par_1_118' title="bbox 1045 2727 1828 2763">
     <span class='ocr_line' id='line_1_118' title="bbox 1045 2727 1828 2763; baseline -0.005 -5"><span class='ocrx_word' id='word_1_827' title='bbox 1045 2735 1196 2758; x_wconf 88' lang='lat' dir='ltr'><strong>extremam</strong></span> <span class='ocrx_word' id='word_1_828' title='bbox 1223 2737 1321 2757; x_wconf 89' lang='lat' dir='ltr'><strong>versus</strong></span> <span class='ocrx_word' id='word_1_829' title='bbox 1344 2734 1435 2757; x_wconf 90' lang='lat' dir='ltr'><strong>ortum</strong></span> <span class='ocrx_word' id='word_1_830' title='bbox 1455 2729 1524 2756; x_wconf 91' lang='lat' dir='ltr'><strong>mari</strong></span> <span class='ocrx_word' id='word_1_831' title='bbox 1539 2729 1697 2763; x_wconf 77' lang='lat' dir='ltr'><strong>contignata</strong></span> <span class='ocrx_word' id='word_1_832' title='bbox 1714 2727 1828 2756; x_wconf 86' lang='lat' dir='ltr'><strong>devene-</strong></span> 
     </span>
    </p>
   </div>
   <div class='ocr_carea' id='block_1_119' title="bbox 1046 2774 1828 2810">
    <p class='ocr_par' dir='ltr' id='par_1_119' title="bbox 1046 2774 1828 2810">
     <span class='ocr_line' id='line_1_119' title="bbox 1046 2774 1828 2810; baseline -0.004 -6"><span class='ocrx_word' id='word_1_833' title='bbox 1046 2782 1128 2807; x_wconf 86' lang='lat' dir='ltr'><strong>runt,</strong></span> <span class='ocrx_word' id='word_1_834' title='bbox 1158 2776 1203 2802; x_wconf 90' lang='lat' dir='ltr'><strong>ubi</strong></span> <span class='ocrx_word' id='word_1_835' title='bbox 1232 2781 1275 2803; x_wconf 84' lang='lat' dir='ltr'><strong>cst</strong></span> <span class='ocrx_word' id='word_1_836' title='bbox 1296 2776 1412 2804; x_wconf 89' lang='lat' dir='ltr'><strong>ecclesia</strong></span> <span class='ocrx_word' id='word_1_837' title='bbox 1445 2775 1549 2810; x_wconf 79' lang='lat' dir='ltr'><strong>Virgini</strong></span> <span class='ocrx_word' id='word_1_838' title='bbox 1570 2774 1664 2802; x_wconf 80' lang='lat' dir='ltr'><strong>Maria:</strong></span> <span class='ocrx_word' id='word_1_839' title='bbox 1680 2795 1688 2808; x_wconf 90' lang='lat'><strong>,</strong></span> <span class='ocrx_word' id='word_1_840' title='bbox 1717 2774 1740 2801; x_wconf 85' lang='lat' dir='ltr'><strong>si</strong></span> <span class='ocrx_word' id='word_1_841' title='bbox 1761 2779 1828 2801; x_wconf 78' lang='lat' dir='ltr'><strong>recte</strong></span> 
     </span>
    </p>
   </div>
   <div class='ocr_carea' id='block_1_120' title="bbox 1046 2821 1604 2857">
    <p class='ocr_par' dir='ltr' id='par_1_120' title="bbox 1046 2821 1604 2857">
     <span class='ocr_line' id='line_1_120' title="bbox 1046 2821 1604 2857; baseline -0.004 -7"><span class='ocrx_word' id='word_1_842' title='bbox 1046 2821 1170 2855; x_wconf 85' lang='lat' dir='ltr'><strong>tuemini,</strong></span> <span class='ocrx_word' id='word_1_843' title='bbox 1192 2822 1294 2854; x_wconf 85' lang='lat' dir='ltr'><strong>dicata,</strong></span> <span class='ocrx_word' id='word_1_844' title='bbox 1312 2821 1348 2849; x_wconf 89' lang='lat' dir='ltr'><strong>ibi</strong></span> <span class='ocrx_word' id='word_1_845' title='bbox 1365 2821 1508 2857; x_wconf 80' lang='lat' dir='ltr'><strong>depositus</strong></span> <span class='ocrx_word' id='word_1_846' title='bbox 1521 2822 1604 2857; x_wconf 81' lang='lat' dir='ltr'><strong>jacet.</strong></span> 
     </span>
    </p>
   </div>
   <div class='ocr_carea' id='block_1_121' title="bbox 1081 2867 1827 2904">
    <p class='ocr_par' dir='ltr' id='par_1_121' title="bbox 1081 2867 1827 2904">
     <span class='ocr_line' id='line_1_121' title="bbox 1081 2867 1827 2904; baseline -0.003 -8"><span class='ocrx_word' id='word_1_847' title='bbox 1081 2868 1126 2896; x_wconf 71' lang='lat' dir='ltr'><strong>Xl.</strong></span> <span class='ocrx_word' id='word_1_848' title='bbox 1149 2867 1195 2896; x_wconf 84' lang='lat' dir='ltr'><strong>llis</strong></span> <span class='ocrx_word' id='word_1_849' title='bbox 1211 2868 1246 2896; x_wconf 83' lang='lat' dir='ltr'><strong>ita</strong></span> <span class='ocrx_word' id='word_1_850' title='bbox 1263 2868 1345 2904; x_wconf 60' lang='lat' dir='ltr'><strong>gestis</strong></span> <span class='ocrx_word' id='word_1_851' title='bbox 1358 2891 1364 2902; x_wconf 85' lang='lat'><strong>,</strong></span> <span class='ocrx_word' id='word_1_852' title='bbox 1383 2876 1479 2903; x_wconf 73' lang='lat' dir='ltr'><strong>magna</strong></span> <span class='ocrx_word' id='word_1_853' title='bbox 1497 2876 1542 2895; x_wconf 85' lang='lat' dir='ltr'><strong>rex</strong></span> <span class='ocrx_word' id='word_1_854' title='bbox 1559 2868 1658 2896; x_wconf 74' lang='lat' dir='ltr'><strong>exarsit</strong></span> <span class='ocrx_word' id='word_1_855' title='bbox 1683 2867 1827 2903; x_wconf 72' lang='lat' dir='ltr'><strong>cupiditate</strong></span> 
     </span>
    </p>
   </div>
  </div>
