1916 3057
103 143 153 176 889

471 139 520 176 DF.
540 144 688 176 UNIONE
709 144 981 176 ECCLESIARUM
1003 145 1052 175 AD
1074 143 1281 174 EUGENIUM
1306 139 1352 173 iV.

1672 142 1724 174 890

106 202 280 237 Trapezuntii
295 201 348 229 viri
368 202 451 236 illius,
465 204 499 231 de
522 212 578 239 quo
591 212 675 240 supra
691 204 812 232 diximus
824 226 831 237 ,
848 204 883 231 li-
897 204 921 236 Α
934 203 1091 234 solvisscm.
1108 203 1200 230 statim
1216 202 1305 238 primo
1319 201 1374 233 die,
1397 201 1453 228 imo
1467 196 1494 228 in
1517 201 1575 235 ipsa
1596 200 1722 228 solvendi

104 248 214 276 berandi
229 257 235 275 :
253 249 299 275 sed
315 249 378 283 quia
395 250 510 278 honeste
528 250 554 277 id
569 250 660 278 facere
672 271 679 284 ,
699 251 752 278 nisi
772 255 886 285 rogatus

104 301 180 329 posse
197 301 252 321 non
267 293 411 328 judicabat
426 314 433 326 ,
450 302 498 330 per
515 295 648 329 quasdam
662 315 670 328 ,
688 299 718 322 ut
732 295 887 329 dicebatur,

105 340 232 367 mulieres
248 340 349 372 cﬂ'eeit,
367 344 397 367 ut
420 349 487 367 uxor
503 341 575 369 illius
591 349 640 376 pro
665 342 766 370 marito
783 342 888 376 supplh

104 390 176 412 caret
187 393 248 412 suo.
262 384 306 412 Sic
320 393 395 414 mors
405 386 521 414 Andreze
536 391 618 421 atque
634 387 795 422 martyrium
810 387 886 414 illum

104 431 212 465 quidem
227 431 327 466 palam,
339 432 385 460 sed
404 433 504 461 multos
518 440 629 467 quoque
645 433 715 460 alios
732 440 747 459 a
764 432 887 467 periculo

103 476 239 509 liberavit,
266 477 368 505 mullos
396 477 422 504 in
448 478 500 506 title
524 478 678 506 orthodoxa
700 478 886 511 conﬁrmavit,

104 530 150 550 eos
168 522 212 557 qui
227 527 291 550 ante
308 524 471 558 martyrium
495 531 575 551 suum
590 524 688 558 quavis
708 524 814 552 ratione
830 524 887 551 Ma-

75 562 78 565 ’
105 568 214 595 humeto
238 568 434 601 adhaeserunt,
453 569 558 604 pudore
580 569 725 603 confudit,
754 570 886 598 mmstitia

103 614 193 642 all'ecit
204 634 212 647 ,
225 622 257 641 ac
273 614 347 641 inani
365 613 485 649 denique
502 614 667 649 poenitentia
682 620 709 642 et
724 616 834 643 vexavit
858 621 887 644 et

104 665 191 687 vexat.
216 660 263 687 llis
287 660 416 687 omnibus
435 667 484 696 ego
511 660 691 688 vehementer
713 665 886 694 commotus,

103 705 232 732 ardebant
252 705 391 732 desiderio
406 705 519 733 videndi
539 712 642 740 corpus
657 707 729 740 ejus,
746 708 795 733 sed
813 706 887 738 nive,

105 750 205 785 frigore
224 751 366 786 glacieque
382 751 510 778 detentus
523 770 531 783 ,
548 751 648 778 hiemis
665 751 804 785 marisque
819 756 888 778 tem-

104 802 206 833 pestate
219 818 227 830 ,
246 797 302 824 illic
319 797 358 824 {ui
378 797 421 824 vix
440 804 534 824 mense
556 797 726 829 Februario;
742 805 802 824 eam
820 798 887 826 mihi

103 843 191 870 oranti
212 843 329 878 gratiam
354 843 426 870 Deus
446 843 645 870 intercessione
670 843 797 879 martyris
822 850 888 870 con~

104 888 186 916 cessit
202 897 208 915 :
223 889 334 923 vidique
347 888 436 923 ipsum
449 888 586 923 jacentem
596 890 623 916 in
633 889 760 927 sepulcro
770 889 887 916 nimium

105 933 251 968 profundo,
265 933 318 960 situ
335 933 459 966 horrido,
477 940 508 961 ea
522 938 613 961 tamen
632 933 788 969 integritate
801 941 888 962 mem-

104 981 215 1006 brorum
236 978 373 1011 omnium,
389 986 423 1006 eo
438 979 522 1007 totius
539 980 668 1014 corporis
687 979 790 1012 colore,
804 984 832 1007 et
844 980 888 1007 di-

103 1026 206 1060 gnitate
219 1024 332 1058 format,
349 1024 395 1052 tali
414 1025 507 1053 vultus
523 1026 671 1060 splendore
687 1030 716 1053 et
731 1025 840 1059 habitu,
859 1031 888 1054 ut

104 1079 157 1099 non
175 1071 298 1098 anitnum
315 1071 483 1106 exspirasse,
502 1071 550 1099 sed
570 1071 691 1099 dormire
707 1072 774 1100 mihi
790 1072 888 1099 leviter

104 1117 155 1145 sub
166 1118 262 1144 umbra
277 1117 431 1149 videretur,
443 1124 475 1144 ac
487 1117 535 1152 qui
548 1117 658 1152 jacebat
672 1117 733 1144 loco
749 1117 785 1144 ita
799 1117 890 1145 humi-

104 1163 150 1196 do,
169 1167 200 1190 ut
215 1163 346 1190 omnibus
357 1163 414 1197 jam
430 1163 614 1194 indumentis,
625 1163 727 1197 quibus
738 1168 799 1190 erat
812 1164 889 1190 iuro-

105 1209 194 1236 lutum
211 1215 323 1244 corpus,
341 1208 517 1243 putrefactis,
536 1208 640 1236 nudum
665 1213 752 1236 totum
778 1209 891 1244 conspi-

105 1259 224 1287 ceretur,
235 1258 416 1288 praeterquam
428 1254 501 1289 quod
512 1254 644 1289 genitales
652 1259 745 1289 partes
754 1254 891 1290 fragmen-

107 1304 133 1327 to
144 1299 192 1326 lini
204 1300 405 1334 obtegebantur
413 1307 420 1326 :
429 1300 518 1328 exarsi
531 1299 682 1334 cupiditate
694 1299 889 1339 descendendi,

109 1345 248 1380 tangendi,
263 1346 406 1373 osculandi
417 1366 424 1379 ,
442 1347 537 1381 pedes,
552 1353 651 1373 manus
663 1366 672 1378 ,
686 1345 782 1373 facient
797 1347 892 1381 praeci-

109 1392 154 1425 pui
171 1391 301 1426 martyris
312 1411 319 1423 ,
337 1398 387 1418 nec
405 1395 510 1418 tantum
525 1391 577 1418 loci
599 1391 758 1424 humiditas,
775 1392 891 1420 descen-

108 1437 247 1472 dendique
272 1436 420 1464 diﬂicultas
436 1457 444 1470 ,
470 1442 607 1471 quantum
626 1436 710 1464 verba
737 1437 891 1472 presbyteri

107 1483 239 1512 custodis.
253 1487 281 1510 et
294 1490 356 1518 spes
375 1490 456 1517 posse
472 1483 499 1510 id
516 1483 582 1511 alias
598 1483 771 1510 commodius
789 1483 890 1516 facere,

107 1528 294 1556 dctiuucmnt.
320 1528 471 1556 Consilium
492 1529 592 1556 deinde
607 1529 674 1556 inivi
697 1536 758 1556 cum
775 1529 890 1565 presby-

107 1576 167 1599 tero
180 1572 213 1599 N.
234 1572 308 1599 furto
333 1573 397 1601 inde
423 1573 537 1601 ltomam
554 1573 687 1608 reliquias
704 1574 765 1602 illas
776 1560 891 1602 defer-re
905 1560 926 1588 α

106 1624 217 1646 sanctas
227 1639 234 1650 ,
253 1627 349 1653 resque
361 1620 417 1654 jam
431 1620 622 1654 ordinabatur,
635 1620 683 1648 sed
699 1621 791 1648 nescio
822 1629 891 1656 quo-

107 1664 188 1690 modo
212 1663 258 1691 ille
277 1665 448 1698 deterritus,
479 1666 644 1694 setttentiam
667 1666 803 1701 iidemque
830 1674 890 1693 tnu-

108 1708 175 1736 tavit
190 1715 279 1736 suam.

142 1753 203 1780 xu.
222 1753 279 1788 Ego
305 1761 367 1781 cum
394 1754 459 1782 inde
475 1755 583 1783 decimo
606 1760 705 1784 octavo
730 1756 820 1784 Martii
847 1757 892 1785 die

939 248 1025 280 hora,
1057 255 1110 275 non
1136 248 1163 275 in
1190 255 1306 283 parvum
1333 247 1418 274 incidi
1443 246 1596 281 perieulum
1622 247 1724 274 nimbis

938 299 1034 322 contra
1062 294 1207 325 ﬂantibus,
1236 294 1320 329 inque.
1345 301 1410 321 saxa
1439 301 1536 321 navem
1560 293 1723 328 depellenti-

938 341 999 368 bus.
1016 340 1162 374 lmploravi
1185 339 1279 368 subito
1301 340 1430 375 martyris
1453 339 1603 368 auxilium.
1621 339 1722 373 promi-

938 386 1028 420 sique.
1047 386 1070 413 si
1090 385 1124 413 ad
1148 393 1225 414 meos
1240 386 1354 412 Romam
1381 385 1528 413 incolutois
1552 384 1724 416 devenirem,

938 431 1101 466 martyrium
1119 431 1181 466 ejus
1196 431 1354 458 summatim
1369 431 1466 458 Latina
1481 431 1574 466 lingua
1590 438 1634 457 me
1653 437 1723 458 con-

938 477 1116 511 scripturum.
1143 477 1222 504 Evasi
1247 478 1333 504 maris
1356 482 1385 504 et
1411 476 1550 504 latronum
1578 477 1722 512 pericula,

937 523 1065 558 quodque
1079 523 1214 550 miraculo
1228 528 1282 555 est,
1301 530 1385 550 senex
1409 527 1586 557 argrotusque
1601 522 1664 550 hinc
1679 530 1722 550 τε·

937 569 1019 601 cessi,
1028 569 1122 604 junior
1138 576 1277 604 sanusque
1287 576 1319 596 ac
1333 569 1420 596 multo
1434 569 1575 596 robustior
1591 568 1724 602 remeavi,

937 623 989 643 nec
1004 616 1088 643 maris
1102 615 1258 646 ﬂuctuatio,
1270 623 1322 643 nec
1339 620 1475 642 terrarum
1493 615 1591 642 itinera
1604 615 1722 642 nimium

937 666 1043 694 aspera.
1062 667 1123 694 qua:
1137 668 1151 687 a
1172 660 1330 687 Brundusio
1344 660 1458 687 Romam
1480 660 1583 686 a-statis
1601 664 1726 694 tempore

939 704 1105 738 perducunt,
1116 705 1182 732 mihi
1197 705 1356 732 obfuerunt.
1375 703 1434 732 Huc
1445 712 1509 731 vero
1520 705 1641 736 delatus,
1655 712 1725 731 mar-

939 750 1006 786 tyris
1023 751 1134 785 quidem
1153 759 1294 786 nunquam
1319 751 1358 778 fui
1384 751 1506 783 oblitus,
1525 751 1571 778 sed
1597 755 1676 778 nocte
1694 757 1726 777 ac

938 796 983 824 die
1001 804 1064 823 cum
1092 796 1152 832 ipso
1174 796 1213 823 fui
1228 817 1237 829 ,
1257 797 1318 832 ejus
1335 797 1467 823 memoria
1490 796 1612 826 fruebar.
1642 800 1726 830 atque

938 843 1028 870 oculis
1042 843 1169 877 aspicere
1186 843 1317 878 putabam
1332 850 1385 869 non
1401 843 1490 870 solum
1507 843 1659 873 dormiens,
1675 849 1725 868 ve-

939 898 998 917 rum
1018 890 1101 918 etiam
1125 890 1243 925 vigilans
1255 890 1393 925 jacenteui
1415 890 1503 924 ipsum
1532 890 1559 916 in
1582 889 1725 924 sepulcro.

939 935 1135 962 Promissionis
1156 939 1247 962 autent
1265 942 1332 962 mete
1347 942 1489 969 nunquam
1514 933 1582 961 mihi
1598 934 1675 960 venit
1698 933 1725 960 in

939 986 1070 1013 mentem,
1083 981 1136 1008 nisi
1151 985 1213 1016 post
1229 988 1318 1008 annos
1340 980 1422 1012 duos,
1439 980 1504 1007 dum
1521 980 1632 1015 Georgii
1652 987 1725 1006 mar-

940 1028 1008 1062 tyris
1021 1027 1154 1054 memoria
1170 1026 1340 1053 celebratur.
1367 1026 1434 1053 Nam
1449 1033 1512 1052 cum
1527 1033 1560 1053 ea
1578 1025 1624 1052 die
1647 1032 1726 1052 reco-

939 1073 1022 1100 lerem
1037 1073 1146 1107 Georgii
1162 1072 1282 1105 dolores,
1294 1080 1364 1107 quos
1381 1073 1427 1100 ille
1442 1079 1494 1107 pro
1510 1072 1620 1099 Christo
1637 1072 1728 1099 Domi-

940 1126 976 1146 no
991 1123 1086 1146 nostro
1101 1118 1199 1150 subiit,
1216 1118 1292 1145 illico
1315 1118 1434 1152 pupugit
1458 1118 1582 1145 animum
1609 1118 1728 1155 promis-

940 1163 1025 1191 sionis
1041 1163 1184 1190 memoria.
1209 1162 1266 1190 Nec
1285 1162 1361 1189 enim
1387 1163 1494 1189 minora
1516 1162 1646 1189 toleravit
1672 1162 1728 1189 An-

940 1210 1042 1242 dreas,
1061 1217 1097 1237 ne
1126 1210 1215 1237 dicam
1245 1209 1331 1236 multo
1356 1208 1438 1236 etiam
1461 1208 1586 1243 majora,
1616 1212 1728 1244 propter

940 1256 1125 1283 conditionem
1143 1260 1307 1290 temporum,
1326 1254 1354 1282 in
1370 1254 1473 1289 quibus
1496 1253 1584 1281 multo
1597 1253 1729 1288 iuvantur

941 1302 1067 1337 exemplo
1081 1322 1088 1333 ,
1105 1302 1153 1336 qui
1169 1294 1311 1328 Christum
1336 1306 1430 1327 emant
1449 1310 1455 1327 :
1471 1300 1541 1328 adeo
1559 1300 1584 1327 in
1608 1300 1728 1328 tenebris

942 1347 1063 1374 charitas
1091 1347 1197 1374 intrusa
1221 1347 1380 1374 marcescit.
1404 1346 1498 1380 Itaque
1513 1346 1605 1373 statim
1620 1354 1653 1373 eo
1668 1348 1728 1382 ipso

942 1392 987 1419 die
1002 1392 1138 1419 calamum
1154 1392 1259 1426 accepi,
1276 1396 1302 1418 et
1316 1391 1509 1425 promissionis
1530 1391 1654 1419 debitum
1672 1392 1727 1426 jam

942 1437 1022 1464 solvi.
1038 1437 1078 1463 Tu
1096 1444 1172 1467 vero.
1189 1436 1325 1470 praecipue
1353 1441 1458 1471 martyr
1472 1435 1589 1468 Christi,
1614 1444 1725 1470 precor,

943 1483 1098 1510 intercedas
1113 1481 1147 1508 ad
1162 1482 1309 1509 Dominqu
1327 1486 1452 1508 nostrtttn
1476 1481 1569 1509 Jesum
1588 1481 1729 1509 Christum

944 1536 993 1562 pro
1014 1527 1136 1555 Ecclesia
1159 1527 1324 1559 universali,
1341 1534 1372 1554 ac
1398 1526 1614 1561 ampliﬁcatione
1631 1527 1730 1562 ipsius,

944 1581 994 1608 pro
1010 1581 1118 1600 summo
1135 1573 1264 1607 pontiﬁce
1292 1573 1378 1600 Paulo
1402 1573 1525 1601 secundo
1538 1593 1546 1605 ,
1566 1574 1645 1608 cujus
1661 1579 1729 1602 tem-

945 1627 1009 1654 pora
1028 1619 1160 1654 martyrio
1179 1625 1225 1646 tuo
1250 1619 1399 1650 tlecorasti,
1417 1624 1605 1654 perpetuaque
1619 1619 1730 1650 fecisti:

943 1671 971 1692 et
987 1666 1058 1692 sicut
1074 1665 1100 1692 in
1115 1664 1218 1692 Graecia
1241 1665 1385 1699 perﬁdiam
1408 1665 1534 1700 dejecisti
1549 1686 1556 1698 ,
1575 1666 1615 1693 sic
1639 1667 1734 1695 insur‘

944 1717 1038 1745 gentes
1076 1710 1103 1736 in
1140 1710 1218 1737 italia
1254 1710 1411 1739 Platonicos
1449 1711 1651 1739 intercessione
1685 1716 1733 1739 tua

945 1756 1074 1791 reprime.

384 1917 769 1978 GEORGII
809 1919 1442 1977 TBAPEZUNTII

819 2027 1011 2060 EPISTOLA

267 2123 343 2167 AD
386 2121 708 2167 EUGENIUM
747 2121 810 2167 1V
852 2119 1229 2166 PONTIFICEM
1277 2120 1572 2168 MAXIMUM

646 2217 704 2250 DE
723 2216 857 2250 ΠΝΙΟΝ
858 2216 885 2246 Ε
901 2216 1200 2248 ECCLESIARUM

110 2293 274 2327 (Bibliotheca
289 2293 360 2320 codd.
371 2299 430 2319 mu.
441 2292 582 2319 monasterii
595 2293 624 2319 ε.
635 2272 762 2318 Hic/teeth
773 2292 948 2354 Ungi.
955 2289 1107 2354 ἕῗῗ-ἱαηαηι,
1121 2291 1163 2317 ed.
1179 2291 1251 2316 Joau.
1267 2292 1362 2319 Bened.
1384 2292 1522 2323 Mittarelli,
1539 2293 1652 2319 Venetiis
1666 2294 1732 2325 I779,

1566 2434 1572 2449 \

148 2489 215 2523 Etsi,
234 2487 394 2515 Bcatissime
418 2487 509 2520 Pater,
536 2491 581 2514 tua
598 2492 696 2522 sponte
711 2487 745 2515 ad
761 2486 897 2515 uniendos
912 2489 935 2518 Ι)
950 2487 1042 2515 cordia
1058 2486 1221 2514 catholicam
1237 2485 1380 2514 veritatem
1401 2485 1590 2522 cognoverim,
1605 2487 1734 2522 turpissi-

111 2536 240 2564 Ecclesiua
254 2539 308 2561 tua:
323 2533 465 2562 catholicte
479 2532 590 2561 Graecos
606 2534 645 2562 sic
657 2534 765 2566 ardeas,
782 2539 812 2561 ut
826 2533 896 2560 divi-

111 2584 188 2612 nitus
201 2581 235 2609 ad
250 2580 303 2608 hoc
318 2584 400 2607 natus
412 2587 474 2608 esse
489 2580 617 2612 videaris,
639 2588 694 2608 non
714 2580 834 2608 alienum
857 2585 897 2607 ta-

114 2630 178 2657 men
204 2627 272 2655 mihi
297 2627 386 2655 visum
407 2633 459 2660 est,
475 2635 519 2654 me
532 2634 641 2662 quoque
664 2627 716 2654 hac
738 2626 772 2654 de
799 2634 839 2659 re,
863 2626 896 2653 ad

111 2680 196 2709 quam
217 2671 397 2700 Sanctitatem
416 2676 490 2699 tuam
506 2671 728 2707 prsidestinatam
752 2671 895 2706 pervideo,

110 2720 156 2747 cui
173 2718 363 2746 deditissimus
375 2726 446 2751 sum,
461 2718 611 2754 quidquam
626 2718 812 2746 conscribere.
829 2718 896 2759 Nam

110 2764 242 2800 quoniam
258 2771 291 2791 ex
307 2763 466 2798 parentibus
494 2762 596 2791 Gruteis
618 2768 708 2796 natus,
734 2771 789 2791 non
805 2763 893 2791 solum

109 2817 222 2838 errores
237 2816 331 2836 eorum
346 2812 458 2836 secutus
470 2815 543 2840 sum,
559 2814 654 2836 verum
670 2807 754 2835 etiam
770 2807 894 2842 aliquan-

111 2855 197 2891 tisper
219 2858 340 2890 tutatus;
357 2861 420 2883 cum
434 2853 569 2885 decennio
582 2853 641 2890 jam
665 2853 758 2882 divina
783 2853 892 2882 miseri-

949 2541 1023 2561 ntum
1049 2533 1116 2560 mihi
1137 2533 1245 2560 facinus
1269 2531 1440 2559 committere
1457 2533 1575 2564 viderer.
1592 2540 1656 2565 cum
1673 2541 1735 2569 spe-

948 2587 1017 2613 rent,
1035 2579 1108 2615 quod
1132 2583 1207 2614 opto,
1223 2578 1413 2606 reductionem
1429 2579 1513 2606 totius
1532 2579 1653 2606 nationis
1667 2587 1735 2607 mea

948 2626 1003 2652 cito
1018 2625 1150 2658 futuram,
1171 2624 1239 2652 nihil
1252 2632 1285 2652 ea
1301 2624 1336 2651 de
1348 2631 1376 2651 re
1388 2623 1423 2651 ad
1438 2623 1642 2651 Beatitudinem
1657 2628 1733 2651 tuam

949 2671 1083 2703 scribere,
1111 2671 1190 2706 cujus
1220 2670 1327 2698 meritis
1357 2670 1546 2698 universorum
1575 2670 1732 2698 Graecorum

950 2717 1044 2752 generi
1070 2717 1194 2745 veritatis
1219 2717 1404 2752 cognitionem
1430 2723 1591 2744 concessum
1616 2716 1651 2744 iri
1675 2724 1731 2744 non

950 2763 1058 2790 dubito.
1087 2762 1180 2798 Neque
1210 2762 1236 2789 id
1262 2763 1380 2799 injuria;
1401 2769 1463 2789 nam
1491 2761 1650 2798 quingentis
1675 2763 1732 2798 jam

950 2816 1034 2844 prope
1053 2808 1142 2841 annis,
1160 2816 1194 2836 ex
1213 2817 1268 2845 quo
1291 2808 1447 2836 Graecorum
1466 2808 1734 2844 perniciosissimum

950 2853 1068 2883 schisuta
1080 2860 1128 2889 per
1137 2853 1265 2882 Photiuai
1277 2855 1442 2882 concitatum
1455 2859 1508 2889 est,
1524 2854 1612 2883 audeo
1623 2853 1727 2888 dicere,
