1916 3057
188 132 239 165 891

781 131 946 162 GEORGII
965 131 1222 162 TRAPEZUNTH

1762 128 1820 161 892

191 189 263 225 quod
279 188 360 216 etiam
375 195 421 216 me
438 191 550 216 tacente
566 187 626 223 ipsa
642 195 686 216 res
700 188 876 220 exclamaret,
893 188 979 215 nemir
991 190 1016 220 Α
1030 195 1150 222 unquam
1164 193 1243 215 aetate
1256 187 1400 215 hominum
1416 187 1512 222 major,
1526 185 1646 213 divinior
1662 189 1746 220 atque
1760 187 1820 213 titi-

191 243 253 264 ttrm
265 235 316 263 fide
327 239 380 262 tam
397 239 532 267 sanctum,
545 235 648 262 virtute
661 240 715 261 tam
728 234 886 270 probatum,
899 239 975 262 tanta

192 282 328 310 charitate
345 281 498 312 ardentem,
524 284 598 308 tanta
623 288 671 315 spe
688 280 844 314 praeditum,
862 279 975 314 pontiﬁ-

192 335 251 356 cem
267 328 397 355 Ecclesia:
417 326 602 362 gubernacula
625 325 756 354 tenuisse.
772 326 841 359 Quis
853 325 926 353 ettim
943 325 976 352 ab

193 374 379 403 adolescentia
400 373 475 400 illico
491 377 565 399 tanta
590 371 653 402 ﬁde.
680 377 734 399 tant
758 371 892 406 singulari
910 377 976 406 pru-

193 421 285 448 dentia
316 420 379 452 fuit,
405 423 435 446 ut
460 426 523 445 cum
550 417 600 445 sibi
626 417 749 452 undique
776 417 894 452 majores
921 416 978 444 fere

195 474 261 502 opes
276 473 358 501 quant
385 465 498 500 privata:
523 463 675 495 afluerent,
701 463 843 490 terrestria
860 463 919 489 haec
935 466 977 488 ta~

197 520 258 539 men
275 511 366 538 omnia
381 515 410 537 et
429 510 533 538 caduca
552 517 612 537 esse
635 509 746 544 penitus
763 508 934 543 cognoverit,
953 511 980 534 et

197 558 306 592 cognita
324 556 436 583 omnino
460 555 637 590 despexerit?
651 554 718 587 Quis
743 554 770 581 in
788 561 820 580 ca
846 557 935 583 attate,
952 552 980 579 in

198 612 252 639 qua
268 603 385 630 maxime
404 606 501 629 natura
523 600 666 627 hominum
685 599 872 634 voluptatibus
885 598 980 632 exagi-

198 656 282 682 tatur,
297 654 351 676 tam
365 648 496 683 grandem
515 648 659 681 pecuniam
674 645 849 680 pauperibus,
864 644 982 671 Christi-

199 703 253 730 que
273 695 374 722 deditis
398 692 522 727 erogavit
536 691 676 726 unquam?
692 690 760 723 Quis
775 695 814 717 tot
837 693 982 723 tantosque

198 741 306 768 labores
318 739 419 774 vigiliis
430 743 459 765 et
471 737 584 773 jejuuiis
599 743 746 771 perpessus
762 735 825 762 est?
845 734 913 768 Quis
933 734 982 761 de-

198 788 281 821 nique
305 784 412 812 diurnis
436 782 618 814 orationibus,
642 780 785 809 nocturnis
803 780 931 814 lacrymis
955 784 984 806 et

198 831 340 860 continuis
354 829 482 865 precibus
494 828 624 856 Ecclesia:
640 827 770 854 unionem
784 831 837 852 tant
853 824 984 852 ardenter

1026 236 1078 264 lior
1093 244 1143 271 per
1153 243 1293 263 sumntum
1305 234 1431 270 quemvis
1447 231 1603 269 pontiﬁcem
1617 237 1665 259 attt
1679 237 1755 267 gesta
1769 231 1819 262 sit,

1027 283 1127 317 (placet
1140 282 1298 316 vaticinari)
1311 281 1338 308 in
1350 282 1474 308 futurunt
1489 279 1546 315 geri
1558 278 1717 313 possit.Non
1730 277 1819 309 enim,

1027 328 1091 362 quia
1102 328 1260 356 Graecorum
1270 327 1322 354 hoc
1333 327 1453 354 schisma
1464 325 1634 353 notninatum
1647 328 1699 354 est,
1710 323 1822 350 idcirco

1027 373 1061 401 de
1076 373 1186 400 Crmciae
1203 371 1479 400 solunt-reduetione
1506 376 1614 404 agetur,
1641 377 1738 396 verum
1766 368 1822 396 sub

1028 419 1184 446 Graecorum
1208 419 1331 448 nomine.
1349 419 1395 452 qui
1416 416 1642 451 excogitaverunt
1662 419 1690 442 et
1717 423 1821 450 perpe-

1029 470 1137 492 trarunt
1154 465 1310 492 schismatis
1332 464 1513 492 fuadissimum
1528 463 1644 496 facinus,
1665 469 1718 488 non
1736 468 1821 496 parva

1030 511 1145 545 Europae
1157 518 1229 545 pars,
1240 515 1268 538 et
1283 510 1410 540 universa
1423 509 1494 541 Asia,
1510 515 1591 543 quam
1607 507 1694 535 solam
1713 511 1821 540 partem

1031 557 1118 588 multi,
1133 557 1179 591 qui
1194 557 1227 583 de
1243 556 1377 582 divisione
1391 555 1466 582 orbis
1481 555 1664 590 scripserunt,
1682 553 1782 580 Africa
1793 556 1822 579 et

1031 602 1147 636 Europa
1170 600 1250 628 simul
1267 600 1569 635 aequalem.asseruttt,
1595 598 1752 626 Graecorum
1771 605 1819 624 er-

1032 655 1110 675 rores
1127 651 1321 683 susceperunt.
1340 647 1435 681 Itaque
1455 653 1517 674 cum
1540 652 1727 679 saepenumero
1751 644 1820 671 mihi

1032 693 1090 720 itare
1107 692 1238 720 acciderit
1262 692 1403 727 cogitatio.
1429 699 1462 718 an
1492 691 1519 718 in
1546 690 1668 718 liomana
1697 690 1820 717 Ecclesia

1033 738 1126 772 plures
1141 742 1237 773 gentes
1253 743 1337 772 atque
1359 737 1486 764 homines
1506 737 1572 768 sint,
1588 743 1622 763 an
1638 736 1734 771 plures
1746 730 1820 770 'qux

1033 784 1135 811 Graecis
1148 783 1290 810 erroribus
1302 787 1428 819 agantur,
1442 783 1514 810 idem
1529 789 1638 816 semper
1652 781 1719 808 mihi
1731 782 1820 808 visunt

1034 834 1087 860 est.
1109 829 1172 856 illos
1195 829 1325 856 videlicet
1349 829 1441 856 minus
1466 828 1559 864 plures
1581 827 1667 855 videri
1691 833 1820 859 numero,

199 886 214 906 a
231 877 344 904 Domino
361 875 457 910 petiit?
485 874 611 902 Profecto
635 879 726 899 nemo.
743 871 812 899 Nam
831 870 882 898 etsi
908 870 984 904 cogi-

1039 875 1084 902 sed
1103 875 1146 903 his
1160 874 1285 903 doctrina
1301 879 1327 902 et
1343 874 1466 902 moribus
1477 874 1562 901 multo
1579 873 1747 908 superiores,
1763 873 1821 900 illio

201 923 318 950 lationes
333 919 517 948 Beatitudinis
533 922 586 945 tua:
600 917 705 949 nescio,
719 916 803 944 rebus
822 921 912 943 tamen
929 914 984 942 tuis

200 969 344 1003 impulsus,
359 966 508 1001 pradieare
527 963 699 996 ausim,nihil
717 967 743 990 te
761 962 847 996 magis
864 968 984 995 unquam

201 1020 329 1050 optasse;
345 1013 414 1039 nihil
426 1011 511 1046 magis
525 1009 630 1041 eﬂ’usis,
645 1013 675 1036 ut
691 1009 803 1040 dicitur,
817 1007 944 1042 lacrymis
958 1011 985 1034 et

201 1061 331 1096 precibus
354 1067 368 1085 a
385 1058 500 1086 Domino
526 1056 649 1091 petiisse,
676 1062 758 1090 quam
777 1054 906 1082 Ecclesia:
930 1059 986 1080 suae

203 1107 344 1137 unionem,
361 1108 389 1132 et
404 1103 554 1130 inﬁdelium
571 1101 793 1136 depressionem;
818 1100 920 1127 eteuint
936 1106 985 1133 op-

204 1154 268 1179 t‘nne
295 1152 352 1185 ipsa
371 1148 538 1184 experientia
569 1148 697 1182 magistra
726 1146 793 1177 scio,
826 1143 986 1172 beatissime

203 1198 293 1230 Pater,
306 1201 370 1223 ante
390 1193 581 1230 pontiﬁcatum
597 1197 674 1220 tuum
691 1191 732 1218 sic
745 1190 903 1218 Grzecorum
919 1197 986 1224 gett-

204 1251 270 1275 tem,
285 1251 300 1270 a
321 1243 436 1270 veritate
461 1239 597 1268 catholica
625 1237 815 1269 abhorruisse,
844 1241 874 1263 ut
897 1235 988 1262 omnis

204 1293 340 1319 haereseos
357 1289 505 1315 Romanam
530 1284 682 1313 Ecclesiatn
710 1283 864 1318 principem
880 1289 987 1310 assere—

204 1342 276 1365 rent.
294 1336 334 1364 Ad
355 1334 428 1370 qttod
447 1333 553 1360 scilicet
576 1330 747 1359 credendum
771 1329 855 1357 astuti
876 1329 986 1364 quidam

206 1383 371 1418 malignique
381 1380 506 1408 homines
519 1379 547 1405 in
559 1377 773 1413 indignationem
791 1376 834 1404 sui
848 1382 988 1409 sternam,

205 1429 362 1464 eloquentia
385 1427 438 1458 usi,
460 1425 509 1460 qui
536 1425 565 1452 in
590 1424 741 1451 Romanam
756 1422 906 1450 Ecelesiam
922 1421 989 1449 scri-

206 1480 330 1513 pserunt,
346 1474 429 1502 rudes
444 1472 662 1501 cavillationibus
677 1471 736 1498 suis
756 1471 872 1505 populos
893 1469 988 1504 impu-

206 1524 316 1554 lerunt;
332 1520 411 1553 cuius
435 1526 477 1546 me
493 1525 605 1553 quoque
620 1517 759 1551 opittionis
774 1516 859 1544 fuisse
875 1524 929 1543 non
948 1516 989 1543 in-

207 1570 292 1596 ileior.
307 1568 452 1601 Postquam
464 1572 530 1592 vero
546 1563 711 1591 universalis
724 1563 845 1590 habenas
860 1562 987 1590 Ecclesia:

207 1614 344 1643 Sanctitas
356 1618 401 1639 tua
417 1611 547 1639 divinitus
560 1609 692 1642 obtinuit,
705 1609 741 1635 ita
753 1609 902 1636 immutata-
915 1608 989 1635 Grie-

207 1668 301 1688 corum
318 1659 441 1685 omnium
456 1661 560 1684 tuentes
572 1660 647 1687 sunt,
662 1643 692 1681 u‘t
707 1654 799 1681 nttllus
813 1654 870 1680 fere
882 1654 929 1686 sit,
941 1653 987 1688 qui

207 1716 262 1735 non
290 1705 403 1732 moleste
429 1703 499 1730 ferat
524 1701 597 1737 quod
623 1700 792 1728 tardiuscule
817 1699 850 1726 ad
874 1700 988 1734 hujusce

209 1755 338 1781 unionem
368 1749 558 1778 ceiebrandant
591 1747 739 1775 concilium
767 1746 825 1781 cogi
852 1745 988 1772 videatur.

207 1801 273 1834 Qua:
299 1805 342 1825 res
369 1804 430 1824 cum
457 1794 579 1822 inaudita
601 1792 799 1828 magnitudine,
817 1792 990 1827 prodigiiqtte

209 1847 295 1874 instar
310 1845 355 1876 sit,
381 1843 448 1870 nihil
465 1842 538 1869 cnim
563 1840 642 1868 video
665 1839 792 1866 humana:
806 1835 943 1873 opinionis
956 1837 989 1864 ad

208 1892 262 1919 hoc
278 1890 443 1918 inducantur
459 1887 557 1918 Graeci.
571 1886 648 1914 nefas
663 1886 732 1914 mihi
748 1885 866 1918 videtur,
889 1884 911 1912 si
929 1885 990 1919 quis

208 1945 269 1966 eattt
287 1937 349 1964 loco
374 1934 500 1969 tttiracuii
526 1941 581 1962 non
609 1933 719 1960 habeat.
731 1932 821 1965 Quare
843 1931 897 1967 iam
915 1937 990 1958 certa

209 1986 318 2019 oportet
344 1981 397 2009 ltoc
425 1981 503 2014 signo
532 1979 689 2014 conjectura
713 1977 836 2009 credere,
866 1981 892 2003 te
916 1976 990 2003 illum

209 2037 282 2060 esse,
305 2036 361 2064 quo
375 2027 503 2063 pontiﬁce
517 2024 609 2052 omnia
627 2024 748 2050 mentbra
764 2022 868 2050 Christi
881 2021 991 2049 Christo

211 2075 371 2104 reddantur.
388 2073 584 2111 Praedieante‘ttt
597 2070 680 2098 etiam
700 2069 873 2097 Franciscum
890 2067 992 2095 Barba-

211 2129 283 2152 rum,
299 2115 386 2151 virum
397 2125 507 2154 genere,
524 2113 659 2150 doctrina,
675 2115 789 2147 virtute,
803 2122 855 2141 una
868 2113 991 2141 omnium

210 2174 290 2198 voce,
312 2164 475 2200 principem,
494 2163 541 2197 qui
564 2170 596 2189 ex
612 2166 648 2193 te,
671 2168 734 2187 eum
751 2160 936 2192 dubitaretur,
958 2167 992 2186 tte

1035 921 1086 948 hos
1098 928 1163 948 vero
1179 926 1209 948 ut
1229 928 1345 948 numero
1360 920 1465 955 plures,
1480 920 1518 947 ita
1533 919 1658 947 doctrina
1674 919 1729 954 jam
1745 917 1821 945 outni

1035 969 1144 1000 amissa,
1167 971 1196 995 et
1221 967 1378 995 infidelibus
1402 971 1449 994 aut
1466 966 1618 1000 subjectos,
1644 970 1693 992 aut
1715 965 1823 992 vicinos

1036 1013 1163 1041 tnoribus
1186 1014 1301 1041 citet-tos
1327 1020 1398 1046 esse,
1426 1012 1488 1040 illos
1513 1015 1542 1039 ut
1563 1011 1718 1047 pauciores,
1744 1010 1779 1037 ita
1795 1014 1824 1036 et

1036 1059 1175 1087 doctiores
1194 1064 1222 1087 et
1251 1059 1425 1086 institutione
1450 1058 1560 1085 vivendi
1584 1057 1748 1087 ornatiores.
1774 1055 1822 1082 sed

1027 1105 1092 1136 'isti.
1116 1112 1170 1132 non
1189 1104 1253 1132 dico
1281 1104 1368 1132 Graeci
1397 1107 1515 1136 tantum,
1530 1103 1577 1130 sed
1594 1110 1691 1129 omnes
1715 1106 1822 1136 gentes,

1037 1159 1097 1186 qua:
1107 1151 1266 1178 Gratcorttm
1289 1156 1400 1177 errores
1421 1154 1521 1177 secuttr
1531 1154 1606 1181 suttt,
1618 1148 1711 1175 divino
1721 1148 1823 1182 judicio

1037 1197 1202 1232 deprehensi
1219 1196 1298 1224 multi
1316 1196 1460 1224 servitutis
1481 1196 1575 1232 iugum
1593 1195 1750 1223 subierunt.
1776 1194 1823 1220 Sic

1038 1253 1135 1272 omnes
1159 1251 1230 1278 pene
1246 1247 1376 1271 auctores
1402 1243 1568 1274 schismatis,
1589 1242 1668 1269 multi
1685 1246 1714 1268 ut
1731 1240 1822 1272 Servi,

1036 1291 1142 1323 Blaehi,
1155 1289 1270 1319 Hiberos
1282 1290 1554 1323 innumerabilesque
1565 1289 1611 1316 alii
1625 1289 1667 1315 vix
1678 1288 1821 1318 resistunt,

1038 1339 1285 1373 succuutbcntque,
1316 1337 1369 1364 nisi
1399 1336 1425 1364 ei
1456 1336 1537 1371 capiti
1551 1336 1715 1371 junguntur,
1745 1335 1819 1361 unde

1039 1385 1153 1412 abscissi
1171 1388 1246 1412 sunt.
1259 1384 1294 1411 Ut
1309 1383 1382 1411 ettint
1399 1390 1448 1418 ego
1457 1383 1574 1410 scltisma
1589 1389 1684 1409 eorum
1697 1381 1822 1408 laborum

1039 1431 1235 1466 scrvitutisque
1250 1438 1306 1458 suae
1332 1437 1441 1457 causam
1466 1434 1541 1464 puto,
1560 1429 1609 1460 sic,
1632 1427 1654 1455 si
1670 1428 1703 1455 ad
1725 1428 1823 1454 verita-

1040 1482 1094 1505 tem
1120 1478 1224 1512 integre
1251 1477 1411 1511 siurereque
1429 1476 1569 1507 redibunt,
1594 1475 1753 1502 libertatem
1777 1481 1823 1500 eos

1040 1531 1239 1551 consecuturos
1258 1523 1369 1550 tninittte
1384 1522 1486 1549 diiiido.
1502 1522 1603 1549 Verum
1620 1521 1691 1548 sicut
1707 1524 1747 1547 tot
1766 1525 1824 1546 tau-

1041 1575 1137 1605 tasque
1153 1576 1258 1605 gentes,
1279 1574 1412 1604 quantunt
1430 1575 1458 1595 se
1478 1567 1511 1594 ab
1532 1567 1679 1594 universali
1696 1566 1824 1593 Ecclesiae

1041 1623 1156 1650 corpore
1185 1615 1368 1647 resciderunt,
1395 1613 1511 1641 summis
1537 1612 1655 1640 cruciari
1680 1612 1823 1639 doloribus

1041 1660 1114 1687 Deus
1128 1660 1260 1694 permisit,
1277 1664 1306 1686 ut
1319 1659 1428 1686 tandem
1444 1658 1603 1685 commoniti
1619 1658 1646 1684 in
1661 1657 1730 1684 ovile
1743 1665 1821 1683 suum

1030 1706 1150 1746 _rcgredi
1179 1706 1310 1740 cogitent,
1339 1705 1378 1732 sic
1403 1704 1568 1732 crediderim
1586 1704 1714 1730 Romana:
1729 1703 1823 1739 Orbem

1042 1752 1171 1779 Ecclesia:
1199 1752 1298 1786 sa-pius
1324 1750 1467 1786 exagitari,
1497 1750 1559 1785 quia
1576 1757 1630 1777 non
1656 1757 1690 1777 eo
1715 1749 1822 1781 ardore,

1043 1805 1099 1832 quo
1128 1797 1292 1828 debuerant,
1330 1801 1455 1823 errantes
1485 1796 1584 1823 fratres
1611 1794 1823 1830 requisiveruut,

1043 1851 1134 1878 neque
1152 1842 1249 1870 imitati
1264 1842 1409 1869 Dominum
1436 1846 1510 1874 sunt,
1525 1842 1572 1876 qui
1587 1848 1674 1876 usque
1699 1841 1731 1868 ad
1749 1848 1824 1868 assu-

1044 1891 1170 1919 mendam
1188 1894 1308 1918 nostram
1324 1893 1450 1916 ttaturam
1467 1889 1615 1916 humanam
1630 1887 1787 1920 descendit;
1797 1891 1825 1914 ut

1044 1938 1170 1965 amissam
1188 1943 1266 1964 ovem
1281 1935 1351 1963 etelo
1370 1935 1539 1962 restitueret.
1555 1934 1628 1968 Quas
1644 1934 1679 1962 ob
1694 1942 1738 1962 res
1753 1934 1825 1962 Grat-

1044 1991 1137 2010 coruttt
1156 1983 1219 2010 uuio
1237 1982 1321 2010 totius
1338 1980 1413 2009 orbis
1427 1980 1491 2007 unio
1510 1985 1562 2013 est,
1581 1980 1698 2015 Europae
1720 1979 1824 2008 stabili-

1045 2033 1178 2060 tttcntutn,
1195 2028 1266 2056 Asiae
1282 2027 1365 2060 salus,
1386 2024 1574 2054 Occidentalis
1586 2026 1713 2053 Ecclesia:
1729 2026 1824 2061 gloria,

1045 2073 1195 2101 Orientalis
1224 2072 1346 2105 libertas,
1377 2071 1499 2099 universi
1533 2070 1653 2106 denique
1678 2069 1824 2098 Christiani

1045 2119 1154 2154 generis
1181 2118 1330 2153 reparatio.
1356 2117 1396 2145 Ad
1423 2117 1482 2144 haec
1507 2117 1529 2144 si
1552 2116 1643 2143 nullus
1665 2124 1720 2143 non
1737 2121 1825 2143 mente

1045 2169 1141 2200 captus
1163 2171 1263 2200 negare
1278 2168 1372 2199 queat,
1390 2163 1459 2190 nihil
1475 2163 1552 2198 pejus
1569 2162 1727 2190 Graecorum
1750 2170 1825 2189 aver-

213 2215 325 2245 propter
339 2208 542 2235 monnulleruut
557 2205 760 2233 contentionem
774 2205 891 2232 schisnta
905 2206 992 2232 orire-
1010 2221 1031 2249 υ
1047 2211 1124 2238 sione
1136 2218 1168 2238 ac
1182 2210 1333 2238 inﬁdelium
1350 2209 1493 2244 ίωρίεηιε
1508 2209 1625 2236 invenir;
1642 2216 1732 2243 posse,
1748 2215 1825 2235 nemo

213 2264 270 2290 tur,
286 2256 431 2284 Florentia
448 2255 517 2282 hanc
532 2261 625 2280 vocent
644 2253 755 2280 audisse
769 2252 876 2285 asserit,
892 2256 920 2279 et
934 2252 993 2287 qui-

213 2306 274 2332 dem
299 2311 361 2331 cum
388 2301 515 2337 lacrymis
532 2309 538 2327 :
555 2299 666 2327 Utinam
693 2307 736 2327 ttte
752 2300 843 2333 potius
861 2299 910 2325 hac
939 2299 994 2326 vita

213 2351 344 2379 Dominus
359 2349 488 2383 privaret,
508 2353 590 2381 quam
608 2355 649 2373 tne
665 2346 776 2372 vivente
792 2352 840 2372 sua
854 2345 994 2372 scindatur

214 2396 346 2424 Ecclesia.
370 2393 391 2421 Ο
415 2400 509 2420 vocent
527 2393 608 2427 piam,
625 2396 652 2419 et
676 2396 701 2418 te
719 2392 776 2418 solo
798 2391 917 2425 dignam,
941 2399 994 2425 qua

212 2445 340 2472 cilcctutn
357 2446 408 2472 est.
427 2445 455 2467 ut
470 2444 497 2466 et
518 2444 543 2466 te
565 2439 621 2465 vita
644 2437 715 2464 Deus
740 2437 892 2470 donaverit,
914 2443 942 2464 et
961 2437 995 2464 ab

213 2490 344 2520 Ecclesia,
360 2486 432 2522 quod
446 2493 542 2512 ontncs
557 2484 767 2519 pertimuerunt,
780 2483 898 2510 scltisma
906 2488 996 2510 exter-

214 2539 373 2565 minaretnr.
396 2533 494 2561 Verum
519 2532 586 2564 hate,
602 2537 652 2558 nec
667 2530 689 2557 si
709 2529 742 2557 de
765 2529 892 2557 laudibus
906 2529 996 2556 Beati-

213 2582 318 2612 tudinio
341 2585 394 2608 tuae
409 2580 500 2607 dicere
525 2577 592 2604 ntilti
616 2576 786 2612 propositum
809 2581 890 2608 esset,
914 2576 995 2611 digna

213 2637 320 2666 possem
340 2626 465 2655 oratione
480 2623 636 2659 complecti.
660 2622 708 2649 liis
727 2622 810 2657 igitur
828 2621 882 2648 tuis
908 2621 996 2656 preci-

214 2679 265 2705 bus
289 2680 380 2702 ntotus
397 2671 537 2702 Dominus,
563 2669 607 2696 itis
630 2668 684 2695 tuis
709 2668 743 2694 ad
771 2667 855 2694 Deum
881 2668 996 2694 occultis

214 2724 380 2752 clamoribus
394 2719 535 2750 dciiuitus,
552 2721 599 2744 tuo
617 2716 675 2743 zelo
690 2716 844 2750 mitigatus,
863 2720 917 2741 tua:
933 2714 995 2741 iidei

214 2770 313 2798 ardore
325 2772 352 2796 et
365 2766 498 2794 charitate
508 2763 652 2793 adductus,
671 2761 724 2788 luis
740 2761 892 2793 laboribus,
905 2760 995 2796 lacry-

217 2817 278 2844 mis,
294 2812 439 2850 gemitibus
456 2810 581 2840 inﬂexus,
594 2812 695 2835 tantam
706 2804 769 2834 rem
783 2812 869 2841 parat,
884 2813 939 2834 tam
956 2807 996 2834 di-

219 2862 320 2891 vinam,
344 2863 398 2885 tam
413 2855 633 2884 Christianorum
651 2853 724 2889 genti
736 2854 853 2890 gutiletn,
872 2858 901 2882 ut
922 2854 997 2881 nulla

1048 2256 1173 2292 profecto
1186 2256 1335 2289 dubitabit,
1347 2256 1416 2283 nihil
1428 2255 1511 2283 fuisse
1528 2260 1575 2282 aut
1593 2255 1651 2282 fore
1666 2254 1826 2283 laudabilius

1045 2302 1248 2337 gloriosiusque
1271 2302 1379 2329 cuidam
1409 2309 1529 2335 unquam
1557 2307 1666 2328 summo
1696 2300 1824 2335 pontiﬁci,

1045 2357 1127 2384 quam
1144 2348 1309 2376 Bcatiludtni
1323 2353 1385 2380 tua,
1403 2348 1425 2374 si
1437 2347 1546 2374 Graecos
1563 2347 1688 2378 reducas,
1705 2346 1825 2372 inﬁdeles

1046 2394 1196 2429 opprimas,
1211 2401 1328 2428 quorum
1345 2384 1462 2428 primum
1486 2397 1561 2419 tanto
1584 2393 1672 2427 majus
1693 2396 1733 2418 est
1747 2397 1825 2426 atque

1046 2440 1179 2472 divinius,
1195 2444 1297 2474 quanto
1319 2440 1358 2466 sic
1373 2439 1529 2466 Gratcoruut
1549 2438 1696 2465 schismate
1713 2439 1826 2473 ampliti-

1046 2491 1106 2513 cata
1133 2486 1281 2513 inﬁdelitas
1302 2491 1356 2518 est,
1375 2485 1412 2512 ita
1426 2492 1520 2512 eorunt
1551 2484 1709 2512 reductione
1724 2483 1826 2511 facilius

1046 2532 1182 2560 ceucidet.
1213 2532 1269 2559 Nec
1300 2538 1375 2564 vero,
1406 2531 1470 2566 quia
1499 2531 1624 2566 ingentes
1652 2538 1696 2557 res
1724 2538 1828 2565 semper

1046 2578 1225 2612 consequitur
1246 2584 1343 2612 magna
1371 2575 1529 2609 diilicultas,
1558 2576 1623 2603 huic
1650 2583 1760 2611 quoque
1781 2578 1825 2603 ad-

1043 2624 1139 2659 juncta
1159 2627 1214 2655 est,
1240 2623 1296 2650 into
1316 2629 1367 2657 pro
1383 2622 1571 2658 magnitudine
1591 2623 1629 2650 rei
1647 2622 1688 2650 vel
1703 2623 1775 2650 nulla
1789 2623 1826 2650 vel

1046 2677 1140 2704 parva,
1159 2677 1240 2704 quant
1270 2674 1360 2696 tauten
1379 2668 1444 2696 ltine
1470 2668 1566 2703 magis,
1584 2677 1666 2704 quam
1693 2676 1726 2696 ex
1756 2676 1826 2704 parte

1046 2715 1214 2747 Crtccorum,
1234 2716 1386 2742 remotione
1401 2714 1524 2742 locorum
1539 2720 1567 2742 et
1582 2716 1712 2742 dilatione
1728 2721 1827 2751 tempo-

1047 2769 1129 2794 ruut,
1165 2761 1234 2795 prolt
1264 2760 1494 2788 dolorithumani
1523 2761 1632 2796 generis
1661 2761 1828 2789 adversarius

1047 2806 1198 2834 adiuvenit.
1215 2804 1314 2833 Verum
1329 2805 1488 2834 Sanctitatis
1499 2810 1552 2833 tua:
1562 2806 1667 2833 meritis
1681 2806 1766 2840 ipsam
1778 2807 1827 2834 cito

1048 2860 1127 2888 posse
1153 2853 1212 2880 tolli
1226 2852 1395 2881 credendum
1414 2857 1466 2882 est.
1483 2853 1609 2890 Natttsic
1630 2852 1723 2881 divina
1741 2854 1827 2888 provi-
