1916 3057
114 159 168 191 893

485 161 532 190 DE
554 160 702 192 UNIONE
722 159 990 190 ECCLESIABUM
1016 161 1065 190 AD
1085 161 1297 192 EUGENIUM
1318 162 1370 192 IV.

1686 161 1740 192 89i

114 217 219 251 tientia,
239 225 299 252 quae
315 217 460 246 Sanctitati
478 223 532 246 tua:
559 224 662 246 tantam
679 227 736 247 rem
751 218 901 250 commisit,
917 221 939 248 Α
955 218 1006 245 tibi
1017 219 1132 254 hujusce
1146 221 1185 248 rei
1201 221 1317 255 principi
1333 221 1454 255 reposita
1469 226 1522 248 est.
1537 220 1601 248 Nam
1617 220 1642 248 si
1655 221 1738 248 Atha-

114 263 241 292 cflectum
257 269 310 298 est,
327 269 357 292 ut
370 266 495 300 quamvis
510 266 603 293 multis
611 266 667 301 jam
678 265 785 293 saeculis
801 265 897 300 dejecti

114 311 149 338 ab
163 311 291 338 Ecclesiae
304 311 409 346 gremio
417 311 505 340 ϐῖκοι
515 317 621 344 errant.
630 319 685 340 non
700 312 792 340 minus
806 317 899 339 tamen

115 365 148 385 eo
159 357 262 389 redire,
275 357 349 384 unde
361 356 471 384 fuerant
483 357 610 390 digressi,
627 357 799 392 percupiunt,
816 363 898 390 quam

116 411 164 431 eos
182 405 306 435 recipere
323 402 436 430 Occidui
461 404 613 439 pontiﬁces
631 403 717 438 parati
745 409 826 436 sunt;
845 410 898 430 non

115 449 195 484 longe
209 449 333 484 profecto
343 442 433 477 aberit
447 450 501 477 tuis
513 449 547 476 ad
565 450 709 477 Dominum
723 449 900 477 intercessio-

115 495 207 528 nibus,
223 499 250 522 et
263 494 396 530 quidquid
414 494 525 522 obstare
540 495 688 529 ridebitur,
709 500 838 530 tanquam
857 494 899 522 fu—

117 549 178 568 tnus
200 546 362 572 cvanescet;
391 541 543 576 praesertim
566 542 588 569 si
606 542 672 577 quid
692 542 804 577 pietatis
821 535 918 570 nobis‘

114 586 239 613 relictum
261 590 315 617 est,
340 591 369 613 et
385 593 440 613 non
458 587 569 622 penitus
595 593 692 613 omnes
706 593 738 613 ea
765 587 900 620 pravitate

114 631 246 664 feramur,
264 637 293 659 ut
317 631 501 660 redeuntibus
516 632 545 660 in
562 632 710 660 Ecclesium
731 632 835 660 Grzecis
855 639 900 659 se-

115 677 181 704 dulo
196 684 252 704 non
265 682 426 705 occurratur
439 686 448 711 ;
467 678 503 705 ita
527 678 618 706 omnis
634 678 662 705 in
676 677 726 704 hac
743 685 772 705 re
787 677 901 704 dillicul-

113 727 153 750 las
169 727 223 756 est,
245 728 276 750 ut
292 725 474 757 conveniant;
493 729 592 751 caetera
617 731 666 759 per
687 731 717 751 se
740 725 800 759 ipsa
824 724 900 756 fient,

112 759 231 797 ma'xitue
245 769 269 796 si
283 768 480 798 aliectionibus
501 769 734 804 passionibusque
753 769 811 796 suis
827 777 901 797 com-

113 815 193 842 moda
215 815 398 843 adhibeantur
420 815 553 844 remedia.
570 815 609 842 Ex
633 816 735 851 quibus
749 816 815 843 licet
830 823 900 843 non-

112 861 186 888 nulla
204 861 284 893 mihi,
299 862 345 896 qui
360 862 504 897 passiones
520 869 584 890 suas
597 862 673 895 novi,
687 867 821 897 quantum
836 862 901 890 huic

954 265 1059 298 nasius,
1073 266 1095 293 si
1111 265 1259 301 Gregorius
1274 266 1476 298 Nazianzenus,
1492 268 1514 294 si
1531 267 1613 294 ambo
1633 267 1744 301 Cyrihi,’

953 311 1041 338 sancti
1054 311 1104 338 viri
1120 318 1147 339 et
1160 311 1315 346 pontifices.
1329 319 1360 339 ac
1370 312 1475 346 caeteri,
1486 312 1533 347 qui
1549 320 1598 347 pro
1610 311 1739 340 Ecclesia:

951 355 1054 382 unione
1082 356 1206 391 ingentes
1221 357 1330 384 labores
1355 357 1534 392 periculaque
1561 365 1658 392 aspera
1676 365 1738 392 per-

952 401 1025 435 pessi
1043 407 1118 434 sunt,
1144 410 1248 430 summe
1274 412 1328 430 non
1353 408 1458 431 tantum
1475 405 1502 431 in
1528 405 1610 431 terris
1638 405 1738 435 solum.

952 446 1000 473 sed
1016 452 1044 474 et
1060 447 1086 474 in
1105 448 1181 475 caelis
1200 449 1359 480 laudantur,
1384 458 1465 484 quam
1491 455 1570 484 putas
1589 450 1740 477 Bcatitudi-

951 491 980 519 ni
997 497 1049 519 tua:
1071 494 1212 528 paratam?
1227 499 1302 522 tanto
1325 495 1504 523 illustriorem
1536 495 1736 530 maioremque,

952 534 1056 574 quanto
1069 547 1123 572 res,
1137 548 1218 575 quam
1234 536 1408 572 intendisfct
1426 542 1600 569 multitudine
1616 543 1738 577 gentium

937 579 980 612 'et
995 584 1176 614 diuturnitate
1193 587 1323 622 temporis
1337 588 1423 622 major
1437 591 1464 614 et
1479 588 1670 615 admirabilior
1686 594 1739 616 est.

959 629 1000 656 llli
1016 631 1074 657 auis
1090 632 1258 666 temporibus
1271 632 1446 667 incipientem
1459 633 1585 661 htcresim
1598 641 1737 668 oppresse-

955 681 1032 708 runt,
1047 681 1075 703 tu
1091 676 1248 712 quingentis
1256 678 1312 712 jam
1327 679 1407 706 annis
1420 679 1561 706 fundatam
1576 680 1738 708 eradicabis.

953 720 994 747 illi
1021 729 1171 756 paucorum
1199 723 1341 750 hominum
1373 724 1494 759 iniquam
1522 725 1739 760 propositionem

953 768 1136 795 disseminare
1151 769 1223 803 passi
1235 777 1289 796 non
1303 774 1384 802 sunt;
1402 773 1430 796 tu
1446 770 1602 798 Graecorum
1618 771 1739 799 omnium

953 814 1042 840 varias
1053 813 1196 848 opiniones
1205 815 1301 850 majori
1315 815 1384 850 parti
1396 816 1583 852 orbisjamdiu
1597 817 1711 845 traditas
1725 825 1740 844 e

952 859 1044 887 medio
1066 861 1155 889 tolles.
1173 861 1213 888 Illi
1230 861 1273 888 vix
1292 868 1412 895 unquam
1435 861 1575 889 civitatem
1592 869 1674 889 unam
1699 871 1741 890 rc~

114 907 196 934 modo
220 912 394 941 succurrant,
422 906 534 935 silantio
564 912 656 935 tamen
672 914 703 935 ea
720 907 841 935 retinere
857 893 1112 940 in-Bduxerunt;
1148 913 1174 934 tu
1206 915 1329 942 magnam
1361 912 1466 942 partem
1499 908 1624 943 Europae,
1654 912 1738 936 totam

117 953 206 985 slitni,
229 953 379 988 praesertim
399 954 530 989 quoniam
542 954 633 981 adhuc
652 954 710 988 ipsa
730 954 901 989 longiuscule

119 1001 231 1033 absunt,
257 1001 409 1035 praesertim
433 1000 563 1035 quoniam
590 1001 708 1028 maxime
735 1000 794 1035 ipsa
818 999 900 1028 celari

120 1046 261 1074 conducit.
271 1046 310 1074 Tu
320 1053 397 1079 vero,
412 1045 573 1073 Beatissimo
584 1045 674 1078 Pater,
687 1046 732 1081 qui
743 1053 851 1080 semper
860 1053 901 1073 re-

117 1093 171 1121 bus
187 1092 313 1120 maximis
342 1092 464 1119 animum
492 1091 656 1124 adhibuisti,
682 1092 747 1120 huic
773 1093 824 1124 rei,
840 1099 901 1126 qua:

117 1146 172 1166 non
190 1138 237 1165 uni
258 1138 363 1166 civitati
379 1142 407 1165 et
431 1138 542 1173 populo,
562 1145 617 1165 non
634 1138 708 1172 genti
733 1141 780 1164 aut
796 1138 900 1172 regioni

115 1186 174 1218 uni,
190 1184 238 1212 sed
256 1185 306 1212 toti
320 1184 402 1211 simul
418 1184 479 1212 orbi
495 1189 630 1211 terrarum
645 1183 801 1210 libertatem
819 1187 901 1217 atque

115 1231 231 1259 salutem
250 1231 367 1258 allatura
382 1234 436 1262 est,
454 1229 593 1262 incumbe,
609 1234 638 1257 ut
652 1229 772 1264 coepisti,
790 1229 901 1256 subeas-

115 1285 170 1312 quc
184 1284 356 1312 quaecunque
372 1276 406 1304 ad
424 1277 476 1303 hoc
490 1276 660 1311 propositum
675 1275 747 1302 ferre
762 1275 900 1307 videntur,

117 1331 147 1351 ut
172 1324 249 1352 facis.
277 1323 338 1351 Non
356 1323 448 1358 pigeat
472 1327 571 1350 cuncta
597 1328 767 1357 oppugnare,
796 1329 858 1356 quae
875 1321 900 1348 ei

116 1370 309 1402 adversantur,
321 1369 411 1396 donec
426 1368 513 1396 victor
526 1367 560 1395 de
577 1367 733 1394 adversario
749 1366 900 1394 Christiani

114 1416 224 1451 generis
240 1415 402 1450 triumphes.
428 1414 495 1442 Nam
517 1414 539 1441 si
557 1417 668 1448 propter
685 1414 767 1441 unius
785 1421 900 1441 conver-

114 1463 220 1489 sionem
249 1462 368 1489 hominis
385 1460 517 1495 gaudium
545 1461 573 1488 in
589 1461 660 1488 caelo
686 1459 743 1492 liat,
772 1459 901 1494 intelligis

114 1509 237 1543 profecto
253 1512 292 1535 tot
309 1507 448 1543 gentibus,
473 1510 512 1534 tot
529 1506 701 1538 nationibus,
718 1505 824 1542 regnis,
849 1506 900 1533 lin-

113 1555 175 1588 guis
192 1555 220 1582 in
235 1554 379 1582 veritatem
404 1554 556 1586 conversis,
576 1558 678 1588 quanta
703 1552 790 1588 gloria
805 1552 895 1579 exsul-
914 1569 936 1597 ο

113 1605 211 1632 tabunt
232 1604 305 1637 eceli,
323 1608 352 1631 et
371 1608 397 1631 te
411 1607 524 1631 auctore
548 1601 658 1630 Domini
682 1601 796 1635 gloriam
821 1608 902 1628 enar-

114 1653 223 1680 rabunt.
240 1652 300 1680 Non
325 1652 388 1679 dico
402 1651 462 1679 haec
491 1655 520 1678 ut
541 1650 682 1681 exhorter,
699 1656 754 1684 quo
782 1648 902 1675 libenter

113 1707 188 1734 agas,
212 1705 275 1733 qua:
291 1697 475 1725 libentissime
490 1696 655 1731 suscepisti;
675 1702 771 1722 verum
794 1693 902 1729 cupidi—

114 1750 197 1772 talem
217 1751 317 1772 meam.
337 1750 391 1777 qua
417 1742 510 1774 ardeo.
531 1747 561 1769 ut
589 1749 686 1769 omnes
703 1741 770 1768 mihi
787 1747 900 1776 genere.

115 1790 290 1826 cognatione,
315 1789 446 1816 allinitate
463 1789 625 1823 conjunctos
635 1787 776 1822 recipiam,
789 1795 844 1814 non
860 1787 902 1813 in-

115 1838 189 1864 vitus
204 1835 330 1863 ostendo.
346 1833 403 1862 Nec
417 1834 491 1861 enim
510 1834 580 1869 fugit
594 1834 798 1861 Beatitudinem
815 1838 900 1865 tuam,

113 1886 216 1918 quanta
244 1881 315 1913 laus,
342 1884 444 1916 quanta
469 1880 567 1915 gloria,
593 1887 654 1914 qua:
672 1887 774 1907 corona
803 1883 861 1905 tum
886 1887 902 1906 a

112 1926 243 1955 Creatore
268 1931 365 1954 nostro
393 1931 506 1959 teterno,
526 1930 582 1952 tum
610 1925 693 1952 etiam
718 1926 752 1953 ab
778 1927 901 1954 Ecclesia

112 1974 186 2009 ejus,
214 1976 242 2001 et
268 1973 395 2000 universa
423 1971 642 1999 Christianorum
666 1975 752 2007 gente
773 1972 903 2006 perennis

955 953 1058 984 Asiam,
1075 960 1172 980 onmes
1195 952 1317 980 Orientis
1343 952 1490 985 Ecclesiae,
1518 958 1637 988 quatuor
1663 954 1741 981 vitle-

953 998 1017 1025 licet
1032 997 1094 1025 illas
1119 1003 1181 1033 post
1205 999 1320 1033 primatu
1341 999 1454 1033 primas,
1482 998 1591 1026 Christo
1606 998 1670 1026 Jcsu
1690 999 1741 1026 Do-

953 1043 1028 1070 mino
1044 1049 1149 1078 nostro,
1168 1050 1195 1072 et
1218 1045 1265 1072 tibi
1290 1047 1349 1080 ejus
1380 1051 1445 1071 vero
1460 1044 1562 1072 vicario
1578 1045 1739 1080 conjunges,

953 1088 1091 1124 faciesque
1120 1089 1190 1117 ovile
1218 1097 1302 1117 unum
1330 1094 1356 1118 et
1381 1097 1482 1125 corpus
1501 1098 1586 1117 unum
1602 1091 1739 1123 Eeclesim.

953 1134 1032 1168 cujus
1047 1142 1108 1161 cum
1126 1135 1273 1162 Beatitudo
1293 1139 1338 1162 tua
1361 1139 1422 1169 post
1443 1135 1582 1163 Christum
1597 1136 1632 1163 sit
1649 1141 1741 1171 caput,

953 1181 1138 1208 membrorum
1166 1188 1280 1209 suorum
1311 1181 1479 1208 abscissione
1507 1181 1600 1208 dolere
1628 1189 1742 1209 necesse

953 1232 1005 1254 cst.
1024 1227 1109 1260 Quam
1130 1227 1163 1254 ad
1184 1235 1240 1255 rem
1272 1228 1375 1255 utinam
1393 1235 1443 1262 ego
1474 1235 1584 1262 quoque
1612 1228 1739 1256 conferre

953 1273 1060 1308 aliquid
1089 1280 1216 1308 possem;
1245 1280 1307 1299 nam
1341 1277 1473 1307 quantum
1500 1273 1642 1301 erroribus
1665 1282 1740 1302 tneo-

954 1328 1014 1348 rum
1028 1327 1149 1352 movear,
1168 1319 1210 1347 vel
1226 1327 1257 1346 ex
1274 1319 1335 1350 hoc.
1351 1319 1424 1353 quod
1439 1319 1503 1352 feci,
1521 1320 1568 1354 qui
1583 1328 1630 1348 eas
1649 1326 1742 1355 partes

953 1367 1034 1394 simul
1063 1375 1123 1394 ettm
1145 1367 1275 1402 opinione
1291 1374 1415 1394 meorum
1437 1366 1547 1402 reliqui,
1571 1375 1661 1403 neque
1676 1368 1742 1396 illuc

952 1417 1090 1446 revertar,
1106 1412 1159 1440 nisi
1184 1417 1231 1440 aut
1248 1412 1418 1447 compulsus,
1436 1417 1483 1439 aut
1506 1413 1581 1440 unita
1607 1413 1741 1446 Ecclesia,

953 1461 995 1486 vel
1010 1467 1044 1487 ex
1059 1459 1102 1486 his
1118 1467 1178 1494 qua:
1193 1458 1225 1486 ad
1241 1464 1405 1486 accusantes
1419 1463 1547 1494 parentes
1560 1463 1642 1495 atque
1659 1467 1743 1494 agna-

954 1510 996 1533 tos
1020 1505 1183 1540 cunscripsi,
1210 1505 1385 1539 apertissime
1406 1509 1491 1540 patet.
1511 1505 1609 1539 Quare,
1629 1506 1650 1532 si
1676 1506 1741 1541 quid

953 1550 1065 1578 Gnaeus
1086 1549 1119 1576 ad
1138 1550 1294 1577 Graecorum
1315 1557 1372 1577 rem
1397 1550 1550 1577 conducere
1564 1556 1686 1584 possum,
1701 1555 1743 1576 to-

956 1600 1013 1622 tum
1027 1596 1064 1628 id,
1083 1603 1173 1630 neque
1188 1594 1277 1630 ipsum
1292 1595 1459 1622 Bcatitudini
1484 1599 1537 1622 tua:
1553 1594 1649 1622 devote
1661 1601 1742 1630 atque

953 1641 1095 1669 humiliter
1108 1642 1203 1668 otl‘cro.
1222 1641 1275 1668 Sed
1292 1648 1326 1668 ne
1342 1641 1449 1675 longi0r
1466 1641 1530 1672 sim,
1547 1641 1620 1675 quod
1632 1646 1698 1676 opto
1715 1647 1743 1668 et

954 1696 1047 1724 spero,
1063 1688 1229 1716 universalis
1241 1688 1370 1715 Ecclesizc
1381 1695 1476 1720 pacem
1492 1687 1563 1715 Deus
1573 1687 1743 1715 Christianos

953 1742 1014 1761 rum
1030 1735 1123 1769 generi
1138 1741 1187 1769 per
1205 1733 1383 1762 Sanctitatem
1404 1738 1478 1761 tuam
1494 1733 1577 1760 citius
1599 1735 1743 1762 concedat.

953 1781 1050 1808 Amen.

991 1827 1116 1862 Georgius
1130 1827 1332 1862 Trapezuntius,
1344 1826 1524 1854 devotissimus
1537 1835 1569 1854 ac
1579 1827 1743 1854 humillimus

955 1872 1109 1900 Sanctitatis
1135 1877 1187 1901 tute
1205 1872 1333 1907 tantulus,
1357 1876 1440 1899 totum
1455 1879 1482 1898 se
1497 1871 1549 1907 ipsi
1575 1873 1742 1899 commendat

956 1928 986 1946 uc
998 1919 1079 1946 trudit
1094 1919 1144 1954 (Ι).

152 2072 192 2109 (1)
211 2073 422 2109 Trapr'zuntimtt
441 2077 467 2100 ct
483 2073 555 2101 hanc
577 2073 665 2109 ipsius
680 2073 832 2102 orationem
849 2080 898 2101 seu
918 2071 1061 2108 epistolam
1079 2070 1284 2100 commendavit
1316 2070 1455 2099 Ludovico
1472 2070 1622 2106 Searampo
1652 2070 1742 2098 cardi-

114 2109 170 2137 nali
186 2109 346 2137 Franctstus
362 2110 456 2137 ilatbat
464 2116 496 2136 us
518 2117 593 2138 anno
611 2109 692 2138 “35.
