1916 3057
179 138 229 167 807

599 137 782 167 EPISTULA
803 136 854 166 AD
878 134 1057 166 JOANNEM
1079 131 1298 164 PALAEOLOG.
1322 130 1400 160 1MP.

1756 123 1810 155 893

178 192 321 226 κρείττους
342 192 442 227 ἀρετὴν
458 193 580 224 ἐκείνων,
599 193 645 218 καὶ
661 193 710 226 τὴν
727 193 796 218 κατὰ
811 190 878 217 Θεὸν
890 190 966 222 πολι-

1031 189 1099 223 acii;
1113 197 1167 216 non
1182 188 1227 215 illa
1241 194 1307 215 sane
1323 191 1396 213 tota:
1410 182 1512 211 etenim
1528 182 1574 217 qui
1592 181 1692 208 virtute
1704 185 1731 207 et
1748 188 1810 206 san-

176 238 262 270 τείαν,
279 239 398 264 συνεῖδον
414 239 465 273 ήδη
482 239 516 264 τὰ
537 239 645 272 βελτίω·
661 239 686 264 οι
698 238 726 264 δὲ
743 237 921 273 πονηρότεροι
937 236 966 262 οὗ

179 284 282 317 μᾶλλον
295 284 468 319 φροντίζουσι
483 285 533 319 τῆς
559 285 613 311 τῶν
635 283 808 318 Ἐκκλησιῶν
831 282 967 314 ἑνώσεως,

177 330 306 365 Γραικῶν
336 330 409 363 λέγω
437 331 484 357 καὶ
519 330 640 362 Ἰταλῶν,
663 330 680 364 ἢ
706 328 753 355 ’τοῦ
775 328 895 364 ὃιασπᾷν
919 327 970 362 τὴν

184 375 300 402 Ἰταλίαν
309 375 411 410 ταύτην
428 376 474 402 καὶ
489 376 528 407 είς
546 375 631 401 πολλὰ
641 374 821 410 κατατέμνειν
832 374 856 400 οἱ
870 373 969 404 ἆολιοι,

180 420 209 449 οὗ
227 422 308 456 χάριν
326 423 373 448 καὶ
389 422 514 456 τρ-ἠρεις
542 421 651 455 λέγεται
679 421 891 456 παρασκευάσαι
920 419 970 446 αὑι

179 467 241 499 τοὺς
256 469 285 494 ἐν
306 467 416 494 Ἀὄιῶνι
433 466 476 498 αἷς
494 468 525 493 σὲ
553 469 600 494 καὶ
616 468 665 502 τὴν
687 469 756 502 μετὰ
785 467 832 493 σοῦ
862 466 971 493 σύνοδον

181 514 236 546 ἔξω
250 513 306 540 τῶν
332 513 503 548 Ἡρακλείων
523 514 629 548 στηλῶν
656 515 702 540 καὶ
736 514 808 548 πέρα
835 513 971 550 Γαδείρων

181 554 322 592 ἐξάξουσι.
347 560 432 586 Τοῦτο
456 560 484 586 δὲ
497 558 609 594 ἀληθὲς,
638 560 734 595 ὥσπερ
752 560 859 595 ᾄδεται,
875 559 916 585 ὅτι
941 560 971 584 οὐ

181 607 249 640 πρὸς
264 607 374 639 ἕνωσιν,
391 607 461 634 ἀλλὰ
479 607 612 642 σύγχυσιν
625 607 676 641 ὁρᾷ
699 606 879 640 Ἐκκλησιῶν,
891 606 972 638 παντί

182 660 234 678 που
251 652 331 686 δῆλον
344 652 383 686 τῷ
395 652 458 678 νοῦν
467 652 566 686 ἔχοντι.
585 652 679 679 οἴδασι
693 652 748 687 γὰρ
762 652 850 683 καλῶς
872 651 909 682 ὼς
923 652 973 686 οὐχ

180 696 237 724 οἶόν
257 706 286 724 τε
308 697 423 733 βασιλέα
440 698 586 733 Ῥωμαίων
605 698 675 732 μετὰ
695 697 824 724 τοσούτου
851 697 973 730 πλήθους

183 743 270 776 ἁγίων
285 744 416 778 Πατέρων
429 744 505 770 πλεῖν
519 745 559 775 εἰς
574 744 608 770 τὰ
620 743 724 778 ἔσχατα
734 743 784 778 τῆς
797 743 971 778 οἰκουμένης.

161 795 163 797 ⁷
181 787 255 824 ’Δρα
270 790 367 821 οὖνεί;
382 789 413 816 τὸ
432 791 532 817 ὲνῶσαι
548 790 597 821 τὰς
620 790 786 824 Ἐκκλησίας
808 798 838 816 σε
867 797 973 824 προκα-

182 835 311 868 λοῦνται;
331 836 385 862 Καὶ
397 836 423 862 τί
435 836 498 867 τοὺς
517 838 556 868 εἰς
578 835 624 867 οὓς
642 835 733 871 ῥᾴδιον
760 834 849 861 ἐλθεῖν
872 835 973 866 τόπους

1020 235 1118 262 ctioris
1135 234 1197 260 vita:
1214 232 1368 259 rationibus
1385 231 1457 256 inter
1472 235 1520 256 eos
1543 227 1710 254 antecedunt
1734 233 1810 252 men-

1021 286 1074 308 tem
1094 280 1236 307 meliorem
1251 278 1412 309 induerunt,
1430 273 1550 310 perversi
1569 277 1662 300 autern
1680 279 1735 298 non
1753 279 1810 298 ma-

1020 326 1062 360 gis
1077 325 1110 352 de
1125 324 1220 355 Grzeca
1238 322 1360 350 Ecclesia
1378 329 1440 347 eum
1458 319 1551 346 Latina
1576 317 1738 345 concordia
1753 318 1811 342 vin-

1021 370 1091 398 culis
1104 369 1291 401 astringenda,
1308 374 1389 402 quam
1405 366 1438 392 de
1453 365 1550 392 Latina
1566 364 1618 390 hac
1633 362 1811 389 distrahenda

1022 416 1179 448 multaSque
1218 414 1245 441 in
1274 418 1366 448 partes
1391 409 1572 438 discindenda
1601 413 1665 435 sunt
1691 407 1811 435 soli-citi.

1022 461 1108 495 (anus
1130 460 1171 486 rei
1194 460 1281 494 gratia
1300 458 1427 486 triremes
1443 457 1525 484 etiam
1543 455 1684 482 Avenione
1699 461 1810 488 compa-

1020 514 1098 534 rasse
1119 506 1260 535 dictmtur,
1280 512 1342 539 qua:
1359 509 1385 530 te
1406 511 1468 530 cum
1488 501 1593 537 synodo
1613 504 1658 526 ttta
1682 499 1751 526 ultra
1767 507 1813 525 co-

1024 554 1132 580 lumnas
1150 551 1278 578 llerculis
1295 555 1321 577 et
1345 549 1446 577 Gadira
1462 549 1619 582 deportent.
1638 547 1696 573 Hoc
1717 553 1813 572 verum

1023 605 1076 632 est,
1098 603 1128 625 ut
1142 598 1213 625 lania
1229 598 1315 630 canit,
1338 602 1366 623 et
1381 597 1452 623 istuc
1475 602 1528 622 non
1543 594 1576 621 ad
1593 592 1815 623 consensionem,

1024 647 1070 672 sed
1087 644 1279 672 confusionem
1294 644 1387 678 potius
1403 640 1587 669 Ecclesiarum
1604 644 1741 675 spectare,
1755 640 1816 673 qni-

1024 690 1093 717 libet
1120 689 1252 717 cordatus
1282 687 1419 722 intelligit.
1449 687 1537 714 Probe
1564 687 1638 713 enim
1667 688 1815 714 noverunt,

1026 737 1213 764 Romanorum
1241 735 1435 770 imperatorem
1463 741 1526 760 cttm
1555 737 1629 761 tanta
1653 737 1814 759 sanctorum

1027 782 1135 822 Patrum
1152 780 1329 807 multitudine
1337 779 1370 807 ad
1382 783 1520 806 extremos
1536 784 1673 805 terrarum
1687 776 1754 804 fines
1766 783 1814 803 na—

1026 828 1120 863 vigare
1139 835 1195 854 non
1212 834 1303 861 posse.
1325 826 1364 853 Ad
1380 827 1509 852 unionem
1528 824 1611 859 igitur
1628 824 1815 851 Ecclesiarum

182 866 310 916 ἀφέντες,
325 882 371 908 τὸν
389 882 429 914 είς
451 882 480 908 ὃν
491 866 495 867 7
507 866 599 916 σχεδὸν
615 866 751 908 γάὲιίνατον
780 881 972 915 προτίθενται;

1031 879 1055 901 te
1071 873 1206 900 incitant?
1229 872 1258 900 Si
1279 873 1315 900 ita
1331 877 1384 903 est,
1409 879 1458 906 cur
1483 871 1560 903 locis,
1590 871 1711 904 inuitos
1727 869 1817 896 facilis

189 927 270 955 Ἀλλὰ
287 928 397 959 πάντως
419 927 469 962 τὴν
487 928 541 953 τῶν
570 927 741 962 Ἐκκλησιῶν
769 927 881 962 εἰρήνην
906 927 974 952 ἀπο-

183 972 325 1008 δέχονται;
342 974 398 1000 Καὶ
413 973 438 1000 τί
457 974 555 1009 ῥᾴστου
573 973 649 1004 ὄντος
667 973 782 1004 ἐκείνοις
799 974 838 1004 είς
857 972 975 999 Ἰταλίαν

184 1019 282 1051 ἐλθεῖν,
295 1019 362 1044 ὅπου
381 1018 428 1044 καὶ
443 1019 456 1044 ὁ
467 1019 550 1053 ἄκρος
563 1018 709 1053 ἀρχιερεὺς
721 1019 768 1044 καὶ
783 1018 800 1053 ὴ
815 1018 875 1053 μετ’
891 1016 974 1043 αὑτοῦ

187 1065 307 1098 σύνοδος,
330 1065 393 1091 ὅποι
408 1065 457 1090 καὶ
473 1065 504 1090 τὸ
534 1065 580 1090 σὺν
609 1064 711 1099 κράτος
739 1058 817 1100 ﬁsi?
843 1064 902 1098 ἅμα
927 1065 976 1090 και

184 1111 301 1145 τάχιστα
317 1110 536 1145 κατακθήσεται,
550 1110 624 1137 τοῦτ’
636 1110 751 1144 ἁφέντε;
766 1110 819 1136 τῶν
836 1109 975 1136 δυσκόλων

189 1156 239 1190 μὲν
255 1156 346 1189 σφίσιν
362 1155 465 1187 αὐτοῖς,
481 1154 621 1182 ἀδυνάτων
648 1155 676 1181 δὲ
692 1156 730 1188 τῷ
744 1154 821 1189 ἄκρῳ
852 1155 977 1190 ἀρχιερεῖ

188 1201 236 1228 καὶ
249 1201 288 1235 τῷ
305 1201 345 1236 σῷ
372 1201 469 1235 κράτει
485 1200 608 1235 ἐφίενται
620 1209 634 1234 ;-
671 1200 742 1236 Ἀλλ’
753 1200 790 1231 ὡς
821 1199 910 1226 ἔοικεν
925 1201 976 1227 οὐκ

186 1247 333 1280 ἀγνοοῦσιν
372 1247 477 1282 ὂτιισου
504 1247 545 1278 εἰς
578 1246 696 1273 Ἰταλίαν
721 1247 898 1278 πλεύσαντος,
929 1247 977 1273 καὶ

185 1294 237 1323 τὰς
259 1293 424 1327 Ἐκκλησίας
447 1292 610 1326 ἐνὼσαντος,
625 1293 696 1328 ὅπερ
710 1292 764 1326 ἄρα
779 1292 818 1327 τῷ
833 1301 977 1327 μακαριωι-

185 1339 259 1374 me
272 1339 397 1373 Εὑγενὶῳ
424 1338 528 1376 πᾲππςι.
555 1339 604 1365 καὶ
617 1340 651 1373 τῇ
673 1339 706 1373 σῇ
730 1338 850 1373 θειότητι
878 1338 977 1364 ἐναπό-

187 1393 289 1417 κειται,
307 1385 345 1416 ὡς
369 1384 485 1419 οὐδεμία
504 1384 545 1418 ἔτι
568 1383 678 1419 μηχανὴ
690 1383 768 1409 ἔσται
781 1383 828 1410 τοῦ
852 1383 887 1409 τὰ
908 1383 977 1409 Ῥώ-

188 1440 242 1466 μης
255 1432 379 1466 πρωτεῖα
395 1431 434 1462 εὶς
450 1431 608 1466 μαρτυρίαν
618 1430 735 1460 Γαλλίας
754 1431 824 1456 κινεῖ
834 1441 850 1463 ι,
870 1429 918 1465 καὶ
930 1437 977 1464 με-

186 1477 284 1512 ,θιστᾷν
295 1478 359 1512 ὅρια
372 1477 407 1503 τὰ
417 1477 469 1512 ήδη
485 1477 534 1511 μὲν
558 1476 612 1502 ὑπὸ
625 1476 680 1502 τῶν
694 1475 827 1510 Πατάρων
841 1476 974 1509 παγέντα,

191 1523 338 1558 σαλεύοντα
360 1523 393 1554 ,δὲ
408 1524 483 1558 ὅμως
503 1523 536 1558 τῇ
552 1530 582 1548 τε
596 1522 644 1549 τοῦ
672 1521 807 1553 κλύδωνος
825 1521 912 1556 ῥύμῃ,
931 1522 977 1547 καὶ
989 1540 1014 1570 c

190 1570 230 1605 τῷ
245 1571 349 1599 παλαιὰ
362 1568 434 1598 εἶναι
459 1570 508 1596 και
526 1568 658 1596 δοκοῦντα
675 1567 807 1600 ὑπείξειν.
824 1568 937 1602 Ἔχουσι
950 1569 978 1594 ὁὲ

190 1616 317 1644 τοσοῦτον
331 1616 378 1643 τοῦ
399 1616 567 1651 καθήκοντος
579 1615 720 1650 λογισμὸν,
740 1615 778 1646 ὡς
804 1615 888 1650 μηδὲν
904 1623 981 1642 συνο-

193 1665 244 1698 ρᾷν
257 1663 390 1690 δύνασθαι
405 1663 459 1688 τῶν
473 1663 603 1694 δεόντων,
620 1662 679 1688 ἀλλ’
695 1662 799 1688 οἴεσθαι
815 1662 831 1697 ἢ
843 1669 982 1696 κατακρα-

192 1710 275 1743 τῆσαι
288 1709 339 1743 τῆς
360 1709 411 1742 σῆς
425 1708 523 1742 σοφίας
540 1709 587 1735 καὶ
618 1708 836 1743 κατακυριεῦσαι
860 1708 910 1741 τῆς
930 1709 981 1742 σὴς

195 1755 292 1789 βουλῆς
306 1755 353 1781 καὶ
367 1754 482 1785 ἀπάξειν
490 1754 604 1788 βασιλέα
614 1754 759 1789 Ῥωμαίων
775 1754 814 1785 εἰς
827 1754 863 1780 τὰ
877 1755 981 1788 ἔσχατα

200 1800 339 1832 Ὠκεανοῦ,
361 1800 471 1834 μακρὰν
482 1800 531 1834 τῆς
549 1800 616 1830 ἰδίας
632 1800 748 1831 πόλεως,
765 1800 781 1834 ἢ
798 1799 920 1826 κωλῦσαί
934 1808 979 1826 σου

192 1848 238 1873 τὸν
258 1846 297 1877 είς
316 1845 432 1872 Ἰταλίαν
446 1845 540 1874 πλοῦν.
556 1845 696 1880 Ἐκατέρῳ
710 1845 764 1880 γὰρ
778 1845 880 1877 τούτων
898 1854 982 1871 κατα-

192 1894 303 1928 τέμνειν
328 1893 421 1922 αὐτοῖς
443 1891 549 1927 ,ἐξεῖναι
578 1891 626 1924 τὴν
650 1891 816 1925 Ἐκκλησίαν
843 1891 927 1923 δοκεῖ,
947 1892 982 1926 ἣν

194 1940 245 1975 ήδη
257 1938 471 1974 χατεσπάραξαν
483 1938 516 1965 ἂν
535 1937 711 1972 λδυνηῦέντες,
724 1937 888 1972 δυνήσονται
902 1937 930 1963 δὲ
944 1937 981 1972 μή

194 1986 361 2017 πλεύσαντός
376 1994 423 2012 σου
442 1985 482 2017 εἰς
512 1984 639 2012 Ἰταλίαν·
667 1984 723 2011 εἴτε
735 1984 791 2018 γὰρ
821 1984 909 2014 ἐκεῖσε
934 1992 981 2009 σου

195 2033 339 2063 νεύσαντο;
351 2031 527 2065 causam“:
535 2030 570 2057 τὰ
583 2029 630 2056 τοῦ
644 2029 857 2064 μακαριωτάτου
869 2028 982 2061 ¹πάντη-ια,

195 2080 250 2106 εἴτε
274 2078 443 2108 κωλυθέντος
469 2077 607 2112 πρόφασιν
633 2075 771 2111 εὑρόντες,
801 2076 905 2111 σχίζειν
928 2076 984 2102 δια-

196 2124 331 2151 νοοῦνται.
349 2122 427 2149 Οὕτω
449 2122 531 2157 τριῶν
554 2120 750 2156 ,προκειμένων
778 2121 819 2152 είς
837 2120 951 2147 Γαλλίαν
966 2120 982 2153 ἢ

197 2171 237 2202 εἰς
257 2170 374 2196 Ἰταλίαν
398 2178 428 2195 σε
444 2169 568 2204 πλεῖν,
587 2168 650 2203 μήτ’
662 2169 762 2198 ἐκεῖσε,
791 2167 862 2202 μήτε
890 2168 982 2202 δεῦρο,

1027 925 1069 947 est
1083 919 1172 952 aditus
1183 919 1299 952 relictis,
1311 926 1374 946 eum
1386 923 1543 953 proponunt
1557 918 1583 944 in
1596 925 1676 951 quem
1686 916 1818 944 devenire

1027 967 1226 1001 propemodum
1256 970 1298 993 est
1335 964 1528 1000 impossibile?
1555 965 1646 998 Quid?
1673 972 1734 991 cum
1763 964 1819 990 illis

1028 1012 1188 1039 facillimum
1213 1011 1249 1039 sit
1274 1012 1300 1038 in
1327 1011 1431 1038 Italiam
1446 1011 1598 1039 ascendere
1617 1011 1661 1039 ubi
1681 1017 1725 1039 est
1741 1019 1818 1038 sum-

1028 1064 1088 1084 mns
1105 1056 1243 1090 pontifex,
1260 1061 1288 1083 et
1302 1064 1363 1084 cum
1381 1064 1413 1084 eo
1428 1057 1561 1093 synodus,
1573 1065 1629 1091 quo
1644 1061 1673 1084 et
1691 1059 1818 1092 majestas

1030 1107 1077 1130 tua
1093 1103 1225 1130 facillime
1246 1103 1325 1138 juxta
1338 1111 1370 1130 ac
1390 1103 1535 1130 celerrime
1550 1103 1714 1138 appelletur,
1731 1111 1817 1137 quare

1028 1156 1059 1176 ea
1075 1149 1214 1184 prwterita
1232 1156 1294 1176 cum
1317 1149 1440 1184 sibiipsis
1461 1148 1626 1180 diiliciliora,
1645 1154 1702 1176 tum
1729 1149 1819 1184 [tonli—

1029 1194 1073 1221 Iici
1090 1195 1210 1221 maximo
1239 1201 1268 1222 et
1287 1195 1417 1229 potentiae
1438 1201 1491 1223 tuae
1511 1195 1692 1230 impossibilia
1714 1203 1820 1223 concu-

1028 1239 1159 1275 piscunt?
1176 1240 1275 1267 Verum
1291 1240 1433 1268 enimvero
1446 1261 1453 1272 ,
1481 1246 1510 1268 ut
1534 1247 1667 1276 apparet,
1688 1250 1743 1270 non
1772 1251 1818 1270 cos

1028 1278 1107 1321 fugit,
1121 1291 1299 1320 posteaquam
1327 1286 1354 1313 in
1378 1286 1483 1313 Italiam
1506 1288 1647 1322 prolectus
1659 1308 1667 1321 ,
1682 1289 1820 1317 Ecclesias

1029 1331 1184 1366 paciﬁcaris
1199 1331 1283 1366 (quod
1301 1332 1397 1367 utique
1413 1332 1440 1358 in
1460 1333 1622 1360 beatissimo
1639 1342 1708 1369 papa
1727 1335 1816 1369 Euge-

1029 1378 1076 1405 nio
1087 1383 1115 1405 et
1130 1378 1158 1405 in
1171 1379 1313 1413 majestate
1323 1382 1368 1405 tua
1383 1378 1464 1405 situm
1481 1381 1544 1412 est),
1559 1388 1612 1406 non
1628 1381 1747 1416 amplius
1761 1382 1820 1409 fore

1031 1425 1112 1452 ullam
1130 1425 1296 1458 machinam,
1311 1426 1457 1460 primatum
1477 1425 1569 1453 [lenne
1587 1426 1614 1453 in
1628 1426 1745 1455 Galliam
1763 1437 1820 1456 nm-

1033 1471 1126 1504 vendi,
1142 1475 1170 1498 et
1184 1471 1368 1499 transferendi
1385 1473 1518 1500 terminos
1530 1482 1599 1508 quos
1614 1474 1707 1502 Patres
1721 1482 1820 1510 posue-

1031 1522 1106 1550 runt,
1138 1526 1295 1553 quanquam
1323 1519 1461 1546 undarum
1492 1521 1571 1547 allisu
1603 1521 1763 1550 vacillantes
1792 1528 1820 1550 et

1032 1569 1154 1592 vetustos
1168 1565 1248 1599 adeo,
1271 1570 1300 1592 ut
1324 1566 1422 1593 cedere
1440 1566 1594 1594 videantur.
1613 1568 1706 1603 Usque
1722 1577 1756 1597 eo
1771 1578 1821 1596 au-

1034 1615 1086 1638 tem
1107 1611 1141 1638 de
1159 1616 1233 1638 recto
1250 1619 1303 1638 non
1329 1612 1460 1646 cogitant,
1487 1618 1515 1640 ul
1537 1621 1633 1641 eorum
1659 1623 1719 1649 qua:
1741 1624 1822 1651 expc-

1033 1658 1113 1689 diunt
1135 1665 1167 1693 ac
1183 1658 1294 1691 decent,
1313 1659 1382 1685 nihil
1399 1659 1564 1694 intelligant,
1582 1660 1629 1687 sed
1651 1662 1821 1690 arbitrentur

1034 1709 1080 1730 aut
1091 1704 1253 1738 sapientiam
1268 1710 1341 1731 tuam
1353 1712 1383 1732 se
1396 1712 1475 1740 posse
1489 1705 1598 1733 vincere
1611 1708 1762 1735 etconsilio
1775 1713 1822 1735 tuo

1033 1751 1167 1779 dominari
1179 1751 1422 1786 Romanorumque
1437 1753 1630 1787 imperatorem
1643 1754 1721 1789 longe
1731 1761 1746 1781 a
1758 1755 1823 1782 sede

1034 1805 1083 1825 sua
1101 1797 1134 1825 ad
1152 1801 1290 1835 extremos
1307 1798 1409 1825 Oceani
1427 1799 1495 1826 lines
1511 1799 1660 1833 abducere,
1680 1806 1727 1829 aut
1747 1808 1821 1830 tuatn
1861 1792 1864 1796 ’

1035 1847 1062 1871 ιιι
1084 1844 1193 1878 Italiam
1209 1844 1418 1879 navigationem
1448 1844 1602 1879 impedire;
1631 1848 1736 1875 utrovis
1748 1850 1822 1877 enim

1035 1891 1134 1924 horum
1155 1889 1307 1927 ‘Ecrlesiam
1332 1898 1362 1917 se
1385 1890 1544 1917 divulsuros
1562 1892 1721 1926 opinantur,
1739 1903 1822 1928 quant

1035 1934 1187 1968 siquirent,
1200 1935 1255 1968 jam
1266 1935 1496 1969 tliscerpsissent;
1510 1937 1629 1970 quibunt
1642 1943 1745 1971 autem,
1755 1940 1776 1966 si
1795 1946 1823 1967 tu

1036 1980 1062 2015 in
1082 1979 1183 2006 Italiam
1212 1980 1337 2013 trajicere
1364 1980 1498 2007 nolueris.
1526 1981 1589 2009 Sive
1608 1983 1682 2010 enim
1709 1989 1735 2011 te
1758 1986 1824 2012 illue

1036 2026 1199 2061 inclinante,
1218 2025 1370 2052 beatissimi
1395 2034 1472 2061 papa:
1496 2035 1540 2055 res
1558 2027 1694 2062 frixerint;
1716 2031 1775 2058 sive
1791 2033 1824 2058 ab

1036 2073 1135 2100 itinere
1147 2072 1291 2110 impedito,
1306 2073 1542 2106 opportunitatem
1557 2073 1659 2109 adepti,
1674 2075 1824 2104 Eeclesiam

1036 2118 1161 2146 scindere
1178 2118 1360 2145 meditantur.
1386 2119 1424 2146 Ita
1450 2120 1541 2148 tribus
1556 2123 1706 2156 propositis
1729 2130 1776 2151 ant
1797 2125 1823 2151 in

1037 2163 1151 2201 Galliam
1175 2168 1223 2191 aut
1245 2166 1271 2191 in
1295 2164 1401 2192 llaiiam
1428 2165 1569 2200 navigare,
1589 2172 1636 2194 aut
1655 2176 1745 2203 neque
1773 2171 1826 2197 huc

195 2217 266 2251 πλὴν
278 2216 325 2242 τοῦ
341 2217 380 2245 εἰς
403 2215 521 2242 Ἰταλίαν
538 2223 568 2241 σε
589 2215 697 2246 πλεῖν,”
709 2215 742 2241 τὰ
757 2214 841 2241 λοιπὰ
863 2213 921 2240 δύω
946 2214 978 2239 δι-

1040 2217 1127 2244 neque
1143 2209 1218 2243 illuc,
1235 2210 1258 2236 si
1277 2209 1304 2237 in
1323 2210 1428 2237 ltaliatn
1444 2219 1499 2238 non
1514 2212 1636 2246 naviges,
1656 2213 1759 2248 reliqua
1772 2215 1827 2242 duo

197 2263 281 2290 πλοῦν
299 2261 358 2289 ἀνθ’
378 2262 464 2288 ἁπλοῦ
481 2260 658 2296 παρεισάγει,
673 2259 725 2294 φεῦ
737 2260 744 2286 '.
758 2260 790 2286 τὸ
803 2260 859 2286 τῶν
873 2260 989 2295 Ἐκκλητ

196 2309 261 2336 σιῶν
277 2309 389 2344 σχίσμα·
404 2307 464 2334 οὐδὲ
481 2308 534 2342 γὰρ
545 2306 656 2333 δυνατὴν
725 2306 774 2341 τῆς
794 2305 904 2341 Ῥώμης
919 2314 985 2340 συγ-

196 2356 345 2391 χυθήσεται
363 2352 617 2388 Ἐχκλησία,τούτῳ
629 2352 678 2388 τὴν
696 2352 750 2380 τῶν
762 2352 895 2386 ,Γραικῶν
925 2351 985 2386 μετ’

197 2401 283 2435 αὐτῆς
309 2399 449 2426 ἵστασθαι.
467 2396 535 2432 Εἶτα
551 2397 593 2429 τίς
607 2398 638 2424 τὸ
667 2396 784 2424 ὕπουλον
812 2398 914 2430 αὐτῶν,
939 2399 987 2424 καὶ

198 2447 291 2473 σκαιὸν
305 2447 353 2472 και
376 2445 478 2480 ὕφαλον
496 2444 662 2478 προτιμήσει
685 2443 735 2478 τῆς
756 2443 889 2476 Ἰταλία;;
912 2442 987 2474 ,Εἶτα

199 2495 240 2524 τίς
253 2493 302 2527 τῆς
323 2492 432 2526 Ῥώμης
465 2491 615 2524 Ἐκκλησία
646 2489 705 2521 ὲξδν
735 2489 883 2523 ὲνωοῆναι,
912 2490 986 2516 τοῦτ’

197 2539 276 2574 ἀφεὶς
289 2540 322 2573 τῇ
343 2537 497 2571 ’Δὸιῶνοςῆ
514 2536 675 2571 Ναρῦῶνος,
693 2536 710 2571 ἢ
725 2536 774 2562 οὐκ
787 2533 845 2562 οἶδα
862 2536 888 2560 τί
905 2535 985 2568 λέξω,

198 2584 331 2620 ἑνωθῆναι
348 2583 515 2614 σπουδάσεις
532 2582 578 2608 καὶ
600 2582 630 2608 οὺ
644 2582 714 2617 λάϐῃ
739 2584 810 2608 κατὰ
821 2582 892 2614 νοῦν,
908 2583 932 2607 εἰ
950 2583 987 2617 μὴ

198 2633 233 2659 τὰ
248 2631 350 2658 παλαιὰ.
367 2631 458 2655 ἐκεῖνα
471 2626 510 2660 οἷς
520 2629 545 2654 οἱ
563 2628 658 2654 Γάλλοι
674 2628 799 2662 εὑρόντες
821 2628 988 2662 τὴςδαύτῶν

200 2677 313 2712 γνώμης
341 2676 450 2710 Ῥώμης
481 2676 630 2710 ἀρχιερεῖς,
664 2675 805 2710 βασιλείαν
837 2675 988 2702 διέσπασαν

202 2725 249 2750 καὶ
272 2725 322 2752 τὰς
352 2721 516 2754 Ἐκκλησίας
549 2720 756 2752 συνεξὲσπσσαν
784 2720 989 2754 (συνακολουθεῖ

200 2770 254 2805 γὰρ
267 2769 352 2795 ταῦτα
367 2766 502 2801 ἀλλήλοις)
513 2786 520 2800 ,
546 2767 570 2792 si
590 2768 627 2802 μὴ
642 2766 730 2793 ταῦτα
744 2766 815 2802 λάϐῃ
828 2766 898 2792 κατὰ
915 2766 987 2798 νοῦν,

199 2815 268 2842 ἁλλά
283 2807 314 2848 γέ
326 2813 360 2839 τὰ
373 2814 420 2840 νέα
430 2813 463 2838 τὰ
478 2813 507 2838 ὲν
523 2813 685 2847 Λουγδούνῳ
699 2814 739 2844 εἰς
754 2813 784 2839 τὸ
803 2813 886 2848 μηδὲν
919 2822 987 2848 προ-

199 2862 360 2896 χωρήσαντα
371 2868 378 2890 ;
390 2858 455 2884 Οὐδὲ
470 2858 523 2893 γὰρ
532 2856 608 2892 οἶμαι
622 2859 804 2893 συναρμόζειν
818 2859 987 2893 ἐπιτηδείους

376 2908 512 2938 PATROL.
530 2906 586 2936 Gn.
613 2906 720 2936 CLXI.

1037 2256 1175 2290 geminum
1193 2255 1313 2282 schisma
1332 2263 1381 2290 pro
1395 2256 1526 2291 simplici,
1542 2258 1593 2284 heu
1612 2261 1672 2286 me!
1690 2259 1717 2286 in
1732 2261 1827 2288 Eccle-

1037 2302 1106 2329 siam
1122 2302 1321 2337 importabunt.
1337 2303 1404 2330 Nam
1419 2311 1474 2339 quo
1488 2304 1611 2332 Romana
1625 2307 1746 2336 Ecclesia
1762 2303 1830 2342 ξοη-

1040 2348 1170 2376 fundetnr
1185 2357 1217 2377 ac
1240 2350 1464 2384 pcrmiscebitnr,
1491 2352 1543 2379 hoc
1560 2353 1718 2381 Graecorum
1735 2356 1828 2383 Eccle-

1038 2394 1079 2422 sia
1101 2403 1163 2430 cum
1194 2396 1252 2430 ipsa
1276 2401 1349 2424 stare
1373 2397 1419 2431 qni
1446 2391 1574 2431 poterit?»
1593 2398 1739 2431 Praeterea,
1765 2409 1826 2428 cum

1038 2441 1118 2468 liceat
1134 2441 1265 2469 Ecclesia:
1290 2443 1419 2470 lictname
1439 2444 1524 2476 uniti,
1543 2445 1604 2478 quis
1627 2446 1680 2473 hoc.
1702 2447 1827 2482 neglecto

1039 2493 1086 2515 aut
1096 2489 1347 2521 Avenionensi,aut
1361 2489 1544 2524 Narbonensi,
1557 2497 1604 2518 aut
1620 2494 1713 2520 nescio
1727 2495 1770 2521 cui
1781 2495 1830 2522 de-

1040 2542 1114 2561 mum
1131 2535 1210 2566 alteri
1230 2535 1302 2561 ttniri
1318 2536 1462 2563 studebit?
1478 2542 1506 2564 ut
1523 2546 1577 2564 non
1595 2546 1688 2566 secum
1709 2545 1827 2575 reputet,

1039 2582 1062 2608 si
1087 2581 1178 2608 minus
1201 2582 1290 2615 prisca
1315 2582 1361 2609 illa
1387 2583 1497 2617 quando
1516 2584 1584 2611 Galli
1602 2593 1664 2611 cum
1690 2585 1829 2614 Romanos

1039 2628 1183 2662 pontifices
1212 2636 1307 2655 secum
1331 2631 1520 2664 conspirantes
1545 2631 1689 2664 haberent,
1715 2641 1828 2668 regnum

1039 2674 1240 2706 distraxerunt,
1267 2682 1295 2703 et.
1313 2675 1451 2703 Ecelesias
1473 2677 1661 2706 dilacerarunt
1682 2682 1753 2715 (qua:
1775 2681 1830 2706 duo

1040 2728 1069 2748 se
1085 2726 1181 2748 mutuo
1197 2725 1376 2757 sequuntur),
1387 2723 1409 2749 si
1427 2723 1484 2750 haec
1503 2732 1557 2750 non
1572 2729 1690 2759 reputet,
1707 2728 1829 2761 inquam,

1040 2771 1068 2793 at
1086 2767 1182 2795 saltem
1200 2768 1330 2800 recentia,
1347 2777 1407 2803 qua!
1434 2769 1559 2804 Lugduni
1584 2776 1684 2798 tentata
1704 2773 1736 2799 ad
1757 2773 1829 2799 nihl-

1040 2814 1096 2857 ltipt
1120 2814 1286 2841 reciderant.
1313 2814 1389 2842 Ilaud
1424 2823 1497 2842 enim
1523 2816 1639 2844 idoneos
1661 2825 1721 2846 esse
1735 2819 1826 2854 judico

1040 2861 1076 2888 ad
1093 2860 1224 2888 distantia
1242 2862 1395 2896 coaptanda
1412 2867 1439 2890 et
1456 2863 1681 2900 Copulanda,-qui
1701 2865 1828 2899 copulata

1640 2910 1680 2941 29
