1916 3057
148 130 199 160 905

554 132 737 161 EPISTULA
762 132 812 161 Ai)
832 131 1009 162 JOANNEM
1034 132 1247 162 PAL/EOLOG.
1269 131 1345 161 1MP.

1723 131 1776 162 906

149 189 309 216 σῆέννυσθαι
330 190 427 225 νομίζῃ
450 190 479 217 τδ
497 190 591 226 πῧρ’ἢ
608 190 686 226 εἴπερ
701 200 741 221 τις
765 191 934 223 διατείνηται

995 190 1058 216 -ιιὶιιι
1080 190 1186 224 ignoro,
1208 194 1233 217 te
1250 189 1406 224 frequenter
1426 197 1535 224 rogasse
1552 189 1638 216 bsunt
1655 189 1694 216 uti
1710 189 1777 216 sim-

147 238 194 262 τὺν
209 237 275 263 δέκα
296 237 435 268 ταλάντοις
461 237 590 264 ἐθέλοντά
611 235 639 263 τι
663 239 761 269 ποιεῖν,
773 237 845 263 τοῦτ’
870 237 936 264 αὐτὸ

150 282 188 316 μὴ
207 282 372 316 βουληθῆναι
397 283 483 308 ποιεῖν
500 282 540 316 τῷ
554 281 595 313 δὶς
609 282 676 308 δέκα
693 281 936 316 προσεξευρίσκειν

147 329 278 355 τὲλαντα.
291 328 374 354 Ἀλλὰ
389 328 476 354 ταῦτα
494 329 544 362 μὲν
558 328 641 355 ὲάσω³
658 328 719 355 οὐδὲ
735 328 790 362 γὰρ
802 327 857 362 ὁρῶ
865 336 892 353 τι
905 327 936 353 τὸ

149 374 272 401 κωλῠτον
298 374 374 407 ἥξειν
389 383 428 400 σε.
446 370 540 409 Ἶιίπερ
555 373 641 400 πολλὰ
655 373 836 404 ὲσπούδασας,
848 372 936 406 πάρε-

149 431 208 448 στιν
221 421 267 446 ἐπὶ
291 420 388 455 θύραις
403 421 420 454 ἡ
437 420 490 446 τῶν
509 419 678 454 Ἐκκλησιῶν
692 419 799 454 εἰρήνη·
816 419 863 445 καὶ
886 418 936 453 οὐχ

149 467 217 501 αὕτη
247 467 338 501 μόνον.
356 465 424 492 ἀλλὰ
453 466 500 492 καὶ
525 467 541 500 ἡ
571 466 621 500 τῆς
649 465 759 500 Ῥώμης
787 463 936 499 Ἐκκλησία

149 514 308 548 φλυκταῑνει
322 511 487 544 οἶδαίνουσα,
503 514 551 540 καὶ
572 512 718 539 ἐπιϐοᾶται
733 512 782 546 τὴν
808 511 857 546 σὴν
871 519 938 546 προ-

150 559 275 587 στασίαν.
295 557 343 589 Οἷς
364 559 393 585 δὲ
412 559 466 585 τῶν
480 558 609 585 τοιούτων
624 558 711 592 μέλει,
730 557 935 596 ἁπαξάπαντετ,

148 605 330 640 αὖτόκρατορ,
347 604 388 635 εἰς
404 604 433 629 σὲ
454 603 600 638 βλέπουσιν
617 603 666 637 οὐχ
680 600 773 638 ἦττον,
792 603 807 636 ἢ
823 603 846 628 εἰ
866 601 936 628 κατὰ

147 651 354 677 Κωνστιντῖνον
373 650 476 676 ἐκεῖνον
503 650 549 675 τδν
572 648 711 683 Min-1.9)
740 648 892 680 Θεοδόσιον,
921 649 936 684 ἢ

153 696 345 723 ’1ουστινιανὸν
370 695 486 730 λαμπρά
514 704 555 722 σοι
572 695 685 721 ἐπέπνει
711 695 744 721 τὰ
769 694 819 729 τῆς
840 694 935 729 τύχης.

149 741 204 768 Καὶ
223 741 261 775 τῷ
286 742 342 767 ὖντι
366 740 490 772 ἐλθόντος
513 749 570 773 σου,
596 740 633 771 ὡς
652 740 704 767 ὑπὸ
721 739 799 774 ἡλίου
825 739 936 773 ἀστέρες

147 787 202 814 τῶν
218 788 271 822 προ
287 787 334 813 σοῦ
348 787 559 821 αὺτικρατόρων
577 786 593 820 ἡ
608 786 685 820 φήμη
698 786 731 820 τῇ
748 787 780 820 σῇ
795 785 857 819 δόξῃ
871 793 936 819 κρυ-

149 833 274 867 ϐήσεται·
289 833 387 859 ἐκεῖνοι
404 833 458 868 γὰρ
481 831 567 858 πολλὰ
583 831 616 858 ἂν
635 832 682 858 καὶ
700 830 746 866 βίᾳ
764 830 938 865 κατορθῶσαι

148 879 246 911 δόξωσι
263 879 318 910 τοῖς
336 878 425 913 ὀρθῶς
450 877 622 910 ὲΞετάζουσι’
640 879 696 908 τοῖς
722 877 776 913 γὰρ
807 876 938 911 μεγάλοις

145 925 295 954 δυνάσταις
325 925 342 959 ἡ
369 924 416 950 τοῦ
447 923 544 958 βιαίως
575 923 662 950 πολλὰ
687 924 775 950 ποιεῖν
802 922 937 956 ὑπόληψις

148 970 257 998 ἕπεται·
276 970 308 996 σὺ
323 969 352 996 δὲ
368 970 419 1005 πρὸ
439 969 546 1005 πολλῶν
564 969 615 1004 ἠδη
633 968 737 1002 γενεῶν
754 968 937 994 ἀντιπνευσά-

148 1026 200 1053 σης
224 1017 264 1052 τῷ
294 1017 369 1051 γένει
394 1016 445 1050 τῆς
468 1016 564 1051 τύχης,
594 1016 737 1050 φρονήσει.
767 1013 935 1049 δικαισούνῃ,

151 1064 286 1098 πραότητι
300 1064 348 1089 καὶ
362 1064 422 1093 ταῖς
433 1061 526 1092 ἄλλαις
541 1062 654 1096 ἀρεταῖς
668 1060 712 1093 αἷς
732 1070 780 1088 σου
794 1060 823 1087 τὸ
837 1061 938 1094 κράτος

151 1113 322 1147 ἐκόσμησας,
338 1112 388 1146 τήν
400 1119 429 1137 τε
450 1110 616 1145 Ἐκκλησίαν
631 1110 670 1140 εἰς
688 1109 804 1136 Ἰταλίαν
819 1109 938 1140 πλεύσας

151 1159 279 1194 ἀκέραιον
306 1158 501 1192 συντηρήσεις,
527 1156 574 1183 καὶ
596 1156 630 1182 τὰ
650 1156 821 1190 διαιρεθέντα
845 1155 938 1186 κακῶς

152 1205 303 1238 συζεύξεις,
320 1203 411 1234 καλῶς
435 1203 482 1229 καὶ
503 1202 537 1229 τὰ
554 1202 605 1236 τῆς
629 1202 768 1236 βασιλείας
785 1200 939 1236 ἐπανορθώ-

151 1262 218 1285 σεις,
236 1254 283 1279 καὶ
297 1251 424 1286 παρέξεις
438 1252 494 1282 τοῖς
510 1249 580 1284 μετὰ
597 1249 626 1276 σὲ
642 1248 747 1275 πολλῶν
760 1248 845 1274 ὲθνῶν
860 1247 937 1282 βασι-

149 1298 339 1334 λιὺουσαντὴν
350 1295 384 1333 ἦς
395 1298 505 1333 κρατεῖς
522 1296 611 1324 πᾶλιν.
627 1291 677 1321 Ὠν
692 1294 848 1321 τούναντίον
866 1294 939 1320 ἇτταν

153 1345 201 1372 τοῦ
223 1345 260 1380 μὴ
287 1344 374 1371 ἐλθεῖν
390 1352 419 1370 σε
442 1343 549 1376 ’ἐψεταν
566 1342 596 1368 οὐ
615 1341 669 1375 γὰρ
684 1341 772 1370 ἔσται,
789 1339 839 1366 οὐκ
863 1339 939 1364 ἔσεαι

153 1390 200 1418 τοῦ
226 1390 319 1416 λοιποῦ
344 1389 432 1421 ἐλπὶς,
451 1385 473 1414 ὦ
493 1386 616 1422 βασιλεῦ,
640 1385 688 1412 τοῦ
718 1383 816 1419 καιροῦ
843 1383 939 1410 τούτῡυ

154 1436 336 1472 παρελθόντος
351 1435 500 1470 ἐπιχειρεῖν
517 1432 608 1460 ἰᾶσθαι
625 1432 658 1458 τὰ
675 1431 864 1465 συντριϐέντασ
881 1430 939 1460 πῶς

151 1483 204 1519 γὰρ
219 1484 286 1509 ὅπου
310 1481 357 1508 καὶ
381 1482 415 1507 τὰ
439 1479 569 1506 δοκοῦντα
589 1477 717 1512 εὐσθενῆ,
736 1477 782 1503 καὶ
806 1476 844 1508 ὡς
862 1475 940 1509 τείχη

152 1529 321 1561 Βαϐυλώνια,
344 1528 380 1554 τὲ
403 1526 452 1561 τῆς
471 1525 579 1560 Ῥώμης
602 1524 685 1558 λέγω,
702 1522 818 1554 σείεται,
833 1521 879 1548 καὶ
895 1529 942 1546 σα-

152 1577 224 1603 λεύει
247 1576 295 1602 ἐπὶ
316 1574 448 1609 κυμάτων
463 1573 612 1606 ίστάμενα;
628 1570 684 1598 Καὶ
702 1570 754 1596 οὐκ
767 1569 841 1594 ἔστιν
856 1568 938 1601 ἐκφυ-

152 1623 209 1656 γεῖν
232 1621 282 1656 τὴν
306 1619 403 1655 ζάλην,
422 1619 447 1645 εἰ
474 1617 512 1653 μὴ
529 1616 679 1650 ἐπιϐάλλῃς
693 1614 732 1650 τῷ
748 1613 871 1649 πηδαλίῳ
887 1612 939 1648 τὴν

152 1669 253 1702 δεξιάν.
272 1667 344 1700 Ἐγὼ
359 1666 387 1693 δὲ
403 1665 433 1692 οὐ
451 1664 582 1700 βούλομαι
598 1663 649 1698 μὲν
662 1662 697 1689 τὰ
709 1662 830 1688 κάκιστα
843 1659 939 1694 προλέ-

153 1723 222 1750 γειν·
240 1713 398 1748 ὠθούμενος
424 1711 453 1738 δὲ
480 1712 535 1741 τοῖς
561 1709 735 1745 πράγμασιν,
762 1707 792 1733 οὺ
821 1706 941 1740 δύναμαι

154 1761 278 1795 κατέχειν
290 1758 418 1794 ἐμαυτόν·
431 1758 456 1784 εί
468 1757 505 1791 μὴ
517 1756 636 1791 πλεύσῃς
645 1755 685 1786 εἰς
701 1753 828 1784 Ἰταλίαν,
840 1752 894 1779 [σοι
905 1752 942 1783 ὡς

155 1807 301 1838 ἀπώλεσας
323 1805 353 1831 τὸ
375 1804 429 1831 τῶν
444 1803 616 1838 Χριστιανῶν
629 1802 720 1835 γένος,
738 1799 894 1834 διέφθειρας
909 1797 943 1824 τὰ

154 1855 205 1889 τῆς
225 1851 400 1886 Ὲκκλησίας.
420 1850 453 1875 Ὢ
467 1848 513 1875 τοῦ
529 1847 690 1882 πτώματοςί
707 1845 770 1872 οΰτ’
784 1845 808 1871 εί
826 1845 863 1878 μὴ
879 1845 945 1870 ἑνω-

155 1903 268 1935 οὴσεται
293 1897 378 1934 ἡτῶν
394 1895 531 1931 Γραικῶν,
554 1894 630 1920 ἔσται
651 1892 759 1927 Ῥώμης
781 1890 942 1924 Ἐκκλησία,

157 1949 204 1974 καὶ
226 1946 242 1980 ἡ
262 1945 316 1971 τῶν
345 1942 470 1980 Γραικῶν
487 1941 589 1976 ταύτης
614 1939 774 1973 σφαλείσης,
789 1937 860 1963 ὀκνῶ
882 1936 942 1971 μὲν,

155 1994 224 2026 λέξω
239 1993 265 2018 δὲ
282 1991 366 2026 ὅμως.
383 1990 414 2016 τὸ
427 1988 560 2023 παράπαν
573 1987 728 2022 οἰχήσεται.

988 237 1097 272 pliciter
1116 237 1242 265 Ecclesia}
1260 237 1286 264 in
1306 237 1449 272 pristinam
1466 236 1642 264 concordiam
1666 236 1780 264 reduce-

988 287 1094 309 rentur.
1110 282 1157 309 ille
1172 290 1248 314 vero,
1266 290 1321 317 quo
1339 283 1493 318 promptius
1511 282 1615 313 venias,
1631 282 1779 316 dupliciter

989 326 1015 353 id
1034 327 1082 353 tibi
1093 327 1229 355 concedit.
1243 327 1313 361 Quid
1327 327 1430 362 igitur?
1445 334 1502 362 quo
1511 328 1583 354 Deus
1595 327 1685 354 zelum
1702 333 1778 354 tuum

987 373 1073 408 magis
1088 374 1239 401 exsuscitat
1253 380 1279 401 et
1293 381 1415 400 amorem
1435 374 1627 401 vehementius
1640 374 1777 405 accendit,

988 419 1050 451 hoc,
1066 426 1100 446 ne
1121 419 1318 454 impedimento
1341 420 1386 453 sit,
1404 428 1418 446 a
1433 419 1598 454 quibusdam
1615 420 1778 446 timebitur?

987 464 1060 492 Istuc
1075 464 1164 492 simile
1178 470 1230 496 est,
1247 470 1278 492 ut
1300 467 1322 492 si
1340 466 1403 500 quis
1426 466 1487 493 oleo
1510 465 1599 500 ignem
1618 473 1672 492 non
1691 467 1778 500 pasci,

988 511 1035 539 sed
1050 512 1186 546 exstingui
1202 516 1336 542 autumet.
1354 516 1402 540 aut
1416 511 1439 539 si
1459 512 1522 545 quis
1537 511 1665 541 aﬂirmet,
1684 513 1778 538 dcecm

989 556 1100 583 talentis
1120 557 1240 590 acceptis
1263 556 1399 584 volentem
1428 556 1569 591 quippiam
1593 557 1691 587 facere,
1711 556 1782 583 idem

988 604 1032 631 bis
1052 605 1147 632 decem
1177 604 1287 631 talentis
1309 603 1484 638 acquirendis
1508 604 1578 631 nolle
1604 604 1703 630 facere.
1729 602 1782 630 Sed

989 649 1047 676 haec
1067 650 1210 680 omittam;
1228 657 1279 676 nec
1294 649 1367 676 enim
1385 649 1477 682 video,
1493 649 1558 684 quid
1578 654 1603 676 te
1618 649 1651 675 ab
1663 648 1782 676 advcnlu

989 696 1129 724 retardare
1141 700 1232 731 queat.
1247 696 1297 724 Cui
1315 697 1464 732 plurimum
1477 696 1621 728 studuisti,
1637 697 1662 722 in
1678 696 1784 723 foribus

989 741 1066 769 adest
1085 741 1267 769 Eccicsiarum
1285 749 1344 776 pax.
1362 741 1417 768 Nec
1432 741 1488 776 ipsa
1507 746 1552 767 tua
1568 741 1668 772 solum,
1686 741 1733 768 sed
1756 745 1784 767 ct

990 788 1114 815 Romana
1138 787 1259 814 Ecclesia
1285 787 1405 822 pustulis
1429 791 1457 814 et
1484 787 1641 814 tumoribus
1665 787 1782 818 laborat,

991 838 1122 868 tuamque
1140 840 1219 868 opctn
1241 833 1356 868 ﬂagitat.
1376 833 1451 866 Quos
1470 838 1561 860 autent
1579 833 1682 868 negotii
1705 833 1784 860 istius

991 888 1057 908 cura
1070 880 1210 911 sollicitat.
1227 880 1307 906 simul
1320 887 1426 910 omnes.
1440 879 1598 914 imperator,
1614 879 1646 906 ad
1661 883 1685 906 tc
1698 879 1785 913 respi-

991 926 1078 958 ciunt,
1099 933 1152 952 non
1179 926 1270 952 minus
1285 933 1366 959 quam
1381 925 1414 957 si,
1430 930 1460 952 ttt
1476 925 1656 952 Constantino
1671 925 1717 951 illo
1728 925 1782 951 lita-

991 980 1054 1007 gno,
1072 977 1120 998 aut
1135 971 1303 1002 Theodosio,
1321 976 1369 998 aut
1393 971 1550 999 Justiniano
1565 971 1708 1006 splendida
1735 964 1783 997 tibi

992 1019 1102 1046 fortuna
1123 1018 1268 1052 aspiraret.
1291 1016 1322 1043 Et
1348 1024 1457 1049 revera,
1483 1024 1545 1044 cum
1564 1017 1683 1047 veneris.
1711 1017 1784 1045 haud

992 1072 1072 1092 secus
1087 1070 1167 1098 quam
1185 1070 1199 1089 a
1224 1062 1291 1089 solis
1317 1061 1422 1095 fulgore
1446 1061 1587 1089 stellarum
1603 1062 1660 1093 lux,
1682 1070 1785 1096 prace-

991 1111 1116 1138 dentium
1143 1109 1338 1143 imperatorum
1362 1107 1432 1135 fama
1465 1107 1558 1142 gloriae
1585 1112 1638 1134 tme
1661 1107 1784 1135 claritate

992 1156 1195 1184 obscuraivitur.
1208 1155 1275 1181 Nam
1289 1154 1327 1181 illi
1341 1153 1426 1180 multa
1439 1153 1521 1180 etiam
1537 1161 1586 1187 per
1598 1152 1652 1179 vim
1665 1154 1698 1185 (si
1712 1153 1785 1187 justc

993 1210 1050 1229 rem
1080 1201 1281 1236 expendamus)
1312 1200 1383 1226 bene
1413 1199 1511 1226 fecisse
1538 1199 1626 1226 videri
1658 1203 1784 1232 possunt.

993 1247 1197 1282 Magni-quippe
1210 1246 1352 1281 principes
1363 1252 1396 1272 ac
1408 1245 1529 1280 «lynastze
1544 1245 1682 1272 violentiae
1696 1245 1787 1279 suspi-

993 1296 1100 1323 cionem
1127 1301 1183 1321 non
1206 1293 1353 1328 elfugiunt.
1373 1292 1413 1319 Tu
1431 1300 1508 1324 vero,
1523 1296 1587 1319 ante
1610 1292 1710 1327 multas
1730 1292 1785 1327 jam

993 1345 1088 1368 aetates
1112 1339 1206 1375 generi
1233 1344 1281 1366 tuo
1304 1339 1468 1366 adversante
1492 1338 1612 1369 fortuna.
1629 1337 1786 1372 prudentia,

991 1386 1108 1422 justitia,
1126 1385 1349 1416 mansuetudine,
1368 1384 1531 1418 ezeterisquc
1549 1384 1708 1416 virtutibus,
1725 1385 1786 1418 qui-

994 1433 1046 1460 bus
1059 1431 1203 1467 imperium
1220 1435 1297 1458 tuum
1313 1430 1516 1462 condecorasti,
1527 1434 1555 1457 ct
1570 1430 1719 1457 Ecclesiaut
1738 1437 1787 1456 na-

995 1479 1130 1514 vigatione
1151 1478 1177 1505 in
1202 1477 1307 1504 llaliam
1325 1481 1433 1512 peracta
1458 1477 1623 1504 incolumem
1640 1484 1787 1504 conserva-

995 1525 1047 1558 bis,
1065 1529 1092 1551 et
1112 1524 1183 1552 male
1201 1523 1337 1558 disjuncta
1356 1523 1441 1558 probe
1465 1523 1619 1557 copulabis,
1648 1528 1676 1550 et
1699 1523 1786 1557 impc-

994 1571 1064 1597 riutn
1083 1570 1261 1601 instaurabis,
1277 1573 1308 1596 et
1319 1577 1402 1604 quam
1424 1577 1496 1596 nunc
1512 1569 1621 1596 obtines
1636 1569 1787 1601 civitatem,

994 1616 1088 1643 multis
1099 1615 1229 1651 gentibus
1243 1619 1304 1649 post
1317 1618 1342 1641 te
1353 1614 1533 1648 imperantem
1549 1613 1697 1648 relinques.
1710 1613 1788 1646 Quod

995 1662 1018 1689 si
1034 1668 1088 1689 non
1103 1661 1209 1692 venias,
1224 1659 1338 1687 omnino
1351 1660 1448 1687 horum
1479 1658 1617 1686 contraria
1633 1664 1659 1686 te
1671 1666 1789 1693 sequen-

996 1713 1051 1735 tur.
1069 1706 1148 1735 Haud
1165 1707 1239 1734 enim
1254 1706 1317 1739 erit,
1336 1706 1419 1738 haud,
1443 1705 1567 1739 inquam,
1583 1704 1636 1732 erit
1654 1705 1680 1731 in
1696 1710 1790 1739 poste-

997 1762 1057 1782 rum
1070 1762 1142 1790 spes,
1157 1753 1317 1789 imperator,
1335 1753 1358 1780 si
1376 1757 1485 1787 tempus
1500 1753 1553 1779 hoc
1567 1751 1740 1786 prmtcrierit,
1754 1751 1787 1778 ad

997 1802 1181 1829 contritorum
1203 1800 1376 1827 curationem
1399 1799 1491 1826 accedi
1519 1806 1608 1832 posse.
1625 1797 1676 1830 Qui
1696 1797 1790 1824 enim?

999 1846 1111 1881 quando
1127 1851 1155 1874 et
1170 1854 1230 1880 qua:
1247 1845 1392 1880 prmvalida
1408 1850 1436 1872 ct
1459 1849 1587 1878 tanquam
1613 1844 1683 1870 nutri
1703 1843 1790 1878 Baby-

995 1892 1062 1918 lonii
1078 1897 1220 1926 apparent,
1235 1899 1277 1918 res
1293 1892 1422 1918 [tertianae
1433 1891 1540 1916 scilicet
1553 1891 1749 1916 concutiuntur
1762 1894 1790 1915 ct

997 1937 1128 1964 fluctibus
1146 1937 1294 1971 agitantur.
1325 1936 1378 1963 Nec
1410 1936 1450 1962 fas
1483 1935 1618 1962 turbinem
1647 1939 1790 1961 ventorum

998 1983 1113 2013 evitare.
1134 1982 1187 2009 nisi
1206 1988 1233 2009 tu
1249 1981 1438 2016 gubernaculo
1458 1982 1598 2008 dexteram
1622 1980 1789 2020 admoveris.

156 2040 286 2074 Equidem
315 2038 385 2065 adeo
413 2029 569 2063 infaustum.
585 2033 730 2061 vaticinari
759 2033 862 2063 nolim,
893 2035 1083 2059 verumtamen
1110 2031 1191 2057 rebus
1220 2029 1287 2064 ipsis
1313 2028 1472 2062 compulsus
1496 2027 1639 2054 continere
1666 2035 1709 2054 me
1733 2036 1787 2054 non

156 2095 278 2122 possunt.
297 2085 354 2113 Nisi
381 2085 408 2112 in
431 2083 534 2112 Italiam
561 2081 743 2116 navigaveris,
757 2081 826 2108 scito
853 2084 879 2107 te
905 2079 1127 2107 Christianorum
1159 2084 1247 2112 genus
1266 2075 1419 2111 prodidisse
1438 2081 1465 2103 ct
1489 2075 1637 2103 Ecclesium
1674 2077 1701 2103 in
1727 2077 1791 2104 ulti-

156 2143 213 2161 mas
236 2133 406 2160 calamitates
430 2129 625 2165 praecipitasse.
641 2126 663 2154 Ο
678 2134 772 2154 casum
791 2127 797 2152 !
820 2126 877 2153 Nec
895 2126 951 2160 ipsa
974 2124 1093 2152 Romana
1115 2124 1247 2155 Eculesia,
1265 2122 1287 2150 si
1309 2122 1411 2150 ϐτίοοοι
1428 2129 1482 2149 non
1499 2123 1619 2153 uniatur,
1644 2123 1747 2155 stabit;
1765 2128 1793 2150 at

156 2181 259 2212 Gia-ca,
280 2178 440 2206 labefactata
457 2176 578 2203 ltotuana
592 2194 599 2205 .
617 2180 714 2200 vereor
729 2173 832 2205 dicere,
849 2171 937 2198 dicant
956 2175 1057 2201 tamen,
1074 2171 1187 2197 omnino
1204 2169 1374 2204 pessutnibit.

191 2228 293 2256 Ταῦτα,
305 2222 327 2252 ὦ
341 2223 460 2259 βασιλεῦ,
470 2219 492 2249 ὦ
500 2221 680 2256 αὐτόκρατορ,
692 2217 768 2255 ᾧπερ
777 2220 828 2255 ήδη
839 2218 868 2245 τὺ
878 2219 945 2253 κρά-

1035 2218 1107 2250 Ηωο,
1123 2217 1272 2252 imperator
1281 2221 1405 2252 auguste,
1416 2217 1460 2245 cui
1478 2225 1548 2244 nunc
1566 2222 1728 2252 potestatem
1744 2217 1794 2246 Ec-

157 2282 200 2304 τος
213 2273 266 2298 τῶν
275 2268 444 2304 Ἐκκλησιῶν
455 2267 605 2302 παρέχουσι
621 2266 701 2296 Οείως
712 2264 869 2298 κινούμενοι
880 2264 947 2290 πάν-

157 2328 198 2346 τε,
211 2318 293 2353 οετῆς
308 2315 455 2350 Εὐρώπης,
470 2312 642 2348 ἐνθυμηθεὶς,
657 2311 751 2346 ῶσπερ
765 2310 872 2345 σημείῳ
883 2311 949 2344 χρή-

158 2365 235 2391 σαιτὸ
249 2371 289 2394 τις
300 2361 358 2394 μετ’
373 2361 404 2387 οὺ
416 2359 483 2386 πολύ
496 2367 536 2384 σοι
546 2358 615 2384 Θεοῦ
628 2358 752 2388 Θέλοντος
761 2356 947 2391 δοθησομένης

159 2411 264 2437 πολλῶν
289 2409 373 2435 ἐθνῶν
400 2406 568 2443 ἡγεμονίαις⁸
587 2406 633 2431 καὶ
658 2404 726 2440 προς
749 2403 855 2435 τούτοις
884 2403 948 2434 τοὺς

159 2457 222 2487 σοὺς
237 2454 396 2489 λογισμοὺς,
409 2451 450 2485 οἷς
464 2453 501 2484 ὡς
520 2452 644 2486 παρόντα
666 2459 696 2477 σε
721 2448 799 2485 οἶμαι
822 2450 859 2476 τὰ
885 2449 949 2484 μέλ-

160 2503 241 2528 λοντα
255 2501 332 2536 δρᾷν,
351 2500 445 2534 ῶσπερ
464 2499 536 2529 τινὲς
562 2497 664 2532 ἔφασαν
687 2497 733 2523 τὸν
749 2495 948 2531 θεμιστοκλέα,

161 2548 262 2584 χρῆσαι
284 2547 318 2582 τῇ
337 2547 370 2581 σῇ
385 2545 469 2580 ψυχῇ,
492 2545 526 2580 τῇ
552 2544 585 2578 σῇ
608 2543 759 2578 φρονήσει·
777 2543 950 2578 ἁπόκρουσον

161 2595 223 2625 τοὺς
236 2594 332 2620 ἄλλοσε
348 2601 386 2626 πη
402 2593 517 2624 ἄγοντας
541 2590 558 2625 ἢ
584 2590 771 2624 παράγοντας,
787 2589 867 2623 εἴπερ
886 2589 952 2622 άλη-

161 2641 196 2676 θῆ
211 2641 245 2667 τὰ
258 2639 403 2674 λεγόμενα,
418 2638 466 2664 καὶ
478 2637 645 2663 κατέλθωσιν
657 2637 685 2662 αἱ
705 2635 837 2667 Ἀῦιῶνος
849 2635 888 2666 εις
901 2635 952 2667 τὴν

163 2686 369 2714 Κωνσταντίνου
380 2685 514 2720 τριήρεις,
529 2685 577 2711 καὶ
591 2683 629 2718 μὴ
643 2683 739 2715 ἐξώσοι
753 2683 837 2713 αὑτὰς
848 2683 863 2709 ὁ
874 2682 950 2713 826;-

163 2734 178 2768 ἢ
196 2731 359 2769 μεταῦαλὼν
376 2731 425 2762 τὰς
442 2729 554 2756 ὲκείνων
569 2730 680 2764 γνώμας
696 2729 857 2764 θαυμασίως
869 2730 901 2764 τῇ
918 2729 951 2763 σῇ

163 2781 246 2815 ἀρετῇ
264 2779 413 2814 καμφθεὶς,
427 2778 474 2804 καὶ
494 2777 606 2809 ταύταις
637 2777 781 2807 κάκείναις
797 2777 855 2806 ταῖς
873 2775 953 2811 τρ.ή‹

167 2826 307 2860 ρεσιν-εἰς
329 2824 445 2851 Ἰταλίαν
476 2823 634 2859 προπέμψω
666 2832 706 2850 σε.
730 2822 800 2857 Ἐγὼ
830 2823 879 2857 μὲν
907 2820 952 2846 οὖν

168 2872 275 2907 Enna}:
293 2873 323 2899 οὐ
334 2872 373 2906 τῷ
383 2871 473 2905 λέγειν
485 2870 638 2905 θαρρήσας,
652 2867 711 2896 οἶδα
727 2870 780 2904 γὰρ
795 2869 831 2900 ὡς
849 2867 878 2893 οὐ
890 2866 952 2902 μέτα

1000 2264 1147 2291 clesiarutu
1158 2264 1252 2290 divino
1273 2263 1390 2298 itnpulsu
1409 2269 1463 2291 tota
1475 2263 1580 2298 Europa
1597 2263 1688 2293 tradit.
1703 2269 1791 2291 tecum

1000 2311 1107 2338 voluta.
1122 2309 1181 2343 Quo
1197 2309 1309 2343 quidem
1326 2317 1375 2337 ceu
1392 2310 1470 2344 signo
1483 2318 1537 2336 non
1553 2310 1640 2336 tnulto
1653 2314 1714 2343 post
1732 2311 1792 2342 tibi,

1002 2357 1056 2384 Deo
1073 2357 1195 2388 volente,
1215 2355 1342 2383 tradendi
1366 2351 1550 2390 complurium
1574 2355 1696 2390 gentium
1715 2357 1792 2390 priu-

1001 2404 1106 2439 cipatus
1121 2403 1258 2438 quiSpiam
1277 2407 1380 2430 utatur.
1398 2402 1432 2430 Et
1448 2410 1510 2430 cum
1526 2403 1601 2430 hisce
1617 2401 1794 2436 cogitationi-

1002 2451 1064 2482 bus,
1080 2450 1181 2485 quibus
1200 2455 1226 2477 te
1246 2454 1362 2477 ventura
1388 2454 1417 2477 ut
1435 2451 1580 2485 praesentia
1607 2456 1676 2485 puto
1693 2451 1795 2478 intueri

1003 2497 1044 2531 (ut
1067 2496 1100 2523 de
1123 2496 1309 2524 Themistocle
1336 2497 1486 2530 narratur),
1505 2505 1601 2524 exsere
1618 2498 1741 2524 animum
1765 2502 1794 2525 et

1006 2541 1182 2577 prudentiam
1195 2548 1267 2569 luam
1285 2550 1292 2569 ι
1311 2541 1365 2568 alio
1379 2546 1405 2569 te
1422 2541 1555 2570 ducentes
1569 2549 1616 2569 aut
1627 2544 1794 2572 seducentes

1002 2589 1114 2623 repelle,
1141 2587 1276 2622 siquidem
1303 2595 1366 2614 vera
1391 2593 1456 2615 sunt
1477 2596 1538 2622 qua:
1559 2588 1702 2622 diximus;
1723 2594 1751 2617 et
1772 2591 1795 2617 si

1003 2635 1128 2662 triremes
1150 2634 1352 2661 Avenioncnses
1367 2634 1633 2668 Constantinopolim
1657 2636 1796 2662 tenuerint

1004 2686 1032 2708 ct
1055 2689 1109 2707 non
1135 2679 1272 2715 expulerit
1290 2688 1335 2706 eas
1363 2681 1444 2710 Deus.
1477 2684 1524 2706 aut
1548 2688 1645 2706 eorum
1663 2689 1676 2706 a
1695 2682 1797 2715 quibus

1006 2727 1153 2754 mittuntur
1169 2729 1287 2756 mentes,
1304 2723 1503 2750 admirabiliter
1521 2729 1623 2750 vurtute
1642 2730 1686 2751 tua
1710 2725 1798 2753 llexus

1006 2773 1163 2805 mutaverit,
1177 2777 1205 2799 ct
1221 2771 1262 2797 his
1276 2776 1303 2798 et
1319 2771 1373 2798 iiiis
1389 2771 1416 2797 iu
1432 2771 1536 2798 Italiam
1553 2776 1578 2798 te
1593 2771 1723 2799 deducat.
1741 2772 1796 2807 Ego

1006 2819 1088 2853 igitur
1103 2817 1211 2852 scripsi,
1229 2825 1282 2844 nou
1309 2817 1381 2852 quod
1407 2817 1572 2851 eloquentia:
1590 2826 1657 2844 mea:
1674 2817 1795 2845 conlidi-.-

1007 2873 1064 2893 rcm
1085 2866 1154 2900 (sunt
1174 2865 1247 2892 cuitu
1266 2863 1394 2891 conscius
1417 2864 1482 2890 mihi
1501 2864 1670 2898 paupertatis
1689 2865 1798 2892 Cra-ra-
