1916 3057
166 125 219 156 919

754 123 1008 154 CONSTANTIN]
1030 124 1076 153 LA
1083 124 1214 154 SCARIS

1751 122 1807 153 92')

200 184 246 211 25.
275 183 402 219 Epirytlcs
422 189 450 211 ct
471 184 655 219 Hippocrates,
676 184 773 210 fratres
796 180 884 216 Pteni,
908 183 954 211 seu
970 185 993 214 Α
1010 184 1095 212 Tisia!
1111 185 1168 212 sive
1184 183 1285 211 Clusius
1301 183 1353 210 iuit
1368 189 1400 209 ex
1415 181 1576 209 concivihtts
1589 187 1703 216 pauper,
1718 181 1765 215 qui
1781 181 1806 207 si

166 229 309 264 Syracusis
325 230 448 261 oriundi,
466 230 552 257 armis
571 237 603 256 ac
615 229 716 259 litteris
730 230 796 256 clari
818 233 847 256 et
862 229 956 263 copia-

166 282 226 301 rum
242 275 373 302 ductores
389 283 396 300 ε
410 275 506 302 fraude
529 270 619 302 tamen
646 275 754 302 Siculos
782 282 798 301 a
823 274 956 302 Romanis

165 320 199 348 ad
215 321 314 348 Poenos
330 321 464 357 inclinare
480 322 662 350 conabantur.

202 366 247 393 ‘25.
258 366 426 394 Archimedes
445 366 643 402 Syracusanus,
654 367 833 402 philosophus
849 374 882 394 ac
893 374 956 401 geo-

166 417 253 440 metra
288 412 476 444 acutissimus,
495 414 617 448 artisque
651 413 818 440 mechanica:
848 419 956 445 auctor,

166 458 298 493 pleraque
313 459 341 485 in
364 458 514 486 Geoutetrt'a
543 459 653 494 scripsit
668 464 695 486 et
722 461 904 486 Commrntum
929 460 956 486 in

168 505 322 532 Homerum.
347 505 432 540 Hujus
449 513 531 540 opera
545 506 673 540 exposuit
690 506 823 532 lfudociur
847 506 957 534 Ascalo-

168 551 236 582 nita,
250 552 336 578 vitam
351 559 417 579 vero
437 553 551 587 scripsit
568 553 680 580 Proclus
695 553 805 588 Lycius.

203 598 249 624 25.
277 598 397 630 Aclitcus,
411 599 469 626 sive
485 599 598 626 Achiva:
623 599 734 631 Latine,
756 599 955 635 Syracusanus,

168 649 248 678 poeta
267 645 390 671 comicus
414 645 563 671 Comoedias
582 647 672 671 decem
688 646 852 680 composuit.

203 690 248 716 26.
278 691 458 725 Athenagoras
488 691 688 725 Syracusanus,
715 692 757 718 vir
777 691 905 726 politicus
930 698 958 721 et

167 742 263 763 orator
273 737 465 768 suavissimus,
479 743 640 772 atnatorque
655 739 761 772 patrias.

202 781 248 808 27.
265 782 409 809 Antiochus
420 783 610 818 Syracusanus
625 785 783 819 ltistoricus,
800 788 847 821 qui
863 787 958 814 Roma-

169 835 217 854 nas
235 828 347 863 scripsit
361 833 389 855 et
402 827 508 855 Siculas
525 828 670 863 Historias,
685 838 768 866 quem
780 833 846 860 citat
858 833 958 860 Pausa-

170 881 239 900 nias.

203 918 248 945 28.
263 918 330 946 Bion
346 919 537 954 Syracusanus
551 925 654 954 orator,
669 922 715 957 qui
739 927 825 950 artem
847 923 958 950 rhetori-

168 972 228 990 cam
240 969 268 991 et
282 965 358 999 plura
373 967 539 1000 composuit.

201 1009 247 1037 29.
269 1010 426 1038 Dinolochus
441 1007 642 1048 Syracusanus,
654 1020 732 1048 pocla
748 1015 881 1047 comicus,
891 1015 958 1048 Ἐρί-

167 1057 271 1083 charmi
285 1057 439 1092 discipulus
449 1077 456 1090 ,
473 1059 674 1094 qttatuordccim
688 1060 837 1088 Comoedias
862 1061 958 1089 Dorice

168 1102 290 1135 scripsit.
933 1132 936 1133 ,

203 1149 248 1178 50.
272 1149 447 1185 Epicharmus
464 1157 543 1186 poeta
562 1152 685 1180 comicus
698 1153 899 1188 Syracusanus,
915 1153 958 1180 vel

169 1203 202 1226 ex
216 1195 313 1224 Castro
331 1197 432 1232 oppido
448 1197 585 1230 Sicanico,
602 1197 894 1234 Pythagoreo-auditor,
912 1207 958 1226 co-

170 1247 298 1273 moediam
308 1244 414 1279 primus
429 1245 544 1278 invenit,
557 1246 678 1280 itemque
694 1249 750 1272 tres
764 1245 869 1272 litteras
882 1245 957 1273 Gne-

170 1299 216 1319 cas
228 1291 362 1326 duplices.
379 1291 478 1318 Multas
490 1296 622 1325 pra-terea
638 1290 788 1318 Comozttius
800 1291 897 1319 edidit.
912 1291 960 1319 llic

169 1339 204 1366 ab
226 1338 343 1365 llicrone
359 1338 490 1365 multatus
511 1342 563 1370 est,
581 1337 654 1372 quod
669 1337 788 1365 lascivos
803 1345 899 1365 versus
912 1346 957 1366 co~

169 1391 227 1411 ram
245 1383 336 1419 regina
355 1383 509 1411 recitasset.

204 1431 249 1458 51.
273 1430 400 1457 Eudoxus
419 1430 538 1462 Siculus,
564 1429 723 1465 Agatlioclis
748 1430 854 1464 tyranni
876 1430 957 1461 ﬁlius,

170 1483 250 1512 pocla
274 1479 407 1510 comicus,
432 1477 533 1504 multas
559 1477 715 1511 composuit
739 1476 900 1509 Comwdius,
927 1484 959 1503 ex

168 1525 271 1559 quibus
287 1524 372 1551 octies
386 1526 499 1558 adeptus
512 1528 553 1550 est
564 1523 718 1550 victoriam.

172 1602 174 1607 ν
204 1570 248 1597 52.
267 1569 476 1603 Tltetuistogenes
494 1569 692 1604 Syracusanus,
707 1569 855 1597 historicus
873 1579 879 1597 :
896 1570 958 1605 Cyri

170 1618 236 1651 regis
250 1625 396 1648 ascettsum,
413 1621 437 1643 et
453 1616 484 1642 de
505 1616 595 1650 patria
609 1624 668 1647 sua,
687 1616 771 1644 ntulta
784 1618 958 1652 conscripsit.

205 1665 249 1691 53.
273 1656 423 1689 Theodorus
444 1663 632 1697 Syracusanus
657 1667 760 1696 orator,
786 1663 834 1697 qui
862 1669 960 1697 praeter

170 1710 234 1742 alia,
249 1710 334 1736 multa
347 1709 379 1734 de
393 1716 421 1734 re
433 1708 547 1734 militari
562 1709 728 1742 composuit.

205 1756 251 1783 5i.
274 1755 425 1781 Theocritus
463 1753 663 1788 Syracusanus,
688 1760 766 1789 poeta
790 1755 959 1790 prmstantis-

170 1801 268 1832 simus,
282 1799 469 1826 Bucolicorum
484 1805 582 1827 auctor
598 1801 722 1828 illostris.
740 1800 835 1828 Plures
851 1803 961 1837 scripsit

172 1847 286 1881 Et-logus
300 1847 408 1874 diverso
428 1845 571 1879 idiomate,
587 1854 705 1882 quorum
724 1848 758 1875 59
770 1853 887 1876 exstant.
905 1849 960 1876 Bu-

171 1897 289 1924 colicum
316 1904 413 1932 genus,
438 1900 469 1923 ut
500 1896 610 1931 quidam
641 1897 728 1930 aiunt,
753 1898 896 1925 inventum
920 1905 961 1926 cst

170 1944 243 1978 apud
271 1943 504 1984 Lacedmmonips,
531 1947 561 1970 ut
587 1943 644 1977 alii,
675 1943 747 1978 apud
777 1944 959 1980 Tyndaridam

169 1989 272 2017 Sicilia:
288 1990 395 2021 urbem,
408 1997 465 2025 quo
479 1993 602 2024 tempore
618 1989 728 2017 Orestes
741 1998 803 2018 cttm
821 1991 960 2026 lphigcnia

172 2036 262 2063 Diame
278 2036 455 2063 simulacrum
472 2043 506 2063 ex
518 2035 617 2063 Tauris
630 2037 791 2071 reportavit.
805 2037 869 2069 Alii,
887 2038 959 2072 quod

172 2083 266 2109 verius
279 2087 332 2114 est,
347 2082 491 2116 Syracusis
506 2082 647 2109 inventum
665 2088 802 2110 asserunt.
819 2083 884 2110 Nam
898 2092 960 2111 cum

171 2129 337 2164 Syracusani
364 2133 425 2163 post
450 2129 551 2156 multas
583 2128 734 2156 seditiones
757 2136 789 2156 ac
813 2129 906 2157 clades
927 2130 960 2157 ad

170 2176 346 2202 concordiam
379 2175 470 2202 Ditnze
493 2183 577 2210 opera
615 2175 770 2206 rediissem,
793 2175 884 2203 Dorici
910 2184 959 2211 pa-

1010 236 1096 258 artetu
1108 230 1298 261 addidicisset,
1309 220 1447 263 dupﬁcem
1456 227 1621 262 promiserat
1630 226 1783 253 mercedem
1796 234 1804 252 :

1010 277 1124 304 edoctus
1141 283 1207 303 vero
1224 275 1387 310 promissam
1405 274 1524 309 negavit.
1543 273 1583 301 Ad
1603 273 1737 308 judicium
1754 281 1805 299 vo-

1011 327 1089 349 catus
1112 321 1202 348 Tisias
1216 321 1349 348 Coracem
1367 319 1548 354 interrogavit
1572 327 1579 344 ε
1598 318 1734 351 Quidnam
1761 324 1806 344 est

1011 376 1056 396 ars
1066 367 1206 395 oratoria?
1221 367 1264 394 cui
1276 366 1365 394 Cora!
1381 365 1534 401 respondit,
1548 363 1732 391 Persuadendi
1746 371 1803 390 ars.

1011 416 1101 443 Tisias
1121 421 1212 442 autem
1239 415 1272 442 ab
1289 414 1357 440 artis
1373 413 1424 440 hac
1440 411 1605 439 difﬁnitione
1631 412 1666 437 ita
1685 411 1776 445 arguit
1797 420 1803 436 :

1012 462 1041 489 Si
1063 468 1224 497 persuascro
1253 460 1313 492 tibi,
1339 459 1439 491 Corax,
1466 463 1594 493 tanquam
1620 456 1803 492 persuadens,

1013 516 1066 535 non
1080 504 1196 539 solvam,
1211 515 1273 534 nam
1284 507 1336 533 vici
1356 515 1362 532 :
1378 506 1401 533 si
1418 508 1548 532 vero'non
1561 511 1732 539 persnascro,
1747 511 1803 529 non

1012 555 1127 586 solvant,
1148 563 1211 582 nant
1236 562 1291 581 non
1317 552 1486 588 persuadens
1513 560 1566 578 noti
1591 551 1674 577 didici
1702 555 1802 576 artem.

1013 602 1101 629 Corax
1131 609 1198 628 vero
1214 609 1229 627 e
1245 599 1384 628 contrario
1402 609 1408 626 :
1423 599 1479 626 lino
1509 599 1530 625 si
1561 604 1725 633 persuascro
1741 596 1802 625 tibi.

1012 647 1097 680 Tisia,
1115 647 1279 682 promissum
1297 647 1405 680 capiam
1421 651 1450 672 ut
1469 645 1557 671 victor
1576 652 1583 671 :
1599 643 1621 670 si
1637 647 1729 670 autem
1747 650 1803 668 non

1012 701 1185 729 persuasero,
1212 693 1294 720 etiam
1320 691 1477 719 mercedem
1502 691 1604 719 solves.
1629 696 1692 716 eum
1721 688 1804 715 talem

1013 741 1124 768 fecerim
1141 745 1177 773 te,
1196 745 1226 766 ut
1241 738 1409 774 persuadere
1425 746 1480 765 non
1497 736 1647 772 potuerim.
1662 735 1740 762 Tunc
1761 735 1805 768 ju-

1012 787 1088 814 dices
1100 787 1245 821 utriusque
1256 785 1389 821 argutiam
1405 784 1494 811 mirati
1507 784 1625 811 clamare
1637 785 1784 815 coeperunt
1796 790 1802 807 :

1013 834 1074 861 Mali
1094 834 1168 860 corvi
1189 833 1289 860 malum
1305 839 1398 862 ovum,
1422 831 1447 858 id
1464 836 1518 863 est,
1533 829 1609 864 gravi
1633 832 1805 863 praeceptore

975 876 996 903 Β
1011 880 1122 915 gravior
1138 879 1303 914 discipulus,
1328 877 1401 912 quod
1420 877 1520 904 deinde
1539 877 1695 911 prolapsntn
1712 879 1754 901 est
1776 874 1803 900 itt

1010 927 1195 961 proverbium,
1223 925 1331 960 quoties
1355 932 1370 950 e
1397 925 1467 950 malo
1500 923 1600 950 malum
1626 921 1728 957 prodit.
1755 920 1805 946 llic

1012 972 1110 1005 Corax,
1131 977 1200 999 teste
1218 971 1373 1002 Aristotele,
1399 970 1556 997 Oratorium
1581 968 1685 1003 primus
1714 971 1800 994 artam

1010 1019 1100 1046 edidit.

1045 1065 1090 1092 37.
1106 1065 1206 1092 Ctesias
1217 1064 1274 1092 sive
1286 1065 1368 1092 Tisias
1377 1063 1568 1099 Syracusanus
1581 1062 1683 1089 dudum
1699 1069 1804 1088 memo-

1011 1116 1098 1144 ratus,
1109 1111 1217 1138 Coraci:
1230 1111 1352 1146 pra-dicti
1366 1109 1517 1144 discipulus
1529 1113 1557 1136 et
1572 1109 1666 1135 rhetor
1683 1113 1805 1136 astutus.

1013 1158 1069 1185 Hos
1080 1157 1230 1186 A.Gcllius
1247 1157 1423 1192 Protagoran:
1447 1161 1474 1183 et
1503 1155 1649 1183 Evathlum
1672 1154 1802 1188 appellat.

1046 1205 1091 1231 58.
1114 1204 1205 1240 Lysias
1223 1204 1268 1231 ille
1282 1204 1460 1230 suavissimus
1474 1207 1577 1232 orator,
1589 1201 1701 1235 Cephali
1716 1200 1799 1232 ﬁlius,

1012 1252 1088 1278 Tisia
1105 1251 1254 1286 discipulus
1269 1255 1297 1277 et
1314 1249 1431 1285 Gorgitv,
1459 1249 1657 1283 Syracusanus,
1683 1255 1754 1273 unus
1769 1255 1802 1274 cx

1011 1297 1104 1323 decem
1132 1296 1240 1330 magnis.
1263 1296 1420 1323 oratoribus
1448 1294 1569 1326 Graeciae,
1597 1294 1690 1327 plures
1717 1293 1803 1320 edidit

1014 1341 1157 1377 Epistolas,
1167 1344 1185 1368 Α
1191 1346 1256 1368 rtem
1265 1342 1422 1374 oratoriaut,
1431 1340 1570 1368 Orationes
1581 1340 1607 1366 ul
1622 1348 1652 1366 ru
1662 1345 1802 1371 trecentas,

1010 1396 1044 1416 ex
1058 1389 1159 1424 Quibus
1169 1396 1262 1423 pauca:
1277 1393 1396 1416 exstant.

1047 1434 1092 1462 59.
1110 1433 1276 1460 Menecrates
1299 1433 1500 1468 Syracusanus,
1522 1433 1645 1460 medicus
1657 1432 1804 1459 celeberri-

1012 1489 1082 1515 mus,
1101 1481 1252 1509 hominesa
1270 1481 1402 1507 comitiali
1417 1481 1513 1507 morbo
1532 1480 1677 1506 liberabat.
1696 1479 1745 1506 llic
1759 1479 1803 1506 Jo-

1011 1535 1073 1555 vem
1096 1535 1125 1555 sc
1141 1528 1244 1558 vorari,
1265 1534 1313 1554 eos
1332 1530 1423 1553 autem
1442 1525 1494 1552 sibi
1516 1525 1653 1556 subditos,
1674 1533 1744 1559 quos
1759 1533 1801 1552 sa-

1012 1573 1106 1604 nabat,
1122 1573 1217 1601 voluit.

1049 1620 1094 1647 40.
1106 1619 1231 1647 Simmias
1242 1619 1433 1655 Syracusanus
1442 1619 1623 1655 philosophus
1633 1618 1683 1645 I'uit
1693 1627 1723 1645 ar
1735 1618 1803 1645 Stil-

1014 1667 1089 1701 ponis
1104 1666 1224 1698 auditor,
1247 1667 1326 1701 cujus
1348 1667 1431 1694 liliant
1455 1674 1551 1701 parum
1570 1666 1696 1700 pudicam
1713 1665 1802 1691 duxit.

1050 1713 1094 1740 41.
1115 1712 1249 1740 Mouimus
1265 1712 1465 1748 Syracusanus,
1492 1711 1671 1747 philosophus
1686 1711 1804 1747 Cynicus

1014 1764 1043 1786 et
1056 1759 1185 1794 Diogenis
1200 1759 1294 1795 Cynici
1308 1759 1378 1787 illius
1393 1769 1400 1786 :
1417 1760 1458 1786 vir
1469 1766 1534 1786 sane
1544 1758 1766 1792 elegantissimus
1777 1763 1803 1785 et

1015 1805 1233 1840 copiosissimus.
1251 1805 1336 1832 multa
1352 1805 1462 1840 scripsit
1478 1805 1504 1832 in
1522 1804 1703 1839 Pllllotioplllﬂ,
1717 1803 1804 1830 fantu-

1016 1852 1058 1878 lus
1077 1857 1170 1879 autem
1187 1852 1277 1879 fuerat
1289 1851 1431 1887 cujusdam
1448 1850 1576 1878 mensarii
1588 1850 1735 1878 Corinthii.
1756 1850 1804 1877 llic

1015 1903 1172 1933 contempta
1185 1898 1282 1934 gloria,
1295 1899 1438 1925 veritatem
1454 1905 1564 1932 semper
1575 1897 1701 1932 appetiit.

1051 1945 1096 1973 £2.
1116 1945 1235 1972 Moschus
1256 1944 1455 1980 Syracusanus,
1473 1943 1667 1979 grammaticus
1682 1948 1710 1970 ct
1726 1947 1802 1976 poeta

1016 1991 1077 2024 init,
1091 1991 1138 2025 qui
1153 1991 1236 2018 multa
1251 1990 1371 2025 scripsit,
1386 1997 1467 2024 quem
1482 1989 1581 2024 opinor
1591 1994 1617 2016 et
1632 1988 1803 2016 MOSC/thIIcttt

1017 2037 1193 2072 appellatum.

1051 2084 1096 2110 45.
1110 2083 1268 2119 Sosiplmues
1285 2081 1488 2118 Syracusanus,
1510 2086 1590 2116 poeta
1606 2080 1729 2108 comicus
1748 2081 1803 2108 sive

1017 2130 1147 2164 tragicus,
1173 2129 1347 2165 synchrouus
1382 2127 1531 2162 Euripidis,
1561 2135 1633 2155 unus
1668 2135 1683 2155 e
1708 2133 1804 2161 septum

1017 2177 1126 2212 tragicis
1144 2180 1267 2210 tempore
1283 2174 1401 2210 Philippi
1416 2179 1444 2202 et
1456 2174 1616 2202 Alexandri.
1633 2174 1727 2201 Mimos
1743 2175 1804 2201 viri-

170 2226 260 2248 storcs
277 2221 328 2248 hoc
337 2221 467 2248 carminis
479 2229 581 2256 genere
596 2221 744 2256 psallentes
761 2222 873 2249 Dianam
888 2223 962 2250 cclc-
978 2227 1002 2256 ι)
1015 2222 1051 2249 les
1077 2230 1108 2249 ac
1125 2222 1274 2252 muliebres.
1300 2221 1443 2256 tragoedias
1461 2220 1496 2247 ’75
1520 2222 1636 2255 scripsit,
1660 2221 1687 2247 iu
1712 2221 1803 2255 quibus

173 2267 298 2294 brarunt.

207 2314 250 2341 55.
279 2313 381 2341 Callias
412 2311 612 2349 Syracusanus,
640 2315 797 2348 historicus,
826 2315 960 2342 Historias

172 2361 264 2395 plures
285 2360 404 2395 scripsit,
422 2366 449 2387 et
466 2362 492 2387 in
511 2361 554 2389 his
580 2362 732 2397 ΑθτίιΙιυτΙὶε
751 2362 834 2390 Siculi
853 2363 960 2398 tyranni

171 2412 255 2441 gesta.

206 2453 252 2480 56.
271 2452 370 2484 Corax,
388 2453 446 2479 sive
461 2452 561 2479 Corvus
582 2452 687 2484 Latine,
706 2453 905 2489 Syracusanus,
919 2454 960 2481 in-

172 2504 270 2527 vcntor
288 2504 316 2526 ct
337 2500 482 2526 ordinalor
499 2499 566 2526 artis
582 2499 726 2526 rhetorica:
743 2501 801 2526 sive
825 2500 960 2527 oratorite.

171 2546 238 2574 Nam
255 2554 316 2573 cum
337 2545 502 2581 Syracusani
520 2553 535 2572 τι
554 2545 698 2581 tyrannide
719 2545 800 2572 liberi
815 2554 847 2573 ac
868 2547 958 2581 pacati
994 2569 997 2572 .

172 2595 243 2620 inter
265 2600 294 2620 se
314 2592 509 2626 rempublicam
539 2592 722 2624 ordinassent,
750 2592 853 2627 primus
875 2593 961 2621 Corax

171 2640 275 2675 incepit
289 2647 318 2666 sc
334 2647 462 2666 exercere
484 2644 512 2667 et
535 2640 560 2666 vi
577 2639 711 2666 orationis
735 2641 899 2674 persuadere
930 2648 962 2667 ac

170 2686 345 2718 dissuadere,
371 2694 539 2720 monereque
559 2694 653 2713 omnes
679 2686 711 2712 ad
735 2686 804 2713 bene
827 2693 851 2714 ct
875 2687 962 2714 lihcrc

172 2733 330 2765 vivendum,
347 2738 374 2760 et
387 2733 423 2760 ob
439 2733 465 2760 id
491 2733 626 2760 universis
650 2733 822 2767 gratissimus
844 2733 959 2760 exstitit.

173 2780 198 2806 Is
210 2779 363 2819 orationem
394 2780 421 2807 in
452 2780 504 2807 tria
524 2779 627 2810 divisit,
642 2780 749 2806 scilicet
765 2779 791 2806 in
806 2779 961 2811 exordium,

173 2826 361 2852 narrationem
373 2831 399 2852 ct
417 2826 554 2860 epilogum
568 2834 574 2858 ;
590 2830 755 2860 rogatosque
766 2833 780 2852 a
791 2825 959 2856 concivibus.

173 2877 260 2896 artem
271 2869 378 2904 pulluc
388 2870 462 2904 Ιιτεὶι,
475 2876 499 2898 ct
512 2871 750 2904 inultoscrudivit,
764 2879 880 2906 quorum
892 2879 962 2898 unus

1014 2268 1117 2303 septies
1139 2268 1256 2302 palmam
1272 2267 1386 2302 adeptus
1410 2272 1465 2294 est.
1487 2266 1554 2293 ltetu
1569 2267 1622 2293 alia
1647 2271 1701 2293 tam
1717 2274 1803 2294 metro

1013 2322 1094 2350 quam
1117 2322 1208 2349 prosa.
1237 2312 1376 2340 Platonem
1402 2313 1485 2348 lmjus
1512 2318 1637 2348 poemata
1655 2313 1802 2348 legentem,

1014 2370 1141 2390 somnum
1158 2362 1264 2396 cepisse
1279 2362 1367 2388 aiunt.

1049 2409 1094 2436 44.
1115 2407 1254 2435 Philemon
1277 2408 1477 2444 Syracusanus,
1493 2411 1573 2442 poeta
1593 2407 1717 2434 comicus
1738 2412 1804 2434 tem-

1014 2462 1078 2489 pore
1104 2453 1264 2485 Alexandri,
1282 2460 1370 2480 annos
1386 2453 1454 2480 vixit
1479 2453 1524 2485 90,
1538 2458 1566 2480 et
1582 2452 1694 2479 totidem
1719 2452 1803 2479 edidit

1013 2501 1168 2534 Comwdius,
1188 2501 1312 2535 obiitquc
1328 2508 1361 2527 ex
1376 2499 1533 2527 vehementi
1548 2499 1615 2528 risu.

1050 2547 1096 2575 45.
1114 2546 1241 2574 Philistus
1256 2546 1445 2581 Syracusanus
1470 2544 1511 2572 vel
1531 2545 1701 2579 Naucratita,
1721 2546 1803 2574 histo-

1015 2594 1101 2626 ricus,
1117 2593 1194 2628 plura
1212 2592 1320 2628 scripsit
1336 2591 1368 2619 de
1384 2590 1486 2618 Sicilia.
1505 2591 1568 2619 Fuit
1580 2591 1668 2619 allinis
1686 2592 1801 2628 Dionysii

1014 2638 1132 2674 tyranni,
1159 2642 1187 2665 et
1213 2637 1282 2664 obiit
1306 2637 1332 2663 in
1365 2636 1436 2664 bello
1459 2644 1553 2665 contra
1576 2636 1803 2673 Carthagincnses

1014 2690 1101 2720 gesto.
1633 2719 1637 2724 _

1049 2731 1093 2758 46.
1114 2731 1242 2758 Philistus
1253 2731 1323 2758 alius
1337 2731 1538 2766 Syracusanus,
1552 2732 1711 2765 historicus,
1728 2733 1803 2768 plura

1014 2779 1124 2813 scripsit
1133 2779 1169 2804 De
1177 2778 1252 2804 rebus
1267 2777 1445 2813 .Egyptiacis,
1457 2778 1530 2806 libris
1539 2778 1605 2811 XII;
1618 2779 1656 2806 De
1667 2780 1802 2810 Sicuniris,

1015 2825 1087 2851 libris
1104 2824 1151 2851 XI.
1178 2825 1243 2852 Item
1263 2825 1300 2851 De
1317 2824 1431 2857 Bacrlto,
1456 2825 1494 2851 De
1521 2825 1652 2860 theologia
1667 2825 1804 2861 {Egyptia-

1016 2881 1072 2899 rttm
1093 2871 1164 2898 libris
1190 2871 1231 2903 Vl,
1259 2871 1296 2898 Dc
1323 2871 1399 2907 Syria
1417 2876 1441 2897 rt
1462 2871 1552 2906 Libya.
1581 2871 1629 2900 llic
1647 2880 1661 2899 ει
1678 2873 1804 2909 Dionysio
