1916 3057
109 149 160 182 ΩΞῙ

648 153 696 183 DE
717 154 802 184 SCRI
809 126 998 184 PTORIBUS
1020 128 1109 186 SIC.U
1115 156 1185 187 LlS.

1685 157 1739 189 922

109 206 218 232 seniore
234 207 260 233 iu
274 207 402 235 exsilium
420 213 510 243 actus,
531 209 566 236 ibi
581 210 679 237 bonam
696 210 820 237 Historiae
839 217 897 244 par-
915 212 937 239 Α
953 210 1080 236 manibus
1096 211 1216 242 laurum,
1232 210 1346 244 gloriam
1368 211 1412 238 dei
1439 213 1598 246 quaeritatis.
1622 212 1739 240 Athenis

111 257 164 278 tem
177 252 305 281 absolvit.

145 298 190 324 47.
212 299 340 326 Phormns
363 300 558 335 Syracusanus,
579 307 658 336 poeta
679 302 811 335 comicus,
836 302 898 338 Epi-

109 343 212 370 charmi
230 345 332 376 socius.
351 348 484 375 comoedia:
504 348 641 381 inventor,
664 356 725 375 cum
753 356 786 376 eo
804 354 899 383 gratus

108 389 205 416 Geloni
224 397 350 426 tyranno,
368 398 396 420 et
411 393 530 420 filiorum
546 395 606 430 ejus
623 400 786 430 praeceptor.
802 395 900 422 Plures

109 433 256 462 (Totum/ias
271 438 389 472 scripsit.
407 440 515 467 Primus
530 446 604 468 veste
620 441 698 468 talari
717 449 783 468 usus
797 445 849 473 est,
871 445 899 468 et

110 486 192 506 scena
210 489 241 507 ex
258 483 376 516 pellibus
395 484 496 512 rubris.

144 525 191 553 48.
214 527 353 556 Philemon
385 529 584 565 Syracusanus,
615 533 672 559 sive
709 533 898 565 Atheniensis,

109 577 189 604 poeta
205 574 338 606 comicus,
357 576 442 603 multa
459 577 555 610 edidit,
577 586 662 605 unum
687 587 769 614 supra
786 584 897 607 centum

109 623 196 643 annos
211 618 287 650 vixit,
300 627 362 646 cum
375 621 502 649 sensibus
514 630 624 657 semper
636 623 741 651 solidis.
755 624 898 652 Postremo

111 661 307 691 subdurmicns
333 665 403 693 vidit
419 674 518 695 novem
535 669 642 703 puellas
664 669 748 697 domo
772 679 822 698 sua
852 679 899 698 ex-

109 713 218 740 euntes,
227 717 294 743 quas
305 719 366 739 cum
382 713 577 749 interrogatis-ct
590 723 640 742 cur
651 716 776 743 orirent?
787 724 898 751 respon-

109 753 218 787 derunt,
237 755 295 782 Non
317 757 380 785 licet
397 760 515 793 amplius
533 761 603 788 Itane
623 764 733 790 domum
748 763 872 791 habitare
890 772 897 790 :

109 805 137 826 et
167 803 376 837 expergefactus
406 808 527 833 narravit
558 807 613 834 ﬁlio
641 808 783 842 visionem,
816 811 896 844 perii-

108 845 237 879 ciensque
252 848 325 882 quod
340 851 533 884 componebat,
547 852 753 881 obdormisaens
771 855 896 890 spiritum

108 891 210 918 emisit.

145 937 191 964 49.
216 937 357 968 Philemon
376 941 458 977 hujus
474 943 555 976 lilius,
571 946 693 973 comicus
709 946 802 974 itidem
819 953 898 983 poeta

109 991 223 1018 quatuor
237 988 360 1014 exaravit
371 987 530 1017 Comwdias.

145 1031 189 1058 5t).
212 1032 323 1060 Nicetas
339 1034 521 1070 philosophus
544 1036 742 1073 Syracusanus,
761 1040 899 1068 dixitom-

110 1078 155 1103 nia
174 1079 231 1105 tieri
257 1079 398 1108 harmonia
416 1087 443 1109 et
459 1084 634 1117 necessitate,
660 1090 816 1122 terramque
839 1096 897 1115 mo-

110 1125 166 1151 veri
181 1125 258 1159 juxta
272 1126 389 1159 pritttutn
408 1128 553 1161 circulum,
569 1136 597 1157 ιιι
610 1130 649 1157 ait
665 1131 805 1160 Laertius.

147 1170 191 1196 5|.
212 1170 331 1205 Orpheus
358 1172 574 1208 Camarincnsis,
590 1177 696 1211 epicus,
712 1179 758 1213 qui
778 1180 899 1207 carmine

109 1217 266 1250 composuit
281 1217 433 1246 descensum
446 1220 481 1246 ml
494 1221 605 1255 inferos,
624 1228 651 1250 et
665 1223 716 1250 alia
731 1226 827 1252 ntulta.

145 1262 189 1289 52.
211 1262 365 1298 Timagoras
389 1264 524 1298 Gelensis,
556 1267 736 1303 philosophus
761 1278 792 1297 ac
816 1271 896 1298 Theo-

109 1308 211 1341 phrasti
234 1308 398 1344 diseipulus,
423 1316 451 1337 et
474 1312 537 1339 inde
563 1312 689 1349 Stilpouis
706 1317 834 1350 superius
851 1325 900 1344 no—

110 1355 216 1382 minati.

146 1400 191 1427 55.
215 1399 338 1428 Euclides
366 1401 503 1436 Gelcnsis,
535 1405 716 1441 philosophus
742 1407 900 1436 Platonicus

109 1455 141 1475 ac
157 1454 297 1483 geometra
317 1451 570 1484 prmstantissimus,
586 1451 658 1479 alius
671 1452 768 1480 fuitab
787 1454 834 1481 illo
847 1454 900 1482 Me-

108 1495 229 1528 garensi.
246 1495 280 1522 de
293 1503 348 1529 quo
363 1495 498 1529 Laertius,
519 1501 547 1523 et
565 1497 612 1531 qui
637 1497 759 1533 dialogos
776 1500 898 1534 scripsit,

110 1544 140 1566 ut
161 1541 199 1566 ait
229 1541 343 1569 Proclus
367 1542 393 1569 in
423 1542 544 1570 secundo
575 1551 702 1571 sermone
724 1545 752 1572 in
780 1546 897 1580 printum

111 1586 243 1613 Euclidis.
265 1587 353 1622 thue
369 1589 465 1615 scribit
484 1589 587 1621 lleron,
606 1590 674 1617 vixit
689 1595 812 1626 tetnpore
834 1593 897 1620 Pto-

109 1632 195 1658 letnmi
215 1633 307 1667 primi,
322 1634 416 1668 junior
431 1634 554 1667 Platone,
569 1636 616 1663 sed
633 1638 768 1664 vetustior
796 1638 898 1667 Erato-

110 1679 208 1706 sthene
225 1684 252 1705 ct
269 1680 449 1715 Archimede,
464 1681 572 1718 fuitque
588 1682 700 1716 Gelons,
714 1688 743 1711 ut
760 1692 793 1712 ex
808 1686 899 1713 verbis

109 1725 211 1753 Lat‘l‘lll
239 1726 386 1760 colligitur.
415 1728 497 1755 Multa
525 1730 559 1756 ab
580 1730 693 1766 Eudoxo
716 1736 743 1758 et
759 1731 900 1760 Theaeteto

110 1777 217 1806 sumpta
243 1772 367 1806 perierit,
394 1774 561 1808 scripsitque
588 1776 789 1804 Elementorum
819 1778 899 1806 libros

109 1817 194 1849 XIII;
219 1825 280 1844 nam
298 1818 342 1844 alii
369 1818 424 1845 duo
440 1820 526 1846 additi
544 1820 657 1848 fni-runt
676 1822 713 1848 ab
734 1822 857 1857 llypsicle
875 1829 900 1851 et

109 1864 228 1890 Aristero
258 1864 296 1897 (l)
324 1863 388 1891 item
425 1863 565 1896 Musicam,
595 1865 699 1900 Optica.
736 1866 899 1902 Catoptrica,

111 1910 298 1942 Plia’nomenu,
311 1909 470 1943 Parismala,
484 1910 642 1944 Dedomtma,
653 1920 712 1946 qua:
722 1913 813 1946 potius
821 1913 900 1940 T/tco-

111 1957 153 1982 nis
182 1962 256 1982 sunt.
286 1956 343 1987 llic,
370 1961 399 1983 ttt
421 1958 460 1983 ait
486 1957 607 1990 Proeliis,
634 1966 647 1983 a
667 1958 813 1986 Ptolemaeo
837 1967 900 1994 rege

111 2004 308 2036 interrogatus,
335 2008 443 2029 essetne
462 2003 515 2030 ulla
533 2002 566 2029 ad
582 2003 760 2037 gt-mnetriatu
777 2005 818 2031 via
837 2013 902 2032 cott-

111 2050 195 2075 cisior
213 2056 294 2082 quam
316 2048 501 2081 elcmentaris,
529 2049 670 2082 respondit
688 2058 694 2076 ί
713 2057 765 2076 non
791 2059 849 2078 esse
867 2051 899 2078 ad

110 2095 285 2129 geometriam
314 2095 510 2129 capessendam
539 2095 646 2130 regiam
675 2096 744 2123 viant
770 2097 901 2125 callctuve

111 2140 207 2166 ultuut.

147 2187 191 2213 fit.
213 2187 368 2213 Aristotcles
386 2187 497 2215 Siculus
511 2194 603 2215 oratur
631 2190 708 2221 plura
735 2191 899 2226 composuit.

951 255 1060 290 publice
1075 256 1151 290 legit,
1168 257 1279 291 scripsit
1294 257 1415 284 carmine
1433 256 1471 283 De
1486 257 1653 284 naturalibus
1670 264 1694 285 et
1707 259 1739 285 de

949 301 1177 334 puriﬁcationibus
1191 303 1277 330 libros
1296 303 1375 336 duos,
1402 304 1571 332 carminibus
1593 305 1740 339 quinquies

951 347 1034 374 ntille.
1052 347 1119 375 Item
1141 348 1179 374 De
1193 349 1334 381 medicina,
1355 354 1443 377 metro
1458 355 1485 378 et
1501 358 1592 386 prosa.
1610 351 1740 379 Nonnulli

952 397 1017 419 tunc
1044 393 1164 424 primum
1196 399 1337 422 oratorem
1366 394 1450 423 fuisse
1477 397 1580 423 aiunt:
1605 396 1652 423 sed
1680 397 1740 431 ejus

950 438 1034 465 vitam
1066 438 1192 467 Laertius
1222 440 1276 468 inte
1307 441 1414 468 scribit.
1443 442 1530 470 Periit
1563 443 1589 470 iu
1614 443 1741 471 incendio

951 483 1058 511 Emam
1075 494 1081 511 :
1099 492 1161 511 nam
1181 493 1233 513 una
1258 494 1291 513 ex
1312 487 1372 522 ejus
1394 487 1515 522 crepidis
1539 488 1632 520 mucis.
1656 497 1739 524 quam

951 529 1057 557 ﬂamma
1081 531 1229 562 eructavit,
1251 531 1325 559 circa
1349 532 1450 560 montis
1467 538 1602 560 craterem
1629 539 1738 569 reperta

949 579 1001 603 est.

987 622 1032 650 57.
1054 622 1226 657 Empedocles
1245 624 1315 651 alter
1329 625 1533 660 Agrigentinus,
1548 625 1627 660 primi
1644 633 1740 661 nepos,

952 671 1032 700 poeta
1059 668 1190 702 tragicus,
1214 670 1326 704 scripsit
1344 669 1495 705 Tragmdias
1521 675 1636 705 quatuor
1658 679 1742 705 supra

950 714 1052 748 viginti.

988 759 1032 787 58.
1055 759 1185 788 Carcinus
1209 761 1414 797 Agrigentinus,
1444 767 1522 796 poeta
1541 763 1659 798 tragicus
1675 763 1742 790 Tra-

951 805 1049 839 gazdias
1066 806 1099 833 16
1117 807 1271 841 composuit

988 852 1032 879 59.
1057 852 1179 879 Metellus
1195 853 1402 888 Agrigentinus,
1426 853 1469 880 vir
1485 855 1583 882 doctus
1601 860 1630 882 et
1654 856 1740 884 musi-

917 896 937 923 Β
952 905 1000 925 cus
1016 899 1142 931 eximius,
1158 899 1289 926 musicam
1304 898 1444 941 Plutonem
1457 900 1561 928 docuit.

987 943 1032 970 60.
1053 943 1136 971 Polus
1165 945 1371 980 Agrigentinus,
1400 951 1494 973 orator
1518 951 1546 975 et
1569 955 1682 983 magnus
1696 956 1741 976 so-

953 989 1053 1024 phista,
1073 989 1177 1024 Gorgia:
1203 990 1333 1017 Leontini
1358 991 1522 1026 diScipulus.
1548 991 1699 1019 Grecorum
1715 998 1740 1020 et

951 1036 1134 1068 barbarorum,
1150 1037 1194 1070 qui
1208 1036 1235 1062 in
1252 1035 1360 1071 Trojam
1378 1037 1484 1071 {iterant
1499 1040 1620 1072 profecti,
1637 1038 1740 1067 Getiea-

950 1081 1048 1116 logiam
1061 1083 1200 1116 exposuit.

986 1126 1030 1153 61.
1055 1127 1223 1156 Telemachus
1240 1129 1483 1164 Agrigentinorum
1496 1131 1625 1166 princeps
1641 1132 1741 1160 litteris

952 1172 1061 1200 dedittts
1087 1182 1094 1201 ι
1123 1178 1147 1200 ει
1171 1174 1357 1210 Calcyopenris
1383 1183 1396 1202 a
1420 1184 1476 1211 qtto
1501 1177 1658 1204 Eumenides
1698 1179 1741 1205 in-

951 1224 1083 1252 strttctus,
1112 1221 1190 1255 cujus
1212 1221 1282 1248 illius
1305 1221 1494 1250 Guesridamus
1510 1231 1587 1258 pater
1615 1223 1740 1251 Theronis

953 1265 1060 1300 tyranni
1083 1266 1324 1301 Agrigentinorum
1341 1273 1369 1295 et
1383 1267 1539 1296 Xenocrati!
1556 1277 1564 1296 :
1580 1270 1627 1305 qui
1643 1279 1740 1298 omnes

951 1312 1078 1339 studiosi.

985 1357 1029 1384 οἳ.
1041 1357 1166 1385 Phalaris
1183 1358 1381 1394 Astypalensis,
1409 1361 1494 1396 patria
1510 1367 1632 1396 privatus
1646 1363 1738 1399 suspi-

950 1405 1029 1431 cione
1046 1405 1208 1440 tyrannidis,
1231 1407 1258 1432 in
1274 1405 1396 1437 Siciliam
1414 1408 1500 1441 venit,
1516 1416 1547 1436 ac
1560 1416 1646 1436 suasu
1668 1411 1738 1437 ami-

950 1456 1046 1476 corum
1070 1449 1187 1477 etlectus
1209 1455 1251 1477 est
1268 1451 1509 1486 Agrigentinoruin
1533 1459 1673 1490 tyrannus.
1694 1458 1740 1485 Vir

949 1502 1015 1522 sane
1037 1497 1171 1523 maximus
1186 1497 1305 1532 ingenio,
1329 1499 1481 1531 studiosus,
1504 1509 1535 1527 ac
1554 1509 1618 1536 erga
1638 1504 1740 1537 probos

950 1546 977 1568 et.
1001 1541 1139 1570 litteratos
1163 1543 1386 1572 liberalissimus.
1413 1546 1499 1581 llujus
1526 1548 1608 1575 vitam
1631 1549 1739 1585 Jupiter

951 1587 1058 1615 duobus
1074 1590 1153 1616 anuis
1170 1591 1353 1626 prolongavit,
1371 1597 1400 1619 ut
1417 1593 1455 1620 ait
1476 1593 1642 1629 Stephanus,
1664 1599 1736 1632 quod

952 1635 1109 1662 humaniter
1135 1641 1281 1664 tractasset
1306 1637 1480 1666 Cltarilonem
1504 1645 1528 1667 et
1546 1641 1737 1683 Meualippum.

952 1680 1002 1707 llic
1015 1681 1041 1707 in
1052 1686 1129 1707 tauro
1138 1690 1214 1709 teneo
1231 1683 1361 1710 Perillum
1380 1687 1507 1713 tormenti
1526 1687 1585 1720 ejus
1598 1680 1738 1718 auctorem

951 1727 1070 1760 primum
1091 1729 1168 1755 exuri
1197 1730 1288 1763 jussit,
1312 1731 1392 1765 cujus
1419 1731 1547 1766 Epistula:
1572 1741 1636 1762 sunt
1652 1737 1740 1765 notis-

951 1774 1037 1800 Silllﬂ‘.

986 1821 1030 1848 65.
1056 1820 1205 1848 Demetrius
1246 1822 1356 1850 Siculus
1396 1824 1563 1859 Calactiuus,
1591 1827 1740 1860 historicus

953 1867 1206 1901 prmstantissintus,
1230 1868 1358 1897 205111-05
1380 1870 1412 1896 de
1431 1872 1495 1898 Asia
1510 1877 1534 1898 et
1546 1872 1655 1909 Europa
1676 1884 1741 1905 eon-

952 1911 1070 1944 scripsit.

988 1956 1031 1982 Gi.
1054 1957 1174 1984 Cn'cilius
1189 1959 1234 1992 qui
1251 1964 1279 1988 et
1292 1961 1475 1998 Archagathus
1491 1968 1650 2004 vocabatur,
1664 1971 1742 1999 Sicu-

954 2000 996 2028 lus
1012 2009 1043 2027 ex
1060 2002 1167 2030 Calucta
1186 2005 1298 2039 oppido,
1320 2007 1431 2036 Grtecus
1451 2013 1562 2040 natione
1587 2023 1618 2042 ac
1636 2017 1738 2052 lingua,

952 2045 1063 2074 Jnilwus
1076 2052 1164 2075 tamen
1181 2050 1251 2084 lege,
1266 2057 1358 2079 orator
1372 2057 1625 2088 pra-stantissimus.
1646 2045 1741 2090 Romae

955 2096 1078 2126 tempore
1090 2093 1204 2128 Augusti
1219 2097 1335 2125 Caesaris
1349 2100 1458 2133 publice
1474 2103 1549 2138 legit.
1571 2105 1651 2133 Multa
1667 2117 1741 2136 cotu-

954 2140 1054 2172 posuit,
1067 2140 1165 2168 Contra
1181 2142 1300 2178 Phrygas
1314 2145 1393 2173 libros
1406 2148 1481 2180 duos,
1499 2150 1656 2186 Elegantia:
1672 2156 1741 2182 Atti—

953 2194 998 2212 cas
1013 2187 1163 2214 secundum
1177 2189 1324 2224 elementa,
1352 2201 1413 2226 qua:
1436 2195 1527 2224 adhuc
1543 2199 1614 2232 apud
1628 2200 1740 2229 Suidant

109 2239 136 2259 et
146 2232 299 2260 Orationem
312 2239 405 2261 contra
426 2235 615 2269 panegyricum
636 2235 761 2263 Isocratis
776 2238 900 2264 oratoria.
915 2238 940 2267 D
953 2233 1096 2268 leguntur:
1106 2235 1146 2261 De
1158 2239 1356 2271 comparatione
1371 2240 1547 2271 Demosthenis
1558 2251 1583 2272 ιιι
1592 2246 1742 2282 ιΕδιΙιίιιίε;

146 2277 189 2304 55,
211 2279 297 2304 Acron
318 2279 524 2313 Agrigentinus,
545 2280 647 2307 nobilis
672 2281 850 2316 philosophus
867 2290 899 2310 ac

111 2324 244 2355 medicus,
262 2323 425 2359 Hippocrate
449 2325 599 2360 antiquior,
615 2327 738 2355 Xenonis
752 2328 834 2355 illius.
850 2328 898 2356 ilic

110 2370 223 2397 Athenis
243 2371 348 2404 publice
374 2371 475 2406 legerat
491 2380 543 2398 una
561 2380 622 2400 cum
639 2374 794 2409 Empedocle
810 2375 897 2409 philo-

110 2417 208 2451 sopho,
222 2417 362 2451 multaque
380 2417 476 2446 Dorice
492 2419 603 2454 scripsit
621 2421 656 2447 lie
670 2421 810 2448 metlicina.
829 2421 897 2449 lluie

111 2462 233 2488 tribuvre
253 2463 424 2496 cpitapltitttn
443 2464 509 2491 illud
528 2466 601 2500 qttod
623 2466 706 2494 refert
729 2467 854 2495 Laertius
871 2468 896 2495 in

111 2509 168 2536 Vita
185 2509 356 2544 Empedoclis
373 2518 380 2536 :

110 2575 237 2617 Arronem
252 2585 383 2617 summum
405 2581 533 2606 nicrlicunt
546 2588 577 2607 ea:
589 2581 740 2616 Acraaante
751 2584 896 2617 pro/cctam

148 2611 252 2639 Ver-licia
267 2613 362 2640 excelsi
376 2615 445 2641 celsa
460 2616 582 2649 sepulcro
601 2611 700 2644 tenent.

125 2689 186 2719 _5ti.
209 2689 380 2725 Empedocles
401 2693 595 2728 Agrigentinus
622 2696 721 2723 nobilis
753 2705 785 2724 ac
809 2697 896 2730 dives,

108 2735 291 2769 philosophas
315 2737 523 2773 Pythagoricus,
542 2748 670 2768 coronant
686 2750 797 2770 auream
810 2744 838 2771 in
852 2752 897 2771 ca-

110 2780 166 2814 pite
186 2781 301 2814 fcrt'batt,
318 2789 345 2809 ct
360 2783 387 2809 in
414 2785 530 2817 pedibus
555 2793 629 2814 teneo
654 2788 796 2823 sutelaria,
822 2795 849 2818 ct
870 2791 896 2818 itt

143 2860 179 2895 (1)
202 2859 281 2895 Lege,
297 2861 419 2888 Aristao.

954 2279 1018 2306 item
1035 2281 1216 2309 Demosthenis
1233 2289 1256 2310 et
1271 2283 1425 2319 Ciceronis;
1442 2290 1505 2316 item
1519 2291 1556 2317 De
1568 2294 1636 2328 siglo
1654 2299 1740 2322 decem

953 2331 1089 2354 oratorum
1107 2328 1225 2359 Gratim.

988 2373 1032 2400 65.
1056 2373 1151 2402 Thales
1183 2377 1293 2406 Siculus
1318 2378 1483 2415 Calactinus,
1509 2391 1614 2418 orator,
1640 2396 1742 2416 succes-

951 2420 1037 2447 siones
1053 2422 1266 2457 philosophorum
1283 2434 1315 2452 ac
1329 2432 1462 2455 sectarum
1478 2429 1633 2466 descripsit.

988 2467 1031 2494 66.
1056 2467 1184 2503 Thwynis
1201 2471 1309 2499 hieulus
1327 2473 1502 2508 illegarensis.
1520 2486 1598 2511 poeta
1614 2482 1745 2508 moralis‘

952 2513 1038 2540 simus
1062 2520 1089 2542 ct
1108 2517 1314 2550 adtuouitivus,
1341 2521 1434 2554 plures
1457 2522 1553 2557 cleyias
1572 2528 1740 2560 composuit.

953 2566 1069 2592 quorum
1086 2566 1194 2588 exstant
1219 2565 1357 2592 nonnulla:
1372 2574 1398 2593 et
1413 2567 1621 2597 admonitorium
1636 2580 1740 2604 poema.

988 2604 1033 2633 67.
1053 2605 1153 2635 Probus
1168 2607 1209 2634 vir
1222 2609 1398 2639 doctissimus
1413 2621 1444 2639 ex
1462 2613 1589 2648 Lilybaeo,
1613 2618 1644 2644 ad
1662 2626 1743 2651 qnctu

952 2651 1099 2679 videndum
1118 2659 1146 2681 et
1158 2655 1325 2683 audiendum
1341 2665 1453 2686 venerat
1468 2659 1633 2696 Porphyrius
1650 2664 1706 2691 illc.

987 2697 1031 2724 68.
1054 2698 1223 2728 Stesichorus
1249 2701 1434 2736 liimerettsis,
1463 2712 1541 2740 poeta
1563 2708 1665 2742 lyricus
1691 2715 1743 2738 'ex-

952 2744 1167 2774 celicntissituus
1184 2756 1217 2776 ac
1231 2749 1423 2786 philosophus,
1443 2757 1566 2788 tempore
1580 2755 1744 2785 Phalaridis.

953 2791 1001 2819 llic
1017 2793 1099 2820 Tisias
1114 2797 1276 2831 vocabatur,
1289 2803 1316 2825 et
1328 2801 1458 2834 quoniam
1473 2801 1600 2830 choreatu
1615 2804 1744 2840 instituit,
