1916 3057
185 142 237 173 923

769 114 1023 173 CON.STANTIN[
1044 143 1225 173 LASCARlS

1761 145 1814 175 921

185 197 361 224 Stesichorus
390 197 540 231 appellatus
559 201 612 231 cst,
629 197 708 232 quasi
736 203 823 224 stator
853 197 971 224 chorca-.
990 201 1010 229 Α
1026 198 1118 232 potius
1134 198 1255 225 Milesius
1272 198 1332 229 fuit,
1351 198 1529 232 philosophus
1544 205 1576 225 ac
1591 203 1668 232 poeta
1689 199 1814 226 lllOl'aliS-

182 243 296 269 Fratres
311 243 407 269 habuit
422 242 555 269 Marinum
568 249 732 278 geometram
746 249 772 270 et
785 243 970 269 llalianactcnt

185 289 402 323 Iagurnlatorem,
424 290 549 324 iil.asquc
563 289 749 316 doctissimas.
777 289 856 316 Plura
876 290 972 316 Dorice

184 335 305 368 Scripsit.
336 343 452 369 quorum
482 333 548 361 nihil
573 340 672 362 exstat.
699 335 771 362 Idem
792 343 854 362 cum
879 340 971 362 contra

186 381 314 408 llrlenam
335 381 498 415 scripsisset,
516 380 604 407 visum
618 381 720 407 amisit.
740 381 884 408 Palinodia
898 389 972 408 com-

186 429 273 461 posita
292 429 473 460 recuperavit.
493 428 541 454 llic
557 427 630 454 (ilius
643 428 695 454 fuit
709 428 859 462 Euphemii,
875 432 905 454 ut
925 428 971 454 alii

187 473 340 507 [Jupi'iorbiﬁ
352 479 382 500 ut
397 474 441 500 alii
459 473 586 505 Euclidis,
601 474 685 501 utalii
697 474 798 508 [lg/alis,
812 478 841 500 ut
855 473 900 500 alii
919 473 973 499 Hc-

183 520 261 546 siodi.
276 520 404 547 Nonnulli
419 519 556 546 Metauriw
568 525 657 546 ortnnt
674 525 828 546 memorant
843 520 870 547 in
884 519 970 550 Italia.

184 566 307 592 uouuulli
324 567 350 592 in
364 567 465 600 oppido
491 566 621 592 l’alautho
648 566 782 598 Arcadiae,
807 569 888 599 atque
908 566 972 593 inde

185 611 330 646 profugum
342 611 471 638 Calatiam
481 613 600 640 vertisse.
611 612 704 646 ibique
713 611 873 638 defunctum
887 619 894 637 :
908 616 972 638 ante

184 659 305 685 civitatis
325 664 431 693 portam
444 666 505 692 qum
526 659 560 685 ab
579 659 665 693 ipsius
678 659 787 685 nomine
804 658 971 686 Stesichoria

184 704 255 730 dicta
265 708 317 735 est,
331 705 392 739 ejus
401 705 557 739 sepulcrum
570 710 632 732 octo
645 705 787 732 columnas
803 704 972 738 totidemque

186 750 287 783 gradus
302 755 329 776 et
346 750 460 783 angulos
486 750 615 781 habebat,
638 750 672 776 de
692 757 746 783 quo
771 749 861 776 adhuc
882 753 972 775 exstat

184 795 380 823 testudinatum
391 801 610 828 monumentum,
622 803 704 830 quam
716 795 747 822 D.
762 795 851 822 Maria:
863 794 972 822 Bethle-

182 843 299 870 etltilicu‘.
313 843 398 869 a-dem
420 847 530 869 vocant.

218 889 262 916 69.
284 889 438 923 Pltocylidas
469 889 579 916 Siculus
605 895 638 916 cx
665 889 765 924 oppido
797 889 885 923 lliylis.
917 889 967 916 nisi

1024 245 1109 270 simus
1135 249 1163 270 et
1192 243 1388 274 admonitivns,
1418 245 1590 279 synchrnnus
1631 244 1811 278 Thooguidie,

1024 299 1086 316 nam
1103 295 1216 324 uterque
1231 290 1333 316 claruit
1349 295 1409 323 post
1435 290 1535 317 bellum
1556 290 1706 324 Trojanum
1730 289 1813 317 annis

1024 336 1087 363 517.
1113 335 1163 362 llic
1190 335 1273 362 multa
1292 337 1411 362 carmina
1434 340 1458 361 ιιι
1475 336 1559 369 elegos
1578 335 1698 369 scripsit.
1719 334 1814 362 Exstat

1023 383 1081 415 ejus
1106 383 1312 409 adntouitorium
1343 390 1435 417 poema
1465 383 1577 410 heroico
1607 387 1695 409 metro
1723 382 1813 408 utilis—

1023 428 1132 454 simum.

1061 474 1104 501 70.
1121 473 1232 509 Pythias
1245 478 1273 500 et
1288 473 1392 500 Damon
1408 473 1502 503 Siculi.
1516 472 1704 508 Pythagorica;
1717 478 1809 502 sectae.

1024 519 1141 547 maxima
1171 519 1286 546 invicem
1328 520 1445 547 amicitia
1488 520 1638 555 conjuncti.
1688 520 1810 552 Quorum

1025 566 1141 593 alterum
1169 573 1232 592 cum
1261 566 1406 601 Dionysius
1434 566 1623 601 Syracusanus
1650 567 1809 593 interiuu-re

1023 612 1201 645 decrevisset,
1214 611 1294 646 eique
1307 616 1415 646 tempus
1425 611 1645 642 deterutinasset.
1658 617 1686 638 ut
1696 613 1808 638 dounun

1024 657 1164 692 profectus
1188 666 1232 685 res
1255 665 1319 685 suas
1337 658 1489 690 ordinaret,
1514 658 1583 685 alter
1603 658 1699 685 vadem
1716 665 1746 684 se
1769 662 1810 692 t_v-

1024 712 1109 731 ranno
1131 713 1182 739 pro
1198 704 1279 731 amici
1305 698 1394 731 reditu
1421 705 1530 736 obtulit.
1557 709 1651 731 certus
1676 704 1710 731 de
1727 704 1809 740 a_miti

1022 752 1186 777 constantia.
1207 751 1262 778 Nec
1283 758 1346 777 enm
1365 751 1458 784 opinio
1485 750 1598 784 fefellit;
1624 758 1685 777 nam
1711 751 1756 777 ille
1775 749 1808 776 ad

1023 795 1117 823 horam
1133 797 1309 824 constitutam
1333 798 1532 830 superveniens
1546 797 1644 824 vadem
1671 797 1808 823 liberarii.

1023 843 1144 875 Quorum
1162 842 1306 878 Dionysius
1318 842 1397 869 ﬁdem
1411 843 1572 874 admiratus.
1590 851 1665 869 reum
1681 842 1808 873 absolvit.

1024 895 1125 922 eosque
1136 887 1234 920 oravit,
1247 892 1275 914 ut
1285 895 1315 915 sc
1327 889 1437 915 tertium
1451 889 1476 915 in
1489 889 1633 916 sodalitate
1644 889 1810 922 reciperent.

217 987 1768 999 mw

422 1105 1066 1184 CONSTANTINI
1122 1106 1580 1219 LASCARIS

896 1245 1077 1273 BYZANTtNl

490 1331 579 1386 DE
627 1330 1142 1389 SCRIPTORIBUS
1181 1308 1484 1394 anmals.

833 1443 958 1472 PATPtlA
977 1443 1158 1471 CALABRIS.

631 1514 736 1545 (Fabric.
751 1513 902 1539 Bibliotheca
919 1516 1010 1541 Crura.
1024 1513 1063 1538 ed.
1081 1514 1103 1543 l,
1118 1516 1166 1537 tom
1187 1513 1247 1543 XIV,
1262 1522 1284 1546 p.
1302 1514 1352 1545 22.)

221 1682 416 1709 ConStantinus
433 1682 558 1710 Lascaris
575 1682 716 1709 Atpttoxso
731 1682 880 1717 Aragouio,
895 1670 972 1709 Cala-
988 1685 1008 1714 Β
1028 1684 1197 1718 ΡΙιενεεῃάιιηι
1230 1683 1421 1718 philosophum
1448 1683 1563 1716 audivit,
1597 1691 1652 1718 quo
1683 1683 1813 1712 defuncto

187 1728 253 1755 brizn
264 1729 339 1761 duci,
356 1728 481 1755 salutem.

223 1775 249 1801 L
265 1774 333 1801 Cum
346 1775 391 1800 ditt
408 1779 497 1802 mente
511 1775 688 1808 revolverem,
702 1775 889 1802 illustris‘ime
899 1775 974 1809 prin-

187 1827 261 1852 ceps,
279 1825 411 1854 quantum
432 1825 476 1847 tua
496 1827 520 1848 te
539 1822 746 1855 opulentissima
761 1820 886 1848 Calabria
900 1822 974 1848 delc-

188 1870 254 1898 ctct,
267 1871 323 1893 tum
345 1872 457 1900 propter
474 1865 596 1894 diversas
618 1868 644 1894 in
660 1875 689 1893 ca
712 1867 850 1900 civitates,
864 1867 974 1902 oppida,

187 1912 286 1942 vicos;
300 1917 355 1938 tum
371 1917 482 1946 propter
507 1912 721 1947 jucundissitnos
746 1918 861 1943 mortles,
882 1913 974 1944 colles,

188 1963 292 1992 stagna,
311 1958 433 1990 iluutina,
448 1965 497 1984 nec
514 1965 566 1985 tton
585 1962 613 1984 et
642 1958 694 1985 alia
719 1962 771 1984 tam
793 1958 976 1986 admiratione

188 2013 269 2039 quam
287 2005 368 2030 laude
384 2004 476 2039 digna,
506 2008 538 2030 ut
560 2004 720 2031 venationes
735 2006 762 2031 cl
782 2004 975 2031 honestissima

189 2050 312 2084 corporis
326 2050 457 2076 exercitia
475 2049 600 2077 omittam
616 2057 623 2076 :
644 2049 751 2076 decrevi
768 2049 888 2076 illustres
904 2050 977 2076 viros

191 2106 222 2122 ur
237 2096 414 2130 philosophos
429 2095 488 2129 ejus
498 2095 645 2128 provinciae
660 2095 779 2122 breviter
795 2095 843 2122 tibi
859 2103 976 2122 comme-

193 2150 311 2169 morare.
331 2141 462 2168 lﬂxistimo
478 2141 550 2167 enim
571 2140 596 2166 id
611 2148 664 2167 non
683 2147 772 2175 parva:
794 2141 842 2167 tibi
856 2141 975 2168 delecta-

192 2188 259 2215 tioni
279 2189 414 2218 luturtuu,
442 2194 501 2212 cum
520 2187 558 2213 sis
574 2186 790 2220 spcculationum
815 2191 842 2213 et
858 2187 976 2221 antiqui-

193 2239 277 2262 tatum
316 2233 547 2260 stmliosissimus.
586 2232 692 2265 Quibus
729 2233 812 2259 rebus
842 2238 974 2267 quantum

190 2279 316 2306 Calabria
332 2279 479 2310 redundet,
496 2279 517 2304 si
533 2278 671 2312 explicare
689 2278 798 2307 vellem.
820 2285 889 2312 opus
904 2282 978 2304 esset

191 2325 294 2360 ingenti
312 2324 462 2351 volumine.
481 2324 565 2350 Video
585 2324 660 2350 euitn
677 2331 725 2358 per
742 2323 872 2350 Calabros
888 2323 977 2358 philo-

190 2371 293 2405 sophos
315 2371 429 2402 italiam,
452 2370 573 2397 Siciliam
588 2377 620 2396 ac
636 2377 740 2404 partem
753 2369 864 2396 Glmciic
878 2374 976 2395 nostra:
991 2362 1011 2388 C

193 2417 343 2444 illustralas
357 2417 453 2443 fuisse.
471 2415 571 2442 Verum
590 2422 641 2450 ego
658 2415 684 2441 iit
702 2415 895 2449 compendium
906 2416 980 2441 virus

191 2463 292 2490 litteris
304 2470 335 2489 ac
348 2463 448 2489 virtute
465 2463 596 2496 insignes,
615 2469 683 2496 quos
698 2461 824 2488 Calabria
839 2461 902 2487 olitn
916 2469 979 2494 pro-

196 2509 269 2540 tulit,
291 2515 449 2542 congeram,
468 2507 604 2541 incipiens
627 2515 639 2532 a
661 2505 841 2539 philosopltiie
865 2509 978 2539 parente

191 2563 224 2583 ac
237 2555 377 2582 uberrimo
391 2553 466 2580 fonte
481 2553 644 2587 Pythagora.

225 2601 252 2628 2.
279 2601 445 2635 Pythagoras
472 2599 563 2633 itaque
588 2603 693 2632 patretn
721 2597 817 2624 habuit
843 2596 979 2624 'l'imcsar-

192 2648 286 2679 chum,
301 2645 442 2673 aurilicem
458 2644 686 2675 ltalitelirzecum,
698 2644 745 2678 qui
761 2643 794 2669 ab
811 2643 906 2669 insulis
916 2643 980 2677 Tyr-

192 2693 287 2720 r..euis
303 2694 382 2726 (quas
398 2691 580 2718 Atheuienses
597 2689 746 2725 Tyrrhenis
763 2688 886 2722 expulsis
904 2688 980 2714 habi—

194 2737 297 2773 tarunt)
316 2739 341 2764 iu
354 2737 472 2764 Samiam
488 2737 604 2763 insulam
617 2735 764 2770 profectus,
779 2741 891 2760 usorcm
903 2733 978 2759 duxit

192 2777 322 2816 Samiam,
341 2791 401 2818 qua:
428 2783 609 2818 Pythagoram
634 2781 756 2808 Samium
782 2784 976 2814 cognomento,

194 2829 309 2863 peperit.
333 2829 381 2855 llic
407 2829 582 2862 Pythagoras,
612 2827 638 2853 in
669 2827 753 2862 δεμ-ο
777 2825 864 2852 insula
890 2824 979 2850 vicina

1025 1729 1165 1764 Egyptios
1182 1737 1213 1756 ac
1238 1730 1400 1765 Babylonios
1422 1730 1513 1764 Magos
1534 1730 1611 1762 adiit,
1630 1730 1702 1757 unde
1726 1730 1813 1764 philo-

1026 1776 1150 1809 sophiam
1167 1783 1198 1802 ac
1219 1776 1286 1802 alias
1310 1776 1440 1803 scientias
1455 1776 1566 1803 Samum
1584 1777 1685 1803 attulit.
1703 1776 1752 1804 Ubi
1764 1776 1812 1803 de-

1026 1822 1130 1849 functis
1147 1822 1321 1856 parentihus,
1336 1822 1482 1857 Polydeuci
1500 1823 1608 1856 fugiens
1625 1823 1810 1858 tyrannidem,

1026 1876 1087 1895 cum
1115 1868 1256 1902 discipulis
1274 1868 1331 1895 l‘crc
1354 1869 1480 1895 ducentis
1506 1869 1652 1896 Crotonem
1673 1876 1705 1895 ac
1728 1869 1812 1896 Meta-

1028 1919 1140 1947 pontum
1163 1913 1297 1940 Calabrim
1317 1914 1443 1941 civitates
1470 1908 1608 1948 prolectus
1630 1915 1752 1942 incol-tit.
1770 1915 1809 1941 “ll

1026 1959 1152 1994 discipuli
1163 1960 1238 1986 abeo
1245 1959 1333 1987 edocti
1344 1961 1495 1988 amicorum
1505 1962 1574 1987 bona
1584 1961 1739 1988 communia
1750 1969 1810 1988 esse

1027 2005 1138 2036 debere,
1148 2005 1321 2033 concordiam
1332 2011 1359 2033 et
1373 2006 1568 2041 rempublicam
1583 2007 1654 2033 inter
1668 2015 1698 2033 se
1717 2015 1814 2040 quatu-

1027 2052 1089 2078 da'u
1102 2052 1310 2081 constituentes.
1326 2053 1510 2079 comnmnitcr
1524 2053 1663 2079 vixerunt.
1677 2053 1812 2088 Pythago-

1029 2107 1072 2126 ras
1095 2099 1195 2126 nmltos
1217 2098 1356 2130 Calabros,
1377 2097 1484 2125 Graecos
1501 2103 1529 2125 et
1550 2098 1618 2125 alios
1636 2098 1705 2125 ultra
1732 2100 1812 2132 quin-

1028 2149 1123 2179 gentos
1162 2144 1280 2171 reddidit
1305 2143 1489 2170 doctissimos.
1518 2143 1604 2178 Leges
1628 2143 1730 2170 Graacis
1761 2145 1808 2178 qui

1030 2191 1134 2217 Italiam
1154 2189 1313 2216 habitabant
1334 2191 1488 2216 constituit.
1515 2190 1582 2216 Dum
1603 2189 1749 2216 Crotonem
1765 2192 1811 2217 ha-

1030 2236 1139 2264 bitaret.
1158 2243 1269 2261 uxorem
1290 2234 1498 2265 duaitTheano,
1511 2235 1633 2262 Brontini
1649 2235 1815 2263 Crotoniata

1030 2281 1121 2311 tiliam,
1141 2289 1200 2314 qua:
1216 2288 1230 2307 a
1246 2280 1306 2306 viro
1322 2281 1469 2313 instructa,
1486 2281 1569 2308 multa
1586 2280 1683 2309 Dorice
1693 2283 1812 2316 scripsit,

1031 2328 1068 2354 De
1081 2329 1133 2354 vita
1147 2328 1195 2354 viri
1211 2328 1251 2354 sui
1266 2332 1294 2354 et
1307 2326 1439 2362 Epistolas
1453 2329 1575 2355 morafes.
1593 2328 1630 2355 Ex
1648 2328 1698 2355 hac
1713 2328 1813 2363 Pytha-

1031 2381 1110 2407 goras
1137 2373 1259 2407 suscepit
1286 2373 1423 2407 Telaugen
1451 2374 1581 2408 gymnasii
1608 2381 1812 2406 successorem,

1032 2425 1113 2452 quem
1140 2418 1217 2444 multi
1245 2423 1271 2444 et
1288 2417 1467 2451 Empedocles
1495 2419 1540 2445 ille
1555 2419 1749 2453 Agrigentinus
1765 2429 1812 2447 au-

1032 2463 1118 2490 diere.
1136 2463 1186 2490 llic
1196 2469 1315 2498 quatuor
1328 2465 1413 2492 libros
1425 2466 1577 2499 composuit
1592 2466 1628 2492 De
1643 2466 1755 2497 tetradc,
1766 2475 1814 2501 pro

1032 2517 1086 2544 quo
1098 2509 1217 2545 [Egyptii
1243 2511 1330 2544 ipsum
1346 2510 1426 2537 deum
1445 2511 1592 2538 habebant.
1613 2512 1694 2539 Filias
1725 2517 1814 2539 autent

1036 2561 1090 2582 tres
1104 2555 1211 2587 habuit,
1230 2556 1298 2582 duas
1313 2557 1406 2591 Aiyaut
1428 2562 1454 2584 et
1466 2557 1611 2592 Erigonum
1626 2558 1738 2592 peritas.
1751 2567 1817 2593 qua-

1036 2611 1094 2628 rum
1108 2603 1354 2636 CXSMH'.E|1iSIUliB
1370 2612 1376 2629 :
1390 2608 1415 2630 et
1428 2604 1535 2630 tertiam
1549 2605 1814 2635 Damoditissimam.

1038 2639 1081 2663 till
1097 2638 1216 2664 moriens
1233 2643 1287 2664 tres
1299 2639 1393 2670 lim-os,
1410 2647 1479 2672 quos
1493 2645 1684 2673 composuerat
1709 2641 1816 2674 legavit,

1036 2685 1196 2718 praecipiens
1213 2689 1240 2710 ut
1256 2685 1317 2711 illos
1330 2693 1470 2719 t-tuuqnam
1483 2692 1558 2712 extra
1573 2686 1646 2713 fores
1657 2686 1756 2713 mdium
1770 2687 1817 2713 da-

1035 2735 1085 2756 ret.
1111 2730 1176 2762 Qtue
1198 2729 1284 2756 libros
1301 2731 1368 2757 tanti
1398 2731 1471 2762 fecit.
1489 2737 1519 2758 ιιι
1539 2739 1572 2758 ne
1589 2732 1679 2766 inopia
1708 2734 1817 2767 quidem

1033 2778 1124 2803 coacta
1146 2784 1194 2803 eos
1215 2777 1383 2812 produxerit.
1417 2785 1478 2804 cum
1503 2785 1601 2812 magno
1619 2779 1736 2805 vendere
1757 2786 1817 2813 pos-

1034 2830 1085 2850 st't.
1104 2824 1165 2851 lltec
1180 2825 1300 2852 moriens
1312 2825 1398 2852 libros
1420 2825 1530 2852 Biseala:
1545 2825 1606 2852 lilia:
1619 2825 1716 2852 cadent
1734 2832 1787 2859 qua
1801 2832 1815 2851 ει
