1916 3057
113 136 164 166 925

620 141 670 170 DE
690 141 969 173 SCRII’TOltlBUS
989 145 1184 175 CALAl‘il‘tlS.

1681 153 1732 183 9‘56

111 197 190 226 patre
205 199 347 227 acceperat
361 195 516 222 cornlitione
529 196 647 230 reliquit.
662 199 716 225 llac
731 207 793 225 vero
806 199 902 225 del‘uu-
917 203 938 229 Α
955 210 1007 228 non
1036 204 1094 230 sine,
1114 205 1218 232 Archia!
1234 226 1239 236 ,
1262 207 1308 240 qui
1336 195 1411 235 taure.
1419 209 1568 245 Syracusas
1587 213 1733 245 condebat.

111 242 155 265 cta
184 239 246 265 libri
266 239 299 265 ad
329 240 480 267 Philolaum
505 241 714 276 Pythagoricum
740 251 900 277 pervertere.

152 285 177 311 3.
195 285 328 312 Zamolxis
345 285 457 321 Scytha.
473 287 632 322 Pythagora:
652 296 759 319 servus.
776 291 899 325 philoso-

115 331 188 364 phus
203 331 337 358 maximus
354 332 414 359 fuit.
430 333 469 360 Ad
481 334 553 360 hunc
566 335 689 368 aliosque
706 335 901 369 Pythagoricos

113 375 248 402 videndos
274 377 439 405 Anacharsis
465 378 564 414 Scytha
589 380 771 415 philosophus
791 382 826 408 ab
847 381 900 416 Hy-

114 422 254 455 perbOrcis
271 423 381 458 Scythis
398 425 424 451 in
438 424 591 452 Calabriam
612 426 687 453 venit
701 431 823 461 tempore
833 427 900 453 Pha-

115 467 222 498 laridis,
234 469 311 502 cnju.
321 469 449 502 Epistula:
464 470 554 497 adhuc
570 475 689 498 exstant.
704 470 780 497 Hunc
793 471 900 498 Zamol-

115 511 161 537 xin
179 516 206 538 et
219 512 333 539 latorem
351 514 440 548 legum
455 515 561 550 Scythae
573 516 614 542 sui
628 516 795 543 habuerunt.

151 557 178 584 4,
190 557 328 585 Philolaus
338 559 505 591 Crotoniata.
517 561 710 596 Pythagoricus
720 562 899 596 philosophus

116 603 222 636 primus
248 604 404 639 Pythagorae
426 612 532 632 secreta
556 606 652 638 edidit,
675 615 688 633 a
709 615 763 641 quo
778 606 900 641 pecuniae

116 649 296 682 cupidissimo
312 651 388 678 Plato
415 651 460 679 ille
484 652 658 680 Atheniensis
680 653 705 679 in
731 653 833 680 Italiam
852 661 894 680 vcv

117 694 195 720 uicus
215 695 246 720 ad
271 695 464 730 Pythagoricos
486 697 625 727 visendos.
648 703 703 724 tres
725 698 811 725 libros
838 699 898 726 illos

116 737 273 772 Pythagorae
298 740 399 766 dudum
423 746 587 767 memoratos
605 741 671 767 emit
697 749 730 768 ιιι.
743 742 823 768 minis
839 743 899 769 Ale-

116 781 267 812 xandrinis.
289 791 358 816 quas
383 784 525 819 Dionysius
554 785 691 811 secundus
717 786 899 820 Syracusauo~

117 834 177 852 rum
195 831 327 861 tyrannus
343 828 434 855 solvit.
451 829 487 856 Ex
496 829 597 863 quibus
613 829 689 855 libris
700 830 777 857 lectis
789 830 898 857 tradunt

116 870 257 899 Platonem
270 874 457 907 composuisse
477 875 666 908 gravissimum
683 875 747 902 illud
770 883 838 910 opus
859 876 897 903 De
914 873 934 900 Β

115 923 211 944 natura
232 920 332 951 mumti,
356 920 382 946 in
403 928 457 954 quo
484 922 608 948 Tima‘um
635 921 709 948 illum
733 921 895 950 Locrensem

115 963 211 990 Dorice
232 964 386 998 loquentem
403 966 518 992 indttcit.

151 1009 178 1035 ζ’).
196 1008 328 1036 ΑΙειηστοη
349 1009 532 1044 Crotoniates,
561 1012 760 1046 Pythagoricus
775 1013 898 1047 philoso-

115 1055 185 1088 pirus
200 1063 230 1082 ac
249 1056 372 1083 medicus
389 1057 630 1091 praastantissimus
645 1058 706 1090 fuit,
724 1058 771 1093 qui
788 1059 820 1086 de
835 1059 894 1093 phi-

115 1101 236 1134 losophia
264 1109 295 1128 ac
316 1102 449 1129 medicina
477 1104 617 1138 complura
639 1104 758 1138 scripsit,
780 1106 896 1132 animam

115 1147 294 1173 immortalem
309 1147 386 1178 dixit,
400 1155 431 1174 ac
446 1153 577 1182 perpetuo
600 1149 702 1176 moveri
718 1149 804 1176 instar
820 1151 894 1178 solis.

150 1190 166 1216 6
195 1190 276 1216 :llilou
297 1191 464 1223 Crotoniata.
484 1192 680 1227 Pythagoricus
690 1195 895 1228 celeberrimus,

114 1243 127 1261 a
144 1235 223 1267 cujus
241 1235 324 1262 domo
349 1237 459 1263 incensa
478 1238 542 1264 dum
556 1239 625 1272 fugit
642 1238 819 1274 Pythagoras,
835 1249 895 1267 cum

114 1280 237 1314 pluribus
253 1281 393 1316 discipulis
407 1290 420 1308 a
439 1284 657 1316 persecutoribus
676 1290 834 1320 peremptus
844 1291 893 1314 est.

150 1325 176 1350 7.
193 1325 344 1352 Dcmacides
364 1326 535 1358 Crotoniata,
553 1328 594 1355 vir
609 1331 706 1356 doctus
722 1338 754 1357 ac
774 1331 897 1359 medicus

114 1371 260 1402 excellens,
280 1377 401 1406 tempore
415 1372 487 1400 Darii
506 1373 609 1401 ﬂoruit.

150 1416 176 1443 8.
194 1416 311 1450 Orpheus
337 1418 493 1446 Crotoniata
517 1428 531 1447 a
557 1421 743 1455 Pythagoricis
764 1423 895 1454 eruditus.

115 1462 264 1496 Epicureus
280 1463 317 1496 (l)
333 1464 393 1496 fuit,
407 1463 550 1492 Pisistrato
560 1466 768 1494 Atheniensium
783 1474 897 1504 tyranno

112 1509 236 1540 adhaesit,
266 1510 312 1536 ubi
341 1518 403 1538 cum
427 1511 558 1546 degeret.
581 1513 759 1548 Argonautica
785 1515 895 1543 heroico

112 1557 232 1580 carmine
247 1555 321 1587 lusit,
335 1561 364 1583 et
376 1556 438 1583 alia.

145 1600 172 1626 9.
192 1601 275 1627 Ascon
301 1601 468 1635 Crotoniala,
495 1603 691 1639 Pythagoricus
716 1606 894 1641 philosophus

112 1644 163 1672 fuit
177 1650 204 1672 et
219 1646 302 1673 multa
319 1649 480 1682 composuit.
502 1649 554 1676 Sed
569 1658 629 1677 cum
642 1659 731 1678 sermo
742 1652 773 1678 de
783 1652 895 1680 Crotone

112 1691 496 1724 praecesserit,opportunum
514 1693 601 1720 visum
610 1699 652 1721 est
669 1696 770 1730 aliquid
784 1697 817 1723 de
830 1697 894 1727 civi-

111 1734 174 1760 tatis
187 1735 290 1768 origine
307 1735 409 1763 dicere.
425 1737 536 1768 Croton,
554 1739 688 1767 Strabone
704 1745 783 1772 teste.
799 1742 894 1769 civitas

112 1780 175 1805 olim
185 1779 276 1806 Grzrca
287 1780 348 1811 luit,
362 1789 390 1808 re
407 1781 504 1808 bellica
518 1782 670 1817 litterisque
688 1784 892 1817 ﬂorentissima.

113 1830 199 1852 mater
215 1826 378 1853 athletarum
391 1827 645 1861 celebris,quorum
657 1835 762 1864 septem
779 1831 806 1858 in
823 1832 893 1860 ludis

113 1872 194 1899 unius
210 1873 378 1908 Olympiadis
392 1878 507 1910 cancros
521 1882 616 1902 omnes
627 1881 809 1910 superarunt:
821 1879 893 1905 unde

112 1917 210 1943 riterite
225 1922 253 1944 et
269 1917 320 1944 hoc
331 1922 396 1945 tunc
410 1918 551 1946 ferebatur
568 1919 738 1947 :Pastremua
754 1921 894 1948 Crotonia—

110 1967 197 1989 tarum
220 1963 243 1989 is
257 1963 358 1997 primus
377 1968 435 1996 est;
460 1968 593 1998 vetusque
608 1969 650 1991 est
673 1965 743 1998 apud
767 1973 816 1992 nos
834 1974 894 2000 pro-

102 2008 247 2040 'verbium,
271 2008 338 2040 Quid
359 2008 473 2036 Crotone
496 2009 649 2036 salubrius?
673 2010 759 2045 llujus
775 2011 893 2038 civitatis

109 2052 213 2086 primus
231 2053 356 2080 conditor
372 2054 423 2081 fuit
440 2054 594 2090 Mystellus,
611 2055 731 2082 Achivus
751 2056 891 2083 nobilissi-

108 2106 179 2132 mus,
192 2099 237 2133 qui
249 2099 283 2126 de
296 2099 441 2126 habitanda
452 2100 559 2127 colonia
573 2101 711 2128 consuluit
722 2101 890 2136 Apollinem,

108 2151 162 2178 quo
176 2149 298 2178 tempore
313 2145 430 2172 Archias
445 2145 605 2174 Corinthius
620 2147 654 2174 de
669 2147 821 2175 condendis
841 2148 891 2183 Sy-

928 1213 1029 1241 .niatis
1070 1214 1155 1248 spolia
1193 1215 1371 1242 barbarorum
1408 1216 1492 1242 misit.

953 249 1097 284 adjutorio.
1116 251 1188 277 Idem
1203 251 1345 286 Mystellus
1380 253 1454 280 aliud
1473 263 1584 290 quoque
1600 258 1666 284 satis
1679 266 1736 284 ama

955 294 1064 328 Itiguuni
1091 297 1233 323 oraculum
1248 299 1385 333 accepisse
1405 299 1503 332 fertur.
1529 301 1555 327 id
1575 307 1665 329 autem
1682 305 1734 331 tale

953 340 1027 368 fuit:
1049 341 1095 368 Ubi
1120 343 1150 368 ab
1177 344 1270 370 art/tria
1294 346 1413 378 pluvium
1441 348 1574 378 inuenies.
1602 349 1734 376 civitatem

952 387 1061 419 adi/ica.
1090 387 1142 416 Sed
1166 397 1227 416 cum
1245 390 1352 417 A‘Ithria
1372 391 1557 420 'scrcnitatem
1583 395 1727 428 signiticet,

951 433 1079 460 confusus
1101 434 1145 461 ille
1167 435 1249 462 deutn
1271 444 1323 463 non
1350 438 1648 472 intelligebatzverum
1670 450 1732 468 cum

951 479 1035 505 multa
1049 484 1077 505 et
1091 481 1193 514 Apulia:
1206 485 1233 508 ct
1246 481 1379 510 Calabria:
1396 483 1457 510 loca
1475 491 1656 519 peragrasset.
1673 494 1734 520 per:

951 525 1026 550 venit
1053 526 1162 552 tandem
1187 527 1219 553 ad
1244 527 1331 554 locum
1357 529 1457 563 ipsum,
1477 529 1522 556 ubi
1541 538 1602 557 eum
1622 530 1734 559 [Ethria

951 569 1037 603 ipsius
1058 571 1211 598 concubina
1226 572 1298 607 longi
1318 573 1427 600 itineris
1442 574 1535 601 labore
1554 575 1623 602 fessa
1643 576 1732 610 Iacry-

950 625 1008 644 mas
1032 617 1133 644 aﬁ‘atim
1159 619 1307 652 emisisset,
1332 620 1400 648 adeo
1423 626 1450 647 ut
1468 625 1537 648 terra
1563 623 1730 656 madelierct,

950 663 1083 690 intellexit
1114 663 1254 698 Mystcllus
1280 666 1440 696 oraculum.
1469 667 1562 702 ibique
1592 669 1731 695 civitate-rt

949 710 1083 741 condidit.
1106 711 1230 745 undique
1244 711 1275 738 ad
1293 720 1390 738 novam
1403 713 1536 739 coloniam
1554 715 1650 741 incolis
1666 723 1728 742 con-

948 755 1136 787 currentibus,
1153 757 1246 783 multis
1264 762 1355 784 tamen
1378 762 1442 785 ante
1454 759 1611 794 Pythagora:
1628 760 1727 786 allvcu-

950 804 1006 827 tum
1026 802 1115 828 armis.
1137 802 1198 829 Fuit
1220 803 1302 837 igitur
1326 803 1429 830 Croton
1450 805 1545 831 civitas
1574 806 1686 839 privatis
1703 811 1730 833 et

949 847 1066 880 publicis
1082 849 1166 882 gestis
1177 849 1317 883 praeclara.
1331 850 1397 877 Nam
1414 858 1466 877 una
1483 859 1544 878 cum
1555 851 1655 879 Graecis
1670 853 1730 880 aliis

947 892 1081 921 adversus
1112 895 1218 922 vicinos
1242 895 1374 923 barbaros
1396 896 1554 928 dimicavit.
1584 898 1729 933 pluresque

948 939 1021 965 viros
1038 940 1226 974 magnanimos
1238 941 1375 975 produxit,
1391 942 1416 968 in
1431 943 1531 976 quibus
1546 948 1573 970 et
1588 944 1727 978 [’hayllum

948 985 1023 1012 illtun
1038 986 1178 1016 athletam.
1195 987 1350 1014 saltatorem
1373 989 1634 1016 eXt-cllcntissimtun
1653 999 1658 1015 ε
1681 992 1726 1025 qui

950 1031 1061 1058 trireme
1090 1039 1138 1058 sua
1157 1036 1251 1058 rectus
1274 1031 1299 1058 in
1331 1033 1462 1059 auxilium
1485 1032 1641 1061 Graecorum
1665 1043 1726 1061 euzu

948 1076 1164 1103 Atheniensibus
1175 1082 1202 1104 et
1215 1077 1430 1105 Lacediemoniis
1446 1084 1539 1107 contra
1549 1080 1665 1108 Xerxem
1680 1090 1727 1116 pu-

947 1123 1050 1156 gnavit.
1064 1122 1150 1157 Cujus
1166 1123 1290 1151 beneﬁcii
1303 1129 1363 1159 post
1377 1126 1476 1152 multos
1496 1134 1581 1154 annos
1602 1129 1728 1155 recorda-

950 1172 992 1194 tus
1004 1169 1168 1201 Alcxaudcr,
1183 1170 1216 1196 ab
1230 1170 1292 1197 Asia
1316 1177 1377 1197 cum
1397 1172 1457 1198 aliis
1471 1171 1570 1200 Grteeis
1586 1178 1613 1200 et
1633 1174 1728 1202 Croto-

1528 1217 1579 1244 Scd
1620 1219 1729 1246 omissis

947 1260 1113 1288 Crotonialis
1126 1261 1158 1286 ad
1178 1260 1327 1289 Locrenses
1342 1266 1422 1296 atque
1438 1263 1506 1289 alios
1520 1265 1672 1292 veniamus.

984 1307 1026 1332 10.
1049 1306 1161 1333 Τὶηιιτιιε
1189 1307 1332 1334 Locrensis
1361 1309 1566 1343 Pythagoricus,
1594 1311 1727 1338 maximus

948 1350 1139 1386 philosophus,
1149 1351 1181 1378 ad
1195 1360 1274 1386 quem
1287 1353 1434 1380 videndum
1447 1354 1519 1381 venit
1529 1354 1573 1381 ille
1586 1357 1727 1388 sapientis-

947 1397 1033 1423 simus
1050 1396 1131 1428 Plato.
1146 1397 1191 1431 qui
1207 1405 1269 1424 eum
1286 1398 1310 1424 in
1326 1399 1455 1431 operibus
1474 1399 1509 1426 De
1525 1406 1622 1429 natura
1638 1404 1727 1429 mutuli

947 1442 1108 1474 introduxit.
1126 1444 1151 1470 in
1166 1443 1272 1478 dialogo
1289 1444 1394 1471 scilicet
1411 1445 1516 1472 Timtco.

986 1487 1027 1513 11.
1044 1487 1159 1522 Eurytus
1178 1488 1331 1520 Locrensis,
1356 1490 1412 1517 sive
1429 1490 1604 1523 Tarentinus,
1623 1497 1651 1519 ul
1663 1494 1726 1527 qui-

908 1538 929 1566 c
947 1533 1007 1559 dam
1016 1534 1172 1567 opinantur,
1185 1534 1377 1569 Pythagoricus
1386 1536 1563 1570 philosophus
1574 1537 1634 1571 fuit,
1643 1547 1724 1573 quem

946 1579 1026 1606 etiam
1038 1580 1104 1607 vidit
1120 1581 1204 1608 Plato.

983 1626 1026 1653 l9.
1039 1626 1167 1653 Zaleucus
1177 1628 1333 1658 Locrensis.
1342 1629 1539 1664 Pythagoricus
1548 1630 1725 1665 philosophus

945 1677 972 1698 et
987 1672 1158 1707 legumlator.
1174 1674 1336 1702 concivibus
1348 1675 1406 1702 suis
1421 1675 1507 1710 legem
1524 1676 1608 1707 dedit,
1625 1685 1724 1704 consu-

944 1716 1017 1744 lente
1029 1717 1158 1745 Minerva.

982 1764 1024 1790 i3.
1049 1764 1152 1792 Theano
1172 1765 1316 1793 Locrensis
1332 1767 1440 1799 mulier,
1462 1772 1537 1795 vates
1559 1768 1641 1803 lyrica
1661 1769 1722 1801 fuit,

944 1816 1005 1843 qua:
1027 1810 1120 1845 lyricis
1148 1812 1273 1840 versibus
1283 1813 1317 1839 de
1340 1814 1425 1848 patria
1448 1822 1496 1841 sua
1514 1815 1597 1841 multa
1614 1822 1724 1849 compo-

944 1856 1008 1883 suit.

979 1911 1022 1938 Μ.
1037 1911 1197 1941 Xenocrates
1214 1914 1367 1949 Locrensis,
1388 1919 1467 1950 poeta
1483 1915 1610 1943 heroicus
1622 1924 1653 1944 ac
1664 1925 1722 1944 mu.

943 1957 1017 1982 sicus
1031 1959 1276 1988 excellentissimus
1293 1961 1353 1989 fuit.

979 2001 1022 2028 15.
1044 2002 1229 2038 Euryp/tonius
1245 2006 1391 2034 Lor-rcnsis
1410 2007 1451 2034 \‘ir
1470 2007 1566 2035 doctus
1582 2016 1613 2034 ac
1636 2008 1722 2035 citha-

943 2048 1035 2074 rmdus
1052 2050 1167 2076 eximius
1195 2051 1256 2078 fuit.
1285 2052 1449 2086 Hujus-olim
1473 2059 1562 2081 statua
1587 2054 1719 2081 citharam

944 2095 1039 2119 tenens
1057 2092 1128 2127 apud
1144 2094 1244 2122 Locros
1261 2096 1320 2123 fuit.
1337 2097 1511 2125 Locrensium
1528 2100 1600 2126 enim
1625 2099 1721 2125 cititas

943 2136 1006 2162 olim
1021 2137 1135 2171 insignis
1151 2139 1212 2168 luit.
1229 2141 1275 2174 qui
1287 2141 1375 2168 coloni
1392 2143 1504 2175 profecti
1521 2148 1584 2170 sunt
1598 2152 1612 2170 a
1626 2143 1721 2170 Locris

107 2189 211 2216 mensis
233 2189 377 2216 consilium
401 2191 521 2224 petebat.
545 2191 669 2227 Cumque
693 2193 774 2219 ambo
797 2201 811 2220 η
838 2181 890 2222 (1έο
907 2181 1052 2227 DCretum
1067 2183 1134 2211 lines
1152 2184 1348 2217 habitantibus.
1367 2187 1493 2216 Evandro
1508 2191 1630 2221 ductore,
1641 2190 1720 2224 paulo

107 2236 344 2269 interrogarentur
353 2236 419 2270 quid
435 2236 461 2262 in
474 2236 623 2265 condendis
630 2238 743 2266 urbibus
751 2244 888 2273 optarent.

107 2280 221 2307 Archias
251 2280 382 2314 divitias,
413 2282 598 2309 salubritatem
627 2283 766 2319 Mystellus
798 2285 888 2320 elegit.

107 2325 184 2352 Unde
205 2325 306 2352 lactent
327 2331 370 2353 est
394 2331 425 2353 ut
442 2326 709 2362 Syracustedivitiis,
726 2331 827 2358 Croton
846 2339 888 2358 sa-

105 2370 234 2397 lubritate
246 2371 387 2406 gauderet.
408 2371 548 2407 Mystellus
565 2373 648 2408 igitur
658 2375 703 2402 ubi
721 2377 838 2410 primum
853 2377 888 2404 ad

106 2416 331 2444 considerandum
344 2417 431 2445 locum
451 2419 536 2452 venit,
552 2427 613 2446 eum
635 2421 747 2449 vidisset
761 2421 886 2457 Sybarim

105 2462 273 2492 :editieatam.
301 2464 336 2490 ita
355 2469 416 2498 post
436 2472 450 2491 a
473 2465 556 2492 ﬂuvio
579 2467 793 2500 (lenominatam,
818 2469 888 2496 hanc

105 2507 320 2538 prastantiorem
339 2509 520 2541 existimavit,
541 2518 721 2546 reversusque
736 2511 770 2538 ad
794 2512 885 2544 deum,

105 2550 225 2586 Sybarim
245 2553 361 2585 petebat.
379 2553 515 2581 Turbatus
535 2563 600 2582 vero
623 2557 690 2584 deus
705 2558 754 2584 hos
774 2558 887 2592 protulit

104 2606 198 2624 γαιέιιε
214 2607 220 2624 Ζ

103 2642 184 2677 Terga
201 2644 293 2676 lueris,
314 2644 442 2681 Mystellu,
461 2651 505 2672 tuo
521 2647 552 2672 de
562 2653 666 2681 pectore
684 2650 774 2676 omitte
793 2658 798 2664 '

102 2681 202 2703 (uetera
218 2680 379 2714 perquirens,
398 2680 499 2718 frustra
516 2689 546 2707 en
562 2680 670 2709 νέηαι-ἴε
686 2684 789 2718 iuit/ua.

101 2715 131 2738 At
148 2718 244 2747 rectum
261 2717 431 2748 quodcunque
449 2715 540 2746 datur.
556 2721 583 2742 tu
598 2718 676 2745 laude
691 2715 813 2752 probato.

101 2772 164 2804 Qua:
198 2779 258 2798 cum
289 2771 429 2803 audiisset,
455 2780 580 2801 reversus
610 2776 704 2804 urbem
728 2778 879 2812 consrituit,

133 2839 169 2873 (Ι)
184 2838 335 2873 Epicureus
352 2844 415 2866 ante
433 2839 591 2874 Epicurum.

943 2231 1003 2261 post
1019 2229 1154 2256 Conditum
1167 2230 1310 2258 Crotonem
1325 2240 1356 2258 ac
1370 2232 1528 2267 Syracusas.
1540 2235 1616 2263 Nunc
1629 2242 1719 2264 autcm

941 2273 974 2299 de
990 2273 1151 2306 quibusdam
1168 2275 1296 2310 ltheginis
1309 2277 1463 2306 dicendum.

977 2320 1018 2346 16.
1037 2320 1150 2348 Glaucus
1170 2322 1398 2357 Pythagoricusct
1417 2327 1536 2354 musicus
1549 2329 1719 2356 excellentis-

940 2366 1199 2402 simus,~nhcginus,
1221 2369 1382 2401 Democrito,
1404 2379 1483 2404 quem
1511 2373 1567 2406 ipse
1586 2374 1719 2410 Pythago-

939 2421 1014 2439 reum
1030 2413 1112 2440 fuisse
1125 2414 1234 2446 asserit,
1250 2421 1508 2450 contemporaneus.

975 2459 1021 2485 17-
1038 2459 1223 2486 Andromeda:
1248 2460 1444 2496 Pythagoricus
1459 2463 1636 2497 philosophus
1650 2472 1721 2499 qno-

938 2512 990 2539 que
1007 2505 1147 2540 Rheginus
1160 2511 1188 2532 et
1204 2506 1367 2541 lcgumlator
1386 2507 1446 2539 fuit.
1465 2508 1511 2542 qui
1531 2508 1718 2538 Chalcidensi-

939 2550 988 2577 bus
1003 2550 1147 2578 Thrariam
1161 2551 1348 2579 habitantibus
1362 2554 1434 2588 leges
1448 2553 1532 2581 dedit.

974 2597 1018 2623 18.
1038 2597 1202 2632 Pythagoras
1227 2599 1295 2626 alter
1319 2599 1469 2634 liheginus,
1496 2601 1536 2627 vir
1551 2602 1673 2630 eruditus
1689 2609 1718 2631 et

935 2645 1087 2670 statuarius
1102 2643 1358 2677 excellentissimus,
1376 2647 1477 2681 primus
1487 2651 1637 2675 statuarum
1655 2657 1717 2683 pro-

936 2688 1090 2723 portionem
1113 2689 1308 2721 Consideravit.
1327 2691 1476 2726 disiipulus
1504 2694 1623 2721 Clearchi
1641 2695 1716 2722 lihe-

934 2734 1002 2769 gini,
1024 2742 1106 2769 quem
1128 2735 1269 2763 Eur/terius
1289 2737 1449 2767 Corinthius
1476 2741 1617 2773 docuerat,
1635 2748 1664 2769 ut
1679 2749 1716 2770 ait

935 2781 1096 2808 PauSanias.
