1916 3057
207 140 258 172 927
772 141 1031 172 CONSTANTINI

242 197 287 225 l9.
314 196 424 231 Hippias
451 180 592 231 Rhe‘g‘inus
615 202 708 225 orator
725 203 754 225 et
770 199 918 226 historicus
935 199 997 229 fuit.
1013 201 1036 227 Α

206 243 252 278 qui
281 244 385 277 primus
413 243 496 271 italia:
529 251 561 270 ac
594 244 695 271 Sicilize
720 252 812 271 rerum
849 245 993 272 Historiam

205 289 326 323 scripsit.

239 342 285 368 ⁸ὶο.
306 341 399 376 Ibycus
427 348 505 377 poeta
528 343 630 378 lyricus
648 351 719 371 untts
737 352 752 371 ο
769 351 864 372 novem
885 345 994 372 vatibus

204 388 301 418 lyricis
318 388 467 422 praeclaris,
487 389 617 416 Messana!
645 396 725 417 natus
747 397 789 418 est
810 391 936 426 Rbegino
960 399 993 418 ex

206 439 294 466 patrc.
313 434 360 461 llis
385 434 489 468 primus
503 436 663 463 sambucam
687 436 901 463 instrumentum
914 436 993 464 Cala—

205 479 317 506 brorum
335 481 450 512 invenit,
469 482 609 516 multaque
627 483 780 516 cotnposnit
796 482 882 517 lytico
893 488 990 510 metro.

203 526 328 561 Cumque
347 535 394 561 per
413 527 567 555 Calabriam
585 529 638 555 iter
651 529 764 561 faceret,
788 529 815 556 in
836 530 904 556 silva
922 538 993 564 qua-

203 574 265 602 dam
287 575 312 601 in
334 576 456 603 latrones
474 577 581 608 incidit,
599 585 613 603 a
629 577 728 611 quibus
743 585 805 604 cum
829 586 858 604 se
878 577 993 604 omnino

203 620 319 648 seruiret
350 622 586 652 interficiendum,
606 624 721 658 gruibus
735 623 807 650 forte
836 624 994 651 volantibus

204 670 235 693 ad
252 675 298 694 eas
313 668 402 695 dixit:
424 669 478 695 Vos
498 670 592 697 saltem
607 671 704 696 mortis
723 678 789 696 mea:
805 676 889 698 testes
903 671 992 702 vritis,

203 720 284 747 queui
302 713 339 739 illi
366 713 389 740 d:
403 715 525 742 ridentes
551 716 726 743 interfecere.
755 715 808 742 Sed
830 716 991 750 pnesaginm

204 760 271 786 lidcs
285 767 388 788 secuta.
409 761 475 788 Nam
489 770 549 788 enm
568 763 688 790 latrones
705 763 732 790 itt
749 763 857 789 theatro
873 763 992 798 quodam

202 806 235 832 ad
264 814 318 838 spei
331 808 444 834 tandum
466 808 605 840 sederent,
628 814 710 843 atque
731 817 812 843 grues
833 817 898 836 casu
929 809 992 836 illnc

205 853 367 885 transirent,
383 854 451 880 alter
468 855 548 881 alteri
568 855 663 882 dixere
681 864 687 882 :
709 855 777 882 Ecce
804 863 885 889 εγω-5
906 847 990 890 lbyci.

204 900 281 932 Quod
297 908 358 926 cum
378 901 487 934 quidam
506 901 687 933 audivissent,
707 901 814 935 idquod
833 906 893 928 erat
908 901 983 935 suspi

203 952 298 972 cautes
314 948 387 981 (nam
401 947 609 980 vttlgatalltcrat
620 947 760 974 homicidii
775 947 857 982 fama)
875 947 993 974 retulere

206 991 326 1018 civitatis
341 993 504 1021 rectoribus,
517 1000 633 1026 q.torum
651 993 779 1019 mandato
789 993 910 1020 latrones
921 993 992 1027 capti

205 1045 236 1064 ac
258 1038 406 1072 diligenter
433 1040 581 1065 examinati
605 1039 711 1065 facinus
736 1039 854 1067 confessi
878 1047 909 1067 ac
932 1048 992 1067 mox

207 1083 450 1117 snspcmlioenccti
463 1089 536 1111 sunt.
549 1083 617 1111 Hinc
633 1085 808 1119 proverbium
820 1090 910 1111 ortum
922 1086 993 1119 apttd

205 1129 314 1156 Gnaeos
323 1129 492 1164 Latinosque
504 1130 710 1164 iureconsultus
724 1140 731 1158 :
745 1131 833 1160 Grues
846 1132 930 1167 lbyci,
942 1132 994 1159 hoc

206 1180 246 1202 cst
265 1183 308 1201 res
323 1182 396 1202 certa
415 1177 553 1212 certisque
570 1177 678 1205 indiciis
696 1178 851 1205 manifesta.

240 1229 285 1255 2|.
304 1229 437 1264 Rhegium
453 1231 562 1261 civitas,
588 1236 618 1257 ut
638 1231 675 1257 ait
694 1230 830 1262 Strabo,a
844 1232 994 1267 rumpenda

205 1275 288 1306 dicta,
305 1276 379 1308 quod
401 1276 437 1302 ibi
455 1276 548 1303 Sicilia
569 1277 652 1303 maris
676 1281 743 1304 aestu
765 1282 810 1304 aut
829 1282 907 1304 terra:
920 1284 994 1304 motu

205 1322 239 1348 ab
257 1322 331 1348 Italia
345 1323 380 1349 sit
400 1323 527 1357 abrupta.
545 1319 663 1359 Rhegini
677 1328 769 1350 autem
784 1323 871 1351 ϐιατρί
884 1325 996 1352 fuerunt

206 1367 294 1394 coloni
313 1367 551 1400 Chalcidensium,
567 1378 629 1396 eum
654 1375 682 1397 et
704 1370 906 1398 Lacedaemonii
927 1379 995 1398 non-

207 1413 275 1445 nulli
298 1413 324 1440 in
342 1413 498 1442 Calabriam
516 1417 762 1450 transntigrarunt.

240 1466 285 1493 ‘22.
302 1467 413 1494 Alcman
442 1473 520 1502 poeta
548 1468 651 1503 lyricus
666 1478 698 1496 cx
716 1469 837 1498 Messana
856 1471 907 1497 fuit
927 1471 996 1498 civi-

207 1517 261 1540 tate
278 1513 478 1544 vetustissima,
497 1515 603 1549 Rhegio
616 1515 723 1545 vicina.

243 1566 286 1593 23.
304 1566 486 1601 Cynomachus
500 1566 651 1599 Thurinus,
667 1568 757 1603 qttidc
770 1569 995 1604 philosophorum
1016 1566 1035 1593 C

208 1611 388 1645 opinionibus
408 1612 519 1647 scripsit
540 1612 657 1647 primus.

240 1664 286 1690 21.
305 1665 396 1691 Alexis
410 1673 442 1691 ex
454 1665 550 1693 eadem
564 1665 670 1693 Thurin
687 1666 754 1694 urbe
770 1673 848 1702 poeta
860 1669 993 1701 comicus,

205 1709 251 1743 qui
269 1709 404 1736 ducentas
414 1715 440 1736 ct
454 1710 633 1744 quadraginta
652 1713 801 1741 commdias
814 1714 911 1741 edidit.

239 1761 276 1788 25
302 1762 436 1796 Hippasus
460 1763 672 1797 Metapontinus,
691 1765 872 1801 philosophus
894 1768 996 1803 Pytba«

205 1808 328 1842 goricns.
344 1808 391 1842 qui
418 1809 561 1837 deﬁnitum
588 1819 650 1840 esse
682 1817 790 1847 tempus
809 1813 876 1840 dixit
899 1814 993 1840 mundi

163 1880 164 1884 η
206 1854 382 1882 mutationes.
397 1855 569 1890 Metapontus
582 1865 646 1884 vero
663 1858 716 1884 fuit
730 1851 862 1893 oppidum
882 1867 896 1885 a
913 1860 996 1895 Pyliis

205 1901 357 1933 comlitum,
381 1903 428 1936 qui
456 1902 536 1938 Troia
554 1908 631 1938 capta
659 1911 722 1932 cum
746 1904 863 1934 Nestore
888 1907 996 1941 naviga-

206 1953 281 1975 runt.

238 2000 284 2028 9.6.
304 2002 434 2036 Archytas
447 2000 622 2037 Moesagorge,
639 2002 724 2029 velut
735 2003 781 2030 alii
796 2003 896 2031 [Estici
911 2004 994 2035 filius,

204 2047 383 2079 Tarentinus,
396 2048 514 2075 eximius
528 2048 725 2084 Pythagoricus
741 2050 922 2084 phil030phus
933 2050 994 2080 fuit,

205 2101 236 2119 ac
253 2099 391 2127 geometra
411 2094 536 2128 insignis.
554 2093 606 2121 llic
626 2095 767 2122 Platonem
784 2096 811 2123 in
829 2096 995 2124 Siciliatunc

204 2147 266 2165 cum
283 2139 419 2174 Dionysio
435 2144 588 2167 morantem
600 2148 650 2174 per
664 2141 770 2168 litteras
782 2143 890 2169 monuit
908 2148 937 2169 ut
954 2147 992 2177 ty-

204 2192 321 2210 rannum
343 2190 464 2212 caveret.
480 2185 522 2212 Ab
538 2186 591 2213 hoc
611 2186 742 2213 Eudoxus
758 2186 874 2214 Cnidius
886 2187 995 2214 {Esehi-

205 2231 247 2258 nis
259 2230 331 2257 [ilius
341 2232 520 2265 geometriam
533 2233 639 2259 didicit.
655 2233 705 2260 Hic
715 2234 816 2260 cubum
831 2234 938 2268 primus
953 2235 994 2261 in-
1012 2239 1032 2266 ι’)

204 2277 290 2307 venit,
308 2281 334 2304 ct
351 2285 398 2311 per
415 2283 518 2305 motum
543 2279 710 2306 semicirculi
736 2279 762 2306 iu
782 2280 907 2314 cylindro
922 2280 992 2307 duas

205 2323 308 2349 medias
321 2324 545 2357 proportionalcs
562 2333 569 2352 ;
585 2324 693 2360 fuitque
705 2325 893 2357 mechanicas,
910 2331 937 2352 et
948 2334 994 2352 e0-

204 2368 323 2395 liunbatn
339 2369 456 2404 ligneam
477 2378 526 2404 per
542 2378 571 2397 se
587 2371 725 2398 volantem
743 2372 908 2398 construxit.

236 2415 282 2441 ‘27.
300 2415 407 2451 Lysiilcs
419 2416 587 2443 Tarentinus
603 2417 800 2452 Pythagoricus
814 2419 993 2453 philosophus

199 2463 265 2494 luit,
281 2463 360 2495 cujus
378 2463 506 2497 Epistulae
518 2463 609 2490 adhuc
623 2468 742 2491 exstant.

239 2510 283 2536 28.
299 2510 463 2537 Aristonicus
474 2509 651 2543 Tarentinus,
674 2511 868 2546 philosophus.

1057 142 1241 173 LASCARIS
1790 146 1847 176 928

1088 199 1133 226 29.
1152 199 1305 226 Heraclides
1323 198 1491 226 Tarentinus
1507 198 1548 225 \ir
1562 198 1701 230 eruditus,
1717 199 1846 228 medicus

1049 246 1258 274 celeberrimus.

1084 292 1128 319 ‘50.
1149 292 1243 320 Rhinlo
1256 293 1433 324 Tarentinus.
1451 297 1531 327 poeta
1547 292 1679 321 comicus.

1084 338 1128 365 5|.
1143 338 1323 374 Parmenides
1333 339 1528 375 Pythagoricus
1541 338 1722 375 philosophus
1735 341 1843 372 Eleata,

1048 385 1083 413 ab
1120 385 1182 413 Elea
1211 386 1322 417 civitate
1355 385 1538 413 Pboccnsium
1571 390 1687 418 vetusta,
1717 394 1800 421 quam
1829 395 1844 414 a

1047 432 1122 459 fonte
1146 432 1264 465 quodam
1292 432 1385 459 Helam
1415 432 1562 465 vocabant,
1574 432 1637 459 inde
1658 440 1722 459 vero
1736 433 1844 460 Heliam

1047 478 1200 506 etVeliam.
1218 479 1269 506 llic
1283 478 1412 506 inventor
1427 478 1591 510 dialecticae.
1605 479 1723 506 mundos
1746 479 1845 513 plures

1047 532 1110 551 esse
1127 525 1207 552 dixit.
1228 526 1330 552 Contra
1354 524 1510 552 Nearchum
1537 525 1596 552 sive
1620 525 1841 553 Diomedontem.

1050 572 1136 598 armis
1150 572 1177 598 in
1194 571 1292 606 Lipara
1306 572 1409 607 paratis
1424 569 1625 606 conspiravit;
1642 576 1669 599 et
1687 571 1830 606 interroga

1049 622 1101 649 tus,
1113 618 1220 653 tyranni
1233 625 1327 644 attrem
1340 617 1398 644 sive
1410 625 1506 644 nasutn
1523 617 1664 644 mordicus
1672 617 1840 652 praecidisse.

1046 670 1073 691 et
1086 665 1235 691 abscissam
1244 665 1295 691 sibi
1312 664 1431 699 linguam
1448 664 1474 690 in
1488 672 1536 690 ora
1548 665 1654 698 tyranni
1667 665 1841 698 conspuisse,

1051 708 1187 748 tyrannus
1200 717 1291 738 autem
1307 719 1320 738 ιι
1342 711 1444 746 populo
1460 711 1599 746 lapidibus
1614 711 1727 737 obrutus
1746 711 1840 745 perhi-

1048 758 1138 784 betur.

1082 803 1127 830 52.
1151 802 1319 830 Phavorinus
1339 803 1373 829 ab
1398 803 1449 829 ltac
1477 803 1565 835 Velia,
1585 807 1615 830 ut
1640 803 1776 834 nonnulli,
1799 803 1838 829 vir

1048 850 1237 880 doctissimus,
1252 850 1299 884 qui
1312 849 1346 876 de
1366 849 1551 884 philosophia,
1567 850 1702 877 rhetorice
1713 854 1740 876 et
1753 849 1840 877 histo-

1049 898 1088 923 ria
1107 897 1191 925 nutlta
1213 902 1241 923 et
1265 897 1394 930 praeclara
1417 897 1549 930 scripsit:
1570 896 1718 922 l‘lutarebo
1732 897 1839 928 socius,

1048 951 1108 970 cum
1123 951 1177 978 quo
1192 944 1243 970 sub
1262 943 1378 977 Trajano
1399 944 1502 969 ﬂoruit.

1083 990 1127 1016 55.
1140 988 1307 1024 Empedoclea
1316 989 1439 1020 Siculus.
1449 989 1649 1025 Pytltagorirus
1659 989 1840 1024 philosophus

1048 1042 1075 1063 ct
1089 1040 1196 1067 orator,
1212 1044 1226 1062 a
1250 1028 1305 1070 quo
1322 1035 1435 1070 Gorgias
1458 1035 1608 1062 Leontinus
1628 1035 1730 1070 aliique
1752 1035 1839 1063 Siculi

1048 1087 1076 1108 et
1091 1082 1293 1117 philosophiam
1309 1087 1338 1109 et
1357 1083 1506 1109 oratoriam
1523 1083 1664 1110 audivere.

1085 1129 1129 1155 54.
1147 1128 1306 1155 Charondas
1319 1120 1493 1159 Ca‘tancnsis,
1508 1128 1705 1164 Pythagoricus
1717 1128 1841 1163 philoso-

1010 1172 1013 1174 ⁷
1049 1176 1131 1210 phus,
1149 1176 1223 1210 leges
1233 1175 1307 1202 dedit
1320 1175 1548 1203 Chalcidensibus
1563 1175 1723 1202 Siciliamet
1735 1176 1839 1203 italiam

1050 1222 1252 1249 habitantibus.

1085 1268 1130 1296 55.
1150 1267 1259 1302 Pythias
1271 1273 1295 1294 et
1319 1268 1433 1300 Damon,
1447 1267 1626 1304 Syracusani,
1638 1268 1777 1301 singulare
1791 1274 1840 1302 par

1050 1316 1214 1348 amicorum,
1241 1324 1359 1351 quorum
1383 1316 1454 1343 alter
1483 1323 1533 1350 pro
1555 1316 1644 1345 altero
1666 1323 1727 1344 sese
1754 1316 1838 1342 morti

1049 1361 1154 1387 addixit
1170 1369 1177 1394 ;
1199 1360 1233 1388 de
1252 1361 1354 1396 quibus
1368 1361 1544 1389 Plutarchus.

1087 1407 1131 1433 56.
1148 1406 1201 1434 Sed
1215 1412 1350 1441 praetereo
1367 1408 1437 1434 alios
1454 1412 1564 1435 nostros
1579 1406 1693 1438 Crrccos
1705 1406 1839 1441 Pythago-

1051 1452 1122 1479 ricos
1130 1453 1257 1483 Asianos,
1271 1452 1420 1483 Eudoxum,
1433 1452 1618 1487 Xenophanem
1626 1453 1838 1487 Colophonium,

1049 1499 1210 1536 Leucippum
1246 1499 1380 1532 Eleatem,
1404 1499 1551 1531 Maliacum,
1569 1500 1761 1530 Democritum,
1787 1498 1840 1525 lle-

1054 1546 1189 1577 raclitum.
1206 1545 1404 1580 Nausiphanem
1421 1551 1450 1573 et
1465 1545 1624 1577 Nuucidem,
1640 1552 1758 1580 quorum
1777 1545 1840 1580 Epi-

1051 1600 1129 1619 curus
1147 1593 1301 1627 discipulus
1320 1592 1383 1620 fuit.
1409 1592 1512 1626 Omitto
1538 1593 1682 1620 civitatum
1707 1592 1838 1626 origines,

1049 1644 1124 1674 gesta
1133 1644 1165 1667 ,et
1180 1639 1373 1673 antiquitates,
1383 1644 1412 1666 et
1425 1640 1477 1666 alia
1490 1647 1552 1674 qua:
1564 1645 1589 1666 te
1603 1638 1837 1668 studiosissimum

1049 1693 1082 1712 ac
1094 1685 1240 1712 Strabonis
1254 1686 1405 1720 geographi
1422 1685 1666 1717 familiarissimum
1684 1685 1767 1712 latere
1783 1691 1837 1710 non

1050 1735 1174 1764 possunt.
1205 1730 1303 1757 Verum
1324 1731 1391 1758 illud
1419 1730 1637 1765 iterum'absque
1653 1731 1755 1757 rubore
1782 1737 1839 1755 tne-

1049 1776 1175 1807 morabo,
1188 1776 1307 1808 Italiam,
1325 1776 1448 1803 Siciliam
1465 1784 1497 1803 ac
1515 1784 1639 1809 magnam
1657 1775 1769 1802 Gracia:
1789 1781 1837 1802 uo-

1049 1825 1112 1848 slra:
1133 1826 1240 1857 partem
1257 1822 1379 1857 primum
1388 1821 1530 1851 Calabria:
1547 1826 1600 1849 tua:
1620 1821 1721 1852 altrici,
1738 1820 1836 1848 deittde

1048 1867 1210 1903 Pythagora:
1233 1869 1347 1903 suisque
1372 1868 1564 1903 Pythagoricis
1578 1867 1698 1894 maxime
1724 1866 1834 1894 debere.

1048 1914 1115 1943 Nam
1124 1921 1173 1949 per
1183 1921 1271 1943 annos
1282 1919 1444 1949 nongentos,
1453 1914 1488 1944 ab
1500 1915 1559 1948 ipso
1568 1914 1676 1941 Scilicet
1685 1913 1836 1949 Pythagora

1049 1967 1137 1994 usque
1151 1959 1185 1987 ad
1199 1959 1412 1987 Constantinum
1434 1960 1632 1994 imperatorem
1654 1963 1836 1994 cognomento

1049 2007 1187 2041 Magnum,
1207 2006 1334 2036 doctrina
1354 2007 1412 2041 ipsa
1437 2010 1466 2034 et
1490 2011 1563 2035 secta
1582 2006 1766 2042 Pythagorica
1789 2013 1836 2040 per

1047 2052 1137 2080 dictas
1152 2053 1278 2085 regiones
1291 2052 1393 2078 ﬂoruit.
1410 2051 1464 2079 Sed
1477 2059 1528 2081 cur
1546 2052 1604 2079 lucc
1613 2051 1646 2079 ad
1663 2059 1707 2078 me
1720 2051 1835 2079 scribis?

1049 2099 1166 2133 inquies.
1180 2099 1214 2127 Ut
1230 2099 1280 2129 sic,
1302 2099 1324 2125 si
1339 2098 1395 2125 sint
1413 2098 1460 2125 tibi
1477 2103 1551 2128 nota.
1566 2098 1689 2132 gratuler
1712 2098 1810 2125 scienti
1826 2105 1832 2123 :

1047 2145 1091 2172 sitt
1110 2152 1187 2176 vero,
1213 2148 1244 2172 ut
1261 2148 1324 2172 nota
1340 2143 1452 2176 faciam,
1471 2148 1552 2178 teque
1566 2144 1664 2171 ducem
1680 2143 1834 2171 illustrissi-

1048 2197 1135 2222 mum,
1152 2197 1266 2217 snmmaz
1282 2190 1338 2224 spei
1355 2190 1569 2221 adolescentem,
1585 2190 1712 2223 exemplo
1725 2194 1766 2216 tot
1778 2194 1835 2218 tau-

1049 2240 1197 2269 tornmque
1213 2235 1456 2270 philosophorum,
1466 2244 1537 2270 quos
1549 2241 1594 2262 tua
1606 2236 1733 2263 Calabria
1742 2235 1835 2270 genuit

1049 2282 1236 2317 erudivitqne,
1252 2284 1285 2309 ad
1314 2283 1422 2310 culmen
1451 2283 1583 2309 virtulutn
1600 2290 1632 2309 ac
1655 2282 1834 2309 maximarum

1048 2337 1139 2356 rcrutn
1148 2330 1307 2361 aviditatem
1323 2330 1461 2357 cohorter.
1473 2329 1545 2356 Bene
1562 2329 1652 2356 valeas
1667 2336 1699 2355 ac
1710 2329 1757 2355 ditt
1771 2328 1834 2355 felix

1048 2378 1076 2401 et
1091 2374 1195 2401 dudum
1221 2374 1367 2401 memorati
1385 2373 1561 2401 Constantini
1581 2373 1679 2400 similis
1700 2374 1786 2404 vivas,
1811 2377 1836 2400 ct

1048 2420 1315 2454 Constantinopolim
1332 2419 1400 2446 mihi
1421 2420 1536 2453 patriam
1554 2419 1692 2446 infelicem
1707 2427 1722 2445 a
1739 2419 1836 2446 barba-

1049 2473 1145 2493 rorum
1165 2470 1300 2499 potestate
1325 2465 1459 2497 vindices,
1479 2472 1577 2500 meque
1595 2469 1646 2492 tua:
1665 2464 1837 2492 celsitudinis

1050 2512 1184 2546 obsequio
1200 2517 1325 2547 paratum
1341 2512 1476 2547 recipias!
