1909 3053
127 105 179 138 985
752 106 949 138 LAUDATIO
966 107 1088 138 CAXIS.
1691 104 1744 136 936

127 161 157 188 P.
172 161 310 190 Arcadius
327 162 446 191 inseruit
464 163 605 199 opusculis
617 163 788 200 tbeologicis,
804 165 896 191 Rome
921 163 1013 195 editis,
1038 171 1110 191 anno
1138 163 1214 192 1650.
1232 164 1261 192 In
1293 164 1417 191 Graecum
1452 170 1606 190 sermonem
1635 170 1746 198 quoque

127 205 266 235 transtulit
285 205 367 234 Mic'h.
386 206 559 234 Savonarola:
577 207 614 235 De
627 207 732 235 balneis
742 207 823 235 italia:
839 207 926 235 libros
940 207 1009 235 duos
1025 208 1093 242 (26).

161 259 235 287 Inter
248 260 330 288 Gazae
346 261 476 289 ἀνέκδοτα
491 270 551 298 qua:
566 261 592 289 in
609 263 693 290 italiae
709 263 826 290 maxime
841 266 868 291 et
882 263 976 291 Galliae
988 264 1163 293 bibliothecis
1189 268 1378 295 asseruntur,
1403 268 1504 298 pra-ter
1530 264 1661 298 epistolas
1685 264 1747 299 ejus

126 305 296 341 praecipuum
312 305 370 334 fere
390 307 521 342 scriptum
539 313 590 339 est.
605 308 679 343 quod
695 308 838 336 Plethonis
853 308 891 336 De
911 308 1066 336 differentia
1083 309 1229 336 Platonica:
1252 313 1334 343 atque
1363 309 1546 336 Aristotelicas
1563 309 1744 343 philosophia:

126 349 254 384 opposuit
269 349 340 377 libro
358 354 386 378 et
409 358 466 386 quo
478 349 657 379 Aristotelem
676 356 778 380 contra
811 352 887 380 illum
911 352 1045 381 defendit.
1071 353 1241 388 impugnavit
1267 352 1292 379 id
1323 353 1413 387 ipsum
1449 352 1531 380 Mich.
1565 354 1747 388 Apostolius;

126 393 204 427 cujus
217 401 282 421 vero
300 395 481 423 temeritatem
502 395 622 431 graviter
639 397 764 431 coarguit
795 396 951 428 Bcssarion,
977 404 1115 431 quemque
1140 397 1240 431 scripta
1262 404 1311 431 pro
1334 396 1406 424 Gaza
1422 397 1558 432 apologis.
1575 397 1751 425 Andronicus

125 437 263 471 Callistus,
287 438 451 472 confutavit,
464 441 499 467 de
514 447 580 475 quo,
597 441 624 466 in
642 439 723 475 hujus
739 445 766 468 et
783 440 989 475 ApostoiiiVita
1005 440 1082 476 plura
1103 440 1236 468 dicemus.

164 493 254 528 Juvat,
268 500 330 530 post
354 503 388 523 ea
404 504 465 531 quae
478 496 512 524 de
528 496 608 524 Gazae
627 502 709 532 atque
723 497 901 532 Trapezuntti
927 499 981 526 vita
1000 503 1028 525 et
1054 497 1164 532 scriptis
1187 498 1311 533 exposita
1337 503 1411 530 sunt.
1429 497 1531 526 intueri
1558 497 1750 527 incredibilem

127 539 298 572 varietatem,
315 547 369 574 qua
383 540 412 568 hi
429 541 577 570 duumviri.
594 542 734 568 canimuni
757 543 845 576 gentis
859 548 934 575 ortu,
951 543 1162 577 studiorumque
1175 536 1484 578 societatekconjuucti,
1517 543 1603 570 animi
1631 550 1751 578 propen-

128 583 265 616 sionibtts,
289 589 347 611 tum
364 584 501 617 moribus,
520 584 630 612 fortuna
649 589 677 612 et
693 585 755 612 Viue
769 593 917 620 rerumque
931 587 1006 614 exitu
1022 587 1239 622 distinguuntur.
1260 588 1327 616 Erat
1343 587 1506 615 Theodorus
1531 587 1618 615 sedati
1637 588 1751 623 ingenii,

129 628 283 662 mentisque
298 628 459 663 compositae
471 632 499 655 et
514 627 672 655 Graecomm
697 628 924 662 modestissimus,
952 630 999 665 qui
1019 639 1110 658 aecum
1133 638 1242 666 semper
1259 630 1420 658 morabatur
1441 635 1471 659 et
1502 631 1600 658 honori
1616 636 1642 658 et
1659 630 1755 666 gloria

129 670 275 705 prudentia
297 676 326 699 et
341 671 448 699 ratione
464 672 577 699 modum
592 671 742 700 statuebat.
780 672 920 708 Georgius
944 681 1018 705 vero,
1048 674 1219 709 praesidentis
1245 675 1331 702 animi
1349 680 1376 702 et
1403 675 1532 710 projecta:
1546 675 1751 710 eminentisque

128 714 266 742 interdum
283 714 404 742 audacia
421 715 515 746 homo.
529 715 633 751 impetu
646 721 675 743 et
691 715 804 744 levitate
821 716 891 743 ultra
914 717 988 746 vices
1002 718 1159 752 ferebatur,
1178 725 1206 746 et
1221 718 1290 746 nihil
1305 726 1360 746 non
1382 719 1435 747 nisi
1456 726 1596 754 arrogans,
1623 719 1751 747 eminere

128 765 237 793 semper
249 758 387 786 studebat.
400 759 524 796 Uterque
538 767 656 796 magnus
673 759 747 788 inter
779 760 904 788 eruditos
924 761 1013 790 videri
1040 762 1160 795 volebat,
1184 762 1230 790 ille
1253 762 1282 790 in
1308 762 1420 790 Gracia:
1447 763 1563 797 pariter,
1592 768 1676 797 atque
1699 762 1755 790 Ro~

129 809 217 830 mante
229 803 393 832 litteratura
406 804 544 840 praesidiis
562 803 685 837 innixus,
701 804 750 832 hic
776 805 894 833 nimium
913 804 1014 841 ingenii
1035 804 1157 832 facultati
1183 803 1282 836 ﬁdens.
1302 810 1330 832 et
1345 804 1539 839 intempestiva
1555 809 1639 839 parta:
1655 806 1751 840 cogni-

130 847 214 875 tionis
228 848 407 882 persuasione
419 847 542 881 inﬂatus.
559 847 604 876 ille
619 848 652 876 ad
668 847 808 876 edendum
826 849 901 884 quod
927 851 1130 876 commentatus
1151 852 1222 880 erat,
1253 847 1372 882 tardior,
1397 848 1572 876 emendando
1589 848 1662 883 quod
1687 848 1756 875 seri.

129 895 230 925 paerat,
245 899 387 926 nunquam
402 891 527 920 defessus
542 900 552 925 ;
566 891 613 919 hic
629 891 763 927 praecipiti
792 891 968 920 festinatione
989 891 1091 919 crudos
1119 899 1194 927 szepe
1217 891 1328 919 labores
1355 892 1382 919 in
1406 891 1547 926 publicum
1576 892 1754 928 protrudens.

127 941 309 970 errorumque
321 935 427 970 quibus
441 935 596 970 implicitus
611 940 676 963 erat
691 929 783 963 tenax.
805 935 876 962 Tum
891 942 958 963 vero
971 934 1184 970 Trapezuntius,
1210 935 1325 962 multum
1339 934 1456 970 agendo,
1473 935 1590 963 multum
1603 937 1732 971 peccabat
1747 945 1755 964 τ

129 980 212 1013 Gaza,
230 988 316 1016 pauca
333 980 491 1008 exhibendo
517 988 612 1017 magna
624 980 711 1008 dabat
737 989 744 1008 :
771 980 826 1012 hic,
852 980 950 1008 Graece
970 979 1156 1012 doctissimus,
1179 978 1300 1014 linguam
1322 979 1472 1012 Quiritium
1502 979 1629 1014 graviter.
1647 981 1754 1008 excole-

136 1024 193 1057 bat,
209 1024 255 1052 ille
281 1024 309 1052 in
326 1024 413 1060 patria
428 1024 518 1059 lingua
532 1024 685 1060 peregrina:
707 1025 832 1059 prasidia
851 1023 1012 1052 collocabat.
1038 1022 1160 1058 Uterque
1187 1021 1306 1050 rhetoris
1327 1030 1473 1057 personam
1497 1031 1560 1051 cum
1577 1024 1657 1052 laude
1673 1025 1758 1052 susti-

131 1069 223 1102 nebat,
252 1068 325 1096 Gaza
358 1073 461 1100 autem,
492 1068 602 1096 dicendi
622 1069 648 1096 vi
674 1075 707 1096 ac
730 1069 873 1104 gravitate,
897 1076 952 1096 non
985 1067 1174 1102 Aphthonium
1199 1066 1381 1094 Theonumve
1410 1067 1569 1102 quemdam,
1589 1068 1637 1095 sed
1667 1068 1756 1103 ipsum

131 1111 342 1140 Deumstheuem
370 1111 488 1140 reddere
500 1111 662 1139 videbatur.
694 1111 720 1139 Is
733 1111 837 1140 nullius
860 1112 957 1140 laudes
979 1111 1114 1143 tentabat,
1140 1116 1169 1139 et
1193 1117 1270 1139 suam
1286 1111 1348 1152 _sibi
1377 1113 1491 1148 gloriam
1522 1113 1626 1141 virtute
1649 1118 1678 1141 ct
1709 1115 1758 1141 ho-

131 1161 236 1183 aestate
261 1156 360 1190 agendi
380 1155 577 1192 comparabat:
604 1155 808 1190 Trapezuntius
831 1155 956 1184 eruditos
978 1155 1088 1191 injuriis
1105 1155 1268 1188 lacessebat,
1294 1160 1322 1183 et
1345 1155 1454 1183 laudem
1479 1157 1677 1184 obtrectatione
1695 1166 1757 1192 par—

131 1204 187 1226 tam
200 1200 326 1227 ultorum
342 1199 447 1228 virtute
463 1199 619 1228 amittebat.
637 1199 795 1227 Amicitiam
820 1199 892 1227 alter
904 1199 1005 1233 cilicio,
1028 1192 1146 1228 utilitate
1160 1199 1231 1227 alter
1253 1200 1430 1227 metiebatur.
1447 1200 1526 1228 iinnc
1540 1205 1633 1235 patria:
1647 1202 1756 1236 puduit.

131 1243 176 1271 ille
197 1252 295 1272 amore
313 1252 379 1272 vero
403 1243 529 1272 eamdem
556 1248 719 1279 prosecutus
736 1248 788 1275 est.
812 1251 898 1278 seque
918 1243 954 1271 ab
987 1243 1032 1271 illa
1056 1243 1110 1271 dici
1130 1250 1239 1278 semper
1269 1243 1366 1270 voluit.
1392 1243 1608 1278 Trapezunlium
1634 1244 1757 1276 fortuna,

129 1292 227 1321 sponte
241 1293 401 1322 consecuta,
418 1288 474 1315 cito
491 1287 635 1316 deseruit:
660 1288 774 1319 Gazam,
799 1288 907 1315 tardius
938 1287 1050 1322 quidem
1077 1288 1232 1320 conciliata,
1258 1287 1369 1323 longius
1392 1286 1472 1315 fovit.
1505 1287 1657 1322 Utrumque
1679 1296 1757 1314 com-

131 1338 214 1358 raune
230 1332 316 1359 latum
332 1332 420 1367 patria
436 1332 535 1360 cedere
551 1331 662 1367 coegit:
691 1332 738 1365 sed
754 1332 870 1358 alterum
881 1332 1024 1366 perpetuis
1036 1331 1092 1367 egit
1107 1331 1260 1363 erroribus,
1282 1335 1322 1363 et,
1340 1335 1370 1358 ut
1385 1331 1457 1358 inter
1473 1331 1632 1366 peregrinos
1647 1339 1757 1367 settiper

133 1373 368 1412 peregriﬂarctur.
384 1377 476 1404 etl‘ecit
494 1385 502 1409 ;
517 1377 597 1404 alteri
621 1383 711 1403 autem
743 1377 814 1403 inter
839 1376 1008 1410 alienigenas
1033 1375 1128 1410 patriae
1146 1375 1281 1402 beneﬁcia
1299 1374 1431 1404 reddidit.
1459 1374 1661 1410 Trapezuntms
1678 1377 1758 1403 deui-

129 1430 184 1459 que
206 1422 307 1451 misere
334 1422 412 1455 vixit,
439 1422 517 1457 pejus
548 1427 674 1448 mortuus
697 1425 760 1449 est:
787 1420 859 1448 Gaza
896 1421 1060 1448 detrimenta
1085 1422 1146 1448 vita:
1177 1420 1287 1455 placido
1316 1421 1415 1447 mortis
1454 1428 1555 1456 genere
1582 1421 1758 1454 consolatus.

130 1472 159 1496 et
185 1475 248 1495 cum
271 1466 319 1494 ille
348 1474 432 1494 senex
458 1472 654 1500 repuerascere
677 1463 828 1496 videretur,
858 1464 903 1505 hic
925 1464 1015 1493 virilis
1039 1465 1128 1494 matis
1148 1466 1270 1502 vigorem
1296 1465 1330 1494 ad
1351 1472 1504 1495 extremam
1522 1473 1608 1502 usque
1632 1470 1760 1494 sulcetu-

129 1517 184 1540 tem
200 1511 333 1539 servavit.

164 1566 220 1602 (‘26)
239 1566 300 1594 Vid.
315 1565 428 1597 Hodius,
445 1573 473 1601 ρ.
489 1564 534 1593 ἹΙ.

132 1656 1588 1681 W

473 1752 938 1822 ΘΕΟΔΩΡΟΥ
981 1752 1156 1819 ΤΟΥ
1193 1752 1417 1818 ΓΑΖΗ

677 1874 868 1918 ΚΥΝΟΣ
905 1875 1216 1919 ΕΓΚΩΜΙΟΝ.

529 2059 1029 2138 THEODORI
1086 2059 1368 2139 GAZ/E

681 2201 986 2249 LAUDATIO
1023 2201 1215 2248 CANIS.

624 2305 700 2337 (Aug.
715 2304 760 2330 Mai
771 2304 835 2330 Bibl.
849 2304 917 2330 Nova
926 2305 1039 2334 Patrum,
1050 2307 1108 2329 tom.
1125 2304 1179 2330 VII.
1195 2311 1219 2335 p.
1229 2303 1297 2335 ξοδ.)
1354 2283 1363 2289 ί

172 2459 289 2494 α’,Ἑγὼ
310 2458 371 2494 μὲν,
389 2456 412 2485 ὦ
432 2458 498 2493 ἆνερ
514 2456 702 2492 λαμπρότατι,
718 2456 827 2489 ξύνοιδα.
841 2457 928 2492 ὲμαυ-
943 2462 966 2489 Α

1016 2457 1043 2484 1.
1063 2455 1205 2492 Equidem,
1228 2455 1269 2483 vir
1287 2455 1482 2486 iiiustrissime.
1501 2453 1623 2489 intelligo
1640 2453 1765 2489 pcregri-

134 2504 174 2542 τῷ
186 2505 262 2538 ξένον
277 2513 305 2532 τι
329 2506 376 2532 καὶ
401 2503 647 2540 παρηλλαγμένον,
665 2502 730 2535 ἴσως
746 2503 775 2530 δὲ
800 2504 848 2530 καὶ
863 2503 924 2531 ἆτο-
976 2511 987 2531 r

979 2511 1042 2531 num
1056 2503 1123 2538 quid
1147 2502 1343 2533 etinsolitum,
1367 2502 1484 2529 fortasse
1500 2501 1582 2528 etiam
1605 2500 1765 2532 absurdum.

135 2559 187 2578 πον
210 2550 344 2583 ποιοῦντι,
373 2550 414 2577 ὅτι
440 2550 495 2576 τῶν
513 2549 600 2576 ἄλλων
626 2548 660 2576 τὰ
686 2548 733 2576 ὑπ’
761 2549 852 2576 αὐτῶν
868 2550 926 2581 τοῖς
976 2557 987 2576 1

979 2557 1020 2577 me
1038 2549 1140 2580 facere,
1154 2549 1219 2584 quia
1234 2548 1299 2575 dum
1310 2549 1356 2576 alii
1372 2548 1455 2575 missa
1468 2555 1482 2574 a
1495 2555 1524 2574 se
1537 2548 1569 2574 ad
1583 2548 1687 2575 amicos
1696 2548 1766 2576 dona

136 2596 225 2633 φίλοις
248 2596 415 2631 πεμπόμενα
439 2596 515 2630 δῶρα
532 2595 724 2627 αὐαλιζόντων
750 2603 780 2621 τε
796 2595 843 2621 καὶ
860 2596 926 2622 ἁπο-

136 2642 354 2678 σμικρυνόντων,
381 2639 437 2676 ἐγὼ
453 2640 609 2668 τούναντίον
631 2639 725 2674 αὔξειν
749 2641 797 2668 καὶ
812 2642 926 2676 κοσμεῖν

135 2689 268 2725 ιπιχειρῶ
281 2697 287 2705 -
303 2689 378 2724 eum;
392 2688 421 2714 δὲ
432 2686 496 2714 οὔτε
506 2687 849 2723 παραδείγματοςρπορῶ,
861 2687 924 2714 οὔτε

135 2735 249 2770 εὐλόγου
271 2733 456 2773 προςράσεως·
479 2733 658 2768 παράδειγμα
682 2734 733 2768 μὲν
751 2733 924 2769 ποιούμενος,

135 2782 166 2810 οὐ
182 2783 229 2809 τδν
245 2781 362 2817 τυχόντα
376 2780 532 2816 ἄνθρωπον,
549 2779 598 2814 οὐχ
615 2779 665 2805 Eva.
687 2779 741 2807 τῶν
758 2779 874 2813 πολλῶν,
894 2780 924 2807 οὐ

135 2829 181 2856 τδν
197 2829 288 2864 ὀλίγον
314 2828 400 2862 ἄξιον,
421 2827 489 2855 ἀλλὰ
506 2826 551 2853 τὸν
568 2827 600 2853 τά
625 2834 655 2853 τι
680 2826 776 2861 πρῶτα
794 2827 850 2855 τῶν
864 2826 926 2854 καθ’

978 2595 1143 2630 depraetiant
1154 2600 1181 2622 ct
1195 2595 1288 2622 verbis
1302 2598 1462 2626 extenuant,
1478 2601 1527 2628 ego
1536 2597 1631 2619 contra
1646 2593 1768 2627 magniﬁ-

976 2650 1039 2670 care
1067 2648 1095 2670 et
1118 2650 1251 2670 exornare
1282 2642 1438 2678 aggredior.
1459 2641 1541 2675 Atqui
1565 2648 1617 2668 nec
1642 2641 1769 2677 exemplo

978 2691 1060 2726 hujus
1085 2690 1123 2717 rei
1140 2697 1232 2722 careo,
1257 2697 1309 2717 nec
1332 2688 1468 2724 probabili
1493 2689 1621 2715 obtcutu.
1637 2688 1770 2722 Exemplo

978 2737 1089 2772 quidem
1109 2735 1175 2763 mihi
1190 2740 1242 2768 est,
1259 2743 1314 2762 non
1327 2735 1444 2770 quilibet
1457 2734 1550 2766 homo,
1563 2742 1616 2762 non
1630 2734 1663 2762 dc
1676 2734 1770 2762 multis

980 2787 1061 2811 unus.
1087 2779 1134 2807 sed
1154 2779 1176 2807 is
1193 2779 1239 2814 qui
1267 2779 1414 2814 primatum
1434 2779 1598 2807 eruditionis
1615 2779 1686 2808 inter
1705 2787 1770 2807 con-

981 2833 1174 2862 tcmporaneos
1200 2833 1264 2854 suos
1290 2826 1371 2862 gerit,
1396 2829 1424 2853 et
1453 2825 1597 2861 imperium
1621 2826 1770 2855 maximum
