1909 3053
113 115 165 148 9ὒί

746 112 941 143 THEODORI
965 111 1073 143 GAZJE

1689 101 1750 135 9T2

113 172 262 201 festinandi
289 172 401 199 minime
418 171 538 207 indigus,
562 171 751 199 demonstrare
766 178 798 198 ac
821 169 904 197 latius

963 169 995 204 ιὴ
1017 168 1144 196 σπεύδειν
1166 166 1342 203 ὡρμημένος,
1367 164 1452 198 δεῖξαι
1466 164 1525 191 ικαὶ
1548 163 1677 196 διεξιέναι
1704 162 1750 194 ὡς

112 227 263 259 exponere,
283 219 422 254 quomodo
440 218 544 245 omissa
570 218 714 244 venatione
736 215 829 243 omnia
854 215 902 242 fle-

113 270 175 292 rent
192 265 271 300 plena
286 264 420 296 ferarum,
436 271 497 298 qua!
512 262 670 290 hominibus
685 261 754 288 male
767 262 900 290 facerent.

112 314 141 336 et
156 309 184 336 in
203 308 320 336 urbibus
334 308 445 335 clausos
458 308 636 341 obsiderent;
650 314 664 334 a
679 307 780 341 quibus
794 306 902 333 cunctis

114 355 298 382 incommodis
311 354 502 382 venaticorum
518 361 617 381 canutn
636 361 687 388 ope
705 352 865 380 liberamur.

151 402 180 429 5.
197 401 339 434 Quodnam
357 408 438 436 porro
450 400 550 428 animal
564 404 605 427 est
620 399 799 428 custodiendo
813 398 902 433 aptius

114 456 195 483 quam
215 447 302 480 canis,
323 447 417 481 reique
436 447 588 473 commissa:
608 445 748 472 servanda
770 443 903 471 ﬁdelius!

116 493 263 529 Propterea
290 493 362 521 enim
385 498 414 520 et
433 493 562 528 gregibus
586 500 635 519 eos
658 491 831 526 prmﬁcimus,
854 488 902 524 qui

116 540 227 575 quidem
255 539 317 566 illos
340 538 374 566 ad
397 545 497 573 pascua
522 538 644 565 educunt
667 541 695 564 et
721 537 901 571 prtemittunt,

116 586 327 620 praeinissosque
350 586 521 616 custodiunt.
538 589 566 611 et
581 583 733 611 custoditos
756 582 789 609 ad
812 582 904 609 caulas

117 632 251 659 reducunt
268 641 274 658 :
289 631 388 658 ovibus
402 631 549 663 mansueti,
563 630 633 665 lupis
648 629 795 662 terribiles,
808 634 902 664 pasto-

117 678 196 705 ribus
218 677 390 704 obedientes.
409 676 442 704 Et
466 677 535 704 vivis
557 677 668 712 quidem
688 675 812 707 canibus,
830 674 904 702 haud

118 725 255 758 attingent
276 730 372 758 greges
391 722 467 758 lupi;
489 724 605 750 mortuis
621 727 724 756 autem,
747 722 820 749 illico
835 721 904 749 dila-

118 768 264 795 cerabunt.
281 768 371 801 Quare
391 773 418 795 et
438 768 477 795 illi
491 768 601 804 aesopici
619 769 674 804 lupi
696 768 770 803 pacis
789 768 905 796 societa-

119 814 209 848 tisque
225 813 314 841 lmdus
332 813 462 849 gregibus
477 814 640 846 oﬁ'erebanl,
657 813 807 841 dummodo
825 821 906 849 aspe-

118 866 164 886 ros
179 859 240 886 illos
265 866 296 886 ac
321 866 409 887 savos
428 863 457 887 et
484 859 589 887 invisos
613 866 697 887 canes
723 859 779 887 sibi
799 859 908 888 deditos

118 905 283 932 traderent:
299 904 384 939 probe
408 905 499 940 gnari,
520 905 545 932 sl
565 905 609 933 bis
629 905 795 940 potirentur,
812 913 909 941 greges

119 950 180 978 sine
204 950 260 978 ullo
283 951 378 978 labore
397 950 426 978 in
450 950 573 986 ipsorum
590 954 752 986 potestatem
768 951 910 979 redactum

121 996 166 1023 iri.
184 995 242 1023 .lam
266 1003 317 1024 cur
332 995 381 1024 tibi
400 1004 512 1024 narrem
528 997 563 1024 de
583 997 631 1025 illo
652 997 788 1033 Capparo,
805 997 846 1025 vel
862 1006 911 1033 po-

122 1043 178 1069 tius
193 1042 228 1069 de
247 1042 295 1070 illo
311 1041 402 1070 dicam
418 1043 512 1078 templi
528 1041 679 1078 AEsculapil
693 1043 829 1070 custode?
842 1043 910 1071 Nam

121 1095 184 1114 cum
203 1087 296 1122 praedo
315 1088 426 1121 quidam
442 1088 591 1123 sacrilegus
607 1089 677 1116 clam
695 1088 836 1124 ingressus
850 1098 912 1125 pre-

121 1133 269 1161 tiosissima
288 1141 404 1168 qumque
430 1133 564 1167 auferret,
589 1134 667 1161 cauis
692 1134 802 1169 quidem
827 1142 910 1171 quam

121 1180 289 1208 validissima
302 1188 367 1208 voce
382 1180 527 1208 allatrahat
543 1190 550 1208 :
563 1188 660 1209 verum
673 1182 783 1210 aedituis
798 1182 911 1210 minime

121 1227 300 1262 expert-sctis,
324 1227 371 1254 sed
389 1226 510 1262 βῖκόοηὶ
530 1227 648 1262 spatium
667 1227 790 1263 fugiendi
811 1236 911 1256 conce-

122 1273 264 1306 dentibus,
285 1272 343 1308 ipse
358 1273 516 1308 praedonem
532 1278 694 1309 persecutus
709 1279 751 1301 est
769 1282 859 1310 neque
877 1275 912 1302 ab

121 1327 156 1346 eo
173 1326 292 1353 unquam
316 1316 433 1347 destitit.
466 1318 605 1347 Postridie
628 1325 719 1347 autem
735 1326 911 1349 occurrentes

122 1365 244 1401 singulos
267 1364 368 1393 blande
389 1364 556 1400 excipiebat,
583 1365 738 1401 praedonem
761 1373 827 1394 vero
847 1366 912 1394 alla-

123 1411 223 1442 trabat.
239 1415 267 1438 et
283 1415 365 1438 noctu
377 1419 487 1447 quoque
504 1411 693 1439 insectabatur
707 1418 714 1438 :
731 1411 821 1439 donec
836 1412 912 1440 missi

122 1456 156 1483 ad
177 1456 373 1492 inquirendum
395 1463 471 1484 reum
496 1456 635 1488 homines,
659 1456 752 1484 audita
775 1457 802 1484 in
819 1457 862 1485 via
877 1457 913 1485 de

122 1503 200 1530 canis
226 1502 336 1538 negotio
357 1501 501 1536 relatione,
522 1503 680 1537 praedonem
708 1509 857 1538 ceperunt,
883 1510 913 1532 et

123 1553 183 1584 post
198 1555 227 1575 se
244 1547 384 1576 trahentes
396 1548 518 1576 Athenas
529 1548 702 1576 deduxerunt
717 1558 723 1576 :
737 1557 820 1584 quem
835 1549 912 1578 canis

122 1594 201 1621 valde
218 1593 314 1621 hilaris
329 1594 507 1628 sequebatur,
524 1595 675 1629 traphasum
688 1596 775 1623 veluti
788 1596 822 1624 de
835 1596 913 1624 hoste

123 1647 217 1674 agens,
236 1640 424 1674 spectaculum
439 1641 579 1674 egregium
594 1648 626 1667 ac
644 1641 800 1669 videntibus
812 1642 912 1677 jucun-

122 1686 267 1714 dissimum
287 1686 431 1713 exhibens.
450 1686 633 1719 Quamobrem
651 1687 834 1716 Athenienses
849 1687 913 1716 cani

124 1731 234 1766 publica
254 1732 383 1758 alimenta
404 1731 598 1765 decreverunt,
614 1732 724 1761 aedituis
739 1738 770 1760 ut
788 1733 849 1769 ejus
865 1741 913 1762 cu-

124 1785 181 1804 ram
197 1781 325 1812 gererent
339 1777 435 1804 manda
443 1781 513 1806 ntes.
546 1802 556 1807 -

157 1831 186 1859 6.
209 1831 271 1859 llaec
294 1835 425 1867 reputans
448 1832 560 1862 divinus
585 1834 630 1862 ille
653 1834 741 1868 Plato,
765 1835 831 1863 dum
854 1836 914 1864 ido~

124 1885 206 1905 neum
222 1877 340 1912 aliquem
355 1878 550 1912 pulcherrima:
564 1888 620 1907 suae
635 1881 913 1917 stupendissimaaque

122 1923 229 1950 eiiitati
247 1922 389 1958 imponere
410 1925 553 1952 custodem
576 1932 722 1961 quaereret,
747 1936 802 1955 non
819 1928 914 1956 habuit

125 1968 198 1996 unde
212 1968 291 1995 aliter
304 1969 449 2004 imaginem
463 1970 523 2006 ejus
538 1977 669 2005 sumeret,
685 1980 767 2007 quam
782 1981 796 2000 a
813 1981 912 2001 canum

125 2020 234 2041 natura.
256 2013 303 2042 Sic
319 2015 358 2042 ait
375 2015 467 2050 itaque
485 2016 511 2043 in
537 2015 704 2052 Reipubllca:
719 2018 845 2054 dialogis,
865 2027 914 2047 cu-

123 2059 231 2088 stodem
247 2060 419 2090 describens.
445 2071 454 2088 ι
473 2061 656 2090 Existimasne
681 2063 765 2099 igitur
787 2066 913 2100 generosi

124 2106 208 2134 catuli
236 2110 265 2134 et
290 2106 390 2135 nobilis
417 2107 598 2136 adolescentis
629 2113 767 2142 naturam,
794 2111 826 2139 ad
857 2111 913 2139 vim

125 2152 297 2180 custodiendi
318 2153 392 2188 quod
416 2153 524 2184 attinet.
541 2153 674 2182 dill‘erre?
686 2155 756 2189 Quid
769 2156 829 2183 ais?
843 2155 914 2183 Con-

955 216 1019 242 ἄνευ
1036 214 1124 250 θήρας
1143 213 1231 249 μεστὰ
1245 210 1280 249 ἦν
1306 212 1417 239 ἅπαντα
1436 210 1542 246 θηρίων
1555 210 1619 246 τοὺς
1637 209 1748 244 ἀνθρώ-

956 270 1023 293 πους
1036 260 1275 297 κακουργούντων,
1287 260 1334 287 καὶ
1346 256 1630 292 κατακεκλασμένους
1640 258 1670 283 ἐν
1681 255 1749 287 ταῖς

956 309 1051 335 πόλεσι
1068 308 1297 343 πολιορκούντων,
1314 302 1353 335 ὧν
1369 305 1499 333 ἀπάντων
1511 304 1557 331 διὰ
1579 304 1633 330 τῶν
1648 301 1747 330 κυνῶν

957 355 1003 381 καὶ
1016 356 1066 389 τῆς
1084 354 1251 389 κυνηγεσίας
1267 352 1479 387 ἀπηλλάγμεθα.

993 399 1020 428 ι’.
1038 400 1071 428 Τί
1087 400 1115 427 δὲ
1142 400 1212 432 ζῶον
1236 399 1326 427 κυνῶν
1343 396 1596 434 φυλακτικὼτερον,
1622 394 1670 422 καὶ
1690 393 1747 429 τὴν

956 447 1195 482 παρακαταθήκην
1219 445 1374 473 ἀποδιδόναι
1396 444 1574 478 πιστότερον;
1600 442 1650 468 Διὰ
1665 440 1748 467 τοῦτο

957 493 1012 528 γὰρ
1027 494 1081 520 τῶν
1104 493 1209 527 ἀγελῶν
1226 493 1396 527 προϊσταμεν
1420 490 1532 522 αὐτοὺς,
1547 489 1595 516 καὶ
1613 487 1661 520 τὰς
1676 485 1748 520 ἀγέ-

957 540 1004 572 λας
1021 539 1100 566 αὐτοὶ
1117 541 1157 570 εις
1183 539 1269 574 νομὴν
1292 538 1433 572 ἐξάγουσι,
1459 536 1506 563 καὶ
1533 535 1746 571 προπέμπουσι,

958 585 1185 622 προπεμφθείσας
1196 585 1224 612 δὲ
1236 585 1410 619 φυλάττουσι,
1421 583 1604 618 φυλαχθεῐσα;
1616 582 1645 608 δὲ
1655 581 1749 607 ὀπίσω

957 632 1050 659 οἴκαδε
1078 631 1194 665 ἄγουσι·
1219 632 1275 663 τοῖς
1298 630 1348 666 μιν
1365 630 1511 665 προϐάτοις
1535 629 1622 664 ἤπιοι,
1645 629 1701 659 τοῖς
1717 628 1750 654 δὲ

957 676 1050 709 λύκοις
1066 677 1190 713 φοϐεροὶ,
1207 678 1262 709 τοῖς
1277 677 1305 704 δὲ
1318 677 1430 711 ποιμέσι
1448 675 1583 711 πειθήνιοι
1595 682 1603 691 '
1617 675 1665 702 καὶ
1676 674 1748 706 ζών-

958 733 1014 752 των
1031 725 1080 760 μὲν
1093 724 1206 758 τούτων,
1221 723 1273 750 οὐκ
1287 723 1322 749 ἂν
1337 722 1451 757 ἅψαιντο
1466 721 1542 749 λύκοι
1553 721 1666 754 ἀγέλης,
1679 720 1749 746 ἀπο-

960 771 1096 809 θανόντων
1107 771 1136 797 δὲ
1147 770 1252 805 ταχέως
1268 769 1418 796 διέσπασαν
1427 776 1435 784 ·
1450 767 1490 794 διδ
1502 768 1550 794 καὶ
1563 767 1588 793 οἱ
1603 767 1747 793 αἰσώπειοι

960 819 1059 845 ικεῖνοι
1074 817 1163 850 λύκοι,
1190 816 1309 848 σπονδὰς
1323 816 1370 842 καὶ
1386 814 1499 850 ειρήνην
1516 813 1563 841 καὶ
1585 811 1749 848 συμμαχίαν

961 866 1019 898 τοῖς
1035 864 1175 900 ποιμνίοις
1197 863 1368 900 προῦτεινον,
1385 861 1428 896 ἔφ’
1440 859 1462 896 ᾧ
1477 861 1540 892 τοὺς
1552 860 1663 896 τραχεῖς
1676 859 1770 886 tui--

960 917 1022 940 νους
1045 908 1093 934 καὶ
1120 906 1256 942 σκληροὺς
1279 906 1327 933 καὶ
1355 905 1485 941 ἀπεχθεῖς
1513 904 1597 935 κύνας
1621 903 1750 934 ικδότους

960 953 1049 981 ποιεῖν
1062 960 1070 970 ·
1089 953 1120 981 εὖ
1133 952 1246 985 ειδότες,
1260 951 1416 979 ὅτιτούτων
1427 951 1623 987 κρατήσαντες,
1637 950 1749 981 ἀπόνως

959 1001 995 1028 τὰ
1010 1001 1137 1036 πρόϐατα
1158 1000 1336 1036 χειρώσονται
1351 998 1401 1034 (1).
1417 998 1470 1025 Καὶ
1486 997 1513 1024 τί
1529 997 1561 1024 ἀν
1578 1005 1619 1024 σοι
1637 995 1749 1030 λέγοιμι

959 1047 1007 1074 τὸν
1021 1046 1173 1079 Κάππαρον
1188 1046 1292 1072 ἐκεῖνον
1305 1052 1314 1078 ;
1330 1044 1432 1079 μᾶλλον
1449 1042 1477 1069 δὲ
1493 1042 1520 1070 τί
1533 1042 1583 1069 οὐκ
1597 1042 1630 1069 άν
1644 1050 1684 1068 σοι
1700 1042 1749 1068 λέ-

961 1101 1038 1128 γοιμι
1048 1091 1094 1119 τὸν
1104 1091 1211 1126 φύλακα
1221 1090 1268 1118 τοῦ
1277 1091 1329 1117 νεὼ
1339 1090 1386 1117 τοῦ
1396 1088 1560 1125 Ἀσκληπιοῦ
1570 1097 1578 1122 ;
1590 1088 1684 1124 ἐπειδὴ
1694 1088 1750 1124 γὰρ

962 1138 1100 1174 ιε’ρόσυλός
1114 1146 1158 1170 τις
1171 1138 1261 1172 λάθρα
1277 1137 1419 1168 εἰσελθὼν,
1436 1135 1519 1163 ἐσύλα
1532 1136 1566 1162 τὰ
1580 1136 1748 1175 τιμιώτατα,

962 1187 1044 1218 αὐτὸς
1060 1186 1111 1220 μὲν
1133 1185 1196 1211 ὅσον
1209 1183 1301 1219 φωνῆς
1316 1181 1369 1219 ἧκε
1385 1182 1512 1210 ὑλάκτει·
1535 1182 1586 1209 οὒκ
1602 1182 1750 1217 ἐγειρομέ-

962 1243 1015 1260 νων
1028 1233 1056 1259 δὶ
1079 1231 1134 1258 τῶν
1149 1231 1285 1266 ζακόρων,
1311 1229 1370 1257 ἀλλ’
1386 1229 1595 1264 ἀποδιδράσκειν
1619 1228 1658 1264 τῷ
1678 1229 1750 1263 ιεροο

964 1279 1038 1314 σύλῳ
1053 1278 1183 1313 ἀφορμὴν
1204 1277 1371 1309 δεδωκότων,
1395 1276 1489 1303 ἐδίωκε
1515 1275 1561 1303 τδν
1578 1276 1719 1311 ἱερόσυλον
1735 1277 1750 1302 ό

963 1325 1048 1356 κύων,
1066 1322 1194 1350 οὐδέποτε
1209 1321 1425 1357 ἀπολειπόμενος
1441 1318 1524 1347 αὐτοῦ
1538 1327 1546 1335 ο
1564 1320 1624 1356 μεθ’
1641 1320 1750 1356 ἡμέραν

964 1370 1015 1405 μὲν
1037 1370 1102 1401 τοὺς
1124 1369 1169 1396 ἀεὶ
1189 1367 1322 1395 ἑκάστοτε
1337 1367 1518 1401 ἀπαντῶντας
1534 1366 1752 1402 φιλοφρονούμεο

962 1424 1018 1448 νος.
1031 1415 1105 1451 αὐτῷ
1113 1414 1142 1442 δὲ
1156 1414 1196 1450 τῷ
1209 1413 1340 1450 ίεροσύλῳ
1351 1412 1485 1447 ὑλακτῶν,
1500 1413 1596 1446 νυκτὸς
1606 1414 1633 1441 st
1649 1412 1751 1449 ὁμοίως

963 1457 1108 1496 ἑπόμενος,
1132 1460 1212 1496 ἄχρις
1229 1459 1260 1487 οὗ
1275 1460 1300 1486 οί
1316 1459 1364 1486 ἀπὶ
1377 1458 1468 1491 διώξει
1482 1458 1666 1493 πεμφθέντες,
1683 1467 1751 1485 πυν‹
1788 1471 1796 1476 ~

965 1507 1110 1541 θανόμενοι
1132 1505 1194 1532 καθ’
1208 1505 1268 1531 όδὺν
1283 1504 1349 1539 περὶ
1371 1503 1418 1530 τοῦ
1435 1503 1527 1536 κυνὸς,
1543 1504 1589 1530 τὸν
1610 1503 1751 1539 ῐερήσυλον

964 1551 1125 1585 κατέλαϐον,
1138 1552 1186 1578 καὶ
1200 1551 1288 1578 ὀπίσω
1302 1551 1341 1582 είς
1356 1550 1473 1585 ’Λθῆνας
1495 1547 1575 1585 ἦγον,
1592 1550 1622 1577 '0
1635 1550 1662 1578 δὲ
1676 1549 1752 1577 κύων

964 1600 1058 1627 εῐπετο
1082 1599 1155 1634 μάλα
1168 1593 1295 1633 ὶραιδρὺς,
1310 1598 1348 1628 ὼς
1360 1597 1393 1624 ἂν
1412 1598 1436 1624 εἰ
1452 1597 1583 1632 τρόπαιον
1605 1596 1658 1624 ἀπὸ
1673 1597 1752 1624 πολε-

966 1647 1028 1682 μίου
1050 1646 1137 1680 ἄγων,
1156 1645 1247 1679 θέαμα
1273 1644 1416 1672 κάλλιστον
1439 1645 1557 1676 καὶτοῖς
1575 1645 1677 1680 ὁρῶσιν
1693 1644 1752 1680 ἥδι-

965 1699 1029 1719 στον
1044 1691 1185 1726 παρέχων.
1200 1689 1260 1724 Ἐφ’
1275 1686 1298 1725 ᾧ
1318 1691 1344 1716 ol
1358 1690 1497 1726 Ἀθηναῖοι
1521 1690 1560 1725 τῷ
1575 1690 1636 1717 κυνὶ
1653 1689 1750 1724 ἑψηφί-

965 1746 1048 1765 σαντο
1059 1737 1177 1773 δημοσίᾳ
1191 1738 1275 1771 σῖτον,
1298 1737 1347 1764 καὶ
1363 1736 1533 1772 προσέταξαν
1551 1738 1609 1768 τοῖς
1623 1736 1751 1772 ζακόροις

964 1783 1102 1811 ποιεῖσθαι
1115 1783 1199 1821 αὑτοῦ
1215 1782 1374 1818 ἐπιμέλειαν
1390 1781 1439 1817 (2).

999 1833 1039 1863 ς’.
1057 1830 1152 1857 Ταῦτα
1175 1829 1348 1864 λογιζόμενος
1373 1830 1388 1855 ό
1407 1829 1544 1864 δαιμόνιος
1562 1829 1665 1860 ἑκεῖνος
1680 1829 1751 1856 Πλά-

963 1886 1029 1909 των,
1045 1875 1135 1912 ζητῶν
1157 1876 1186 1903 δι
1203 1876 1356 1911 ἐπιτήδειόν
1373 1884 1434 1903 τινα
1450 1877 1482 1912 τῇ
1502 1875 1635 1912 καλλίστῃ
1650 1875 1748 1903 ἑαυτοῦ

964 1923 1012 1951 καὶ
1026 1923 1241 1958 θαυμασιωτάτη
1257 1921 1333 1949 πόλει
1346 1922 1542 1956 ἐγκαθιστάναι
1558 1922 1678 1956 φύλακα,
1697 1923 1748 1948 οἰκ

965 1966 1037 2005 εἶχεν
1062 1969 1124 1996 ὅθεν
1140 1968 1251 1996 ἄλλοθεν
1268 1968 1362 1995 είκόνα
1385 1966 1468 1994 αὑτοῦ
1490 1967 1578 1998 λάϐοι,
1590 1967 1607 2002 ἢ
1632 1967 1685 1994 ἀπὸ
1701 1967 1750 2000 τῆς

963 2015 1019 2042 τῶν
1045 2013 1134 2042 κυνῶν
1148 2013 1255 2048 φύσεως
1267 2021 1276 2030 ο
1302 2013 1377 2047 λέγει
1399 2012 1447 2040 οὖν
1462 2013 1492 2039 ιν
1515 2014 1549 2048 τῇ
1568 2012 1696 2048 Πολιτείᾳ
1710 2013 1747 2048 (3}

964 2061 1124 2097 διαγράφων
1141 2060 1187 2088 τδν
1203 2060 1312 2094 φύλακα
1323 2067 1330 2075 ·
1347 2068 1357 2086 ι
1372 2060 1433 2087 Olet
1447 2057 1494 2086 οὖν
1505 2068 1532 2086 τι
1547 2059 1686 2094 διαφέρειν
1697 2059 1750 2095 φύ-

965 2115 1010 2134 σιν
1025 2107 1151 2141 γενναίου
1166 2100 1313 2138 σκύλακος,
1335 2106 1376 2132 sl:
1393 2105 1528 2141 φυλακὴν,
1546 2105 1689 2133 νεανίσκου
1707 2106 1750 2132 εὐ-

965 2151 1079 2187 γενοῦς;
1094 2152 1124 2179 τὸ
1137 2152 1213 2179 ποῖον
1224 2151 1334 2186 λέγειςς
1349 2148 1405 2178 οἷον
1418 2151 1482 2184 ὀξύν
1497 2159 1528 2177 τε
1542 2150 1594 2178 ποῦ
1606 2151 1647 2178 δεῖ
1659 2151 1749 2178 αὐτοῖν

125 2202 325 2226 sentaneumne
347 2199 384 2226 sit
403 2199 532 2227 videlicet
553 2204 680 2228 naturant
705 2201 850 2237 utriusque
869 2210 909 2230 va-

967 2198 1098 2234 ἑκάτερον
1114 2195 1185 2225 εἶναι
1201 2197 1271 2233 πρὸς
1284 2197 1424 2232 σίσθησιν,
1441 2197 1488 2224 καὶ
1507 2196 1625 2232 ἐλαφρὸν
1640 2199 1709 2232 πρὸς
1721 2197 1750 2224 τὸ

126 2244 193 2275 lere,
211 2249 240 2271 et
256 2244 290 2271 ad
305 2251 415 2272 sensum
427 2252 489 2272 esse
503 2253 640 2281 sagacem.
654 2252 681 2274 ct
693 2247 814 2275 velocem
831 2252 914 2284 atque

125 2287 281 2322 expeditam
299 2288 331 2315 ad
353 2288 379 2316 id
397 2289 470 2323 quod
498 2291 618 2317 sentitur
637 2292 869 2326 persequendum,
886 2297 914 2320 et

127 2339 216 2361 tamen
234 2335 366 2367 validam,
388 2336 412 2363 si
428 2343 497 2371 opus
517 2336 610 2370 fuerit,
625 2338 660 2364 ad
676 2338 885 2366 dimicandum?
901 2347 911 2364 ›

127 2380 161 2406 Et
176 2380 257 2414 paulo
272 2385 334 2415 post
352 2389 359 2408 :
379 2390 388 2406 ι
406 2382 477 2417 Erga
494 2388 575 2410 notos
592 2383 704 2417 quidem
720 2389 748 2410 et
763 2383 914 2412 familiares

126 2431 191 2452 sunt
214 2433 345 2461 perquam
372 2428 508 2456 mansueti
533 2429 651 2464 (canes)
677 2439 683 2456 :
704 2437 767 2465 erga
795 2430 914 2465 ignotos,

127 2473 201 2500 saevi.
222 2472 290 2501 Novi
314 2474 467 2502 enimvero.
488 2475 546 2507 Hoc
568 2483 652 2511 ergo,
673 2476 796 2511 inquam,
821 2477 915 2514 hujus-

127 2517 200 2544 utodi
223 2523 277 2548 est.
294 2523 324 2546 ut
346 2519 404 2546 lieri
422 2519 507 2554 possit
527 2521 692 2553 commode;
709 2529 798 2556 neque
814 2527 913 2557 praeter

127 2567 265 2594 naturam.
279 2563 360 2591 talem
376 2565 519 2592 custodem
539 2565 746 2601 investigamus.
762 2566 821 2594 Non
837 2568 914 2596 vide-

129 2613 182 2635 tur.
201 2608 299 2637 Nonne
312 2615 341 2637 et
363 2600 541 2646 insupcr‘ltoc
558 2600 667 2640 videtur
682 2613 805 2649 indigere
828 2614 852 2642 is
866 2616 913 2650 qui

127 2654 287 2688 dignitatem
300 2662 500 2685 consecuturus
514 2662 567 2691 est,
583 2663 613 2685 ut
629 2664 728 2694 praeter
740 2667 823 2694 quam
839 2660 913 2696 quod

129 2701 277 2730 iracundus
293 2710 354 2730 esse
368 2703 478 2736 debeat,
492 2709 588 2732 natura
607 2713 720 2741 quoque
735 2707 825 2740 sagaci
843 2714 913 2741 pra!-

126 2745 202 2774 ditus
224 2748 460 2782 sitiQuomodo?
476 2750 582 2786 inquit;
607 2758 661 2779 non
686 2751 759 2779 cnim
780 2752 912 2788 intelligo.

167 2803 206 2873 (η
226 2804 254 2831 lu
265 2793 390 2834 editione
402 2807 439 2834 cl.
458 2807 545 2836 Furiae
556 2809 614 2836 tab.
631 2808 722 2837 ccxt.

167 2837 195 2871 (2
227 2838 263 2865 Ex
277 2839 435 2873 Plutarcho,
455 2843 492 2869 Dr
505 2845 661 2871 animalium
677 2845 722 2872 δοίη

166 2837 206 2873 (2)
227 2838 263 2865 Ex
277 2839 435 2876 Plutarcho,
455 2843 492 2869 Dr
505 2845 661 2871 animalium
677 2845 797 2872 solertia.

964 2244 1160 2280 αἰσθανόμενον
1187 2244 1315 2275 διώκειν,
1342 2243 1390 2270 καὶ
1423 2242 1532 2278 ίσχυρδν
1561 2240 1594 2270 αὖ
1627 2243 1675 2269 ἐὰν
1703 2242 1748 2277 δέῃ

965 2292 1060 2319 ἑλόντα
1085 2290 1266 2326 διαμάχεσθαι
1279 2299 1287 2323 ;
1301 2291 1356 2317 Καὶ
1381 2290 1451 2325 μετὰ
1463 2289 1563 2324 μικρόν
1573 2297 1581 2304 '
1596 2288 1681 2316 Οἶσθα
1697 2290 1748 2324 γάρ

965 2347 1016 2365 που
1032 2337 1086 2365 τῶν
1104 2339 1238 2372 γενναίων
1250 2338 1351 2370 κυνῶν,
1369 2337 1410 2363 ὅτι
1426 2336 1505 2363 τοῦτο
1520 2336 1601 2371 φύσει
1615 2335 1707 2364 αὐτῶν
1721 2335 1750 2361 τδ

963 2382 1039 2419 ἦθος.
1056 2383 1128 2419 Πρὸς
1140 2383 1190 2417 μὲν
1203 2383 1265 2415 τοὺς
1280 2383 1404 2417 συνήθεις
1414 2382 1461 2408 καὶ
1474 2382 1630 2417 γνωρίμους
1642 2381 1680 2412 ὡς
1694 2378 1749 2407 οἷον

964 2430 1136 2466 πρᾳοτάτους
1156 2427 1247 2457 εἶναι’
1267 2429 1336 2465 πρὸς
1354 2428 1382 2455 δὲ
1405 2428 1469 2460 τοὺς
1491 2428 1619 2462 ἀγνῶτας
1640 2427 1749 2454 τούναν-

965 2477 1040 2509 τίον;
1067 2474 1128 2504 οἶδα
1143 2477 1250 2512 μέντοι.
1269 2475 1357 2503 Τοῦτο
1384 2475 1434 2509 μὲν
1452 2475 1517 2509 ἄρα,
1537 2472 1571 2509 ἦν
1587 2473 1609 2499 δ’
1623 2473 1688 2506 ἐγὼ,
1706 2473 1751 2499 δι-

965 2524 1045 2551 νατόν
1056 2533 1062 2539 -
1079 2524 1126 2551 κα)¹
1138 2523 1170 2550 οὐ
1182 2523 1259 2559 παρὰ
1282 2522 1362 2556 φύσιν
1383 2520 1531 2556 ζητοῦμεν,
1547 2519 1668 2546 τοιοῦτον
1681 2516 1750 2545 si.“

964 2571 1010 2597 τὶν
1025 2570 1134 2605 φύλακα
1144 2577 1151 2585 ·
1168 2570 1217 2596 οὒκ
1233 2566 1405 2602 ἔοικεν.”Λρ“
1417 2565 1464 2594 οὖν
1479 2576 1521 2593 σοι
1533 2566 1606 2593 δοκεῖ
1622 2564 1662 2591 ἔτι
1674 2564 1749 2591 τοῦδε

964 2617 1141 2653 προσδεῖσθαι
1163 2617 1177 2643 ό
1206 2614 1358 2650 φυλακικὸς
1388 2613 1527 2648 ἐσόμενος,
1553 2612 1622 2647 πρὸς
1648 2614 1679 2639 τὸ
1705 2611 1750 2637 θυ-

966 2664 1072 2698 μοειδῆ,
1091 2663 1133 2688 ἔτι
1163 2662 1231 2697 πρὸς
1249 2660 1380 2694 γενέσθαι
1409 2659 1555 2694 φιλόσοφος
1580 2657 1629 2692 τὴν
1651 2656 1750 2691 φύσιν;

965 2709 1025 2740 Πῶς
1039 2709 1083 2740 δὴ,
1100 2708 1172 2743 ἔφης
1188 2707 1218 2734 οὐ
1243 2707 1298 2741 γὰρ
1311 2706 1410 2733 ἰννοιῖν
1428 2705 1475 2732 καὶ
1490 2704 1580 2734 τοῦτο.
1596 2701 1630 2738 ἦν
1647 2702 1669 2729 δ’
1686 2701 1750 2736 ἐγὼ,

965 2757 993 2783 ἐν
1008 2755 1063 2787 τοῖς
1077 2755 1142 2781 κυσὶ
1156 2752 1280 2787 κατόψει,
1295 2752 1310 2779 ὃ
1324 2753 1371 2779 καὶ
1383 2751 1459 2785 ἀξιον
1484 2750 1624 2784 θαυμάσαι
1641 2747 1688 2776 τοῦ
1705 2747 1752 2784 θη-

1000 2812 1039 2848 (5)
1060 2812 1136 2840 Plato
1156 2811 1192 2839 Dc
1205 2818 1259 2845 rep.
1279 2810 1327 2838 lib.
1345 2818 1372 2842 ιι,
1390 2809 1435 2838 ed.
1453 2809 1499 2836 cit.
1517 2815 1542 2843 p.
1560 2807 1623 2834 575.
