1909 3053
111 124 163 157 995

764 119 814 150 ΤΠ
821 118 962 150 EODORI
982 115 1091 147 GAZAE

1698 111 1757 143 996

111 177 181 205 eilite
195 174 448 209 benevolentiaque
465 173 598 209 exempla,
619 180 704 208 pauca
725 182 740 201 e
755 173 847 200 multis
863 173 905 200 in-

974 171 1048 203 νιλίας
1065 170 1231 203 xui-silvam;
1245 170 1329 198 ὄντων
1343 170 1395 196 τῶν
1412 168 1657 205 παραδειγμάτων,
1671 169 1755 203 ὀλίγα

110 223 232 258 sigmora
258 219 486 248 memorabimus.
505 219 671 255 Lysimacho
696 221 773 246 cunis
793 218 904 246 nomine

111 266 254 302 Hyrcanus
266 263 328 298 fuit,
342 263 465 299 quicum
478 270 511 291 eo
527 263 629 298 pariter
643 263 723 291 obiit.
737 263 820 290 Canis
834 263 905 290 alius

111 319 175 339 eum
191 311 274 338 idiota
288 309 411 343 homine,
428 309 474 336 cui
494 315 595 336 nomen
615 308 750 344 Pyrrhus,
767 316 906 336 contuier-

113 365 177 387 tuus
193 362 235 385 est
251 365 259 385 :
274 357 375 385 etenim
392 356 529 384 exstincto
545 355 668 388 domino,
693 356 727 383 ab
745 355 804 390 ejus
826 355 906 382 cada-

111 412 176 432 vere
187 403 311 432 abstrahi
325 411 379 431 non
391 403 499 439 potuit;
512 407 540 431 ct
551 403 598 431 illo
611 403 639 430 in
654 410 750 437 rogum
767 401 905 436 impasito,

112 452 188 479 canis
206 451 233 478 in
256 451 383 478 eumdem
409 450 525 483 insiluit,
554 457 672 485 cumque
692 457 726 476 eo
748 448 907 476 combustus

113 505 167 527 est.
187 499 270 526 Caelio
289 498 412 526 Romano
429 497 546 533 patricio
560 497 636 525 canis
655 504 705 524 ceu
726 496 838 523 domino
855 502 907 523 suo

113 546 288 574 defensorem
321 553 350 572 se
379 545 505 580 praebuit,
533 551 712 579 pugnansque
741 547 823 578 caput
848 542 908 577 ejus

114 592 252 628 amputari
269 599 323 619 non
342 591 417 623 sivit,
436 590 526 617 donec
549 593 577 617 et
594 590 651 624 ipse
665 589 700 616 ab
722 586 908 616 interfectori-

113 639 165 666 bus
187 639 259 665 ictus
281 636 363 665 simul
385 636 528 664 occubuit.
551 635 763 663 Atheniensium
780 635 907 662 universo

113 684 216 719 populo
230 684 258 711 in
277 690 361 711 naves
383 681 598 714 conscendentc,
625 689 686 709 cum
700 680 844 717 Xantippi,
860 681 907 715 qui

111 730 192 765 pater
207 729 258 757 luit
271 728 393 761 Perielis,
406 728 481 756 canis
498 727 525 755 in
541 727 632 755 navim
649 727 812 755 inscendere
832 726 904 753 haud

113 776 261 811 potuisset,
288 775 315 802 in
336 782 412 802 mare
432 781 461 802 se
489 774 601 810 dejecit,
630 777 658 801 ct
684 773 746 800 navi
773 773 907 800 adnatans

117 822 282 850 Salaminam
303 830 390 857 usque
406 822 498 850 labore
517 822 642 855 tolerato,
660 822 753 849 statim
772 823 798 848 in
815 821 907 849 littore

116 868 274 903 exspiravit.
287 868 410 902 Pyrrhus
426 875 474 895 rex
491 868 519 895 in
535 868 634 895 itinere
646 868 767 896 occurrit
783 869 844 895 caui
860 869 907 903 qui

117 914 221 942 domini
247 913 375 942 cadaveri
401 914 428 941 in
451 914 494 942 via
521 915 679 942 assistebat.
704 914 819 950 Captum
845 922 910 950 ergo

117 968 213 988 canem
228 960 257 987 in
273 960 399 987 custodia
416 960 522 992 habuit,
539 960 627 988 donec
642 960 794 988 exercitum
815 969 910 987 recen-

118 1013 202 1039 sens,
227 1010 333 1033 astante
355 1006 410 1040 regi
434 1013 521 1039 eane,
546 1006 591 1033 hic
615 1014 679 1042 erga
705 1007 774 1034 alios
798 1006 909 1041 quidem

119 1052 229 1087 quietus
245 1052 307 1083 fuit,
321 1051 370 1079 sed
385 1059 448 1079 mox
466 1052 532 1080 visis
547 1052 651 1079 domini
672 1052 910 1085 interfectoribus.

119 1099 146 1126 in
163 1105 210 1126 eos
233 1098 314 1125 irruit
330 1106 391 1125 cum
415 1098 534 1126 clamore
547 1103 574 1125 et
595 1098 707 1130 latratu,
726 1106 796 1134 sarpe
811 1099 844 1126 ad
865 1107 910 1126 re-

119 1154 179 1182 gem
201 1151 288 1174 semet
309 1151 486 1179 convertens,
506 1146 533 1173 iu
551 1150 656 1173 tantum
674 1152 704 1174 ut
726 1147 912 1181 przesentibus

119 1192 225 1227 ipsique
248 1192 305 1227 regi
327 1191 514 1227 suspicionem
532 1192 566 1219 de
588 1192 643 1219 illis
660 1192 794 1227 injiceret.
813 1193 913 1224 Quam—

119 1237 213 1265 obrem
239 1237 310 1272 capti
341 1237 468 1265 homines
493 1241 522 1265 et
548 1237 718 1270 excruciati,
747 1239 850 1265 catdem
883 1245 912 1265 se

120 1285 218 1312 iecisse
234 1284 352 1313 confessi
374 1290 450 1317 sunt,
468 1291 618 1319 pennasque
640 1284 761 1317 luerunt,
779 1292 847 1312 cane
862 1285 912 1312 do-

120 1330 187 1359 mini
215 1338 310 1359 necem
339 1330 498 1358 ulciscente.
540 1329 636 1358 Simile
678 1338 792 1366 prorsus
815 1331 914 1359 fecisse

121 1381 236 1404 narrant
252 1375 364 1404 llesiodi
389 1383 498 1408 canem,
515 1376 561 1411 qui
578 1381 664 1410 poem
679 1375 818 1404 occisores
839 1376 912 1404 imii-

121 1423 203 1450 cavit.
225 1421 316 1449 Titum
346 1421 480 1449 Sabinum
508 1429 522 1449 a
547 1421 678 1450 Romanis
704 1423 859 1456 conjectum
885 1423 912 1450 in

121 1468 230 1495 vincula
247 1475 296 1495 ceu
314 1468 450 1503 supplicio
467 1468 622 1502 addictum,
639 1469 715 1496 canis
740 1470 799 1504 ejus
820 1477 835 1496 ιι
852 1477 912 1497 ear-

957 219 1010 246 ἀπδ
1039 217 1144 245 πολλῶν
1173 220 1207 244 τὰ
1236 217 1428 253 ἐπισημότατα
1461 216 1753 251 ἁπομνημονεύωμεν.

958 265 1109 300 Λυσιμάχῳ
1126 265 1175 299 μὲν
1187 263 1233 291 οὖν
1247 263 1286 299 τῷ
1302 263 1408 298 βασιλεῖ
1420 265 1432 289 ὀ
1447 262 1522 289 κύων
1537 262 1671 298 Ὑρκανὸς
1688 270 1756 288 συν-

957 311 1077 338 απέθανε
1095 310 1145 347 (1).
1174 310 1350 338 Συναπέθανε
1365 309 1393 337 δὲ
1409 310 1456 336 καὶ
1471 309 1563 344 ἰδιώτῃ
1578 309 1631 335 τινὶ
1648 308 1756 344 Πύρρῳ

957 357 1077 392 τοῦνομα
1096 359 1110 384 ό
1135 357 1209 384 κύων
1222 365 1229 372 ’
1250 357 1434 389 ἀποθανόντος
1459 356 1514 391 γὰρ
1537 356 1585 384 τοῦ
1604 356 1753 389 δεσπότου,

958 403 1134 431 ἀποσπᾶσθαι
1149 403 1197 430 τοῦ
1214 404 1313 439 νεκροῦ
1329 404 1380 430 ούκ
1400 403 1534 439 ἠδυνήθη,
1552 403 1599 430 καὶ
1619 405 1652 439 τῇ
1673 404 1755 438 πυρᾷ

958 449 1132 480 ἐπιτεθέντος
1150 448 1194 475 ἐπ’
1227 450 1313 484 αὐτὴν
1337 448 1423 484 ἥλατο
1449 450 1496 474 καὶ
1523 448 1752 482 συγκατεκαύθη.

958 495 1018 521 Τῶν
1035 495 1064 522 δὲ
1083 494 1228 529 Ῥωμαίων
1243 496 1325 528 τινος,
1343 495 1457 522 Καιλίου
1469 495 1600 529 τοῦνομα,
1615 495 1753 530 εὐπατρί-

957 542 1004 569 δου
1020 543 1033 568 6
1053 540 1128 568 κύων
1151 541 1349 577 ὑπερασπίζων
1368 541 1415 568 τοῦ
1439 541 1571 567 δεσπότου
1589 542 1635 568 καὶ
1664 542 1755 576 {usp-

960 589 1123 624 μαχόμενος,
1139 588 1188 614 οὐκ
1204 588 1280 615 εἴασε
1295 587 1345 623 τὴν
1359 587 1481 623 κεφαλὴν
1505 589 1666 623 ἀποτεμεῖν,
1685 589 1754 623 πρὶν

959 636 1006 662 καὶ
1022 635 1103 667 αὐτὸς
1127 634 1179 661 ὑπὸ
1193 635 1247 661 τῶν
1263 636 1367 669 φονέων
1385 634 1569 662 συναπέθανε.
1590 635 1649 661 Τῶν
1668 636 1754 671 Ἀθη-

959 681 1042 708 ναίων
1065 681 1202 716 πανδημεὶ
1220 681 1260 713 εἰς
1284 681 1334 713 τὰς
1361 680 1426 712 ναῦς
1446 681 1599 716 ὲμὸάντων,
1627 682 1722 716 ἐπειδη
1741 683 1756 708 ὁ

958 727 1118 754 Ξανθίππου
1143 726 1190 753 τοῦ
1210 726 1374 762 Περικλέους
1399 727 1504 761 πατρὸς
1525 727 1597 754 κύων
1617 728 1657 759 εἰς
1687 728 1755 754 ναῦν

959 773 1076 808 ἐμϐῆναι
1092 773 1142 800 οὺκ
1159 773 1292 808 ἠδυνήθη,
1319 773 1358 804 εἰς
1384 773 1523 801 θάλασσαν
1539 774 1629 809 ¹ἥλατο
1656 775 1702 802 καὶ
1716 776 1753 810 σῇ

960 818 1004 853 νηῒ
1035 819 1264 855 παρανηχόμενος
1290 819 1354 854 ἄχρι
1373 819 1528 853 Σαλαμῖνος
1550 820 1754 855 ἐκαρτέρησεν,

960 862 993 900 ἧς
1007 865 1106 897 ὲπιϐἁς
1118 864 1329 901 ἑλειποψύχησε.
1343 865 1453 901 Πύρρος
1467 866 1481 891 ὁ
1497 865 1625 900 βασιλεὺς
1637 867 1755 902 πορευό-

961 920 1042 947 μενος
1072 912 1184 947 ἐνέτυχε
1213 912 1274 938 καθ’
1295 912 1354 939 όδδν
1375 913 1437 938 κυνὶ
1468 913 1514 939 ’ςόν
1543 913 1590 939 τοῦ
1620 914 1755 940 δεσπότου

961 959 1058 992 νεκρδν
1075 958 1271 994 δορυφοροῦντι
1283 967 1290 974 ·
1306 958 1398 985 λαϐὼν
1414 958 1442 985 δὲ
1458 959 1504 986 τὸν
1520 959 1589 986 κύνα
1606 959 1755 993 ἐφύλαττε.

962 1005 1041 1040 ἄχρις
1065 1005 1094 1032 οὗ
1125 1005 1156 1031 τὸ
1175 1005 1371 1041 στρατιωτικὸν
1398 1005 1544 1038 ἐξετάζων,
1563 1008 1698 1041 παρόντος
1713 1007 1756 1042 τῷ

963 1052 1129 1086 βασιλεῖτοῦ
1147 1052 1240 1086 κυνὸς,
1272 1052 1354 1083 αὐτὸς
1374 1053 1419 1078 ἐπὶ
1444 1052 1494 1087 μὲν
1511 1053 1566 1084 τοῖς
1580 1053 1670 1085 ἄλλοις
1687 1054 1757 1088 ήσιο

963 1097 1023 1132 χίαν
1042 1095 1122 1133 ἦγεν,
1141 1097 1213 1132 ὁρῶν
1236 1097 1264 1124 δὲ
1281 1098 1344 1130 τοὺς
1365 1098 1413 1124 τοῦ
1436 1098 1566 1126 δεσπότου
1588 1100 1688 1133 φονέας
1708 1100 1756 1127 καὶ

962 1143 1106 1178 αὐθέντας,
1132 1144 1176 1170 ἐπ’
1203 1144 1302 1176 αὐτοὺς
1330 1144 1433 1180 ἔδραμε
1460 1146 1529 1180 μετὰ
1556 1148 1681 1181 κραυγῆς
1707 1148 1756 1173 καὶ

963 1190 1099 1225 ὑλαγμοῦ,
1115 1190 1248 1222 πολλάκις
1268 1192 1337 1227 πρὸς
1354 1191 1400 1218 τὸν
1424 1191 1538 1226 βασιλέα
1564 1195 1757 1228 μεταστρεφό-

965 1245 1057 1271 μενος,
1070 1236 1140 1263 ὥστε
1152 1237 1270 1271 ὑποψίαν
1279 1237 1412 1273 παρέχειν
1422 1239 1479 1269 τοῖς
1488 1239 1608 1273 παροῦσι
1616 1241 1696 1275 πᾶσι,
1710 1241 1757 1266 καὶ

964 1283 1038 1318 αὐτῷ
1057 1283 1085 1310 δὲ
1102 1284 1141 1319 τῷ
1167 1283 1273 1318 βασιλεῖ
1297 1285 1357 1310 κατ’
1371 1284 1471 1320 αὐτῶν.
1495 1286 1541 1311 Διὸ
1557 1285 1758 1321 συλληφθέντες

963 1332 989 1358 οἱ
1017 1331 1159 1367 ἄνθρωποι
1186 1331 1233 1357 καὶ
1262 1330 1484 1366 βασανιζόμενοι,
1509 1331 1689 1367 ὡμολόγησαν
1711 1334 1758 1359 τὸν

965 1379 1046 1412 φόνον
1061 1377 1246 1412 πεπραχέναι,
1266 1377 1313 1403 καὶ
1328 1377 1407 1412 δίκην
1423 1378 1529 1411 ἔδοσαν,
1548 1380 1627 1410 κυνὸς
1645 1379 1691 1405 τὸν
1707 1378 1757 1406 τοῦ

964 1424 1095 1450 δεσπότου
1110 1423 1225 1449 θάνατον
1245 1423 1490 1458 τιμωρησαμένου.
1515 1426 1712 1461 Παραπλήσιον
1730 1426 1758 1452 δὲ

966 1471 1013 1498 καὶ
1027 1470 1072 1496 τὸν
1083 1469 1130 1496 τοῦ
1150 1469 1275 1495 Ἡσιόδου
1292 1469 1360 1496 κύνα
1376 1472 1557 1506 πεποιηκέναι
1571 1474 1664 1507 φασὶν,
1681 1473 1760 1508 ἐλέγ-

123 1521 185 1541 cere
213 1513 285 1549 abigi
306 1514 462 1541 nullatenus
487 1514 588 1548 potuit.
612 1513 735 1549 Cumque
758 1515 855 1542 Sabini
871 1524 914 1543 ca-

974 1517 1050 1549 ξαντα
1066 1516 1128 1547 τοὺς
1145 1515 1191 1542 τοῦ
1208 1515 1322 1550 ποιητοῦ
1351 1515 1525 1552 αὐτόχειρας.
1545 1518 1625 1545 Τίτου
1641 1519 1756 1546 Σαόίνου

123 1559 208 1587 (laver
221 1560 248 1586 in
266 1559 413 1587 Gemonias
434 1559 522 1587 scalas
540 1559 638 1587 fuisset
659 1560 823 1595 projectum.
840 1561 916 1589 canis

123 1613 189 1633 cum
203 1613 346 1641 nunquam
372 1604 504 1637 deseruit,
520 1605 675 1641 lugubriter
691 1605 840 1634 admodum
858 1607 918 1634 ulu-

124 1652 184 1679 lans
215 1659 308 1678 coram
335 1651 429 1678 multis
454 1651 676 1686 spectatoribus;
700 1659 817 1687 quorum
846 1660 917 1681 unus

124 1704 188 1724 cum
202 1695 227 1724 ei
247 1703 346 1731 panem
366 1695 522 1731 objeeisset,
539 1696 585 1723 ille
599 1696 633 1723 ad
650 1696 812 1725 defunctum
834 1698 917 1726 detu-

126 1744 167 1772 lit.
191 1742 231 1770 Λᾶ
258 1744 411 1769 extremum
437 1742 572 1770 cadavere
598 1743 625 1770 in
652 1743 774 1772 Tiberim
798 1744 917 1779 abjeeto,

126 1789 226 1825 dejeeit
241 1796 271 1816 se
286 1788 352 1816 illuc
368 1788 450 1815 etiam
472 1788 557 1822 canis,
574 1789 690 1817 cadaver
703 1794 873 1825 sustentans,
889 1797 918 1819 et

127 1841 178 1870 pro
197 1833 301 1861 viribus
315 1833 454 1865 attollens,
477 1833 623 1861 innumero
639 1839 781 1869 spectante
798 1843 917 1864 summe—

127 1887 181 1915 que
195 1879 347 1907 admirante
364 1879 476 1914 populo.

164 2014 191 2041 9.
211 2013 290 2046 Quod
302 2019 370 2040 vero
385 2013 467 2040 etiam
483 2013 638 2041 animosum
652 2017 680 2042 et
692 2022 801 2050 pugnax
815 2015 917 2043 animal

129 2059 205 2087 canis
228 2060 275 2092 sit,
292 2058 493 2087 demonstravit
513 2059 682 2087 Albanorum
707 2067 763 2094 rex,
781 2060 865 2088 misso
883 2061 917 2089 ad

129 2105 314 2134 Alexandrum
338 2105 534 2141 magnitudinis
558 2105 664 2133 eximia:
686 2114 774 2139 cane;
797 2114 851 2142 quo
871 2114 919 2134 rex

131 2152 282 2180 delectatus
298 2159 392 2178 ursum
411 2151 449 2179 illi
465 2155 493 2179 et
510 2150 612 2179 deinde
625 2159 720 2188 aprum
733 2153 762 2179 in
777 2157 918 2180 certamen

131 2197 233 2232 objecit
246 2204 254 2223 :
267 2196 316 2232 qui
338 2203 401 2223 cum
416 2203 464 2223 eas
480 2195 586 2224 belluas
600 2202 806 2231 aspernaretur,
829 2205 919 2233 neque

131 2250 225 2272 secum
249 2242 366 2278 praeliari
382 2241 478 2277 dignas
497 2241 642 2277 iudicaret,
658 2243 744 2271 iratus
763 2244 919 2272 Alexander

131 2295 229 2317 canem
244 2288 332 2316 occidi
348 2287 442 2322 jussit.
458 2287 497 2316 Re
512 2288 661 2323 intellecta,
681 2290 853 2318 Albanorum
872 2299 918 2319 rex

132 2336 217 2364 alium
245 2335 331 2366 misit,
358 2334 544 2362 Alexandrum
563 2330 748 2368 monens/ne
774 2338 802 2363 in
830 2339 920 2373 parvis

108 2368 112 2397 ἒ
132 2380 231 2409 belluis
241 2379 459 2415 experimentum
470 2379 545 2407 illius
558 2378 671 2413 faceret,
684 2380 732 2408 sed
746 2381 773 2408 in
786 2368 865 2409 leone
879 2383 919 2410 rel

111 2416 293 2462 ‘elephanto.
319 2425 404 2461 Igitur
423 2425 499 2453 canis
524 2430 580 2452 tum
608 2426 728 2460 leonem,
754 2433 810 2456 tum
838 2429 920 2464 paulo

134 2479 196 2510 post
222 2473 305 2501 etiam
331 2472 508 2507 elephantum
536 2473 686 2507 prostravit
713 2481 775 2501 cum
801 2475 920 2504 mirabili

134 2515 284 2560 Alexapd‘ri
302 2520 331 2543 et
348 2516 495 2543 astantium
519 2517 642 2544 omnium
659 2517 809 2553 voluptate.
827 2520 921 2549 Testes

135 2562 215 2592 nobis
233 2567 297 2590 sunt
313 2561 396 2590 etiam
415 2560 610 2590 Garamantum
628 2570 711 2592 canes
729 2573 736 2592 ἲ
754 2566 856 2593 etenim
871 2567 922 2594 du-

171 2652 210 2689 (l)
227 2651 285 2680 lloe
295 2649 476 2689 et_sequentia
492 2651 622 2689 pleraque
635 2653 758 2688 exempla
773 2661 922 2684 sumuntur

135 2685 332 2717 ex'Ptutarcbi
350 2687 421 2714 libro
445 2685 665 2715 De’anim'alium
685 2685 812 2721 solertia,
835 2696 863 2718 et
888 2700 922 2720 ex

136 2723 281 2759 Pliniolib.
298 2729 359 2759 vnt,
378 2722 423 2750 61.
439 2721 591 2759 Narrantur
607 2731 704 2750 canum
721 2724 826 2759 aliquot
840 2727 923 2755 inim-

138 2759 204 2794 bilia
219 2758 292 2785 facta
310 2757 482 2794 etiam»ap_u>d
500 2757 531 2785 S.
548 2759 730 2794 Augustinum
749 2757 774 2787 ni
794 2768 922 2790 sermone

137 2793 173 2820 de
182 2798 282 2828 sancto
297 2792 420 2827 apostolo
437 2792 551 2826 Thema,
567 2792 648 2828 quem
667 2802 715 2823 nos
739 2796 765 2822 in
791 2795 922 2827 Vaticano

137 2827 234 2855 codice
246 2827 463 2854 observavimus.

969 1564 1021 1591 ὑπὸ
1042 1563 1188 1598 Ῥωμαίων
1209 1563 1249 1593 είς
1264 1563 1377 1598 εἱρκτὴν
1392 1564 1559 1598 ἐμπεσόντος
1573 1566 1610 1598 ὡς
1623 1567 1758 1603 κολασθη-

969 1609 1096 1645 σομένον,
1115 1610 1129 1635 ὁ
1151 1609 1225 1636 κύων
1249 1609 1377 1636 οὐδέποτε
1405 1611 1608 1639 ἀπελαύνεσθαι
1634 1614 1684 1648 τῆς
1701 1615 1758 1649 εἱρ-

967 1655 1035 1690 κτῆς
1053 1655 1173 1690 ἠδυνήθη
1183 1662 1192 1672 ⁸
1211 1655 1251 1686 είς
1265 1655 1294 1682 δὲ
1307 1655 1370 1687 τοὺς
1383 1655 1540 1691 Γεμωνίους
1555 1658 1695 1693 κλίμακας
1709 1661 1757 1687 τοῦ

968 1700 1066 1737 νεκροῦ
1078 1700 1231 1737 ῥιφθέντος,
1247 1701 1375 1728 οὐδέποτε
1391 1702 1476 1729 αὐτοῦ
1491 1704 1667 1737 ἀπελείπετο,
1684 1707 1757 1741 μάλα

968 1747 1073 1781 γοερῶς
1091 1747 1227 1779 ὀλολύζων
1243 1748 1272 1773 ὲν
1288 1747 1397 1779 πολλοῖς
1411 1748 1531 1781 θεαταῖς,
1549 1745 1587 1776 ὧν
1600 1751 1660 1783 ἑνὸς
1675 1752 1758 1787 ἄρτον

969 1792 1211 1827 προσενεγκόντος,
1228 1793 1242 1819 ὁ
1267 1793 1341 1819 κύων
1366 1791 1406 1827 τῷ
1425 1793 1516 1828 νεκρῷ
1542 1795 1685 1830 παρέδωκε
1711 1797 1758 1830 φέ-

969 1847 1034 1874 ρων.
1050 1837 1132 1870 Τέλος
1144 1838 1174 1865 δὲ
1189 1837 1238 1866 τοῦ
1254 1838 1352 1872 νεκροῦ
1364 1838 1404 1870 εἰς
1419 1838 1464 1866 τὸν
1480 1839 1590 1876 Τίϐεριν
1606 1841 1758 1876 ἐμϐληθέν-

968 1891 1025 1916 τος,
1042 1883 1205 1916 συνεξέπεσε
1219 1884 1288 1911 καὶὸ
1304 1883 1377 1911 κύων
1390 1884 1437 1911 τὸν
1452 1885 1548 1920 νεκρὸν
1560 1887 1755 1921 ἐπικουφίζων,

969 1930 1017 1957 καὶ
1042 1930 1071 1957 τὸ
1099 1930 1137 1961 εις
1153 1930 1250 1957 ἑαυτὸν
1277 1927 1346 1966 ἧκον
1366 1931 1449 1965 μέρος
1466 1932 1562 1967 αἴρων,
1588 1934 1757 1968 μυριάνδρου

969 1976 1090 2011 πλήθους
1104 1976 1244 2011 θεωμένου
1259 1978 1307 2004 καὶ
1325 1977 1585 2013 ὑπιρθαυμάζοντος
1602 1980 1652 2014 (2).

1005 2023 1037 2051 θ’.
1055 2024 1116 2051 Ὀτι
1141 2033 1173 2058 γε
1191 2024 1246 2059 μὴν
1271 2024 1394 2059 ἀνδρεῖον
1417 2024 1465 2051 καὶ
1486 2025 1607 2060 μάχιμον
1631 2026 1662 2053 τὸ
1676 2027 1756 2060 ζῶον,

971 2070 1090 2102 ἐδίδαξεν
1113 2071 1127 2096 ό
1155 2070 1211 2097 τῶν
1237 2070 1373 2098 Ἀλῦᾱνῶν
1391 2069 1531 2104 βασιλεὺς,
1548 2070 1660 2106 πέμψας
1690 2074 1758 2108 πρὸς

976 2115 1152 2151 Ἀλέξανδρον
1167 2115 1238 2143 κύνα
1252 2116 1442 2151 ὑπερμεγέθη,
1458 2114 1535 2152 ᾦτιερ
1551 2117 1643 2153 ἡσθεὶς
1656 2119 1670 2144 ό
1684 2119 1759 2154 βασι-

971 2162 1032 2193 λεὺς
1050 2161 1162 2195 ἄρκτον,
1175 2159 1236 2188 εἶτα
1249 2161 1279 2188 δὲ
1301 2162 1417 2197 κάπρον,
1435 2164 1475 2194 εἰς
1492 2164 1583 2203 μάχην
1599 2165 1736 2192 ὲκτέθεικε
1749 2173 1757 2182 ο

972 2207 1069 2234 τούτου
1083 2207 1106 2234 δ’
1126 2207 1315 2243 ὑπερορῶντος
1334 2209 1369 2235 τὰ
1389 2208 1472 2244 θηρία
1488 2210 1535 2236 καὶ
1555 2211 1605 2237 οὐκ
1622 2211 1758 2247 ἀξιόμαχα

972 2253 1139 2287 νομίζοντος,
1167 2253 1308 2288 ὀργισθεὶς
1337 2255 1351 2280 ό
1384 2254 1559 2290 Ἀλέξανδρος
1588 2257 1759 2284 ἀποκτείνειν

971 2298 1108 2325 ἐκέλευσε.
1132 2299 1285 2333 Πυθόμενος
1301 2300 1330 2327 δὲ
1349 2300 1430 2327 τοῦτο
1449 2302 1462 2327 ὁ
1486 2301 1541 2328 τῶν
1560 2302 1698 2329 ’Δλὸανῶν
1711 2303 1758 2338 βα-

973 2343 1073 2378 σιλεὺς,
1105 2344 1228 2380 ἐπεμψεν
1253 2346 1356 2380 ἕτερον,
1378 2347 1498 2375 κελεύων
1515 2349 1560 2375 τὸν
1585 2349 1758 2384 Ἀλέξανδρον

973 2391 1070 2425 πεῖραν
1094 2391 1144 2418 οὐκ
1173 2393 1203 2419 ὲν
1232 2395 1345 2428 μικροῖς
1373 2395 1509 2421 ποιεῖσθαι
1539 2395 1629 2430 ζώοις,
1652 2397 1712 2424 ἀλλ’
1730 2399 1758 2424 ὲν

972 2435 1060 2463 λέοντι
1076 2438 1124 2464 καὶ
1133 2438 1260 2473 ἐλέφαντι
1274 2447 1280 2454 ·
1295 2440 1441 2475 τοιγαροῦν
1456 2441 1470 2468 ὁ
1481 2441 1554 2468 κύων
1564 2443 1611 2469 τόν
1623 2452 1651 2469 τε
1667 2444 1758 2470 λέοντα

974 2482 1021 2509 καὶ
1037 2483 1107 2525 μετὸι
1125 2484 1224 2520 μικρὸν
1244 2485 1290 2512 τὸν
1305 2485 1441 2521 ἐλέφαντα
1464 2487 1610 2521 κατέὃαλε,
1626 2489 1757 2525 ἡδομένου

975 2522 1130 2564 θαυμαστὸν
1153 2531 1215 2558 ὅσον
1234 2530 1281 2558 τοῦ
1302 2532 1491 2570 ’ᾼλεξάνδρου,
1512 2533 1560 2560 καὶ
1582 2522 1692 2561 πάντων
1707 2537 1757 2562 τῶν

975 2575 1175 2611 συμπαρόντων
1195 2577 1244 2612 (5).
1269 2578 1446 2614 Μαρτυροϋσι
1462 2579 1490 2606 δὲ
1506 2579 1545 2615 τῷ
1569 2580 1640 2617 λόγῳ
1663 2581 1690 2607 οἱ
1707 2582 1758 2610 Ινῶν

1011 2662 1049 2698 (’2)
1071 2662 1182 2699 Legesis
1194 2664 1228 2692 de
1244 2665 1337 2693 Sabini
1354 2674 1422 2694 cane
1437 2667 1555 2695 Plinium
1571 2668 1619 2696 lib.
1642 2677 1701 2702 vnt,
1715 2671 1756 2698 οι.

974 2697 1172 2735 Ειξονοιοῐοιη
1195 2708 1305 2735 quoque
1329 2702 1450 2730 tabulam
1479 2705 1556 2731 canis
1574 2705 1628 2732 vidi
1655 2697 1758 2733 domini

973 2734 1090 2770 cadaver
1103 2734 1269 2770 protegentis
1286 2737 1320 2764 ab
1336 2737 1426 2764 avium
1441 2744 1548 2766 voratu.

1012 2768 1049 2803 (5)
1072 2768 1107 2806 De
1132 2768 1230 2806 hoc'et
1258 2773 1438 2806 Sequentibus
1460 2774 1585 2802 scribunt
1609 2776 1714 2805 Plinius
1731 2782 1758 2805 et

974 2802 1137 2832 Plutarchus
1151 2805 1177 2832 in
1197 2805 1273 2833 libris
1294 2802 1440 2841 prmdictis.
1609 2802 1618 2804 '
