1909 3053
168 102 244 152 iam

765 124 814 154 DE
834 121 996 153 OBlGlNE
1017 122 1241 158 TURCARUM.

1087 82 1140 106 ᾳ

1740 124 1809 160 1002

181 180 295 214 μασθε¹ς
309 180 434 215 Πλήθων,
444 181 516 217 ἀνὴρ
531 182 649 218 μάλιστα
664 182 719 210 τῶν
734 182 796 209 καθ’
807 183 881 217 ἡμᾶς
894 181 956 215 δόξα

1025 179 1132 214 Ρίθιὴο,
1165 182 1212 217 qui
1231 182 1306 210 hisce
1334 183 1435 211 nostris
1450 183 1619 218 temporibus
1632 191 1687 219 prae
1702 184 1807 212 caneris

181 225 300 260 Ιστορίας
321 227 541 260 ἀντιποιεῖσθαι,
559 229 795 263 Παροπαμισάδας
817 227 886 255 εἶναι
905 228 967 259 τοὺς

180 271 318 306 Τούρκους
348 275 440 308 φησιν,
460 274 506 301 ὑπ’
523 275 699 310 Ἀλεξάνδρου
715 275 744 302 δὲ
759 274 807 302 τοῦ
822 275 967 308 Φιλίππου,

179 318 226 344 καὶ
252 318 308 345 τῶν
335 319 398 354 μετ’
426 320 534 348 ἑκείνου
566 321 702 356 Ἐλλήνων
728 321 968 353 ἔπιϐουλευθέντας

177 363 224 389 καὶ
239 364 437 399 κρατηθιντας,
451 366 591 402 πάρεργον
603 368 653 401 τῆς
663 368 704 400 εἰς
718 367 815 400 Ἰνδοὺς
828 369 886 395 τότε
898 377 968 403 παρ-

177 410 256 441 όδου,
287 410 365 442 δίκας
392 412 441 439 νῦν
465 412 510 440 διὰ
535 414 643 448 μακροῦ
671 414 889 446 πολλαπλασίους
911 415 967 442 τῶν

177 456 363 492 ὑπηργμένων
377 459 553 494 εἰσπράττειν
564 460 627 491 τοὺς
647 460 792 495 Ἕλληνας.
802 461 884 487 Ὥστε
898 460 965 487 πολὺ

176 499 248 529 οὗτοι
265 504 446 536 διαφωνοῦσιν
461 505 595 540 ἀλλήλων,
614 506 666 540 εἴγ’
679 507 694 533 ό
712 506 762 542 μὲν
778 506 833 534 ἀπὸ
849 507 964 534 Καυκά-

177 556 242 580 σου,
261 549 274 574 ό
294 549 323 574 δὲ
343 549 397 576 ἀπὸ
419 550 618 586 Παροπαμισοῦ
638 552 712 585 λέγοι
731 552 886 587 ὁρμηθῆναι
901 552 966 584 τοὺς

176 595 325 630 Τοὺρκους.
342 597 428 631 Δῆλον
444 598 499 634 γὰρ
515 599 557 626 ὅτι
576 600 683 633 Σκύλαξ
702 600 847 627 Καύκασον
863 601 964 636 ὀνομάο

176 642 218 672 ζει
237 642 268 669 ob
285 643 330 669 τὸν
348 644 402 670 ἀπὸ
418 645 582 673 Μακεδόνων
614 646 748 681 κληθέντα
764 646 872 678 ἀτόπως
888 647 964 674 Καύ-

177 695 260 715 κασον
285 690 348 724 περὶ
374 690 423 725 τὴν
444 691 558 726 Ἰνδικὴν
586 692 668 727 μέρος
692 693 758 719 ὄντα
783 694 829 720 τοῦ
855 694 963 729 Ταύρου

174 735 271 769 ὅρους,
298 737 366 763 ἀλλὰ
390 738 422 764 τὸ
445 738 646 773 ὑπερκείμενον
670 740 732 774 ὅρος
757 741 804 767 τοῦ
831 737 963 775 πελάγοῖθς

175 781 306 817 ἐκατέρου
323 782 368 809 τοῦ
385 791 414 809 τε
429 784 560 811 Ποντικοῦ
575 784 681 812 καὶτοῦ
697 786 821 813 Κασπίου
837 787 964 822 διατειχί-

175 827 221 859 ζον
234 828 279 854 τὸν
296 828 392 864 ἰσθμὸν
407 829 453 856 τὸν
469 830 625 865 διείργοντα
642 831 711 858 αὐτὰ
723 852 729 863 ,
748 832 795 858 καὶ
812 832 899 866 διέχον
913 833 963 864 τῆς

179 874 292 910 Ἰνδικῆς
307 875 416 907 πλείους
429 876 445 911 ἣ
460 877 642 912 τρισμυρίους
657 878 792 910 σταδίους,
806 878 884 905 τοῦτο
898 887 960 905 συνε

174 919 248 954 ήθως
269 921 348 947 καλεῖ
367 921 524 950 Καύκασον.
546 923 743 959 Παροπαμισὸς
764 924 791 950 δὲ
816 925 898 959 μέρος
915 925 961 952 τοῦ

173 966 281 1002 Ταύρου
300 968 359 994 ἔστι
376 968 444 1004 πρὸς
462 969 501 1003 τῷ
521 970 605 1005 Ὶμάῳ
622 972 670 997 καὶ
686 972 718 1005 τῇ
737 970 852 1006 Ἰνδικῇ,
873 972 918 1005 ἀφ’
931 969 961 998 οὗ
975 984 978 985 ν

171 1013 331 1045 Μακεδόνας
357 1015 542 1050 ὡρμημένους
568 1017 609 1048 είς
633 1016 681 1052 τὴν
705 1017 818 1052 Ἰνδικὴν
842 1018 962 1052 Ἀριστό-

172 1059 268 1091 δουλος
291 1060 415 1095 εἴρηκεν.
430 1052 522 1088 Ἐοικε
548 1061 576 1089 δὲ
598 1063 762 1097 παραλόγως
786 1064 869 1090 ταῦτα
891 1063 961 1098 1]λὴ-

171 1104 236 1131 θωνι
252 1105 389 1140 εἰρῆσθαι,
407 1107 454 1133 καὶ
470 1106 515 1133 ἐπὶ
532 1107 562 1134 τὸ
591 1108 813 1143 θαυμασιώτερον
829 1108 845 1144 ἢ
863 1109 960 1142 ἀληθέ-

172 1159 277 1184 στερον.
302 1150 370 1178 υΰτε
396 1152 451 1187 γὰρ
474 1153 528 1179 τῶν
555 1154 608 1188 πρὸ
633 1153 716 1180 αὐτοῦ
742 1154 852 1189 εἴρηκεν
874 1154 961 1186 οὐδεὶς

171 1196 246 1229 ἔθνος
260 1197 335 1224 οὐδὲν
348 1198 402 1224 τῶν
417 1199 659 1234 Παραπαμισαδῶν
673 1199 822 1235 Τούρκους,
836 1200 852 1235 ἦ
867 1200 961 1236 ἕτερόν

169 1252 195 1269 τι
213 1243 266 1269 τῶν
279 1244 411 1278 σύνεγγυς
428 1245 579 1280 ὀνομάτων,
597 1245 654 1272 οὔτ’
666 1246 777 1273 ἄλλοθέν
796 1246 876 1273 ποθεν
894 1256 959 1282 μετ-

170 1288 322 1322 οικισθῆναι
341 1290 381 1321 εἰς
396 1290 596 1325 Παραπαμισδν
619 1291 769 1326 Τούρκους.
780 1292 821 1318 Ὀὐ
837 1293 892 1326 μὴν
905 1293 959 1319 οὐδ’

171 1334 242 1365 εἰκὸς
266 1334 432 1370 Μωαμέτην,
453 1336 565 1370 Περσῶν
587 1337 715 1371 ἄρχοντα,
738 1338 908 1373 πολεμοῦντα
931 1339 959 1366 δὲ

170 1379 239 1414 πρὸς
256 1379 445 1411 Βαϐυλωνίους
463 1381 510 1407 καὶ
529 1380 626 1412 Ἰνδοὺς
638 1401 645 1413 ,
664 1381 792 1416 πρέσϐεις
809 1382 872 1417 περὶ
889 1391 957 1417 συμη

171 1424 272 1459 μαχίις
294 1424 415 1459 πέμπειν
432 1425 468 1457 ὡς
491 1426 723 1461 [lupo-tramisisse
743 1427 860 1462 ὁμόρους
878 1428 959 1460 δντας

177 1470 266 1502 Ἰνδοῖς
276 1491 283 1502 ,
300 1471 327 1497 εἰ
341 1480 366 1497 τι
384 1471 425 1498 δεῖ
439 1471 558 1499 Σκύλακι
573 1473 714 1500 πιστεύειν
725 1493 732 1506 ,
748 1473 785 1505 ὡς
800 1474 958 1509 Μωαμέτης

1024 227 1168 255 historiam
1195 228 1248 255 sibi
1273 228 1382 256 videtur
1411 235 1565 263 arrogasse,
1582 227 1808 263 Paropamisadas

1019 281 1078 301 esse
1109 273 1213 302 Turcas
1236 274 1347 307 latetur,
1364 275 1397 301 ab
1426 275 1581 303 Alexandro
1604 274 1722 309 Philippi
1751 274 1807 301 ﬁlio

1020 319 1177 355 Gra‘eisque
1190 320 1264 348 .aliis
1283 321 1331 356 qui
1356 328 1418 349 eum
1434 328 1467 348 eo
1485 320 1649 353 militabant,
1665 312 1713 355 per
1738 319 1807 346 insi-

1018 366 1079 394 dias
1102 371 1198 402 captos
1223 372 1252 394 et
1268 367 1401 399 devictos,
1427 375 1457 395 re
1475 366 1661 401 perfunctorie
1681 370 1709 394 et
1724 365 1803 400 quasi

1017 410 1090 438 aliud
1101 411 1209 445 agenti,
1225 411 1291 438 dum
1311 412 1337 439 in
1349 412 1431 439 Indos
1456 411 1646 445 contenderet,
1667 410 1803 443 factitata,

1016 465 1092 485 nunc
1111 462 1171 492 post
1188 463 1226 485 tot
1238 466 1336 491 annos,
1362 466 1469 493 pinnas.
1486 459 1573 486 multo
1587 459 1804 487 sbundantiores

1017 511 1219 539 perpessorum.
1239 511 1253 530 ιι
1270 504 1372 532 Graecis
1393 512 1511 532 sumere.
1533 504 1623 537 Quare
1640 504 1668 532 hi
1687 505 1803 532 multum

1017 549 1089 577 inter
1107 557 1137 577 se
1151 550 1294 583 ditl'erunt,
1310 558 1372 577 eum
1388 551 1432 578 ille
1449 551 1560 586 quidam
1579 559 1595 578 e
1610 550 1742 581 Caucaso.
1758 551 1804 578 hic

1015 604 1030 623 a
1059 595 1236 630 Paropamiso
1265 596 1524 631 Turcasserttpisse
1549 597 1660 624 referat.
1693 596 1805 624 Manife-

1014 647 1087 670 stum
1101 642 1236 677 siquidem
1255 647 1307 674 cst,
1337 643 1478 678 Scylacem
1503 651 1557 670 non
1574 651 1638 671 eum
1665 643 1803 677 appellare

1014 688 1168 716 Caucasum
1187 694 1320 723 montem,
1343 697 1424 724 quem
1443 694 1546 717 temere
1561 689 1587 716 in
1612 689 1686 716 ludia
1703 689 1739 716 ita
1755 696 1803 716 vo-

1014 743 1110 763 cavrre
1139 735 1313 768 Macedones,
1330 737 1375 770 qui
1393 742 1456 770 pars
1471 735 1556 763 Tauri
1570 735 1669 763 montis
1685 738 1737 768 est,
1755 734 1804 762 sed

1013 789 1088 813 eum,
1114 782 1160 816 qui
1180 789 1255 809 mare
1272 786 1433 815 utrumque,
1454 782 1598 810 Ponticum
1612 787 1640 810 et
1662 781 1802 816 Caspium,

1013 827 1210 861 supereminet,
1227 831 1255 854 et
1272 827 1333 854 loco
1348 827 1420 854 muri
1435 832 1489 860 est,
1507 827 1601 855 Isthmi
1622 827 1708 854 maria
1722 834 1802 861 sepa-

1016 872 1112 904 rantis,
1134 872 1266 906 ahestque
1284 873 1319 900 ab
1330 872 1410 900 India
1422 873 1518 901 stadiis
1532 873 1594 908 plus
1612 873 1725 908 triginta
1741 872 1804 899 mil-

1014 914 1097 946 libus.
1120 918 1198 945 Hunc
1213 918 1269 951 ille,
1287 923 1317 946 ut
1329 923 1357 946 et
1368 919 1430 947 aliis
1444 919 1471 947 in
1489 926 1566 947 more
1581 922 1634 951 est,
1648 918 1801 946 Caucasum

1013 970 1104 991 vocat.
1135 962 1330 998 Paropamisus
1345 972 1410 992 vero
1435 972 1499 999 pars
1511 964 1594 992 Tauri
1614 968 1666 998 est,
1686 964 1760 992 lmao
1775 969 1804 991 et

1013 1007 1096 1036 ludia:
1111 1009 1264 1042 proximus,
1278 1016 1311 1036 ex
1326 1017 1382 1043 quo
1400 1009 1575 1042 Macedones,
1589 1013 1618 1036 ut
1626 1009 1804 1038 Aristobulus

1013 1056 1107 1088 refert,
1123 1055 1227 1082 Indiam
1247 1055 1384 1082 invasere.
1410 1055 1474 1083 Haec
1492 1060 1584 1083 autent
1599 1059 1699 1090 praeter
1718 1055 1802 1083 ratio-

1012 1109 1074 1129 nem
1091 1110 1106 1128 a
1123 1101 1256 1129 Plethone
1269 1101 1342 1128 dicta
1356 1108 1418 1129 esse
1431 1101 1581 1135 videntur;
1597 1101 1698 1136 quibus
1710 1101 1801 1128 admi-

1013 1149 1146 1176 rationem
1175 1147 1266 1182 potius
1295 1150 1407 1182 captat,
1432 1155 1516 1181 quam
1541 1147 1686 1174 veritatem
1714 1147 1800 1173 limat.

1012 1194 1105 1229 Neque
1118 1193 1193 1221 enim
1208 1193 1346 1228 quispiam
1362 1198 1426 1220 ante
1443 1193 1531 1228 ipsum
1558 1198 1667 1229 gentem
1684 1192 1801 1227 Paropa-

1013 1237 1181 1265 misadarum
1210 1237 1329 1272 aliquam
1359 1237 1475 1272 Turcas,
1499 1237 1541 1265 vel
1567 1237 1641 1265 aliud
1658 1237 1798 1273 quidpiam

1011 1284 1197 1319 proximorum
1211 1283 1353 1313 hominum
1361 1289 1459 1318 genus,
1477 1291 1567 1318 neque
1582 1284 1693 1311 aliunde
1704 1284 1798 1311 sedem

1011 1334 1161 1361 mutantes,
1178 1329 1205 1356 in
1231 1328 1410 1363 Paropamiso
1431 1328 1527 1364 pedem
1545 1328 1648 1361 ﬁxisse,
1664 1331 1797 1358 narravit.

1010 1376 1081 1410 Quin
1110 1377 1164 1403 imo
1189 1384 1278 1411 neque
1305 1381 1520 1404 consentaneum
1551 1380 1604 1410 est,
1621 1375 1795 1410 Moametem,

1006 1416 1154 1450 Persarum
1167 1423 1330 1458 principem,
1347 1430 1409 1450 cum
1432 1422 1589 1458 Babyloniis
1609 1427 1637 1449 et
1652 1422 1727 1449 indis
1745 1430 1797 1458 pu-

1010 1473 1148 1504 gnantem,
1165 1476 1179 1496 a
1206 1468 1438 1504 Paropamisadis,
1459 1468 1533 1496 Indis
1548 1468 1684 1500 ﬁnitimis,
1701 1468 1798 1504 legatis

169 1515 245 1542 ταῦτ’
258 1516 451 1549 ἐπρεσϐεύετο.
474 1516 544 1543 Ἀλλ’
561 1517 743 1553 εὐλογώτερον
761 1519 792 1545 τὸ
810 1519 887 1553 παρὰ
903 1519 956 1546 τῶν

1010 1515 1111 1548 missis,
1142 1515 1245 1542 auxilia
1274 1515 1398 1549 petiisse,
1417 1516 1440 1542 si
1464 1515 1574 1550 quidem
1595 1514 1701 1551 Scylaei
1730 1514 1798 1543 ﬁdes

170 1561 272 1597 μεταξὺ
285 1562 426 1596 Τανάϊδος,
442 1556 552 1598 καὶτῆς
567 1563 714 1598 ’Υρκανίας
730 1564 869 1600 θαλάσσης
883 1565 959 1600 οἰκη-

168 1608 254 1643 τόρων
268 1609 430 1644 συμμαχίαν
443 1609 554 1644 αἰτῆσαι
571 1611 618 1637 καὶ
632 1611 736 1637 λαὸεϊν.
751 1611 782 1637 ΕΙ.
797 1611 826 1638 δὲ
841 1611 957 1647 Πλήθων

167 1655 255 1681 οἴεται
269 1655 398 1682 Σκύλακα
414 1655 521 1690 ἀγνοεῖν
534 1656 621 1683 ταῦτα
636 1658 683 1685 καὶ
697 1656 858 1692 ψεύδεσθαι,
873 1657 957 1684 πόθεν

168 1701 246 1732 εἰδὼς
261 1702 341 1732 αὐτὸς
359 1702 506 1736 ἀληθεύει,
525 1702 637 1737 μηδενδς
656 1703 711 1729 τῶν
729 1704 846 1739 πρόσθεν
862 1704 955 1731 εἰπόν-

167 1755 225 1779 τος,
245 1747 286 1773 ὅτι
312 1747 539 1780 Παροπαμισάδαι
564 1749 588 1774 οι
613 1748 731 1783 Τοῦρκοι
757 1750 873 1784 sine“;
897 1751 955 1782 πῶς

167 1800 232 1818 ποτε
246 1793 269 1819 δ’
281 1792 460 1827 ἀπεκαλύφθη
477 1793 552 1828 αὐτῷ
566 1793 683 1828 τάληθὲς
696 1796 884 1829 τετρακοσίοις
898 1796 955 1822 ἔτε-

169 1847 211 1866 σιν
233 1837 346 1873 ὕστερον
367 1837 414 1865 τοῦ
437 1838 577 1870 Σκύλακος
598 1839 755 1874 γενομένῳ;
777 1841 832 1867 Καὶ
855 1841 908 1876 μὴν
930 1842 954 1868 εί

167 1885 229 1916 τοὺς
248 1885 287 1919 τῷ
309 1884 397 1920 χρόνῳ
418 1885 558 1920 ἐγγυτέρῳ
574 1885 629 1911 τῶν
647 1886 773 1921 πράξεων
791 1887 954 1921 γενομένους

166 1931 237 1963 εἰκὸς
255 1931 354 1965 μᾶλλον
368 1931 402 1957 τὰ
418 1931 484 1957 ὄντα
498 1931 623 1966 φράζειν,
641 1931 746 1965 Σκύλαξ
765 1932 865 1967 μᾶλλόν
880 1942 906 1959 τι
921 1933 954 1960 av

166 1978 243 2010 είδὼς
259 1977 386 2012 ἀληθεύοι
401 1979 588 2012 τετρακοσίοις
604 1977 676 2004 ἔτεσι
694 1979 836 2014 Πλήθωνος
853 1988 953 2015 προγε-

166 2024 289 2058 νέστερος
306 2023 352 2049 ὧν.
368 2023 444 2057 Ἔχει
459 2023 486 2049 δέ
503 2031 528 2049 τι
545 2023 701 2058 θαυμαστὸν
717 2025 730 2050 ό
745 2024 791 2051 τοῦ
809 2025 953 2060 Πλήθωνος

165 2069 253 2102 λόγος,
268 2069 292 2095 εἰ
308 2068 548 2100 ἐπιϐουλευθέντες
562 2077 592 2095 τε
608 2069 654 2095 καὶ
670 2070 852 2105 κρατηθέντες
868 2071 952 2098 πάλαι

165 2115 217 2141 ὑπὸ
247 2115 302 2141 τῶν
334 2118 400 2149 περι
432 2114 606 2150 Ἀλέξανδρον
631 2116 877 2151 Παροπαμισάδαι,
905 2117 951 2144 νῦν

163 2160 363 2195 ὸιιτακοσιοστῷ
374 2161 420 2186 καὶ
433 2161 558 2196 χιλιοστῷ
569 2161 630 2187 iis-re
636 2170 680 2196 ρον
691 2162 745 2189 ἔτει
756 2163 920 2198 είσπράττου
926 2173 959 2190 σι.

163 2207 241 2240 δίκας
264 2207 318 2233 τῶν
342 2207 526 2242 ὑπηργμένων
549 2208 610 2238 τοὺς
623 2208 766 2244 Ἕλληνας.
792 2210 874 2245 Δίκην
897 2211 951 2246 γάρ

163 2262 223 2280 τινα
240 2254 286 2279 καὶ
304 2254 433 2286 πρόλοιαν
451 2254 507 2281 τοῖς
527 2253 682 2288 ἀνθρώποις
701 2255 837 2291 ὑπάρχειν
854 2258 886 2283 ὲκ
903 2258 950 2284 τοῦ

163 2299 241 2326 Θείου
258 2300 271 2325 δ
288 2298 366 2332 λόγος
379 2298 464 2333 δηλοῖ.
483 2299 517 2324 Τί
534 2307 598 2325 ποτε
619 2300 643 2325 δ’
655 2301 685 2326 οὺ
709 2301 828 2336 Πέρσαις
849 2303 950 2337 μᾶλλον

161 2346 269 2380 διέφερε
289 2346 342 2376 τοῖς
360 2345 533 2380 ἀφαιρεθεῖσι
552 2347 601 2380 τὴν
619 2347 668 2381 τῆς
689 2348 783 2379 Ἀσίας
801 2350 949 2384 ἡγεμονίαν

162 2390 237 2421 δίκας
251 2391 426 2422 εἰσπράττειν
439 2390 500 2421 τοὺς
514 2390 707 2424 ἀφελομένους,
721 2391 736 2426 ἦ
753 2393 950 2428 Παραπαμισά-

161 2434 224 2467 δ1ς;
241 2435 292 2461 Καῖ
308 2435 366 2469 ἅμα
380 2435 409 2461 τὸ
423 2435 536 2469 ἀρχαῖον
550 2435 603 2461 τῶν
617 2436 745 2470 Τούρκων
760 2437 846 2472 ὄνομα
863 2439 950 2474 ὑπάρ-

162 2489 209 2515 χον
239 2481 410 2519 ἐγΠέρσαις
437 2480 620 2516 πιθανώτερον
653 2482 685 2508 ἂν
711 2483 799 2510 ἐποίει
824 2485 949 2520 Πλήθωνι

161 2527 207 2552 τὶν
221 2525 309 2559 λόγον.
325 2525 403 2560 "Qui.
415 2526 469 2560 γὰρ
482 2524 532 2560 τὴν
547 2525 665 2560 Περσίδα
678 2526 751 2562 ἔθνη,
767 2527 834 2553 οἵτε
850 2528 949 2554 lla-rs:-

162 2572 269 2606 σχορεῖς
286 2571 439 2605 λεγόμενοι,
457 2571 505 2597 καὶ
521 2572 544 2597 oi
563 2571 762 2606 Ἀχαιμενίδαι,
782 2573 829 2599 καὶ
845 2573 946 2607 Μάγοι,

160 2616 232 2644 οὗτοι
258 2617 307 2651 μὲν
331 2616 431 2651 σεμνοῦ
454 2625 525 2648 τινος
548 2617 605 2651 βίου
626 2617 765 2652 ζηλωταί·
779 2619 896 2654 Κύρτιοι
920 2620 948 2646 δὲ

161 2663 207 2689 καὶ
222 2656 332 2697 Μαραοὶ
348 2663 499 2698 λῃστρικοί.
513 2660 552 2690 Ἦ
566 2665 606 2690 ὅτι
623 2665 729 2700 Πέρσαι
744 2666 836 2697 κακῶς
850 2666 948 2701 ’Ἐλλη-

160 2717 208 2740 νας
221 2709 354 2743 πρότερον
367 2704 558 2744 ττεποιηκότες,
572 2710 682 2742 δικαίως
697 2711 926 2739 ἀντιπεπόνθασιν
938 2721 946 2745 ;

160 2754 227 2780 ἀλλὰ
247 2754 272 2780 τί
295 2762 360 2786 ποτε
380 2754 409 2780 οὐ
433 2755 624 2791 Βακτριανοῖς,
645 2757 691 2782 καὶ
713 2757 878 2790 Σογδιανοῖς,
901 2760 947 2785 καὶ

164 2799 290 2834 Ἀρείοις,
310 2800 356 2826 καὶ
375 2800 513 2830 πλείστοις
532 2800 635 2827 ἔθνεσιν
654 2801 742 2833 ἄλλοις
764 2805 946 2838 σωφρονεστέ-

159 2853 214 2878 (.otc
236 2845 492 2879 Παραπαμισαδῶν,
513 2845 584 2881 ειπερ
604 2846 778 2882 ’Λλέξπινδρος
799 2848 946 2883 κατεστρέ-

1009 1561 1163 1589 adhibenda
1189 1567 1241 1594 est,
1271 1561 1317 1596 qui
1342 1561 1505 1588 Moametem
1534 1561 1633 1588 similia
1660 1561 1797 1596 legatione

1010 1611 1128 1634 tentasse
1143 1606 1239 1634 scribit
1255 1615 1262 1634 :
1280 1607 1328 1634 sed
1349 1607 1541 1634 rationabilius
1556 1611 1610 1640 est,
1629 1607 1664 1634 ab
1682 1607 1726 1640 iis,
1746 1607 1794 1641 qui

1009 1653 1080 1680 inter
1109 1652 1258 1680 Tanaidem
1275 1656 1304 1680 et
1332 1652 1488 1687 Hyrcanum
1515 1659 1590 1679 mare
1619 1652 1796 1688 interiacent,

1008 1706 1088 1734 opem
1110 1699 1273 1734 implorasse
1298 1703 1326 1726 et
1355 1699 1503 1734 reperisse.
1529 1699 1629 1726 Verum
1648 1699 1670 1726 si
1699 1697 1796 1726 Pletho

1008 1744 1158 1780 Scylacem,
1194 1752 1286 1772 rerum
1314 1745 1410 1772 harum
1442 1745 1575 1778 nescium,
1607 1745 1675 1772 falsa
1702 1744 1796 1772 dicere

1006 1792 1155 1822 existimat,
1176 1791 1316 1818 undenam
1334 1791 1394 1825 ipse
1411 1791 1556 1818 veritatem
1572 1791 1704 1818 hauriens
1715 1791 1810 1830 colli-v

1008 1846 1075 1872 mat,
1089 1849 1150 1868 cum
1165 1848 1248 1868 nemo
1259 1845 1323 1867 ante
1339 1840 1439 1874 ipsum,
1453 1839 1679 1875 Paropamisadas
1690 1840 1795 1868 Tureas

1006 1887 1101 1918 fuisse,
1129 1886 1218 1914 fassus
1240 1887 1299 1914 sit?
1323 1887 1466 1914 Undenam
1488 1887 1550 1921 ipsi,
1578 1886 1794 1920 quadringentos

1006 1940 1094 1960 annos
1110 1937 1172 1967 post
1191 1933 1331 1968 Scylacem
1349 1937 1424 1964 nato,
1440 1933 1543 1960 veritas
1564 1932 1700 1959 innotuit?
1715 1932 1794 1966 Quod

1006 1977 1028 2006 si
1044 1985 1102 2011 eos,
1117 1978 1164 2012 qui
1181 1976 1265 2004 rebus
1282 1978 1368 2012 gestis
1382 1977 1565 2011 proximiores
1579 1977 1668 2009 fuere,
1691 1985 1735 2004 res
1747 1985 1791 2012 ge-

1005 2029 1070 2057 stas,
1097 2023 1135 2050 uti
1156 2028 1360 2055 suceesserunt,
1379 2023 1507 2058 prosequi
1527 2023 1705 2050 verisimilius
1729 2028 1791 2057 est;

1005 2070 1085 2105 plane
1102 2069 1210 2105 Scylax,
1230 2077 1291 2096 cum
1313 2069 1472 2096 Plethonem
1486 2069 1697 2105 quadringentis
1710 2070 1791 2097 annis

1005 2117 1186 2153 prtecesserit,
1216 2115 1302 2151 magis
1332 2123 1423 2143 rerum
1447 2115 1630 2150 cognitionem
1654 2115 1790 2150 attigisse,

1005 2163 1122 2198 ideoque
1136 2163 1244 2190 veriora
1264 2162 1367 2194 dicere,
1386 2162 1493 2189 censeri
1508 2161 1601 2189 debet.
1622 2161 1656 2189 Et
1678 2162 1789 2197 quidem

968 2201 989 2228 D
1004 2209 1071 2236 illud
1090 2208 1189 2235 mirum
1203 2212 1245 2235 est
1263 2208 1289 2234 in
1306 2207 1517 2235 ratiocinatione
1536 2207 1686 2240 Pletbonis,
1701 2208 1789 2241 sijam

1003 2252 1037 2279 ab
1055 2251 1205 2279 Alexandri
1232 2251 1319 2278 milite
1351 2259 1401 2286 per
1428 2251 1542 2279 insidias
1558 2251 1740 2280 circumventi
1757 2261 1789 2281 ac

1001 2297 1072 2332 capti
1087 2296 1315 2332 Paropamisadtn,
1330 2303 1404 2323 nunc
1423 2296 1545 2329 tandem,
1563 2302 1626 2332 post
1643 2297 1789 2333 octingen-

1003 2344 1129 2370 tesimum
1152 2348 1179 2369 et
1194 2343 1367 2370 millesimum
1381 2351 1495 2373 annuat.
1510 2343 1550 2370 ob
1567 2343 1638 2371 hanc
1657 2344 1786 2380 iniuriam
1805 2348 1807 2356 ‘

1001 2389 1164 2424 supplicium
1177 2389 1228 2416 sibi
1243 2394 1382 2416 sumnnta
1397 2389 1508 2417 Graecis.
1524 2389 1699 2417 Providentia
1712 2392 1786 2417 enim
1803 2389 1807 2412 ἵ

1000 2440 1028 2463 et
1042 2435 1149 2470 justitia
1175 2435 1268 2462 divina
1290 2435 1418 2462 mortales
1435 2435 1502 2470 regi,
1522 2435 1640 2464 humana
1663 2437 1732 2464 ratio
1748 2442 1787 2465 te-
1803 2430 1805 2449 ³

1000 2486 1099 2509 statur.
1115 2481 1226 2514 Verum,
1245 2488 1329 2516 quare
1344 2481 1434 2515 potius
1451 2489 1507 2509 non
1523 2486 1663 2516 spectaret
1678 2483 1710 2510 ad
1721 2483 1787 2510 Per-

1000 2534 1055 2559 sas,
1071 2526 1118 2560 qui
1129 2525 1245 2560 imperio
1257 2525 1328 2552 Asiae
1340 2525 1448 2560 spoliati
1464 2531 1537 2559 sunt,
1554 2527 1625 2561 rapti
1636 2527 1786 2555 vindictam

1000 2572 1151 2607 suscipere,
1178 2579 1260 2606 quam
1283 2571 1315 2598 ad
1338 2571 1584 2606 Paropamisadas?
1607 2573 1651 2606 Et,
1672 2581 1734 2600 cum
1754 2582 1786 2602 ea

999 2622 1079 2645 actate
1096 2618 1193 2644 Turca:
1209 2618 1289 2645 inter,
1304 2618 1379 2652 ipsos
1403 2617 1501 2645 Persas
1525 2623 1785 2653 annutnerarentnr,

998 2664 1070 2691 ratio
1085 2664 1226 2691 Pletlmnis
1244 2663 1407 2691 credibilior
1425 2670 1500 2691 esset
1518 2673 1524 2690 :
1539 2665 1632 2699 populi
1647 2665 1784 2700 siquidem

998 2709 1044 2744 qui
1059 2709 1198 2736 Persidem
1205 2710 1343 2742 tenebant,
1356 2715 1432 2736 erant
1445 2709 1682 2743 Patischorenses,
1691 2710 1786 2738 Acha:-

998 2756 1125 2787 utcnidze,
1139 2755 1220 2790 Magi,
1233 2755 1323 2790 gravis
1336 2763 1367 2782 ac
1381 2755 1527 2783 moderattr
1539 2756 1601 2784 vita:
1612 2757 1728 2785 instituti
1741 2764 1784 2785 se-

997 2806 1117 2829 ctatores
1130 2809 1137 2833 ;
1154 2801 1218 2828 item
1231 2801 1315 2836 Cyrtii
1332 2805 1359 2828 ct
1373 2801 1466 2834 ilarai,
1484 2803 1651 2836 praedatores
1664 2811 1696 2830 ac
1711 2803 1783 2832 dire-

999 2852 1099 2883 ptores.
1110 2849 1162 2881 An,
1173 2847 1244 2883 quod
1256 2847 1346 2875 Persa;
1360 2848 1435 2882 prius
1448 2849 1551 2876 Graecis
1566 2850 1681 2878 inaieiici
1691 2850 1777 2883 fuere,
