1892 3066
105 151 172 185 1021

633 151 817 184 NOVELLIE
834 150 1176 186 CONSTITUTIONES.

1664 150 1732 183 1022

137 213 169 241 Et
183 220 206 240 ει
224 212 365 247 auquisde
379 217 455 247 parte
469 212 521 240 mei
538 209 645 247 Imperii
672 213 713 239 vel
743 212 777 240 de
807 216 882 247 parte

971 211 1729 247 τοᾶραφω.............

99 258 351 286 tnedominationis
383 263 508 285 mortuus
536 257 619 286 fuerit
641 259 669 286 in
697 259 786 294 aliqua
815 264 887 285 terre

98 304 153 332 mei
174 303 282 339 Imperii
307 303 348 331 vel
377 308 421 331 lue
450 303 656 336 dominationis,
687 311 731 332 res
763 304 885 331 defuncti

99 350 270 377 ilcbentdari
286 350 435 377 secundum
460 354 582 378 tenorem
601 350 645 378 sui
671 352 827 378 testamentl
860 355 887 378 et

99 403 148 431 per
158 396 341 424 securitatem.
351 396 415 424 Etsi
426 397 486 424 sine
504 400 667 426 testamento
680 402 804 425 mortuus
820 397 886 430 erit.

97 446 126 470 et
141 443 293 470 invenietur
307 442 404 477 aliquis
417 443 451 471 de
483 451 584 478 genere
596 443 638 471 vel
665 443 700 472 de
729 449 809 478 gente
826 450 887 476 sua,

99 489 182 516 debet
199 489 318 524 recipere
334 497 378 517 res
389 489 510 517 defuncti
528 497 577 524 pro
608 495 685 524 parte
711 490 842 518 defuncti.
857 491 889 518 Et

99 533 121 560 si
140 533 241 568 aliquis
254 537 376 562 mortuus
391 534 473 562 fuerit
486 535 547 562 sine
576 540 752 567 testamento,
783 540 811 563 et
835 543 887 563 non

100 578 183 607 fuerit
198 580 323 608 inventus
339 581 365 608 iu
383 586 470 608 morte
483 586 532 608 sua
544 581 643 617 aliquis
659 582 691 609 de
705 589 806 617 genere
832 589 883 610 nec

99 625 133 653 de
149 631 228 662 gente
243 634 304 659 sua,
322 634 365 655 res
382 627 459 655 istius
475 628 576 655 debent
590 628 745 656 conservari
756 635 789 656 ex
808 634 887 664 parte

100 672 183 704 illius.
193 673 270 706 cuius
280 676 351 700 terra
365 677 415 706 est,
426 673 453 701 in
469 682 522 708 qua
534 680 658 702 mortuus
667 675 738 707 erit;
756 674 890 702 etdebent

100 719 177 745 reddi
192 719 242 746 hec
255 726 298 746 res
314 719 366 747 illis
380 719 541 748 hominibus
556 741 564 753 ,
574 721 674 755 quibus
689 721 741 748 alia
764 727 827 756 pars
843 729 891 748 no.

101 765 255 797 tilicaverit.
271 773 318 800 per
335 765 466 800 scriptum
480 769 508 794 et
522 767 711 794 securitatem.

136 811 304 839 Conventum
317 816 359 839 est
372 816 399 838 et
414 812 467 840 hoc
483 821 488 838 :
506 818 556 847 pro
583 812 665 839 rebus
692 816 888 845 mercatorum,

100 857 146 892 qui
161 857 305 893 periclitati
318 862 382 886 sunt
397 857 424 886 ia
443 857 522 886 terris
534 858 586 885 mei
614 857 722 893 Imperii
739 865 753 885 a
785 858 888 892 princi-

101 889 146 938 pio
156 889 241 938 nuper
256 908 393 932 transacto
406 908 511 938 treuge,
526 904 568 932 vel
581 904 627 939 qui
644 889 883 939 periclitati-untur,
906 889 927 916 Β

102 953 129 977 et
141 957 189 985 pro
203 950 263 977 aliis
276 950 432 978 hominibus
446 954 491 978 tue
517 949 713 978 dominationis
746 950 884 977 racionem

102 995 200 1024 fecerit
214 995 360 1030 Imperium
377 1002 466 1023 meum
477 995 673 1024 convenienter
684 1003 751 1031 :que
764 991 888 1024 domina-

102 1041 140 1069 tio
154 1046 198 1069 tua
208 1041 288 1070 debet
300 1041 426 1069 similiter
437 1042 544 1075 operari
573 1041 601 1069 in
616 1041 681 1075 illis,
702 1042 747 1076 qui
780 1042 890 1077 pericli-

102 1089 150 1116 tati
166 1093 229 1116 sunt
245 1088 287 1116 vel
303 1088 531 1123 periclitabuntur
547 1088 575 1116 in
592 1088 643 1116 hoc
663 1092 795 1124 tempore,
817 1097 890 1115 mer—

102 1134 241 1162 catoribus
254 1134 364 1169 Imperii
381 1135 433 1163 mei
449 1135 657 1163 convenienter.

138 1180 309 1208 Conventum
323 1180 447 1209 estinter
463 1181 526 1214 hoc,
559 1181 632 1216 quod
662 1188 712 1209 nec
743 1182 889 1216 Imperium

105 1235 205 1260 meum,
221 1234 309 1262 neque
327 1232 389 1255 tuus
398 1227 554 1262 dispotatus
569 1228 819 1256 habeatlicentiam
835 1227 891 1255 Ior—

105 1283 179 1302 mare
189 1282 338 1310 ypcrperos
356 1276 398 1302 vel
413 1274 594 1307 manuelatos,
608 1280 655 1302 out
672 1280 795 1302 stamena
809 1281 892 1309 cqua~

106 1321 139 1348 lis
149 1321 234 1349 fol-me
246 1321 359 1349 alterius
371 1321 467 1356 partis.

142 1365 275 1393 Convenit
286 1370 313 1393 et
329 1366 381 1393 hoc
391 1374 398 1393 :
409 1366 556 1401 Imperium
568 1374 659 1394 meum
673 1366 808 1400 promisit,
818 1365 891 1401 quod

108 1412 234 1448 usquead
251 1413 473 1447 complimentum
499 1413 620 1447 quinque
651 1420 786 1440 annorum
821 1413 896 1451 pacis

109 1466 160 1486 nec
177 1460 252 1494 galee
267 1466 355 1494 neque
371 1459 511 1487 currentia
528 1459 599 1494 ligna
632 1452 739 1494 Imperii
771 1459 822 1486 mei
851 1459 897 1486 de-

939 259 1078 294 γήσεικιὶ
1095 260 1173 294 ὲνμο
1213 281 1218 287 .
1260 280 1266 287 .
1308 281 1314 287 .
1355 279 1362 287 .
1400 259 1493 295 λώσση
1511 268 1538 286 κ.
1577 280 1584 288 .
1625 280 1632 287 .
1671 281 1679 288 .
1722 281 1728 288 .

939 306 1065 340 ποικίλην
1079 306 1149 332 οὕτω
1164 306 1232 333 Θεοῦ
1248 307 1345 341 σοφίαν
1360 307 1392 333 ἀν
1409 328 1415 334 .
1455 327 1463 334 .
1503 326 1511 334 .
1551 325 1558 333 .
1598 315 1639 333 σει
1653 306 1667 340 ἢ
1683 308 1730 334 καὶ

940 351 979 386 μὴ
991 352 1140 387 χανήσεται
1156 352 1317 386 πολύφωνον
1333 353 1466 388 ἁρμονίαν
1484 354 1512 380 ὲν
1530 354 1672 388 μουσικοῖς
1688 363 1733 380 se‘

938 399 1066 433 λεωτάτῳ
1081 400 1233 435 συστήματι
1248 400 1296 427 καὶ
1312 401 1344 435 τῇ
1360 400 1404 426 διὰ
1420 400 1515 426 πασῶν
1534 400 1679 435 συμφωνίᾳ
1692 400 1733 426 δο-
1750 416 1759 421 -

939 445 1081 481 ξολογήσει
1100 446 1145 472 τὸν
1164 447 1324 481 εὐεργέτην.
1344 447 1393 473 'Av
1409 446 1437 473 δὲ
1454 446 1501 473 καὶ
1528 447 1568 478 εις
1582 447 1631 482 τὴν
1650 446 1730 481 βασι‹

938 490 1012 517 λείαν
1027 491 1077 524 τῆς
1092 491 1312 526 αὐτοκρατορίας
1332 490 1476 526 περιωπὴν
1495 491 1623 526 ὲπῆρται,
1640 491 1670 517 τὸ
1685 490 1732 526 βά-

940 546 984 574 ρος
1000 537 1048 573 τῆς
1070 538 1180 572 ὀρειλῆς
1200 537 1434 572 ὕπερταλαντεύει
1452 539 1545 564 πᾶσαν
1563 537 1674 572 κίνησιν
1688 538 1735 564 καὶ

939 584 1051 620 δύναμιν
1069 585 1114 611 νοῦ
1131 585 1176 611 καὶ
1193 585 1291 619 σοφίαν
1308 584 1432 620 γλώττης
1448 585 1494 610 καὶ
1512 584 1656 610 εὐπορίαν.
1675 585 1730 610 Καὶ

939 631 1024 663 οὓτως
1043 631 1112 665 ὑπὲρ
1134 631 1257 662 ἅπαντας
1282 632 1328 657 καὶ
1346 632 1370 657 οἰ
1396 631 1517 665 βασιλεῖς
1544 630 1593 666 τὴν
1614 630 1732 664 δυνατὴν

938 676 1056 713 ἀμοιϐὴν
1070 677 1207 711 ὀφείλουσι
1224 676 1263 710 τῷ
1280 676 1352 711 Θεῷ.
1372 677 1405 703 Ὃ
1420 677 1467 703 καὶ
1481 678 1495 703 ὁ
1511 677 1582 708 θεῖος
1603 685 1735 712 γρησμῳ-

939 724 983 757 δὺς
996 723 1079 751 Δαυΐὸ
1090 724 1120 751 ὲν
1135 723 1273 758 πνεύματι
1287 723 1495 758 παρυπέφαινεν
1534 743 1540 750 .
1583 744 1589 750 .
1631 743 1638 750 .
1679 743 1685 749 .
1727 743 1734 748 .

942 767 1736 804 ...........,.Κύριελὲγων

942 815 1736 844 ............καὶάσάτωσαν

943 860 1737 897 ............γβιὶδι’ὲαυτῶν

943 929 950 938 .
991 931 998 938 .
1038 930 1046 938 .
1087 930 1092 936 .
1134 931 1140 938 .
1181 930 1188 937 .
1229 929 1235 936 .
1275 930 1283 937 .
1322 931 1329 937 .
1370 930 1376 936 .
1419 930 1424 937 .
1463 908 1737 942 οὖντεςὲψὲαυτῶν

941 953 1735 988 ...-..........ὲ›ιεχειρίαν

941 999 1733 1036 ..ο..;...-...μονάςίδίας

943 1071 949 1077 .
991 1069 997 1076 .
1037 1069 1044 1076 .
1085 1070 1090 1076 .
1133 1069 1140 1076 .
1181 1070 1188 1077 .
1229 1070 1235 1076 .
1275 1069 1282 1078 .
1325 1070 1331 1077 .
1372 1065 1380 1075 ι
1418 1046 1736 1081 οντοῖςμονοιχοῖςπερὶ

943 1116 950 1122 .
991 1115 999 1122 .
1038 1114 1045 1122 .
1087 1115 1094 1122 .
1134 1116 1142 1124 .
1184 1113 1192 1122 .
1231 1115 1240 1122 .
1279 1110 1287 1123 ε
1327 1116 1334 1122 .
1375 1115 1381 1121 .
1423 1114 1429 1122 .
1471 1090 1739 1122 ,καὶτὰςὲκείνων

947 1161 998 1168 ..
1040 1160 1047 1169 .
1085 1161 1092 1169 .
1131 1161 1139 1168 .
1177 1162 1185 1170 .
1228 1162 1234 1169 .
1275 1162 1283 1170 .
1324 1161 1331 1167 .
1371 1160 1378 1168 .
1420 1137 1735 1172 ,δὰςώςικμηχανῆς

945 1206 952 1213 .
991 1207 998 1215 .
1040 1206 1047 1213 .
1088 1206 1094 1213 .
1135 1207 1141 1214 .
1183 1207 1190 1213 .
1230 1207 1236 1215 .
1279 1188 1326 1213 aut
1367 1205 1374 1213 .
1412 1205 1418 1211 .
1461 1203 1468 1211 .
1506 1184 1554 1210 καὶ
1578 1184 1739 1217 πολύφωνον

946 1253 953 1261 .
994 1253 1000 1260 .
1038 1233 1085 1259 καὶ
1120 1251 1127 1259 .
1169 1251 1178 1260 .
1218 1253 1224 1260 .
1244 1233 1277 1268 ήν
1294 1232 1344 1267 τὴν
1365 1231 1499 1267 ἁρμονίαν
1522 1230 1569 1256 καὶ
1587 1230 1636 1263 τῆς
1663 1229 1739 1264 βασι-

944 1280 1024 1315 λικῆς
1042 1279 1251 1314 μεγαλειότητος
1268 1278 1463 1305 ἀποτελέσειαν
1484 1276 1522 1308 ὥς
1550 1276 1672 1308 ἱπάξιον,
1690 1276 1737 1302 καὶ

945 1326 1008 1357 τοὺς
1037 1325 1162 1360 ἀσκητάς
1188 1325 1248 1352 ἀνθ’
1271 1324 1379 1351 ἑαυτῶν
1408 1323 1504 1357 ἁγίους
1530 1323 1739 1358 παραστήσαιεν

948 1371 1079 1407 ὑμνητὰς,
1098 1371 1224 1402 λυθέντες
1238 1371 1266 1396 δὲ
1290 1371 1337 1396 καὶ
1352 1369 1399 1396 τοῦ
1415 1369 1543 1404 σώματος
1559 1369 1629 1404 ὅπερ
1644 1368 1739 1394 παθεῖν

947 1418 1054 1452 ἀνάγκη
1074 1417 1124 1451 τὴν
1139 1417 1264 1444 σύνθεσιν
1280 1416 1491 1452 δοξολογήσαιεν
1506 1415 1536 1442 ἐν
1550 1415 1656 1445 τούτοις
1672 1414 1739 1442 ἀθά-

948 1473 1026 1500 νατα,
1046 1465 1093 1491 καὶ
1107 1463 1178 1490 οὕτω
1194 1463 1400 1498 δοξολογοῦντες
1419 1461 1665 1497 παρασκευάσαιεν
1690 1462 1740 1487 καὶ

110 1505 191 1532 beant
203 1504 301 1532 habere
316 1504 454 1532 licentiam
472 1505 591 1531 transire
603 1504 638 1532 de
648 1503 893 1538 Constantinopoli,

971 1511 995 1538 δν
1011 1509 1201 1546 μεγαλόδωρον
1216 1511 1306 1536 πᾶσαν
1335 1509 1542 1544 μεγαλοδωρίας
1563 1507 1739 1542 ὑπερϐαίνειν

109 1550 161 1578 nisi
175 1551 226 1578 hoc
240 1550 322 1578 fuerit
337 1551 372 1578 de
387 1551 526 1578 voluntate
538 1555 583 1578 tue
603 1550 814 1579 dominationis.
839 1550 893 1578 Ne-

971 1556 1100 1592 ιτερόολὴν
1117 1557 1146 1583 ὲν
1161 1556 1199 1591 τῷ
1215 1554 1303 1590 καιρῷ
1327 1555 1381 1581 τῶν
1400 1555 1508 1590 ἑκάστῳ
1523 1553 1740 1589 προσοφειλομὲ·

108 1604 161 1632 quo
178 1597 321 1625 solidarios
349 1597 430 1626 debet
458 1597 552 1625 tollere
583 1596 730 1632 Imperium
758 1605 845 1626 meum
879 1605 894 1625 a

110 1651 187 1680 parte
199 1650 244 1673 lue
261 1645 465 1678 dominationis,
476 1644 528 1673 nisi
543 1649 571 1672 et
583 1644 635 1673 hoc
649 1644 733 1672 fuerit
746 1645 781 1672 de
797 1644 893 1673 volun-

111 1697 165 1719 tate
184 1697 227 1719 tue
239 1692 445 1720 dominationis.

146 1738 200 1766 Hec
212 1739 301 1765 omnia
317 1739 442 1772 superius
457 1738 596 1766 declarata
610 1739 716 1772 iuravit
743 1739 893 1772 Imperium

111 1792 199 1813 meum
213 1785 323 1819 proprio
336 1791 383 1811 ore
397 1791 479 1819 super
506 1789 600 1812 sancta
632 1785 678 1812 Dei
704 1785 842 1820 evangelia
869 1789 897 1813 et

111 1839 192 1866 super
219 1830 405 1858 honorabilem
418 1833 447 1857 et
473 1829 612 1857 viviﬁcam
640 1837 751 1858 crucem
764 1835 792 1858 et
815 1838 898 1866 super

111 1885 224 1906 aconam
242 1876 277 1914 (b)
295 1876 340 1904 Dei
351 1875 517 1909 Genitricis,
532 1875 604 1910 quod
617 1876 799 1904 servabithec
810 1884 896 1912 usque

111 1925 143 1952 ad
151 1924 371 1959 complimeutum
386 1923 508 1959 quinque
520 1929 666 1950 annorum.

147 1969 179 1997 Et
196 1969 259 1997 inde
271 1968 370 1996 factum
390 1973 434 1997 est
451 1975 567 2003 presens
579 1967 769 1995 chrusobolum
784 1968 895 1995 verbum

113 2016 162 2043 mei
177 2015 284 2049 Imperii
301 2022 349 2049 pro
368 2022 461 2042 mense
471 2013 596 2049 Augusti,
610 2012 652 2041 VII
665 2013 812 2042 indictione
826 2021 898 2041 anno

112 2071 126 2091 a
139 2062 274 2098 principio
287 2061 381 2090 mundi
403 2069 450 2089 sex
471 2060 618 2089 millesimo
632 2059 834 2095 ,DCCXXVIII,
863 2061 892 2088 in

112 2117 164 2144 quo
187 2114 279 2137 nostra
293 2108 414 2143 polentia
425 2115 441 2135 a
460 2107 515 2135 Deo
525 2107 588 2135 data
605 2107 785 2142 subsiguavit.
807 2107 898 2136 Theo-

112 2156 195 2183 dorus
209 2156 236 2183 in
247 2155 357 2183 Christo
373 2154 430 2182 Deo
443 2154 530 2182 ﬁdelis
538 2153 690 2188 Imperator
705 2157 733 2181 et
743 2153 898 2182 moderator

113 2201 262 2228 Grecorum
281 2200 437 2229 Comnanus
450 2199 597 2227 Lascarus.

115 2257 147 2286 ll.
164 2257 353 2292 Imp.Joqnnis
381 2256 461 2284 Duae
488 2255 610 2292 Yutatue
620 2257 651 2283 de
673 2257 835 2284 monasterio
865 2257 900 2283 ad

149 2290 262 2320 montem
276 2291 372 2319 Lembo
387 2290 624 2362 prqieggtg-nfm
661 2292 837 2319 restaurando
853 2292 900 2328 (ο).

203 2384 432 2420 Οἰοὺρανοὶφησ
469 2401 476 2409 .
516 2402 524 2410 .
563 2401 571 2409 .
609 2402 618 2410 .
657 2401 665 2409 .
703 2401 711 2410 .
752 2403 759 2410 .
799 2404 806 2410 .
846 2401 853 2409 .
892 2403 901 2411 .

116 2427 898 2467 γλώσσημὴ........ζ.....

116 2479 900 2514 τὺνοερὸν.............ι

116 2525 900 2559 εὔμουσόντε,.............

116 2569 335 2606 ὖφειλὴνεὺχαρ.
375 2589 382 2596 .
422 2589 429 2596 .
469 2586 476 2595 ι
517 2590 523 2595 .
563 2588 570 2594 .
610 2588 616 2596 .
657 2587 664 2594 .
705 2588 711 2595 .
751 2586 758 2594 .
799 2587 806 2593 .
846 2586 853 2594 .
893 2586 901 2593 .

116 2615 904 2651 εὐεργέτηνᾶν..,..........

117 2664 904 2698 ἀποκεκρυμ..,...........

118 2709 906 2744 κόροναιπῷὴ.............

155 2812 224 2846 (1))1.
237 2819 261 2839 ε.
280 2813 384 2842 είκόνα,
404 2812 555 2847 imaginem.

156 2849 192 2882 (c)
210 2848 246 2874 Ex
274 2849 334 2874 col.
367 2846 446 2874 Vind.
460 2845 535 2874 'liist.
565 2847 613 2873 Gr.
634 2846 668 2873 68
690 2847 793 2881 primus
821 2845 909 2872 edidit

124 2881 204 2909 Zal-h.
220 2892 235 2909 υ
252 2882 424 2918 Lingenthal.
438 2881 518 2909 Initio
551 2881 674 2916 quaedam
708 2882 909 2914 desiderantur,

944 1610 997 1630 νων
1012 1602 1209 1636 διανιμήσεων.
1230 1601 1260 1627 El
1284 1600 1350 1634 γοῦν
1365 1600 1438 1626 οὕτω
1465 1599 1564 1629 ταῦτα,
1581 1599 1641 1630 πῶς
1656 1599 1704 1625 καὶ
1720 1599 1736 1633 ὴ

944 1647 1069 1685 βασιλεία
1086 1655 1138 1682 μου
1155 1646 1201 1673 ἐπὶ
1215 1644 1248 1680 τῇ
1276 1646 1308 1672 ἐκ
1325 1648 1423 1679 καινῆς
1450 1643 1652 1679 ἀνεγειρομένῃ
1669 1643 1737 1678 παρ’

943 1695 1029 1730 αὐτῆς
1048 1695 1116 1729 μονῇ
1142 1694 1174 1728 τῇ
1193 1692 1265 1720 κατὰ
1278 1692 1309 1718 τὸ
1325 1691 1388 1727 ὅρος
1403 1691 1439 1718 τὰ
1461 1690 1564 1718 Λέιιϐου
1577 1689 1738 1724 διακειμένη

941 1743 990 1769 καὶ
999 1741 1049 1775 τὴν
1060 1739 1107 1766 τοῦ
1120 1740 1202 1766 τόπου
1218 1737 1377 1772 ἐπωνυμίαν
1389 1737 1589 1772 ἐξιδιωταμένῃ
1608 1735 1639 1762 οὗ
1656 1744 1739 1770 φρον-

940 1787 1009 1814 τίσει
1024 1785 1057 1811 τὶ
1075 1785 1114 1816 εἰς
1125 1783 1301 1818 ἀπαρτισμὸν
1314 1783 1361 1810 καὶ
1381 1782 1512 1809 edcta-rw
1526 1780 1648 1816 ταύτηςς

980 1831 1015 1858 α’.
1031 1830 1085 1857 Ἦν
1103 1830 1152 1865 μὲν
1163 1830 1218 1864 γὰρ
1233 1829 1247 1855 ὁ
1259 1828 1340 1860 τόπος
1356 1827 1475 1863 ἠρεμίας
1489 1826 1591 1862 χωρίον
1604 1826 1645 1857 εις
1658 1825 1742 1852 ἑαυτὸ

943 1878 990 1905 τὸν
1007 1877 1151 1903 σπουδαῖον
1166 1876 1213 1902 καὶ
1229 1875 1383 1910 φιλήσυχον
1399 1873 1617 1907 ὲκκαλούμενον,
1641 1871 1689 1898 καὶ
1702 1871 1742 1903 ὡς

945 1923 977 1951 ἐκ
994 1931 1074 1950 τινων
1092 1921 1235 1957 συμῦολῶν
1252 1919 1377 1955 ἐναργῶς
1392 1919 1546 1951 ἐδείκνυτο,
1561 1917 1652 1946 καὶτὸ
1669 1917 1741 1943 θεῖον

946 1971 1036 1999 ἔκτισε
1052 1970 1097 1997 διὰ
1113 1968 1272 2004 ψαλμῳδίας
1291 1967 1417 2003 μναχῶν
1433 1966 1625 2000 ὲδοξολογεῖτο,
1658 1965 1741 2000 ἕδραν

947 2016 1052 2044 ἑαυτῶν
1081 2013 1278 2050 σιοιησαμένων
1293 2013 1340 2040 τὸν
1359 2012 1504 2048 ἐλεύθερον
1535 2011 1605 2047 ἀέρα
1631 2011 1679 2037 καὶ
1696 2010 1741 2036 τὸν

948 2063 1124 2091 ἀπολίτευτον
1144 2061 1192 2088 καὶ
1216 2060 1317 2096 ἀτριϐῆ
1341 2060 1398 2092 τοῖς
1429 2058 1539 2090 πολλοῖς
1567 2058 1666 2093 χῶρον.
1685 2057 1741 2082 Καὶ

949 2109 1076 2145 ἀμυδρῶς
1093 2109 1122 2135 ἐν
1149 2106 1237 2141 τούτῳ
1258 2106 1305 2133 καὶ
1329 2105 1389 2141 ἴχνη
1409 2105 1459 2140 τῆς
1474 2103 1594 2139 ἀρχαίας
1610 2103 1740 2138 εὐδαιμο-

948 2156 1008 2187 νίας
1033 2152 1104 2190 ἦσαν
1119 2152 1306 2187 ὲντετηγμένα
1318 2159 1325 2167 ·
1356 2151 1521 2186 ἀνοικοδομὴ
1538 2149 1602 2177 ναοῦ
1618 2149 1686 2184 πρὸς
1698 2148 1742 2175 εὑ-

916 2196 939 2222 Ῐ)
954 2203 1062 2240 τοχνίαν
1077 2201 1264 2237 ἐξησκημένη,
1280 2200 1333 2226 ὑπὸ
1349 2200 1378 2227 δὲ
1395 2199 1442 2226 τοῦ
1457 2199 1554 2234 χρόνου
1578 2197 1627 2233 τὴν
1642 2195 1742 2231 εὐπρέ-

956 2257 1036 2276 πειαν
1047 2247 1258 2282 ἀποχρειωμένη
1274 2246 1315 2281 (ά)
1328 2254 1335 2260 ·
1353 2246 1402 2272 καὶ
1415 2245 1500 2271 τᾶλλα
1514 2244 1543 2270 δὲ
1561 2245 1600 2275 εἰς
1616 2242 1742 2270 τοσοῦτον

954 2295 1159 2331 ἀφαντωθὲντα.
1186 2293 1224 2324 ὡς
1242 2291 1310 2327 μηδὲ
1326 2292 1354 2318 ἐν
1380 2291 1477 2326 μέρεσι
1491 2290 1546 2317 τῶν
1560 2289 1650 2316 ὲκεῖσέ
1677 2296 1742 2315 ποτε

954 2341 1104 2376 οἰκοδομῶν
1129 2338 1212 2366 αὑτοῦ
1247 2337 1498 2373 ὲγκαταλείμματα
1530 2335 1741 2371 περισώξεσθαι.

962 2388 1031 2415 Ἀλλ’
1043 2389 1060 2423 ἡ
1077 2386 1200 2423 βασιλεία
1218 2394 1281 2421 μου,
1297 2385 1466 2419 ἀγαπήσασα
1478 2383 1523 2409 τὸν
1538 2383 1618 2409 τόπον
1629 2382 1667 2412 ὡς
1681 2382 1742 2415 ἀρε-

953 2434 1002 2469 τῆς
1017 2433 1162 2467 σύμμαχον
1175 2431 1223 2458 καὶ
1240 2431 1367 2469 μοναχοϊς
1383 2429 1541 2463 ἐπιτήδειον
1563 2428 1610 2454 καὶ
1625 2434 1742 2463 προσφο-

956 2479 1075 2515 ρώτατον
1101 2477 1273 2512 ἐνδιαίτημα,
1291 2476 1426 2511 ⁴ἠθέλησεν
1444 2473 1624 2501 ἀνακαινίσαι
1650 2480 1679 2498 τε
1699 2471 1743 2497 τὸν

954 2525 1026 2556 ναὸν,
1042 2524 1088 2551 καὶ
1105 2523 1199 2550 nam:
1223 2522 1364 2555 ἀξιολόγου
1384 2518 1554 2555 μοναζόντων
1571 2518 1744 2552 συστήματος

955 2571 1104 2605 ἀνεγεῖραι,
1121 2570 1169 2596 καὶ
1181 2567 1321 2604 τράπιζαν
1334 2568 1384 2602 τῆς
1409 2567 1437 2593 ὲν
1454 2565 1564 2601 Χριστῷ
1581 2564 1635 2591 τῶν
1664 2571 1744 2598 μονα-

957 2616 1013 2651 χῶν
1034 2616 1176 2650 φιλότητος
1199 2614 1422 2649 ἀνοικοδομῆσαι,
1447 2611 1495 2638 καὶ
1519 2610 1603 2637 τᾶλλα
1618 2608 1745 2643 ποιῆσαι,

958 2662 1008 2688 ὅσα
1022 2661 1089 2695 πρὸς
1103 2660 1256 2695 ὑπηρεσίαν
1269 2659 1401 2693 ἀνελλιπῆ
1426 2657 1481 2685 τῶν
1502 2656 1628 2692 μοναχῶν
1655 2663 1744 2682 συντε-

960 2707 1012 2735 λεῖ.
1029 2707 1084 2732 Καὶ
1095 2705 1320 2740 ἀπετελέσθησαν
1332 2704 1387 2731 ἀπὺ
1399 2704 1501 2730 τούτων
1514 2702 1575 2730 τινὰ
1592 2702 1674 2738 μέχρι
1687 2701 1745 2727 δεῦ-

961 2817 1021 2846 qua
1038 2810 1159 2846 margine
1174 2809 1252 2843 primi
1268 2808 1460 2846 foliiabscissa
1471 2807 1642 2836 exciderunt.

998 2845 1036 2882 (α)
1052 2845 1144 2876 Forte,
1162 2844 1382 2880 ἀποχρειωμένη.
