1892 3066
183 78 253 110 1027

778 77 1088 108 CPOLITANORUM
1112 77 1216 108 IMPI‘.

1783 74 1868 105 1023

177 135 324 170 palatium,
338 133 642 166 ccclesiam,halneum,
661 133 771 161 furnum
787 137 815 161 et
825 133 974 169 jardinum,
989 139 1014 168 Α
1034 134 1106 161 intra
1119 133 1205 168 ipsam
1218 132 1372 164 ecclesiam,
1395 135 1422 158 ct
1450 131 1584 158 cimiterio
1610 130 1724 166 ipsius,
1766 134 1866 165 asque

182 185 208 208 et
219 181 314 208 doiiios
333 180 498 207 sufﬁcientes
524 179 558 206 ad
583 179 677 207 stallos
703 185 897 211 mercatorum,
919 179 966 213 qut

182 225 282 252 ibidem
293 225 416 251 venerim
429 231 510 251 causa
528 224 680 260 negotiandi
697 232 704 250 :
722 225 760 251 ita
771 228 874 255 tamen,
887 225 960 257 quod

181 271 293 305 oa'ipsis
309 271 399 304 aliqua
416 271 512 305 pensio
524 271 578 305 peti
593 277 646 297 non
678 270 760 298 debet
776 277 829 297 nec
845 270 925 305 erigi,
942 274 969 297 et

183 318 209 344 in
224 317 364 351 praedictis
378 317 456 344 terris
471 322 500 344 et
514 316 611 344 insulis
629 317 732 344 habere
747 317 849 344 debent
865 322 892 343 et
907 325 970 351 pos-

182 364 235 391 sint
247 363 398 391 Jannenses
411 367 438 390 et
449 366 474 390 in
490 363 612 398 qualibet
627 370 722 390 earum
737 364 770 389 ad
786 371 881 391 eorum
899 363 968 390 velle

183 411 320 442 sensnles,
338 410 440 436 curiam
455 414 483 437 et
497 409 719 444 jurisdictionem
734 416 835 436 tneram
851 414 879 435 et
898 409 968 434 nux-

183 461 238 482 tam
256 455 282 482 in
298 455 427 482 civilibus
451 460 478 482 et
506 455 700 482 criminalibus
728 455 858 482 omnibus
890 462 972 489 super

183 503 310 530 omnibus
321 501 505 529 Januensibus
517 507 545 528 et
569 502 603 528 de
631 502 759 529 districto
789 501 888 528 ianua:
905 500 969 537 [et]

183 550 227 583 qui
241 549 368 575 dicuntur
377 547 539 575 Jannenses.
552 547 586 574 Et
604 547 628 574 si
645 547 760 581 quastio
785 548 848 580 erit,
881 551 972 574 utrum

183 594 282 629 aliquis
292 593 344 620 erit
355 593 502 620 Januensis
517 593 558 620 vel
575 593 608 619 de
623 593 753 620 districta
781 593 823 620 vel
850 593 971 628 appella-

185 646 238 674 tur,
253 640 379 667 credetur
394 643 514 666 etstetur
530 639 678 666 asaertioni
694 639 838 666 consulum
852 638 973 665 Jauuen-

184 686 264 718 aiunt,
280 686 325 719 qui
344 691 409 712 tunc
426 685 556 720 temporis
583 684 695 712 fuerint.
724 685 854 712 Promisit
881 690 971 712 autem

184 736 212 759 ct
225 732 365 763 cmwenit,
380 731 452 764 quod
466 738 519 757 non
541 731 655 764 recipiet
667 730 784 765 aliquem
804 730 971 758 Januenaem

185 785 235 804 nec
254 778 288 804 de
302 777 428 804 districto
447 777 472 802 in
487 777 620 804 vasallnm
640 777 778 804 hominem
791 784 839 804 seu
854 776 975 808 ﬁdelem,

1027 179 1206 207 solumcaslri
1226 178 1398 209 Venetorum,
1412 178 1484 212 quod
1509 183 1551 204 est
1564 179 1592 204 in
1619 178 1682 211 ipsa
1703 177 1862 207 civitate,

1025 226 1047 253 si
1067 226 1166 252 dictum
1175 231 1320 252 commune
1331 224 1477 251 instantem
1487 228 1514 251 et
1522 223 1658 250 elllcacem
1674 224 1718 249 nd
1734 223 1859 249 dictaui

1024 272 1161 299 civitatem
1186 270 1346 306 capiendam
1363 277 1520 297 succursum
1539 269 1647 297 miserit
1661 270 1857 303 galearum.

1059 317 1125 344 Item
1141 316 1216 344 dedit
1231 321 1259 343 et
1279 316 1488 350 concessitjure
1510 315 1695 350 proprietatis
1722 320 1760 342 et
1802 315 1856 340 do-

1021 363 1097 390 minii
1111 371 1172 389 cqu
1185 364 1263 397 plena
1278 362 1471 397 iurisdictione
1484 369 1556 389 mera
1570 366 1597 389 et
1631 361 1733 388 mixta
1777 361 1839 387 civi

1020 414 1104 436 tatem
1119 412 1175 437 sive
1186 411 1275 438 locum
1293 411 1404 437 Simirri
1415 414 1443 436 et
1455 410 1513 443 ejus
1540 417 1648 445 portum
1687 418 1769 436 cum
1802 417 1850 435 su-

1021 456 1152 489 pradictis
1168 457 1390 490 possessionibus
1406 460 1434 482 et.
1451 456 1576 483 district“
1590 461 1618 483 et
1644 455 1848 482 habitatori-

1023 501 1084 534 bus,
1100 502 1212 530 introitu
1231 503 1361 537 exituque
1387 503 1472 530 maris
1487 507 1514 530 et
1528 507 1610 530 terra:
1640 503 1783 529 liberam
1823 507 1847 527 ct

1023 549 1188 582 expeditam,
1201 553 1332 584 perpetuo
1345 549 1541 583 possidendam
1557 557 1566 576 :
1588 549 1729 576 videlicet.
1744 553 1844 575 totum

1024 593 1101 625 illud,
1119 596 1191 628 quod
1208 596 1327 630 pertinet
1342 596 1528 630 imperatoria:
1559 595 1719 630 Majestati,
1749 596 1842 622 Salvi»

1021 638 1129 672 juribus
1143 641 1316 675 episcopatus
1332 646 1360 668 et
1380 641 1560 668 ecclesiarum
1577 641 1664 676 ipsius
1683 641 1838 671 civitatis.

1024 690 1051 712 et
1067 693 1160 712 eorum
1174 686 1288 713 militum
1305 687 1350 720 qui
1364 692 1427 713 sunt
1444 686 1607 720 privilegiatl
1622 686 1650 714 in
1663 687 1734 721 ipsa
1754 687 1835 714 ciri-

1029 735 1084 757 tate
1097 731 1249 758 inhabitare
1270 731 1304 758 ab
1321 731 1440 766 Imperio
1452 737 1545 758 nostro
1559 732 1584 758 in
1594 730 1694 758 ordine
1709 731 1837 761 militia‘,

1028 783 1088 810 qua:
1101 774 1207 804 cunctis
1223 782 1265 804 est
1278 777 1352 805 utilis
1381 778 1415 804 ad
1449 785 1528 804 usum
1554 777 1787 807 mercationum,
1812 782 1837 802 et

185 825 248 858 quia
263 831 371 858 semper
386 823 478 850 sitsub
492 823 568 850 curia
587 828 615 850 et
625 823 820 858 iurisdictione
830 822 974 849 consulum
993 829 1017 859 Β
1031 821 1111 848 habet
1123 822 1221 849 bonum
1231 828 1339 857 portum
1363 827 1391 850 et
1404 827 1447 849 est
1459 822 1572 850 afﬂuens
1587 822 1665 849 bouis
1681 821 1833 848 omnibus.

184 867 372 898 Jannensiom.
400 872 428 895 et
451 869 502 895 sub
516 868 581 902 ipsis
597 868 762 902 respondere
776 872 900 894 teneatur
918 871 977 894 tan-

185 922 267 947 quam
281 914 348 941 civis
361 919 388 940 et
405 914 541 941 habitator
555 913 710 941 Ianuensis.

222 961 287 987 Item
306 959 471 994 promisitct
494 960 633 991 convenit,
662 959 734 994 quod
760 967 813 986 non
841 958 974 992 impediet

189 1007 229 1033 vel
243 1006 367 1040 impediri
380 1005 464 1031 faciet
479 1012 529 1031 nec
539 1005 679 1040 permittet
697 1005 723 1031 in
735 1010 791 1032 toto
817 1009 909 1031 nostro
920 1003 975 1032 im-

187 1051 273 1085 perio,
289 1051 360 1086 quod
375 1050 456 1077 habet
472 1055 500 1077 et
517 1050 564 1078 Dei
580 1050 769 1078 misericordia
800 1050 974 1083 adquisierit,

188 1098 305 1133 aliquem
320 1097 485 1125 .Ianuensem
502 1097 542 1124 vel
555 1096 590 1124 de
611 1096 738 1125 districttt
753 1097 792 1123 Vel
817 1097 920 1123 dictum
932 1095 978 1123 .Ia-

161 1137 163 1139 ’
189 1149 319 1171 nuensem
337 1150 386 1178 pro
409 1143 482 1171 facto
507 1144 547 1170 vel
580 1143 678 1170 delicto
700 1143 812 1170 alterius
830 1144 977 1171 occasione

189 1190 280 1224 aliqua
294 1189 322 1216 in
341 1189 465 1224 personis
479 1189 521 1216 vel
543 1189 635 1220 rebus,
652 1189 700 1216 sed
714 1196 795 1224 pinna
811 1193 976 1217 suostenettt

189 1240 327 1266 auctores,
347 1234 383 1260 ita
404 1233 478 1267 quod
493 1233 585 1260 caeteri
599 1233 701 1260 nullum
717 1234 845 1260 damnum
863 1233 903 1260 vel
932 1233 978 1260 lae-

188 1281 294 1310 sionem
309 1279 446 1314 patiantur
464 1286 512 1312 pro
529 1278 630 1306 delicto
660 1279 784 1310 alterius,
814 1279 906 1306 debito
936 1279 976 1305 νυΙ

191 1327 294 1362 rapina.
311 1326 343 1353 Et
357 1326 379 1353 si
394 1326 456 1359 quis
465 1325 516 1351 erit
533 1331 679 1352 accusatus
695 1324 737 1351 vel
762 1325 922 1359 inrulpatus
937 1324 978 1351 vel

191 1372 338 1406 requisitos
354 1372 387 1398 de
407 1370 498 1404 aliquo
511 1370 612 1401 debito,
644 1370 736 1403 rapina
756 1371 796 1397 Vel
814 1370 914 1397 delicto
926 1370 977 1397 ali.

190 1419 279 1453 cuius,
290 1408 474 1453 cognoscatur
491 1418 524 1444 de
538 1416 580 1443 his
595 1416 646 1443 sub
658 1416 733 1442 curia
748 1421 776 1442 et
787 1416 977 1450 iurisdictione

191 1465 332 1492 consulum
348 1462 538 1490 Janucusium.
555 1461 587 1489 Et
601 1462 623 1489 si
639 1461 741 1496 aliquis
757 1462 789 1488 de
806 1467 878 1489 terra
891 1462 977 1489 nostri

1064 866 1193 896 Promisit
1208 869 1306 896 iterant
1319 873 1344 895 et
1357 869 1484 896 convenit
1496 869 1561 895 dare
1575 869 1724 895 annuatim
1746 875 1831 894 com-

1028 912 1205 941 munlJanute
1221 921 1271 948 pro
1285 914 1426 941 solenmiis
1456 921 1603 950 ypcrperos
1633 914 1672 949 (It)
1689 914 1834 948 quingen-

1027 965 1069 988 tos
1086 961 1173 987 etdno
1185 961 1266 994 pallia
1278 962 1420 991 deaurata,
1433 966 1460 988 et
1491 961 1751 995 archiepiscopatui
1784 959 1831 986 ,ἰδι-

1027 1007 1169 1033 nuensimn
1199 1013 1345 1041 yperperos
1362 1005 1406 1032 LX
1421 1010 1448 1032 et
1472 1006 1582 1040 pallium
1601 1013 1688 1032 unum
1706 1006 1831 1032 deaura-

1027 1057 1094 1082 tuin,
1112 1057 1140 1078 ut
1154 1057 1321 1078 meumratur
1337 1052 1363 1077 in
1387 1051 1528 1085 privilegio
1560 1050 1648 1077 felicis
1677 1050 1828 1076 tnemorine

1028 1098 1134 1125 Domini
1151 1098 1283 1125 Munatio
1308 1098 1481 1132 Imperatoris
1495 1098 1630 1131 quondam
1645 1096 1827 1124 Grzecornm.

1064 1143 1128 1171 Item
1143 1146 1271 1180 promisit
1292 1149 1319 1171 et
1333 1145 1471 1176 convenit,
1487 1143 1558 1178 quod
1589 1151 1643 1170 non
1676 1143 1761 1170 laciet
1795 1144 1827 1168 de

1028 1197 1126 1218 cmtero
1137 1190 1273 1218 comnmni
1290 1190 1383 1218 Ianum
1407 1191 1533 1218 devotum
1561 1189 1672 1223 aliquod
1705 1190 1733 1216 in
1768 1195 1824 1214 ιηιςι

1028 1236 1100 1263 dicto
1132 1235 1258 1270 Impcrio,
1274 1236 1346 1270 quod
1365 1236 1445 1262 habet
1458 1239 1486 1262 et
1503 1235 1548 1262 Dei
1566 1235 1760 1262 misericordia
1778 1233 1823 1259 ad-

1028 1282 1165 1318 quisierit.
1188 1284 1220 1308 de
1235 1282 1370 1316 aliquibus
1396 1281 1626 1312 mercationibus,
1654 1280 1822 1307 victuahbui

1030 1335 1109 1363 atque
1123 1336 1218 1363 grano,
1248 1329 1296 1355 sed
1323 1328 1389 1363 ipsis
1413 1327 1606 1358 mercationes,
1632 1327 1766 1353 vietualia
1783 1320 1823 1351 ’ρι

1029 1383 1141 1411 granum
1153 1376 1289 1410 permittet
1299 1375 1462 1402 contrahere
1486 1375 1519 1401 de
1533 1378 1590 1400 toto
1600 1373 1657 1407 jam
1680 1372 1821 1398 anteitirto

1030 1421 1147 1456 Imperio
1163 1421 1288 1448 oumibus
1301 1426 1328 1448 et
1342 1421 1458 1454 singulis
1467 1419 1660 1451 Januenstbos,
1672 1423 1701 1445 et
1712 1417 1820 1445 deferre

1032 1467 1118 1495 libera
1130 1473 1156 1494 et
1171 1467 1306 1502 expedite,
1319 1467 1379 1494 sine
1396 1466 1488 1501 aliquo
1505 1465 1698 1501 impedimento
1713 1466 1820 1495 datur,

192 1511 314 1545 Imperii,
329 1509 370 1536 vel
381 1509 481 1544 aliquis
493 1509 538 1543 qui
556 1515 609 1536 non
622 1508 658 1535 sit
684 1508 716 1534 de
747 1512 841 1535 nostro
859 1507 976 1542 Imperio
991 1511 1014 1539 c
1031 1514 1190 1542 commercii
1205 1514 1262 1541 δίη
1275 1513 1437 1541 “animus.

194 1563 244 1583 nec
259 1556 294 1583 sit
309 1554 466 1587 Jannensis,
480 1553 623 1583 olt'cndcrit
635 1553 755 1586 aliquem
784 1554 977 1587 prmdicturum

191 1603 371 1630 Januensinm
391 1601 499 1628 velerit
517 1600 623 1627 dcbitor
638 1599 671 1626 de
689 1599 780 1633 aliqua
811 1600 979 1633 quantitate,

196 1649 340 1685 Imperium
351 1652 473 1676 nostrum
488 1645 617 1681 procedat
632 1651 659 1672 et
670 1644 894 1680 facietjntnitiatu
907 1653 980 1673 auta-

194 1696 306 1724 marlam
325 1699 352 1722 et
368 1693 534 1728 expeditam.

229 1742 306 1773 ltein,
319 1740 391 1774 qttod
408 1746 460 1766 non
479 1739 617 1773 permittet
633 1738 665 1766 dc
680 1743 780 1766 caetero
803 1738 830 1765 in
845 1743 900 1766 tota
929 1745 979 1765 sua

196 1793 268 1814 terra
288 1788 329 1812 vel
346 1785 374 1812 in
396 1785 490 1812 insulis
506 1785 592 1812 nostri
613 1784 731 1819 Imperii,
746 1792 814 1819 quas
845 1784 926 1813 habet
953 1788 981 1811 et

194 1833 240 1861 Dei
270 1831 460 1859 misericordia
491 1831 663 1865 adquiaicrit,
691 1830 810 1866 aliquant
844 1836 981 1858 armatam

194 1878 264 1911 lteri,
279 1878 349 1913 quod
361 1881 465 1904 artaata
479 1877 516 1904 sit
530 1882 557 1904 et
573 1884 634 1904 esse
649 1877 748 1904 debeat
782 1882 877 1904 contra
905 1884 981 1904 cotu-

194 1932 275 1953 muno
292 1923 387 1951 ianum
399 1924 439 1950 vel
452 1922 604 1952 Januenses
615 1929 643 1950 et
659 1923 803 1950 districtus
821 1930 832 1948 ι
867 1931 921 1950 non
937 1929 979 1949 re-

194 1971 315 2006 crptabit
328 1976 420 2004 neque
432 1970 566 2004 receptari
594 1971 732 2004 permittet
755 1971 873 2004 aliquam
890 1977 982 1996 arma-

195 2024 249 2045 tam
269 2023 363 2045 contra
380 2016 533 2044 Januenses
549 2017 575 2044 in
592 2021 648 2043 toto
663 2015 736 2043 dicto
754 2015 882 2050 Imperio,
895 2023 982 2050 neque

193 2064 324 2092 concedet
339 2064 460 2090 inimicis
471 2063 623 2091 communis
634 2061 815 2089 .Ianucnsium
829 2067 978 2089 mercatum

193 2109 316 2145 aliquod,
334 2107 456 2142 exceptis
470 2107 587 2138 Pisanis,
610 2107 654 2141 qui
684 2111 749 2134 sunt
774 2107 864 2134 lldelcs
895 2107 980 2134 nostri

1068 1560 1134 1588 Item
1144 1561 1271 1594 promisit
1291 1566 1318 1587 et
1331 1560 1471 1591 convenit,
1496 1559 1570 1594 quod
1603 1564 1657 1584 non
1686 1557 1815 1584 detinebit

1032 1614 1085 1634 nec
1103 1606 1219 1634 detineri
1232 1606 1313 1633 faciet
1337 1613 1389 1633 nec
1418 1605 1558 1641 permittet
1582 1604 1702 1639 aliquant
1727 1604 1814 1630 navim

1031 1661 1119 1688 neque
1136 1653 1239 1688 lignum
1254 1653 1371 1688 alicujus
1388 1651 1532 1679 Ianttensis
1553 1651 1643 1685 aliqua
1659 1650 1811 1680 occasione,

1031 1707 1082 1726 nec
1091 1699 1208 1734 aliquem
1227 1699 1428 1727 Ianuensemln
1450 1698 1574 1733 personis
1603 1701 1631 1723 ct
1651 1697 1745 1727 rebus,
1768 1697 1812 1722 sed

1031 1747 1105 1781 ipsos
1117 1751 1145 1774 et
1160 1747 1233 1781 ipsas
1249 1752 1356 1780 semper
1386 1745 1462 1772 exire
1483 1743 1623 1778 permittet
1636 1743 1670 1769 de
1694 1747 1749 1768 toto
1764 1741 1812 1768 lu:-

1031 1792 1108 1827 perio
1123 1792 1306 1826 personaliter
1322 1796 1349 1819 et
1365 1791 1485 1822 realiter,
1504 1790 1555 1817 nisi
1571 1789 1725 1822 inculpatus
1745 1789 1808 1814 tun-t

1032 1839 1066 1865 de
1079 1838 1170 1871 aliquo
1184 1837 1286 1873 debito,
1304 1836 1376 1864 furto
1392 1837 1434 1863 vel
1460 1836 1566 1869 rapina,
1585 1834 1619 1860 de
1647 1834 1744 1867 quibus
1765 1834 1811 1859 sub

1032 1884 1107 1911 curia
1121 1883 1301 1911 Januensium
1321 1884 1417 1910 debeat
1431 1882 1559 1917 iudicari.

1067 1930 1134 1957 Item
1152 1930 1275 1964 promisit
1300 1935 1326 1956 et
1355 1929 1494 1961 convenit,
1523 1931 1596 1962 quod
1622 1937 1675 1956 non
1698 1930 1807 1964 itltpomt

1032 1980 1079 2003 aut
1091 1976 1181 2009 exiget
1196 1983 1247 2002 nec
1262 1976 1334 2009 exigi
1352 1975 1434 2002 faciet
1461 1975 1496 2002 ab
1508 1975 1598 2009 aliqua
1632 1981 1744 2009 persana
1762 1975 1806 2001 ali-

1032 2023 1103 2057 quod
1117 2029 1215 2049 novnm
1233 2021 1441 2054 commercium,
1456 2021 1634 2048 dacitam'scu
1648 2021 1805 2048 exactionem

1034 2069 1060 2096 in
1075 2073 1131 2096 toto
1144 2068 1260 2102 Imperio
1272 2068 1411 2102 pra'dtcto,
1425 2069 1495 2101 quod
1513 2068 1593 2094 habet
1617 2067 1658 2094 vel
1683 2067 1805 2101 adquisie-

1035 2115 1068 2142 rit
1084 2115 1130 2142 Dei
1147 2114 1346 2145 misericordia,
1361 2114 1394 2140 de
1412 2113 1465 2141 illis
1494 2113 1713 2145 mercationibus,
1740 2121 1799 2146 quas

196 2155 305 2190 imperii
318 2164 325 2182 :
338 2159 366 2181 et
376 2160 470 2181 onmes
483 2155 584 2187 piratas
596 2158 690 2180 contra
704 2160 848 2180 couimunc
862 2152 976 2179 Ianuen-

1041 2162 1098 2187 :mit
1118 2159 1389 2187 alanttcnsibusnec
1422 2159 1486 2193 ipsis
1514 2159 1664 2186 vendiderit
1693 2166 1737 2185 nec
1764 2159 1802 2192 qui

195 2202 264 2228 sium
282 2201 316 2228 de
336 2204 393 2228 toto
411 2204 505 2226 nostro
517 2199 635 2234 Imperio
656 2199 782 2232 expellet.
792 2203 819 2225 et
837 2205 981 2232 perseque-

197 2254 240 2274 lttl‘
252 2254 299 2274 eos
310 2251 393 2281 atque
403 2245 495 2280 puniet
509 2246 656 2272 secundum
675 2244 807 2279 justitiam
822 2243 980 2270 oll'ensores.

233 2306 297 2331 Item
317 2303 452 2337 promisit,
463 2302 592 2330 convenit
609 2305 636 2328 et
655 2300 829 2328 contlrtuavit
846 2300 919 2335 jura,
936 2307 982 2326 ra.

197 2354 285 2380 tiones
304 2350 341 2385 (It)
356 2355 383 2377 ct
396 2348 567 2384 privilegium
580 2347 684 2381 jurium
696 2353 723 2374 ct
734 2347 925 2377 aediﬁciorum,
942 2347 983 2373 di-

196 2400 258 2425 vina
274 2395 461 2424 misericordia
478 2394 596 2426 favente,
623 2393 695 2428 quod
726 2401 872 2420 eontmune
889 2393 983 2420 Ianua:

197 2453 243 2472 seu
257 2443 356 2476 aliquis
372 2450 419 2475 pro
435 2441 571 2468 communi
584 2441 726 2467 consuevit
746 2440 848 2467 habere
861 2441 886 2466 in
915 2440 982 2467 urbe

197 2497 294 2524 magna
308 2486 554 2521 Constantinopoli.
568 2486 600 2513 Et
614 2487 636 2513 si
652 2485 782 2514 Dominus
809 2487 983 2520 oumipotcns

197 2535 365 2563 concesserit
380 2534 497 2568 Imperio
517 2538 612 2560 nostro
640 2540 802 2567 recuperare
830 2538 858 2560 et
886 2539 982 2565 capere

197 2581 297 2607 dictant
313 2579 462 2611 civitatem,
479 2583 543 2605 tunc
561 2578 635 2605 dabit
662 2579 688 2604 in
719 2578 831 2605 civitate
856 2579 982 2612 praedicta

197 2625 324 2660 palatium
335 2624 473 2650 connnuni
502 2623 607 2655 ianum,
636 2623 756 2656 stallunt,
784 2625 982 2658 possesaiones,

196 2675 224 2697 ct
239 2670 266 2697 in
279 2669 359 2696 terris
372 2675 399 2695 et
419 2668 534 2704 gratiam
546 2667 628 2695 faciet
643 2668 716 2695 dicto
732 2668 881 2699 communi,
905 2668 982 2694 vide-

198 2716 261 2743 licet
277 2715 348 2750 quod
363 2714 434 2742 dabit
451 2713 524 2741 dicto
536 2714 673 2740 connnuni
689 2714 830 2741 ecclesiam
847 2713 876 2740 S.
892 2713 981 2740 Marhc

197 2771 278 2796 quam
293 2763 372 2790 modo
389 2767 480 2790 tenent
499 2760 635 2792 Venetici,
660 2768 719 2788 cum
734 2760 821 2794 logiis,
842 2768 901 2794 qua:
919 2765 981 2786 sunt

235 2819 272 2854 (Ιι)
290 2818 389 2853 Nempe
406 2819 512 2854 λόγους,
526 2826 618 2854 εαχρυ
626 2817 792 2849 meo-mm;
809 2817 892 2844 lacu.

1034 2205 1331 2236 dicunturhnucnses,
1345 2206 1398 2232 nisi
1421 2210 1449 2232 nt
1463 2206 1525 2232 hinc
1535 2209 1607 2231 retro
1618 2209 1734 2238 tempore
1748 2203 1801 2230 foe-

1036 2252 1097 2278 licis
1129 2251 1268 2279 memoria:
1298 2251 1400 2278 domini
1425 2251 1598 2285 Imperatoris
1643 2249 1800 2277 Kaluioannir

1034 2298 1124 2332 agnati
1134 2298 1217 2324 nostri
1234 2297 1344 2324 solitum
1355 2296 1438 2325 luerit
1453 2297 1523 2331 exigi
1533 2301 1561 2323 et
1582 2296 1676 2323 haberi
1697 2296 1727 2323 de
1741 2295 1798 2323 civi-

1034 2344 1105 2371 IlbtlS
1127 2344 1346 2371 Inercationibns.

1070 2389 1195 2417 Promisit
1212 2391 1349 2417 itertttnet
1362 2389 1500 2421 convenit,
1520 2388 1591 2423 quod
1610 2395 1661 2415 non
1679 2390 1798 2423 permittet

1034 2439 1067 2464 de
1081 2441 1178 2464 caetero
1194 2436 1324 2471 negotiari
1346 2436 1418 2463 inter
1428 2435 1518 2469 Majas
1542 2442 1616 2461 mare
1632 2435 1741 2469 aliquem
1754 2434 1798 2461 La-

1036 2485 1131 2513 tinum,
1143 2483 1194 2509 nisi
1215 2481 1380 2509 .Ianuensem
1397 2487 1424 2509 et
1439 2482 1567 2509 Pisanum
1584 2487 1612 2508 et
1625 2488 1682 2512 eos,
1698 2483 1735 2514 qui
1747 2482 1794 2507 dci-

1035 2527 1180 2554 fenalcrtmt
1195 2531 1300 2561 portum
1319 2534 1366 2553 seu
1382 2533 1424 2553 res
1441 2525 1579 2558 Vesttarii,
1591 2527 1688 2561 quibus
1697 2526 1796 2553 Ianuea-

1034 2574 1109 2601 sibus
1126 2575 1248 2601 devetum
1264 2581 1316 2600 non
1336 2573 1507 2600 faczclenntli
1533 2574 1604 2599 inter
1632 2572 1712 2607 Majus
1735 2580 1796 2599 mare

1034 2626 1061 2648 ct
1076 2621 1206 2648 redeundi
1235 2627 1294 2647 cum
1316 2620 1461 2651 mercibus,
1478 2619 1519 2646 vel
1539 2619 1598 2646 sine
1613 2619 1746 2651 mercibus,
1758 2618 1795 2645 sed

1035 2667 1118 2695 libere
1135 2667 1241 2702 possint
1259 2667 1297 2693 in:
1313 2673 1339 2693 et
1357 2666 1487 2693 redeundi
1501 2665 1532 2700 (i)
1547 2665 1581 2691 ab
1598 2664 1670 2692 omni
1684 2671 1795 2690 commer-

1035 2713 1077 2739 cio
1092 2718 1118 2739 et
1132 2713 1230 2739 redire.

1070 2759 1199 2786 Promisit
1213 2759 1325 2793 insuper
1341 2763 1368 2786 ct
1380 2758 1517 2790 convenit,
1546 2757 1660 2783 firmatis
1684 2762 1709 2783 et
1727 2756 1793 2783 vatill-

1071 2817 1100 2851 (ἱ)
1118 2817 1288 2851 chcndum:
1306 2818 1444 2849 humanus,
1459 2816 1500 2843 vel
1516 2821 1540 2842 ct
1551 2815 1678 2849 ea'pcdile.
