1892 3066
73 92 164 131 1029

76 190 163 217 senti
176 189 330 223 privilegio,
345 195 394 223 per
406 189 569 216 Potestatem
584 188 690 221 lat-uae,
706 189 883 223 Capitaneum

75 234 190 261 .Ianuae
204 239 231 261 et
245 238 308 261 octo
323 233 434 261 Nobiles
445 238 473 261 et
488 225 622 262 Anhanos
635 240 661 262 et
688 239 774 261 totum
801 233 883 261 Com-

79 287 180 308 mune
195 285 222 307 et
233 280 397 308 Consiliarcs
408 279 504 307 Ianua:
531 288 629 308 versus
659 280 805 315 Imperium
836 288 885 307 uo-

80 332 198 358 struut,
213 326 285 360 quod
303 326 429 354 liberabit
445 331 472 354 et
485 326 609 354 absolvet
639 335 653 353 a
670 326 828 354 carceribus
859 330 887 353 et

82 373 215 399 vinculis
229 380 324 400 omnes
341 372 490 400 Ianuenses
506 376 534 400 et
548 373 582 400 de
599 373 725 399 districto
756 371 888 399 Januaet

81 419 139 452 qui
160 418 288 445 dicuntur
314 417 477 451 Jauuenses,
507 419 554 453 qui
585 423 649 445 sunt
674 418 701 444 iu
730 417 888 445 carceribus

87 464 188 490 nostri
202 464 322 498 imperii,
339 470 366 491 et
385 465 460 500 ipsos
478 465 569 492 redire
586 470 611 491 et
632 465 762 492 recedere
776 464 889 499 pennit-

89 514 148 536 tet.
163 508 297 536 Prazlerea
309 511 400 537 omnia
413 515 440 537 et
453 511 574 544 singula.
598 514 628 537 ut
652 510 828 538 continentur
841 517 888 537 su-

90 555 207 589 perius,
228 556 391 590 promisilet
414 557 541 584 convenit
568 556 721 591 Imperium
752 562 888 588 nostrum,

90 605 122 627 et
135 601 293 635 iuramento
301 602 474 629 continuavit
485 610 533 636 per
546 610 575 629 se
587 607 613 630 et
631 609 804 630 successores
823 607 891 636 prae-

92 646 184 674 dictis
196 647 315 682 syndicis
332 653 359 674 et
373 648 476 675 nuntiis
498 655 525 675 et
559 648 794 682 procuratoribus,
821 648 891 675 reci-

95 692 241 726 pientibus
256 693 364 721 nomine
377 699 405 721 et
419 695 478 721 vice
489 694 649 722 Communis
663 693 759 722 Ianua:
771 699 799 721 et
835 695 891 721 sitt-

94 737 229 772 guiorum
247 737 438 771 .Iauuensium,

138 783 179 810 Et
192 792 245 818 quo
263 792 328 820 ergo
349 787 492 819 prardictas
520 787 666 822 petitiones
694 787 888 822 prtedictorum

97 830 265 857 uuntiomm
279 832 378 865 recepit
396 837 423 859 et
439 833 597 864 adimplevit
608 833 753 868 Imperium
770 838 889 862 nostrum

96 879 129 901 et
144 882 194 910 per
206 875 390 910 juramentum
405 879 586 912 conﬁrmavit,
603 879 763 912 iuraverunt
777 886 895 914 namque

98 922 225 956 praedicti
241 923 479 955 nuntii,videlicet
503 924 663 952 Guillclmus
687 925 845 953 Vicecomes
868 930 895 953 et

99 967 263 997 Gualterius
277 969 364 998 Iudex
387 970 421 998 ad
437 976 532 998 sancta
551 971 597 999 Dei
619 971 760 1007 evangelia
771 977 800 999 et
810 972 895 999 hono-

101 1013 220 1041 rabiiem
235 1019 263 1042 et
277 1022 371 1042 veram
388 1023 498 1043 crucem
514 1021 542 1044 et
555 1024 651 1046 omnes
666 1020 789 1050 sanctos,
803 1022 830 1044 et
852 1024 900 1044 re-.

102 1064 240 1094 ceperunt
251 1068 333 1095 super
350 1062 457 1089 animas
471 1069 536 1090 suas
548 1067 576 1090 et
586 1063 756 1090 dominorum
771 1070 894 1094 suorum.

104 1104 266 1139 Potestatis,
285 1106 437 1142 Capitanei,
451 1107 645 1140 Antianorum.
659 1113 722 1135 octo
750 1107 888 1135 Nobilium

103 1156 135 1178 et
149 1151 321 1186 Communis,
337 1161 433 1181 omnes
445 1153 592 1188 petitiones
610 1151 719 1188 Imperii
738 1154 823 1181 nostri
832 1154 898 1182 sub-

103 1197 236 1233 scriptas,
249 1203 278 1225 et
293 1198 385 1233 jurare
416 1199 534 1227 debeant
567 1200 736 1233 multotiens.
771 1200 897 1228 videlicet

106 1243 244 1277 Potestas,
256 1245 432 1278 Capitaueus.
442 1246 566 1279 Antiaui.
579 1251 642 1274 octo
656 1246 768 1274 Nobiles
780 1251 807 1274 et
816 1247 898 1273 Com-

107 1297 191 1317 tuuue
202 1288 306 1322 Ianum,
316 1295 346 1317 ιιι
357 1291 522 1324 atlimpleant
538 1292 603 1322 ista.
634 1296 662 1319 et
685 1299 733 1326 per
757 1291 899 1327 jurauteu-

107 1340 166 1362 tum
182 1337 343 1363 conlirment
358 1342 387 1363 et
405 1337 545 1364 ratiﬁceut
556 1337 729 1372 iui‘rascripta
747 1347 756 1366 :

145 1381 271 1417 Inprimis
285 1382 358 1417 quod
373 1383 523 1410 Commune
533 1382 628 1410 .Ianuze
657 1383 768 1411 habebit
799 1384 831 1411 de
843 1391 899 1411 cre-

108 1434 170 1456 tcro
185 1435 279 1463 pacem
291 1433 319 1455 et
330 1435 452 1455 amorem
471 1433 633 1464 perpetuum
644 1437 706 1457 cum
723 1429 840 1465 Imperio
851 1438 900 1457 no-

113 1480 170 1502 stro
183 1482 215 1501 ac
230 1474 439 1502 successoribus
451 1474 521 1508 ejus,
534 1480 564 1502 et
592 1482 646 1502 non
675 1475 758 1503 faciet
793 1483 898 1511 pacem,

113 1525 236 1556 treugam
253 1527 303 1547 nec
319 1519 494 1547 concordiam
510 1527 573 1547 cum
585 1521 779 1549 communibus
807 1521 900 1548 inimi-

115 1566 157 1593 cis
173 1571 271 1593 nostra:
284 1567 446 1594 communia:
458 1566 569 1594 Venetis
582 1567 642 1594 sine
653 1567 768 1595 scientia
796 1573 823 1595 et
854 1576 901 1596 vo-

116 1613 220 1640 luntate
237 1613 324 1641 nostri
336 1613 456 1649 Imperii.
472 1614 543 1642 sicut
555 1613 704 1648 imperium
717 1618 841 1642 nostrum
860 1619 902 1642 te-

117 1664 195 1685 netur
209 1667 262 1686 non
274 1659 362 1687 iacere
371 1664 507 1695 treugam,
519 1667 614 1695 pacem
627 1667 714 1694 neque
725 1661 900 1688 concordiam

113 1704 375 1732 cumconunuuibus
398 1705 515 1733 inimicis
539 1707 641 1734 nostris
662 1706 771 1734 Venetia
781 1707 841 1734 sine
859 1714 905 1735 vo-

119 1750 223 1777 luntate
236 1755 263 1778 et
274 1750 442 1778 conscientia
453 1750 516 1778 dicti
529 1749 690 1778 Communis
711 1750 901 1780 Januensium.

151 1795 218 1823 Item
235 1797 307 1831 quod
323 1796 475 1828 salvabunt.
491 1796 649 1824 custodieut
661 1802 689 1824 et
707 1797 857 1825 defendent
875 1798 902 1826 in

116 1841 201 1870 Ianua
213 1842 374 1870 etdistrictu
388 1841 496 1874 Ianuar,
522 1851 602 1878 quctu
619 1843 721 1871 habent
735 1849 765 1870 et
780 1844 814 1871 de
850 1852 904 1872 ca:-

119 1893 175 1916 tero
188 1889 382 1923 adquisierim,
398 1896 494 1917 omnes
509 1889 621 1917 nuntios
631 1895 660 1917 et
670 1890 763 1918 ﬁdeles
778 1890 904 1918 homines

118 1933 202 1960 nostri
225 1934 342 1969 Imperii.

152 1979 215 2006 item
233 1980 304 2015 quod
320 1987 413 2008 omnes
429 1981 609 2008 tncrcatiOnes
632 1986 659 2008 et
690 1988 785 2008 omnes
800 1985 828 2008 et
846 1981 905 2008 sin-

119 2027 181 2061 guli,
197 2028 241 2062 qtti
259 2032 322 2054 sunt
346 2028 379 2054 de
396 2033 467 2055 terra
485 2029 570 2055 nostri
600 2027 720 2063 Imperii,
744 2029 850 2063 possint
865 2029 905 2055 ire

118 2071 229 2099 Januam
247 2078 272 2100 et
288 2073 377 2100 facere
389 2076 578 2107 mercantium,
594 2079 622 2102 et
647 2080 733 2101 loiuut
750 2075 902 2102 districtum

119 2118 184 2153 ejus,
198 2126 278 2153 quem
293 2118 374 2146 habet
388 2123 415 2149 et
431 2120 465 2146 de
481 2125 581 2147 ςευιυω
597 2121 770 2155 adquisierit,
805 2125 833 2148 et
857 2129 905 2148 ex-

120 2165 224 2191 trahere
232 2164 265 2191 de
278 2163 363 2191 Ianua
376 2170 403 2192 et
417 2165 542 2193 districtu
557 2166 618 2200 ejus
634 2166 667 2193 de
678 2167 792 2194 omnibu
802 2175 816 2194 s
832 2175 905 2194 mer-

120 2210 273 2237 catiouibus
288 2215 316 2236 et
331 2210 415 2237 armis
433 2214 459 2237 et
479 2212 558 2246 equis
574 2211 657 2239 libere
671 2212 731 2239 sine
749 2213 839 2246 aliqua
856 2214 906 2240 da-

119 2257 170 2283 cita
187 2257 227 2284 rei
243 2257 419 2289 commercio,
431 2262 459 2284 et
474 2258 545 2292 quod
560 2258 617 2285 sint
631 2258 713 2286 liberi
743 2265 770 2286 et
798 2259 903 2287 i‘rnnchi

121 2304 145 2330 iu
159 2302 245 2331 .Iauua
265 2304 428 2332 etdistrictu
444 2303 514 2338 eius,
531 2312 612 2339 quem
634 2305 716 2332 habet
744 2311 771 2332 et
805 2306 904 2341 adqui-

119 2352 202 2383 sieril,
218 2351 309 2378 eundo
320 2356 347 2380 et
361 2351 507 2384 redeundo,
520 2356 547 2379 et
562 2352 634 2386 quod
645 2352 775 2380 custodiri
791 2354 905 2380 debeant

120 2399 175 2425 sani
192 2403 219 2424 ct
232 2397 364 2431 naufragi.

152 2444 217 2472 Item
233 2444 303 2479 quod
318 2451 371 2470 non
385 2443 545 2477 permittent
556 2441 676 2476 aliquam
687 2447 820 2469 armatam
841 2442 899 2469 ﬁeri

120 2491 144 2518 in
157 2489 244 2518 Jauua
259 2489 302 2516 vel
315 2489 442 2517 districtu
452 2489 510 2525 ejus
528 2489 622 2524 habito
631 2489 672 2516 vel
703 2490 829 2516 habendo
856 2497 904 2524 pur

121 2536 224 2571 aliquos
240 2537 366 2564 inimicos
381 2536 490 2571 Imperii
503 2535 591 2563 nostri
607 2540 636 2563 et
648 2544 695 2570 per
710 2536 818 2571 aliquos
834 2536 902 2563 alios

121 2589 207 2611 contra
219 2583 322 2610 dictum
341 2582 490 2616 Imperium
513 2582 555 2610 vel
591 2587 686 2617 gentes
717 2590 766 2609 seu
800 2582 902 2609 insulas

122 2630 223 2665 Imperii
239 2628 336 2657 nostri.

151 2677 216 2703 Item
231 2675 302 2710 quod
311 2682 406 2702 onmes
414 2673 565 2703 Januenses
576 2680 603 2703 et
616 2676 648 2704 de
658 2675 783 2703 districta
795 2675 902 2708 Ianum,

123 2722 159 2757 qui
176 2721 312 2748 voluerint
329 2721 424 2747 venire
438 2720 465 2746 iu
494 2721 635 2748 servitium
663 2722 750 2749 nostri
779 2722 901 2756 imperii.

629 92 815 127 ΝονΕιιΛξ
835 87 1174 124 CONSTI’I‘UTIONES.

74 144 163 172 catis
177 150 224 176 per
234 147 433 170 sacramentum
449 142 492 175 iis,
508 147 567 176 quae
581 143 757 170 continemur
770 143 797 169 in
813 149 884 177 pra:-
904 141 929 166 A

1653 81 1728 113 ,10Το

943 151 1050 186 pOSsint
1065 148 1158 176 venire
1172 153 1234 174 cum
1251 144 1346 180 galeis.
1361 142 1455 174 armis,
1469 140 1584 168 navibus
1599 144 1626 167 et
1637 140 1726 174 equis.

938 197 1049 233 etquod
1061 196 1165 224 dictum
1178 193 1343 224 Commune,
1356 190 1484 218 Potestas
1510 192 1539 216 ot
1563 187 1729 222 Capitaneus

938 252 991 272 non
1005 243 1109 278 possint
1122 243 1196 276 ipsos
1220 239 1354 267 detinere.

973 289 1041 317 Item
1059 289 1130 323 quod
1146 293 1242 314 omnes
1258 285 1407 313 Janueusss
1435 286 1464 309 et
1489 281 1523 308 de
1550 280 1680 307 districta
1701 283 1728 305 et

940 336 986 371 qui
997 343 1046 370 pro
1056 333 1238 361 .Ianueusibus
1251 339 1279 359 se
1293 330 1480 365 appellabunt,
1497 327 1545 362 qui
1573 326 1675 353 iuerint
1700 325 1727 351 in

940 382 1057 417 Imperio
1070 386 1174 411 nostro,
1188 383 1216 406 et
1231 377 1399 411 adiuvabunt
1425 375 1459 402 ad
1487 373 1687 401 defendendum
1704 376 1731 397 et

942 428 1087 456 defendent
1103 432 1204 454 terram
1217 425 1301 452 nostri
1326 422 1435 457 Imperii
1459 426 1487 449 et
1506 419 1633 448 homines
1660 419 1729 445 bona

944 476 996 502 ilde
1010 485 1017 502 :
1031 481 1084 501 non
1098 477 1187 500 tamen
1199 471 1306 506 possint
1323 474 1468 504 propterea
1486 467 1604 494 detineri
1635 472 1733 501 persu-

944 520 1041 547 ualiter
1057 518 1098 545 rei
1115 517 1235 548 realiter,
1253 516 1317 550 quin
1333 521 1442 547 semper
1469 513 1502 539 ad
1528 519 1622 539 eorum
1643 511 1736 537 volun-

945 570 1026 592 tatem
1039 565 1070 590 de
1082 567 1176 590 nostro
1190 561 1310 595 Imperio
1337 559 1415 588 exire
1432 558 1540 593 possint
1554 563 1582 584 et
1606 556 1735 584 recedere

944 609 1124 646 personaliter
1142 613 1169 635 et
1183 607 1307 634 realiter.

980 655 1045 682 Item
1058 653 1129 689 quod
1148 653 1170 680 si
1183 653 1273 686 aliqua
1291 650 1369 678 navis
1395 654 1580 677 mercatorum
1613 647 1734 674 Jauucn.

945 699 1016 726 sium
1030 698 1111 725 fuerit
1131 698 1156 724 in
1181 695 1300 730 Imperio
1326 699 1430 726 nostro,
1463 697 1491 719 et
1520 697 1586 718 tunc
1608 691 1737 717 accidet-it

945 745 1017 780 quod
1032 744 1064 780 (j)
1078 743 1165 771 stolns
1182 743 1345 770 Pisanorum
1356 741 1397 768 vel
1409 736 1576 767 Venetorum
1592 737 1634 764 vel
1663 736 1733 764 alic—

946 799 1018 824 rnm,
1033 791 1078 826 qui
1091 791 1191 818 habent
1207 795 1334 829 guerram
1345 794 1406 813 cum
1421 785 1546 820 Imperio
1564 789 1678 824 .nostro,
1710 788 1737 809 rt

946 835 1111 870 Capitaueus
1132 842 1180 862 seu
1205 828 1293 861 Ducas
1323 833 1366 860 vel
1388 831 1562 858 Castciiauns
1591 829 1656 861 Ioei,
1690 828 1736 855 uisi

942 883 999 917 jam
1015 881 1087 909 dicta
1103 881 1180 909 navis
1194 884 1277 912 esset,
1291 879 1444 913 requireret
1460 877 1493 904 de
1510 876 1667 903 hominibus
1689 883 1738 902 nae

945 929 987 956 vis
1001 928 1138 963 praedictae
1155 933 1203 962 pro
1219 924 1366 952 muniendo
1379 928 1515 956 castrum,
1547 925 1575 949 et
1601 921 1736 956 pepigerit

945 981 1006 1001 cum
1021 973 1086 1008 ipsis
1099 971 1285 1000 Januensibus
1303 977 1352 1005 per
1369 973 1476 996 tantum
1492 972 1610 1002 tempus.
1643 974 1738 1001 quart—

948 1024 1003 1046 tum
1031 1024 1140 1053 pactum
1171 1017 1268 1044 fecerit
1297 1016 1388 1043 dando
1411 1014 1478 1049 ipsis
1501 1013 1614 1047 solidos,
1643 1013 1739 1040 videli-

946 1071 989 1094 cet
1006 1066 1099 1093 decem
1125 1065 1230 1092 dierum
1258 1062 1301 1090 vel
1328 1062 1424 1097 viginti
1456 1060 1499 1088 vel
1527 1060 1609 1088 unius
1637 1061 1738 1087 mensis

947 1112 988 1139 ve!
1016 1111 1076 1145 plus
1102 1110 1147 1138 vel
1172 1110 1273 1141 minus.
1302 1108 1374 1143 quod
1404 1107 1469 1135 dicti
1503 1106 1668 1139 Januenses,
1693 1113 1738 1140 qut

949 1158 1112 1194 pepigeriut,
1137 1161 1281 1184 teneantur
1297 1155 1422 1182 debitum
1449 1153 1543 1181 debito
1567 1159 1687 1180 castrum
1708 1153 1740 1177 i2—

947 1205 994 1231 iud
1018 1203 1163 1231 defendere
1181 1206 1209 1230 et
1233 1202 1339 1229 salvere
1353 1201 1426 1228 sicut
1451 1203 1571 1227 castrum
1596 1199 1737 1233 proprium

947 1250 1136 1283 Junuensium,
1152 1253 1180 1276 et
1195 1256 1247 1275 non
1264 1247 1355 1275 facere
1367 1247 1488 1281 aiiqttam
1511 1245 1644 1273 malitiam
1671 1245 1738 1271 (IICII

948 1295 1032 1324 castri
1049 1302 1096 1322 seu
1110 1294 1283 1322 traditionem
1300 1291 1366 1319 dicti
1380 1292 1463 1318 castri
1483 1299 1491 1323 ;
1506 1295 1632 1317 teneatur
1659 1289 1740 1317 Cont-

949 1349 1031 1368 mune
1046 1339 1150 1372 Ianum,
1167 1339 1332 1374 Capitaneus
1346 1343 1372 1364 et
1393 1337 1519 1365 Potestas
1541 1342 1636 1364 contra
1659 1336 1734 1371 ipsoa

949 1385 1146 1414 correctionem
1165 1389 1192 1411 et
1207 1383 1352 1410 vindictam
1369 1382 1471 1413 facere,
1495 1383 1567 1409 sicut
1594 1381 1617 1408 si
1647 1385 1740 1408 essent

950 1433 976 1460 In
993 1431 1073 1459 simili
1089 1437 1170 1458 causa
1186 1429 1334 1457 traditorcs
1355 1428 1518 1456 Communis
1548 1427 1741 1455 Jauueusium.

986 1479 1052 1505 Item
1065 1476 1136 1512 quod
1149 1475 1238 1503 nuntii
1254 1475 1362 1509 Imperii
1378 1474 1465 1502 nostri
1486 1481 1594 1507 semper
1626 1474 1660 1499 ad
1694 1479 1743 1499 eo-

912 1527 935 1557 c
951 1532 1011 1553 rum
1023 1524 1189 1551 voluntatem
1205 1522 1312 1557 possint
1324 1521 1467 1554 esti-abere
1480 1519 1513 1548 de
1524 1519 1633 1548 civitate
1648 1518 1743 1546 Jauun

954 1577 981 1600 et
996 1571 1119 1599 distt'ictu
1136 1570 1229 1597 habito
1240 1574 1267 1596 et
1285 1568 1409 1596 habendo
1440 1567 1525 1595 libere
1553 1566 1612 1593 sine
1639 1566 1731 1600 aliquo

955 1617 1119 1646 commercio
1131 1624 1207 1644 arma
1224 1621 1251 1643 et
1266 1622 1361 1647 equos.

990 1662 1056 1690 Item
1071 1669 1132 1689 cum
1149 1668 1262 1689 necesse
1275 1660 1400 1689 habuerit
1417 1660 1559 1695 galearum
1593 1659 1743 1695 Imperium

960 1713 1084 1737 nostrum
1101 1712 1129 1735 et
1143 1715 1189 1735 eas
1204 1712 1297 1743 petere
1311 1707 1430 1734 voluerit
1444 1713 1493 1741 pro
1520 1706 1665 1734 serviendo
1693 1706 1747 1733 Im-

956 1756 1030 1791 perio
1041 1759 1144 1786 nostro.
1158 1754 1308 1782 Commune
1324 1753 1430 1784 Jauute.
1456 1752 1622 1787 Capitaueus
1636 1757 1663 1781 et
1692 1753 1745 1780 Po—

957 1807 1042 1829 testas
1057 1801 1090 1828 ab
1106 1808 1158 1828 una
1185 1800 1260 1834 galea
1294 1806 1382 1834 usque
1411 1799 1438 1826 itt
1462 1799 1661 1834 quinquaginta
1693 1799 1743 1834 (It).

956 1855 1017 1875 cum
1029 1847 1156 1882 expensis
1167 1846 1276 1882 Imperii
1291 1846 1387 1878 nostri,
1406 1845 1476 1872 sicut
1490 1850 1602 1880 apparet
1618 1850 1647 1873 et
1675 1846 1746 1873 scri-

956 1899 1032 1929 ptum
1049 1898 1090 1920 est
1104 1893 1140 1920 de
1153 1893 1282 1927 expensis
1297 1893 1324 1920 iu
1338 1892 1392 1920 isto
1416 1891 1558 1927 privilegio
1577 1898 1748 1919 sacrament-

957 1936 1009 1975 [at]
1027 1945 1043 1965 ο
1057 1945 1065 1965 :
1081 1937 1210 1965 videlicet
1225 1938 1298 1972 quod
1331 1937 1457 1964 homines
1468 1938 1684 1972 uniuscujusth
1699 1945 1748 1972 ga-

957 1985 1004 2012 lea:
1022 1984 1142 2019 quolibet
1161 1991 1253 2011 mense
1266 1983 1446 2018 habeautpro
1465 1984 1631 2011 victualibus
1663 1984 1744 2011 Cant.

956 2030 1002 2058 XC
1014 2031 1046 2058 de
1063 2031 1139 2066 panis
1151 2031 1272 2064 hiscotti,
1289 2039 1348 2066 qum
1358 2036 1421 2058 sunt
1437 2031 1470 2058 ad
1488 2031 1594 2065 pontlus
1614 2032 1745 2058 librarum

957 2077 1183 2105 Romanitelibraa
1210 2076 1396 2110 XIVMCCCC,
1433 2078 1498 2105 item
1532 2086 1632 2105 carnes
1653 2078 1747 2104 salitus

957 2124 1036 2151 Cant.
1053 2122 1188 2155 VIJanu.,
1203 2130 1263 2157 quae
1281 2128 1343 2150 sunt
1357 2123 1417 2150 libr.
1429 2121 1586 2150 DCCCCLX
1605 2122 1745 2150 Itomanac.

959 2170 1022 2197 item
1038 2176 1149 2196 caseum
1169 2169 1215 2195 lib.
1232 2167 1256 2195 Μ
1289 2168 1437 2199 Romaniae.
1460 2169 1525 2196 item
1544 2169 1636 2195 viuum
1651 2169 1684 2194 ad
1698 2170 1748 2195 nti-

959 2220 1030 2241 trum
1049 2213 1105 2241 Nisi
1120 2213 1220 2240 CCXI...
1235 2213 1301 2241 Item
1313 2214 1383 2248 quod
1399 2215 1525 2242 homines
1539 2215 1679 2241 dicturum
1700 2223 1746 2249 3:»

957 2261 1060 2288 Icarum
1076 2260 1176 2287 debent
1194 2261 1294 2288 habere
1314 2261 1415 2288 solidos
1448 2261 1557 2296 Imperii
1583 2261 1668 2288 nostri
1699 2268 1748 2295 pro

958 2307 1080 2341 quolibet
1094 2313 1188 2333 mense
1212 2310 1238 2333 et
1263 2314 1312 2340 pro
1327 2307 1448 2341 quolibet
1471 2306 1589 2338 homine.
1602 2307 1674 2334 sicut
1704 2307 1747 2334 hic

958 2353 1111 2380 continetur
1126 2361 1133 2379 :
1155 2352 1281 2380 videlicet
1293 2353 1414 2380 Gentiles
1430 2353 1642 2388 uniuscujusque
1663 2355 1747 2389 galeae

957 2406 1088 2434 yperpera
1107 2398 1139 2426 VI
1162 2404 1189 2426 et
1215 2400 1377 2431 dimidium;
1407 2398 1439 2426 IV
1458 2399 1585 2427 uantiieui
1618 2401 1747 2428 uniuscu-

952 2446 1051 2480 jusque
1061 2445 1145 2480 gaiete
1161 2453 1253 2481 yperp.
1267 2445 1339 2475 XIII.
1356 2445 1483 2472 videlicet
1511 2446 1624 2481 quilibet
1637 2447 1746 2474 naucle-

956 2493 1010 2519 rius
1025 2499 1119 2527 ypcrp.
1136 2492 1170 2519 Ill
1184 2497 1211 2519 et
1222 2492 1281 2520 kar.
1302 2491 1357 2525 VI;
1389 2493 1601 2527 superSnIientes
1617 2494 1746 2521 unittscna

954 2538 1052 2573 jusque
1064 2539 1147 2573 galea:
1158 2546 1252 2574 yperp.
1269 2538 1300 2571 Ο,
1318 2538 1443 2566 videlicet
1456 2546 1505 2573 pro
1519 2539 1639 2574 quo'ibet
1651 2547 1745 2574 yperp.

957 2584 989 2618 Il,
1007 2590 1034 2611 et
1053 2585 1380 2619 dimidtum;panetarius
1413 2585 1628 2619 uniuscujusque
1658 2586 1743 2620 galeae

956 2638 1051 2665 ypcrp.
1066 2631 1074 2657 I
1090 2635 1117 2658 et
1141 2630 1199 2658 kar.
1218 2630 1318 2664 XVIII;
1337 2631 1457 2664 vogherii
1474 2630 1554 2658 CVIII
1572 2631 1748 2665 uniuscujus-

958 2684 1011 2711 quc
1023 2677 1105 2712 galea:
1137 2685 1231 2712 ypcrp.
1248 2677 1415 2710 CLXXXIX,
1441 2678 1565 2705 videlicrt
1585 2685 1633 2712 pro
1659 2677 1749 2712 quoli-

959 2727 1002 2750 bet
1018 2723 1027 2749 I
1043 2729 1069 2750 et
1083 2723 1142 2751 iter.
1159 2723 1254 2751 XVIII.
1274 2725 1420 2752 I‘rredictos
1441 2732 1559 2760 uatuque
1587 2724 1692 2753 solidos
1719 2729 1747 2750 et

149 2770 180 2803 (j)
197 2768 272 2801 Quod
285 2768 426 2794 delendum
436 2774 496 2794 esse
512 2768 630 2801 videtur,
646 2769 697 2797 nisi
715 2769 826 2796 verbum
843 2770 978 2796 advenerit
999 2770 1038 2796 rei
1057 2770 1191 2804 ejusmodi
1213 2771 1278 2804 quid
1307 2772 1451 2798 exciderit.

149 2804 183 2836 (It)
202 2804 312 2836 Supple,
328 2804 455 2829 instruere
473 2808 620 2830 teneamur.
