1892 3066
106 133 175 166 1001

639 133 823 163 NOVELILF.
842 129 1182 161 CONSTI'I‘U'I‘IONES.

1643 96 1650 104 .
1664 127 1729 158 iOI‘i’Z

101 195 197 217 neum,
217 186 339 225 preprias
366 186 406 213 sui
421 186 561 218 ecclesias,
589 187 759 213 sacerdotem
786 185 825 211 vel
846 185 1013 218 sa-Aquoil
1038 183 1095 210 ﬁeri
1120 185 1214 211 dcilcnl
1243 183 1376 210 s..tisfatio
1396 182 1481 217 ipsius
1504 181 1623 216 dauipui,
1651 184 1732 216 prout

100 233 230 259 cerdntes
247 231 399 260 Januenses
417 237 443 260 et
457 230 581 264 La‘tinos,
599 236 728 259 stateram
746 237 774 259 et
791 231 890 265 potule-

101 282 211 304 ratoms
232 276 421 308 Januensium‘,
446 278 561 309 scribas,
585 285 728 305 mansuras
750 282 776 304 et
800 277 890 303 omnia

103 323 160 350 alia
174 331 226 358 que
251 323 385 350 voluerint
401 323 437 350 ad
461 324 625 351 voluntatem
644 327 673 351 et
694 323 822 359 placitum
842 331 888 349 cn-

105 377 181 397 rum.
197 371 351 397 Ponderare
367 375 456 397 tamen
485 371 601 398 debeam
617 370 714 405 prcfati
730 370 892 405 ponderant-

105 422 154 442 res
179 414 299 449 ipsorum
326 420 454 450 prasente
478 415 571 443 scriba
605 416 646 442 vel
675 415 727 442 alio
743 414 844 442 nuncio
859 421 890 440 ex

105 466 186 496 parte
208 462 336 489 comercii
352 461 461 496 Imperii
483 462 580 489 nostri.
611 461 644 488 Et
659 461 709 496 ipsi
723 460 831 495 quidem
847 458 892 486 Ja-

108 513 227 535 nitentes
250 508 349 535 habere
362 507 477 535 debeant
498 507 682 534 omnimodam
695 506 848 533 libertatem
865 506 892 532 et

109 552 287 580 franchi‘ziant
303 552 336 580 ad
353 553 556 588 ponderandum
576 552 763 580 merca’ciones
780 551 891 579 eorum:

108 597 194 625 ceteri
219 598 284 625 vero
300 597 346 632 qui
371 599 497 626 redeuntes
517 602 580 626 sunt
599 596 772 631 commercio
785 597 892 632 Imperii

111 642 210 674 nostri,
230 642 294 670 dare
313 643 431 670 debeant
444 651 492 678 pro
507 643 564 678 ipsa
578 642 764 678 pond‘cratura‘
778 638 809 669 id‘
821 635 896 676 quod

108 692 154 716 est
168 689 268 716 decens
286 690 440 717 secundum
461 689 664 717 ordiua'cionem
680 693 707 716 et
722 688 898 716 consuetudi-

110 742 186 766 nem,
206 735 242 760 ita
258 735 329 770 quod
350 740 403 762 non
420 734 507 770 possit
528 734 666 763 occultare
686 739 715 762 se
732 735 773 762 vel
788 734 895 761 defrau-

86 795 97 804 .
109 780 178 807 dare
193 782 383 808 contercium‘.‘
400 784 403 787 ‘

147 827 213 855 Item
228 832 289 854 cum
315 828 340 854 in
359 824 454 855 eodem
475 827 535 855 loco
557 827 613 855 sint
628 827 742 856 ecclesle
757 828 814 854 tr’es
825 826 894 854 Gre-

110 879 217 902 corum,
234 878 315 906 super
329 873 428 907 quibus
440 873 522 900 habet
535 872 717 900 Omnimodam
735 872 900 907 potestatem

113 919 302 945 sanctissimus
327 918 452 946 dominus
486 919 621 953 generalis
655 917 819 954 patriarcha,
851 917 897 945 de-

114 963 197 991 beam
223 965 294 997 ipsas
307 964 442 992 ecclesias
469 965 574 992 habere
584 964 743 991 sacerdotes
763 960 852 995 Greci,
871 964 897 989 et

115 1014 227 1036 cantare
242 1009 423 1037 et-ccl'ebra‘re
447 1010 563 1044 ili‘ipsis,
584 1010 655 1044 quod
673 1016 722 1044 per
735 1009 822 1044 ipsum
836 1005 898 1035 sart-

114 1054 267 1081 ctissimum
292 1054 431 1082 dominum
461 1055 651 1090 patriarcham“
671 1054 823 1089 g‘énér‘alcm
852 1060 900 1079 an-

113 1099 218 1126 nuatim
237 1100 316 1127 fuerit
332 1100 498 1128 ordinatum.

150 1145 215 1172 Itcm
229 1145 302 1180 quod
324 1145 496 1180 mnesrqui‘
509 1145 662 1173 secundum
682 1142 900 1173 veritat‘emfiie—

115 1190 171 1218 rint
194 1190 346 1219 .Ianuenses
357 1198 384 1219 et
398 1192 444 1227 qui
461 1192 648 1220 nominabitur
658 1192 685 1219 et
702 1184 838 1220 tenebitur
853 1188 898 1219 J’a'.

115 1236 238 1269 nueusis,
260 1243 321 1264 esse
344 1237 441 1265 debeat
460 1237 510 1265 sub
529 1239 653 1266 eXamine
677 1237 753 1266 cut-ie
778 1239 900 1273 ipsorum

114 1280 303 1315 Jauuensium,
319 1281 382 1310 licet
393 1284 576 1317 transpositus
585 1283 667 1311 fixerit
679 1283 712 1311 ad
721 1284 902 1311 aiiani‘natio-

115 1332 190 1357 nem,
207 1325 266 1353 sive
280 1326 414 1354 masculus
431 1326 513 1354 fuerit
528 1328 584 1355 sive
602 1328 714 1355 femina.
731 1328 759 1356 Si
778 1328 840 1356 facti
859 1335 902 1356 cs-

115 1376 176 1398 sent
192 1370 271 1399 Greci
286 1372 328 1399 vel
344 1372 455 1401 alterius
472 1373 600 1406 nationis,
618 1379 697 1406 prout
709 1374 732 1401 si
742 1373 845 1402 Grecus
862 1376 902 1402 vel

116 1414 203 1444 Greca
220 1416 261 1443 vel
273 1416 342 1443 alius
354 1417 398 1452 qui
418 1418 470 1445 sub
482 1417 672 1452 iurisdictioue
687 1423 779 1445 nostra
793 1419 846 1446 sint
863 1421 903 1448 vel

116 1470 178 1491 esse
192 1463 309 1490 debeant
323 1463 478 1492 rendabiles
489 1464 605 1499 imperio
617 1469 720 1498 nostro,
739 1465 803 1493 licet
815 1465 905 1493 emise-

118 1513 215 1535 rentur
233 1508 394 1542 Januenses,
410 1509 526 1538 debeant
544 1517 604 1538 esse
616 1510 667 1538 sub
678 1511 803 1540 examine
818 1513 903 1546 partis
918 1522 938 1548 ο

118 1553 226 1589 Imperii
249 1554 348 1588 nostri,
372 1560 422 1582 nec
444 1555 671 1591 computabuutur
687 1556 714 1583 in
739 1559 852 1585 numero
877 1564 905 1584 et

117 1600 288 1629 ordinatione
309 1601 458 1629 franchizie
476 1607 503 1629 et
525 1602 657 1630 libertatis
666 1601 854 1630 Januensiutn.

155 1647 221 1673 Item
234 1646 305 1680 quod
321 1647 496 1674 concedimus
510 1647 579 1682 parti
593 1647 712 1682 ipsorum
726 1647 903 1677 Januensium

118 1691 205 1720 locum
223 1693 403 1720 habitacionls
421 1693 447 1720 in
465 1697 535 1721 terra
547 1692 731 1724 Sm’ir‘narum,
751 1690 905 1728 et‘permit-

120 1739 203 1765 timus
216 1739 291 1773 ipsos
305 1738 405 1767 habere
417 1740 443 1766 in
459 1738 626 1766 edden‘tlooo
641 1740 752 1774 logia‘m,
767 1740 905 1774 balneum,

121 1783 241 1814 furnum,
257 1784 401 1811 ecclesiam
415 1788 442 1811 et
456 1784 511 1810 alia'
524 1790 576 1818 que
590 1785 746 1819 s‘pcciflcata
763 1790 830 1812 sunt‘
840 1790 906 1821 par-

121 1830 272 1857 ticulariter
291 1830 318 1856 iu
333 1829 451 1864 capitulo
465 1830 498 1856 de
518 1828 624 1864 Galate,
641 1835 669 1857 ut
685 1831 785 1858 dictum
801 1837 854 1858 est.

155 1875 221 1902 item
236 1875 307 1909 quod
319 1875 487 1903 salvabimus
501 1876 593 1902 tamin
607 1874 675 1902 mari
688 1878 768 1910 quam
783 1876 808 1903 in
824 1881 906 1908 terra,

121 1921 148 1948 in
164 1919 288 1955 portibus
300 1924 327 1947 et
338 1919 435 1948 insulis
450 1928 516 1955 quas
532 1920 667 1948 habemus
683 1924 710 1947 et
731 1920 848 1948 habituri
864 1928 909 1947 su-

121 1975 181 1994 mus
193 1973 241 2002 per
255 1966 371 2000 gratiam
392 1966 439 1993 Dei
465 1969 493 1993 et
506 1965 731 1993 intercessionem
745 1965 804 1999 ejus
830 1972 909 1993 sauc-

122 2014 224 2042 tissinie
236 2013 392 2046 Genitricis,
412 2020 507 2040 omnes
522 2011 673 2040 Jauuenses
691 2014 763 2040 etde
783 2011 908 2039 districta

121 2059 206 2087 Janue
221 2063 248 2086 et
258 2067 353 2087 omnes
367 2059 520 2086 nominatos
538 2057 688 2086 Jauuenses
703 2063 729 2086 et
744 2058 790 2093 qui
803 2065 850 2092 pro
864 2057 909 2085 .Ia-

123 2106 273 2134 uucnsibus
284 2105 488 2140 distinguuntur
499 2105 541 2132 vel
558 2105 734 2136 tenebuntur,
748 2106 774 2131 in
786 2105 909 2139 personis

123 2157 149 2178 et
165 2151 247 2179 rebus
271 2151 398 2178 omnibus
412 2158 519 2183 eorum,
544 2155 571 2178 et
585 2150 641 2177 hlis'
652 2150 691 2185 (tt)
707 2149 752 2185 qui
773 2149 912 2184 patientur

943 229 992 263 ipsi
1010 229 1186 264 probaverim
1200 228 1227 256 in
1242 229 1357 256 veritate
1372 228 1398 255 et
1409 228 1564 262 iuraverint
1576 227 1603 254 in
1618 235 1730 262 presen-
1755 259 1760 262 _

944 275 979 301 tia
1009 275 1117 302 illorum
1137 275 1182 309 qui
1212 278 1372 310 potestatem
1389 274 1534 301 habuerint
1553 273 1731 301 Jauuensium

943 325 1071 354 presente
1092 320 1192 348 nuncio
1222 320 1329 354 Imperii
1345 321 1441 347 nostri.
1466 318 1589 348 Probare
1617 319 1734 347 debeant

943 366 1066 394 similiter
1093 375 1153 394 cum
1170 367 1240 394 veris
1252 367 1414 401 iuramentis
1426 366 1506 394 etiam
1532 366 1577 393 alii
1593 366 1638 401 qui
1659 366 1733 394 inve-

944 411 1052 439 nientur
1079 413 1105 439 in
1132 412 1229 440 eodem
1244 412 1386 448 naufragio
1403 413 1449 447 qui
1467 413 1604 440 evaserint
1620 413 1652 440 de
1674 413 1734 448 IPS'I

944 460 1065 494 periculo
1088 464 1216 493 presente
1236 460 1293 494 ipso
1321 459 1420 486 nuncio
1438 459 1544 493 Imperii
1570 459 1666 490 nostri,
1689 459 1733 492 qui

945 505 1034 533 videat
1053 508 1128 542 ipsos
1152 512 1235 536 testes
1254 507 1358 542 iurare,
1374 510 1404 532 ut
1423 512 1505 540 Supra
1521 506 1625 533 dictum
1640 510 1691 539 est,
1708 512 1735 532 tl.

945 551 1068 580 sufﬁcere
1083 553 1179 581 debeat
1193 554 1244 581 hoc
1258 553 1292 581 ad
1303 559 1489 582 ostensiouem
1506 559 1533 582 et
1545 554 1734 588 probationem

943 598 1077 626 veritatis.

980 639 1046 672 Item
1078 645 1150 678 quod
1179 637 1360 680 preslahimus
1386 652 1493 681 semper
1521 645 1591 681 parti
1625 646 1736 673 illustris

946 689 1069 719 eomuuis
1094 691 1181 719 Janue
1197 695 1224 718 et
1243 691 1356 726 singulis
1373 690 1553 719 .Ianucnsibus
1575 695 1603 718 et
1627 691 1660 718 de
1680 691 1736 718 dis.

949 737 1028 764 lI‘ICllI
1048 737 1135 765 Janue
1150 742 1176 764 et
1195 730 1314 770 illorum,
1327 737 1372 772 qui
1389 736 1554 764 tenebuntur
1577 736 1737 764 utJauuen-

946 790 1002 816 ses,
1016 783 1170 811 libertatem
1184 787 1212 810 et
1231 782 1411 810 franchiziam
1434 787 1463 810 et
1489 782 1686 809 immunitatem
1703 784 1736 809 de

947 826 1038 855 cetero
1058 829 1163 862 semper
1177 833 1232 855 tam
1251 827 1278 854 in
1296 827 1365 854 mari
1379 835 1458 862 quam
1480 827 1506 855 in
1530 832 1614 860 terra,
1630 828 1656 854 iu
1673 835 1737 862 por-

948 866 1018 898 tibus
1032 868 1060 898 et
1079 868 1174 898 insulis
1189 872 1292 900 nostris
1309 879 1377 906 quas
1390 871 1521 899 habemus
1536 876 1562 899 et
1577 873 1737 900 habebimus

948 916 998 944 Dei
1020 916 1209 944 misericordia
1222 921 1249 944 et
1261 924 1309 952 per
1325 917 1548 944 intercessionem
1564 917 1737 945 sanctissime

949 961 996 990 Dei
1009 962 1170 994 Genitricis,
1186 962 1222 989 ita
1238 962 1308 997 quod
1325 969 1418 990 omnes
1433 961 1582 990 Jauuenses
1594 968 1621 989 et
1635 965 1667 990 de
1683 963 1738 990 dis~

950 1006 1030 1035 tri'ctu
1049 1007 1138 1035 Januc
1163 1012 1191 1035 et
1210 1007 1256 1042 qui
1279 1012 1405 1035 tenentur
1419 1007 1567 1035 Janucnses
1582 1009 1638 1036 siut
1652 1009 1736 1035 franci

949 1058 976 1081 et
1006 1052 1097 1084 liberi.
1127 1051 1210 1081 nichil
1244 1053 1380 1081 solventes
1406 1054 1432 1081 in
1454 1057 1510 1081 tota
1535 1059 1606 1081 terra
1629 1054 1738 1089 Imperii

951 1097 1034 1125 nostri
1059 1098 1109 1133 pro
1124 1098 1260 1126 comercio
1277 1105 1326 1127 nec
1345 1106 1427 1127 causa
1445 1099 1560 1134 alicujus
1576 1094 1737 1129 exactionis.

951 1144 1083 1171 intrantes
1098 1144 1224 1172 videlicet
1239 1152 1287 1180 per
1302 1149 1387 1173 totam
1410 1149 1509 1173 terram
1526 1145 1634 1180 Imperii
1649 1145 1736 1173 nostri

952 1190 993 1217 vel
1007 1192 1138 1217 exeuntes
1151 1191 1185 1217 ex'
1202 1191 1270 1226 ipsa,
1299 1191 1447 1219 vendentcs
1463 1196 1491 1219 et
1506 1197 1629 1219 ementes
1644 1197 1672 1219 et
1693 1198 1741 1218 ex-

952 1235 1121 1263 cambiantes
1135 1236 1176 1263 vel
1187 1235 1295 1271 aliquod
1311 1236 1382 1264 aliud
1395 1238 1566 1273 negociantes
1577 1238 1663 1265 modis
1676 1245 1740 1265 can-

953 1282 1038 1320 suetis
1054 1282 1244 1314 mercacionis,
1260 1286 1350 1316 preter
1364 1282 1405 1310 sal
1424 1286 1452 1310 et
1466 1284 1618 1317 masticem,
1633 1288 1738 1311 stantes

953 1333 982 1357 et
995 1329 1027 1356 de
1041 1326 1112 1355 lerr’a
1127 1328 1153 1354 in
1175 1332 1275 1354 terrain
1293 1325 1434 1360 exeuntes,
1449 1335 1497 1363 per
1516 1333 1616 1356 terram
1634 1330 1676 1356 vel
1691 1337 1740 1364 per

955 1379 1039 1406 mare,
1049 1372 1111 1400 cuiu
1125 1372 1342 1401 mercacionibus
1352 1374 1393 1401 vel
1406 1374 1464 1401 sine
1476 1375 1687 1408 merac‘onibus,
1707 1377 1739 1402 ail

954 1419 1012 1448 leca
1024 1419 1176 1447 deferenles
1188 1418 1229 1445 vel
1243 1418 1303 1445 inde
1316 1418 1489 1447 extrahentes
1506 1427 1537 1447 ex
1551 1420 1687 1455 emptione
1701 1421 1742 1448 Vel

956 1465 1094 1493 aliolucro
1103 1470 1127 1492 et
1137 1465 1199 1494 alibi
1209 1465 1369 1498 deferentes,
1379 1466 1555 1500 personaliter
1563 1474 1609 1494 seu
1621 1468 1739 1501 realiter.

989 1511 1055 1538 Item
1068 1511 1091 1539 s'i
1106 1511 1166 1546 quis
1179 1507 1329 1538 Jauue'nsis'
1343 1511 1386 1539 vel
1400 1511 1444 1546 qui
1465 1516 1570 1539 tenetur
1584 1518 1611 1539 ut
1621 1512 1742 1540 .iauuen-

957 1559 995 1586 sis
1008 1558 1120 1586 solverit
1132 1553 1287 1592 aliquid‘vel
1304 1558 1510 1593 dampniiicatus
1526 1558 1592 1586 foret
1611 1560 1637 1586 in
1654 1559 1744 1594 aliqua

959 1606 1036 1632 terra
1061 1602 1181 1637 subjecta
1210 1603 1324 1638 liupcrio
1355 1608 1460 1636 nostro,
1476 1608 1504 1631 et
1532 1604 1650 1631 ablatum
1672 1611 1745 1632 esset

958 1649 1021 1678 sibi.
1033 1649 1136 1676 ratione
1150 1648 1266 1676 staliaua
1282 1648 1323 1675 vel
1341 1648 1462 1676 tnaxerie
1477 1653 1523 1676 aut
1538 1655 1647 1683 propter
1663 1649 1743 1676 aliam

958 1699 1068 1722 causam
1092 1694 1133 1721 vel
1150 1694 1258 1722 modum
1277 1699 1417 1729 operatum
1434 1695 1516 1722 fuerit
1534 1694 1629 1722 coiitra
1645 1696 1745 1722 dictam

957 1738 1135 1766 franchiziam
1143 1743 1170 1766 et
1179 1739 1330 1766 libertatem
1343 1739 1463 1773 ipsorum
1475 1739 1663 1774 Janucnsinm,
1674 1741 1745 1775 quod

960 1785 1106 1819 Imperium
1126 1789 1244 1812 nostrum
1260 1785 1349 1812 facere
1362 1787 1458 1814 debeat
1475 1787 1600 1813 satisﬁeri
1617 1785 1644 1814 et
1664 1787 1745 1814 resti-

960 1832 1096 1859 tutionem
1118 1831 1175 1859 fieri
1189 1831 1253 1863 hiis,
1269 1833 1315 1866 qui
1331 1830 1477 1867 dampntun
1493 1833 1563 1867 passi
1576 1833 1688 1866 fuerint,
1704 1837 1746 1860 to-

960 1882 1016 1905 tum
1038 1878 1063 1904 id
1077 1879 1149 1913 quod
1167 1878 1216 1912 ipsi
1232 1878 1300 1905 tales
1315 1878 1468 1911 iuraverint
1483 1878 1508 1905 in
1530 1879 1670 1912 presencia
1692 1879 1745 1905 I'o-

964 1922 1072 1950 testatis
1085 1930 1132 1950 seu
1148 1922 1294 1951 Consulunt
1306 1922 1479 1950 Januensium
1494 1923 1566 1959 quod
1581 1925 1704 1952 dederint
1716 1925 1747 1951 il-

960 1969 1005 1996 lud
1021 1969 1065 1996 tall
1084 1970 1162 1996 modo
1183 1973 1229 1995 aut
1243 1969 1361 1996 ablatum
1382 1969 1463 1996 fuerit
1481 1970 1514 1996 ab
1529 1970 1604 2004 ipsis.

995 2015 1060 2042 item
1086 2015 1158 2050 quod
1183 2022 1234 2041 non
1250 2015 1372 2048 recipere
1393 2015 1490 2043 debeat
1507 2016 1541 2043 de
1555 2021 1646 2043 cetero
1662 2016 1747 2050 Impe-

960 2061 1030 2088 rium
1045 2065 1173 2088 nostrum'
1187 2060 1303 2094 aliquem
1324 2060 1489 2088 J'anuensem
1512 2062 1554 2088 rei
1572 2062 1605 2088 de
1622 2061 1747 2089 distric't‘u

959 2107 1045 2134 Janue
1062 2108 1088 2133 in
1103 2101 1260 2139 vaesallttm,
1277 2108 1316 2134 ita’
1328 2106 1398 2142 quod
1415 2110 1550 2135 eximatur
1567 2115 1595 2136 et
1614 2117 1668 2136 non
1686 2118 1747 2137 esse

961 2152 1058 2180 debeat
1070 2148 1121 2180 sub
1140 2153 1267 2181 examine
1285 2158 1312 2180 et
1335 2154 1525 2188 iurisdictione
1541 2154 1686 2182 Potestalis
1705 2158 1746 2182 γιιΙ

124 2196 293 2231 naufragium
320 2200 349 2223 et
375 2194 441 2223 inde
463 2196 612 2228 evaserint,
638 2195 660 2236 si
690 2189 905 2222 testiﬁcubuutur
923 2193 943 2220 ι)
958 2197 1106 2226 consulum
1132 2198 1322 2230 Janucnsium,
1347 2201 1392 2227 sed
1410 2201 1506 2228 debeat
1526 2201 1581 2233 ipse
1599 2202 1660 2228 mis
1675 2202 1748 2236 im“.

125 2250 171 2277 per
192 2242 285 2269 literas
302 2241 449 2268 Potestatis
464 2238 550 2267 Janue
562 2247 609 2267 seu
624 2232 771 2267 Potestatis
785 2240 825 2266 vel
837 2240 906 2268 Cou-

125 2287 191 2314 sulis
206 2285 380 2313 Ianucnsium
398 2284 444 2320 qui
461 2285 487 2311 iu
511 2284 636 2319 partibus
653 2283 785 2312 Rdmanie
801 2284 907 2311 inveni-

125 2338 204 2360 entur
218 2339 250 2359 eo
271 2336 393 2365 tempore
419 2338 472 2365 quo
493 2331 543 2357 hoc
573 2331 626 2357 tale
651 2330 805 2364 Contigeril,
825 2330 908 2356 etde-

128 2376 397 2405 Illoﬂsll’altlln‘lllﬁﬁl.
413 2382 461 2411 per
472 2376 623 2410 huiusmodi
641 2375 822 2403 testimonium
836 2375 910 2410 ipsus

125 2431 183 2451 esse
195 2423 344 2450 Januenses
357 2422 398 2449 vel
412 2423 445 2448 de
458 2421 583 2448 districto
595 2418 681 2447 .Ianue
699 2420 741 2447 vei
757 2420 909 2447 nominatos

125 2476 151 2497 et
167 2469 313 2504 appellatos
327 2467 488 2496 Janueuses.

162 2513 315 2547 Itetn'quo‘d
328 2511 491 2544 Januenses',
511 2511 542 2539 et'
552 2512 596 2547 qui
612 2511 676 2540 dicti
693 2511 795 2540 fuerint
814 2516 841 2540 et
862 2519 911 2539 uo-

128 2558 222 2585 iuiuati
243 2557 345 2585 fuerint
359 2555 509 2584 Jauuenses
525 2562 555 2584 ut
570 2564 663 2592 supra,
679 2557 703 2584 si
716 2556 860 2592 contigerit
877 2554 909 2583 ii-

127 2605 165 2631 eri
179 2604 219 2631 eis
234 2602 346 2630 otiootio
360 2609 406 2630 seu
429 2600 708 2637 dampnum'aiiqu'o'd'
724 2602 751 2629 in
764 2601 845 2629 terris
859 2603 911 2629 lm-

127 2649 194 2686 perii
218 2649 303 2676 noetri
318 2648 352 2675 de
375 2648 528 2682 naufragiis
553 2647 775 2683 pr'ovenientibus
789 2649 822 2675 ad
839 2649 912 2683 ipsos

128 2703 187 2724 cum
209 2695 291 2723 rebus
311 2695 440 2729 ipsorum,
454 2699 482 2721 et
498 2695 644 2729 dampnum
672 2695 745 2730 passi
761 2695 862 2723 fuerint
879 2696 912 2723 de

129 2741 194 2775 ipsis
220 2741 300 2767 rebus
321 2746 368 2774 per
394 2739 501 2774 aliquos
517 2740 653 2774 subiectos
670 2740 779 2776 Imperii
814 2742 912 2773 nostri,

164 2829 204 2864 (tt)
222 2828 291 2863 Lege
303 2828 359 2855 hos.
643 2861 665 2884 .

959 2243 1015 2270 cari
1045 2251 1093 2278 per
1124 2244 1199 2279 ipsos
1218 2248 1297 2279 p'rout
1317 2245 1398 2272 ceteri
1427 2246 1500 2274 cives
1525 2252 1551 2274 et
1577 2246 1745 2275 habitatores

955 2288 1055 2317 Janue.

996 2335 1063 2375 item
1076 2336 1146 2370 qttod
1163 2345 1214 2363 non
1229 2337 1407 2371 impediemus
1419 2345 1467 2366 nec
1478 2339 1601 2373 impediri
1616 2339 1748 2366 faciemus

961 2390 1010 2409 seu
1026 2383 1152 2417 impediri
1170 2385 1360 2418 permittemus
1378 2384 1404 2410 in
1421 2384 1475 2412 tota
1501 2388 1573 2411 terra
1588 2386 1673 2412 nostri
1698 2385 1747 2412 itu-

961 2427 1039 2460 perii,
1063 2434 1142 2463 quam
1171 2429 1305 2455 habemus
1323 2429 1399 2457 etde
1420 2430 1507 2464 gratia
1532 2429 1578 2457 Dei
1597 2430 1745 2458 Genitricis

962 2474 1141 2509 acquiremus,
1158 2474 1274 2510 aliquem
1288 2474 1450 2502 Janue’usem
1469 2480 1496 2502 et
1509 2476 1542 2503 de
1560 2477 1683 2504 districtti
1698 2472 1746 2504 Ja-

961 2527 1014 2547 nue
1027 2525 1136 2554 propter
1163 2520 1263 2548 factum
1293 2520 1484 2548 seu'delictum’
1508 2521 1550 2549 vel
1576 2521 1678 2549 furtum
1698 2531 1744 2550 seu

963 2564 1084 2599 rapinam
1097 2564 1138 2592 vel
1158 2564 1277 2593 debitum
1290 2564 1404 2592 alterum
1421 2566 1446 2592 in
1463 2574 1578 2601 persona
1597 2567 1639 2595 vel
1656 2575 1683 2594 re
1698 2568 1748 2594 ali-

961 2617 1026 2645 qua,
1056 2611 1103 2638 sed
1130 2611 1315 2645 unusquisque
1339 2610 1484 2639 Jauuensis
1507 2612 1548 2640 vel
1567 2614 1612 2647 qui
1638 2617 1746 2641 tenetur

962 2656 1109 2684 .lanucnsis’
1124 2657 1174 2684 sub
1192 2656 1364 2691 culpaipsius
1378 2657 1422 2684 tali
1443 2658 1523 2684 modo
1540 2660 1689 2686 examinari
1701 2660 1748 2687 de-

963 2701 1026 2728 beat
1041 2702 1089 2728 suh
1113 2702 1188 2728 curia
1211 2706 1238 2728 ct
1252 2701 1443 2736 iurisdictione
1459 2698 1606 2731 Poteslatis
1623 2704 1663 2731 vel
1679 2704 1750 2731 C0“-

964 2748 1029 2775 sulis
1041 2747 1228 2780 Jauucnsium,
1243 2753 1269 2775 et
1286 2749 1357 2782 quod
1370 2749 1497 2783 puniatur
1513 2755 1540 2777 et
1555 2752 1650 2778 reddat
1665 2754 1751 2777 raciu-
