  <div class='ocr_page' id='page_1' title='image "/cluster/home/n/w/nwhite01/storage/ocr_20150623/161/njp.32101077773255/689.png"; bbox 0 0 1892 3066; ppageno 0'>
   <div class='ocr_carea' id='block_1_1' title="bbox 160 117 229 148">
    <p class='ocr_par' dir='ltr' id='par_1_1' title="bbox 160 117 229 148">
     <span class='ocr_line' id='line_1_1' title="bbox 160 117 229 148; baseline 0 0"><span class='ocrx_word' id='word_1_1' title='bbox 160 117 229 148; x_wconf 66' lang='lat' dir='ltr'><strong>lli-&#39;3</strong></span> 
     </span>
    </p>
   </div>
   <div class='ocr_carea' id='block_1_2' title="bbox 719 113 1179 153">
    <p class='ocr_par' dir='ltr' id='par_1_2' title="bbox 719 113 1179 153">
     <span class='ocr_line' id='line_1_2' title="bbox 719 113 1179 153; baseline -0.004 -8"><span class='ocrx_word' id='word_1_2' title='bbox 719 143 730 153; x_wconf 87' lang='grc'><em>,</em></span> <span class='ocrx_word' id='word_1_3' title='bbox 751 113 1051 145; x_wconf 70' lang='lat' dir='ltr'><strong>CI’OLITANORUM</strong></span> <span class='ocrx_word' id='word_1_4' title='bbox 1075 113 1179 145; x_wconf 72' lang='lat' dir='ltr'><strong>IMPP.</strong></span> 
     </span>
    </p>
   </div>
   <div class='ocr_carea' id='block_1_3' title="bbox 1010 51 1021 63">
    <p class='ocr_par' dir='ltr' id='par_1_3' title="bbox 1010 51 1021 63">
     <span class='ocr_line' id='line_1_3' title="bbox 1010 51 1021 63; baseline 0 0"><span class='ocrx_word' id='word_1_5' title='bbox 1010 51 1021 63; x_wconf 86' lang='grc' dir='ltr'><strong><em>Ι</em></strong></span> 
     </span>
    </p>
   </div>
   <div class='ocr_carea' id='block_1_4' title="bbox 1761 105 1853 139">
    <p class='ocr_par' dir='ltr' id='par_1_4' title="bbox 1761 105 1853 139">
     <span class='ocr_line' id='line_1_4' title="bbox 1761 105 1853 139; baseline -0.022 -2"><span class='ocrx_word' id='word_1_6' title='bbox 1761 105 1853 139; x_wconf 68' lang='grc' dir='ltr'><strong>11ῗ4</strong></span> 
     </span>
    </p>
   </div>
   <div class='ocr_carea' id='block_1_5' title="bbox 158 163 1853 205">
    <p class='ocr_par' dir='ltr' id='par_1_5' title="bbox 158 163 1853 205">
     <span class='ocr_line' id='line_1_5' title="bbox 158 163 1853 205; baseline -0.008 -6"><span class='ocrx_word' id='word_1_7' title='bbox 158 179 185 200; x_wconf 74' lang='grc' dir='ltr'><strong>ιιι</strong></span> <span class='ocrx_word' id='word_1_8' title='bbox 200 179 291 200; x_wconf 63' lang='lat' dir='ltr'><strong>tenere</strong></span> <span class='ocrx_word' id='word_1_9' title='bbox 310 175 367 198; x_wconf 84' lang='lat' dir='ltr'><strong>rata</strong></span> <span class='ocrx_word' id='word_1_10' title='bbox 384 175 460 205; x_wconf 79' lang='lat' dir='ltr'><strong>grata</strong></span> <span class='ocrx_word' id='word_1_11' title='bbox 470 174 493 196; x_wconf 79' lang='grc' dir='ltr'><strong>ιιι</strong></span> <span class='ocrx_word' id='word_1_12' title='bbox 509 168 585 195; x_wconf 78' lang='lat' dir='ltr'><strong>firma</strong></span> <span class='ocrx_word' id='word_1_13' title='bbox 607 176 640 195; x_wconf 77' lang='lat' dir='ltr'><strong>on</strong></span> <span class='ocrx_word' id='word_1_14' title='bbox 653 169 697 195; x_wconf 77' lang='lat' dir='ltr'><strong>nia</strong></span> <span class='ocrx_word' id='word_1_15' title='bbox 720 174 747 194; x_wconf 82' lang='lat' dir='ltr'><strong>et</strong></span> <span class='ocrx_word' id='word_1_16' title='bbox 763 168 867 202; x_wconf 69' lang='lat' dir='ltr'><strong>singula</strong></span> <span class='ocrx_word' id='word_1_17' title='bbox 888 174 939 200; x_wconf 84' lang='lat' dir='ltr'><strong>qttc</strong></span> <span class='ocrx_word' id='word_1_18' title='bbox 957 171 976 198; x_wconf 61' lang='grc' dir='ltr'>Α</span> <span class='ocrx_word' id='word_1_19' title='bbox 992 175 1050 194; x_wconf 88' lang='lat' dir='ltr'><strong>rum</strong></span> <span class='ocrx_word' id='word_1_20' title='bbox 1073 168 1113 194; x_wconf 68' lang='lat' dir='ltr'><strong>vel</strong></span> <span class='ocrx_word' id='word_1_21' title='bbox 1134 167 1293 194; x_wconf 71' lang='lat' dir='ltr'><strong>Venetorum</strong></span> <span class='ocrx_word' id='word_1_22' title='bbox 1311 166 1416 194; x_wconf 76' lang='lat' dir='ltr'><strong>veniret</strong></span> <span class='ocrx_word' id='word_1_23' title='bbox 1433 166 1460 192; x_wconf 89' lang='lat' dir='ltr'><strong>in</strong></span> <span class='ocrx_word' id='word_1_24' title='bbox 1475 163 1765 200; x_wconf 81' lang='lat' dir='ltr'><strong>Censtantinopoli</strong></span> <span class='ocrx_word' id='word_1_25' title='bbox 1789 163 1853 187; x_wconf 73' lang='lat' dir='ltr'><strong>tin-</strong></span> 
     </span>
    </p>
   </div>
   <div class='ocr_carea' id='block_1_6' title="bbox 156 214 940 255">
    <p class='ocr_par' dir='ltr' id='par_1_6' title="bbox 156 214 940 255">
     <span class='ocr_line' id='line_1_6' title="bbox 156 214 940 255; baseline -0.006 -10"><span class='ocrx_word' id='word_1_26' title='bbox 156 230 202 255; x_wconf 74' lang='lat' dir='ltr'><strong>pt-r</strong></span> <span class='ocrx_word' id='word_1_27' title='bbox 220 222 306 254; x_wconf 85' lang='lat' dir='ltr'><strong>ipsum</strong></span> <span class='ocrx_word' id='word_1_28' title='bbox 325 218 464 245; x_wconf 84' lang='lat' dir='ltr'><strong>dominum</strong></span> <span class='ocrx_word' id='word_1_29' title='bbox 481 216 664 244; x_wconf 76' lang='lat' dir='ltr'><strong>Auintiratuat</strong></span> <span class='ocrx_word' id='word_1_30' title='bbox 691 220 718 242; x_wconf 80' lang='lat' dir='ltr'><strong>et</strong></span> <span class='ocrx_word' id='word_1_31' title='bbox 733 214 940 242; x_wconf 80' lang='lat' dir='ltr'><strong>substitueudos</strong></span> 
     </span>
    </p>
   </div>
   <div class='ocr_carea' id='block_1_7' title="bbox 156 260 941 297">
    <p class='ocr_par' dir='ltr' id='par_1_7' title="bbox 156 260 941 297">
     <span class='ocr_line' id='line_1_7' title="bbox 156 260 941 297; baseline -0.008 -5"><span class='ocrx_word' id='word_1_32' title='bbox 156 271 232 293; x_wconf 78' lang='lat' dir='ltr'><strong>abun</strong></span> <span class='ocrx_word' id='word_1_33' title='bbox 249 267 319 291; x_wconf 76' lang='lat' dir='ltr'><strong>facta</strong></span> <span class='ocrx_word' id='word_1_34' title='bbox 344 269 416 297; x_wconf 71' lang='lat' dir='ltr'><strong>gesta</strong></span> <span class='ocrx_word' id='word_1_35' title='bbox 441 267 468 289; x_wconf 87' lang='lat' dir='ltr'><strong>et</strong></span> <span class='ocrx_word' id='word_1_36' title='bbox 497 263 629 297; x_wconf 71' lang='lat' dir='ltr'><strong>promissa</strong></span> <span class='ocrx_word' id='word_1_37' title='bbox 650 266 676 288; x_wconf 79' lang='lat' dir='ltr'><strong>ct</strong></span> <span class='ocrx_word' id='word_1_38' title='bbox 703 266 810 295; x_wconf 75' lang='lat' dir='ltr'><strong>recepta</strong></span> <span class='ocrx_word' id='word_1_39' title='bbox 840 260 941 287; x_wconf 78' lang='lat' dir='ltr'><strong>fuerim.</strong></span> 
     </span>
    </p>
   </div>
   <div class='ocr_carea' id='block_1_8' title="bbox 156 306 941 346">
    <p class='ocr_par' dir='ltr' id='par_1_8' title="bbox 156 306 941 346">
     <span class='ocr_line' id='line_1_8' title="bbox 156 306 941 346; baseline -0.011 -7"><span class='ocrx_word' id='word_1_40' title='bbox 156 321 217 339; x_wconf 67' lang='lat' dir='ltr'><strong>inin</strong></span> <span class='ocrx_word' id='word_1_41' title='bbox 233 311 452 346; x_wconf 80' lang='lat' dir='ltr'><strong>quibuscumque</strong></span> <span class='ocrx_word' id='word_1_42' title='bbox 468 308 587 335; x_wconf 73' lang='lat' dir='ltr'><strong>dominis</strong></span> <span class='ocrx_word' id='word_1_43' title='bbox 614 314 788 341; x_wconf 79' lang='lat' dir='ltr'><strong>quocumque</strong></span> <span class='ocrx_word' id='word_1_44' title='bbox 804 306 883 333; x_wconf 85' lang='lat' dir='ltr'><strong>titulo</strong></span> <span class='ocrx_word' id='word_1_45' title='bbox 899 306 941 331; x_wconf 86' lang='lat' dir='ltr'><strong>di-</strong></span> 
     </span>
    </p>
   </div>
   <div class='ocr_carea' id='block_1_9' title="bbox 157 351 941 393">
    <p class='ocr_par' dir='ltr' id='par_1_9' title="bbox 157 351 941 393">
     <span class='ocr_line' id='line_1_9' title="bbox 157 351 941 393; baseline -0.008 -9"><span class='ocrx_word' id='word_1_46' title='bbox 157 358 267 393; x_wconf 66' lang='lat' dir='ltr'><strong>gn&#39;talis</strong></span> <span class='ocrx_word' id='word_1_47' title='bbox 286 357 404 384; x_wconf 74' lang='lat' dir='ltr'><strong>existant</strong></span> <span class='ocrx_word' id='word_1_48' title='bbox 422 360 468 382; x_wconf 84' lang='lat' dir='ltr'><strong>:et</strong></span> <span class='ocrx_word' id='word_1_49' title='bbox 486 355 530 389; x_wconf 88' lang='lat' dir='ltr'><strong>qui</strong></span> <span class='ocrx_word' id='word_1_50' title='bbox 551 354 678 384; x_wconf 72' lang='lat' dir='ltr'><strong>Oberlus,</strong></span> <span class='ocrx_word' id='word_1_51' title='bbox 695 352 797 383; x_wconf 72' lang='lat' dir='ltr'><strong>Ilaﬂ‘us,</strong></span> <span class='ocrx_word' id='word_1_52' title='bbox 815 351 941 378; x_wconf 81' lang='lat' dir='ltr'><strong>Frederi-</strong></span> 
     </span>
    </p>
   </div>
   <div class='ocr_carea' id='block_1_10' title="bbox 157 399 942 433">
    <p class='ocr_par' dir='ltr' id='par_1_10' title="bbox 157 399 942 433">
     <span class='ocr_line' id='line_1_10' title="bbox 157 399 942 433; baseline -0.008 -4"><span class='ocrx_word' id='word_1_53' title='bbox 157 412 214 433; x_wconf 73' lang='lat' dir='ltr'><strong>rus.</strong></span> <span class='ocrx_word' id='word_1_54' title='bbox 227 408 253 429; x_wconf 79' lang='lat' dir='ltr'><strong>et</strong></span> <span class='ocrx_word' id='word_1_55' title='bbox 273 401 438 428; x_wconf 82' lang='lat' dir='ltr'><strong>Lanfrancus</strong></span> <span class='ocrx_word' id='word_1_56' title='bbox 450 405 511 426; x_wconf 82' lang='lat' dir='ltr'><strong>sunt</strong></span> <span class='ocrx_word' id='word_1_57' title='bbox 526 399 667 426; x_wconf 83' lang='lat' dir='ltr'><strong>substituti</strong></span> <span class='ocrx_word' id='word_1_58' title='bbox 682 403 789 425; x_wconf 78' lang='lat' dir='ltr'><strong>actores</strong></span> <span class='ocrx_word' id='word_1_59' title='bbox 802 401 828 424; x_wconf 85' lang='lat' dir='ltr'><strong>et</strong></span> <span class='ocrx_word' id='word_1_60' title='bbox 844 404 942 431; x_wconf 74' lang='lat' dir='ltr'><strong>procu-</strong></span> 
     </span>
    </p>
   </div>
   <div class='ocr_carea' id='block_1_11' title="bbox 159 445 941 478">
    <p class='ocr_par' dir='ltr' id='par_1_11' title="bbox 159 445 941 478">
     <span class='ocr_line' id='line_1_11' title="bbox 159 445 941 478; baseline -0.008 -3"><span class='ocrx_word' id='word_1_61' title='bbox 159 455 263 476; x_wconf 73' lang='lat' dir='ltr'><strong>ratores</strong></span> <span class='ocrx_word' id='word_1_62' title='bbox 280 448 342 475; x_wconf 81' lang='lat' dir='ltr'><strong>dicti</strong></span> <span class='ocrx_word' id='word_1_63' title='bbox 359 447 460 474; x_wconf 80' lang='lat' dir='ltr'><strong>domini</strong></span> <span class='ocrx_word' id='word_1_64' title='bbox 477 445 631 474; x_wconf 74' lang='lat' dir='ltr'><strong>Ammirui,</strong></span> <span class='ocrx_word' id='word_1_65' title='bbox 645 451 706 471; x_wconf 85' lang='lat' dir='ltr'><strong>cum</strong></span> <span class='ocrx_word' id='word_1_66' title='bbox 721 448 774 470; x_wconf 83' lang='lat' dir='ltr'><strong>tota</strong></span> <span class='ocrx_word' id='word_1_67' title='bbox 794 448 941 478; x_wconf 84' lang='lat' dir='ltr'><strong>potestate,</strong></span> 
     </span>
    </p>
   </div>
   <div class='ocr_carea' id='block_1_12' title="bbox 158 489 943 530">
    <p class='ocr_par' dir='ltr' id='par_1_12' title="bbox 158 489 943 530">
     <span class='ocr_line' id='line_1_12' title="bbox 158 489 943 530; baseline -0.009 -9"><span class='ocrx_word' id='word_1_68' title='bbox 158 504 238 530; x_wconf 83' lang='lat' dir='ltr'><strong>quant</strong></span> <span class='ocrx_word' id='word_1_69' title='bbox 251 495 309 528; x_wconf 80' lang='lat' dir='ltr'><strong>ipse</strong></span> <span class='ocrx_word' id='word_1_70' title='bbox 323 494 405 520; x_wconf 80' lang='lat' dir='ltr'><strong>habet</strong></span> <span class='ocrx_word' id='word_1_71' title='bbox 418 499 466 526; x_wconf 82' lang='lat' dir='ltr'><strong>pro</strong></span> <span class='ocrx_word' id='word_1_72' title='bbox 476 490 652 524; x_wconf 65' lang='lat' dir='ltr'><strong>supradictis,</strong></span> <span class='ocrx_word' id='word_1_73' title='bbox 664 494 758 516; x_wconf 76' lang='lat' dir='ltr'><strong>tenore</strong></span> <span class='ocrx_word' id='word_1_74' title='bbox 767 489 943 516; x_wconf 80' lang='lat' dir='ltr'><strong>instrumenti</strong></span> 
     </span>
    </p>
   </div>
   <div class='ocr_carea' id='block_1_13' title="bbox 159 535 944 576">
    <p class='ocr_par' dir='ltr' id='par_1_13' title="bbox 159 535 944 576">
     <span class='ocr_line' id='line_1_13' title="bbox 159 535 944 576; baseline -0.008 -9"><span class='ocrx_word' id='word_1_75' title='bbox 159 541 276 576; x_wconf 74' lang='lat' dir='ltr'><strong>littltltlit&#39;l</strong></span> <span class='ocrx_word' id='word_1_76' title='bbox 291 539 383 573; x_wconf 80' lang='lat' dir='ltr'><strong>scripti</strong></span> <span class='ocrx_word' id='word_1_77' title='bbox 413 545 493 565; x_wconf 82' lang='lat' dir='ltr'><strong>manu</strong></span> <span class='ocrx_word' id='word_1_78' title='bbox 507 536 611 563; x_wconf 73' lang='lat' dir='ltr'><strong>Thome</strong></span> <span class='ocrx_word' id='word_1_79' title='bbox 624 535 739 562; x_wconf 72' lang='lat' dir='ltr'><strong>Ot-tonis</strong></span> <span class='ocrx_word' id='word_1_80' title='bbox 755 535 855 561; x_wconf 84' lang='lat' dir='ltr'><strong>notarii</strong></span> <span class='ocrx_word' id='word_1_81' title='bbox 871 541 944 561; x_wconf 85' lang='lat' dir='ltr'><strong>anno</strong></span> 
     </span>
    </p>
   </div>
   <div class='ocr_carea' id='block_1_14' title="bbox 158 579 942 622">
    <p class='ocr_par' dir='ltr' id='par_1_14' title="bbox 158 579 942 622">
     <span class='ocr_line' id='line_1_14' title="bbox 158 579 942 622; baseline -0.01 -9"><span class='ocrx_word' id='word_1_82' title='bbox 158 587 277 622; x_wconf 65' lang='lat' dir='ltr'><strong>presenti</strong></span> <span class='ocrx_word' id='word_1_83' title='bbox 292 586 335 612; x_wconf 79' lang='lat' dir='ltr'><strong>die</strong></span> <span class='ocrx_word' id='word_1_84' title='bbox 353 584 490 618; x_wconf 71' lang='lat' dir='ltr'><strong>trigesima</strong></span> <span class='ocrx_word' id='word_1_85' title='bbox 510 581 632 617; x_wconf 72' lang='lat' dir='ltr'><strong>Aprilis;</strong></span> <span class='ocrx_word' id='word_1_86' title='bbox 650 581 733 614; x_wconf 69' lang='lat' dir='ltr'><strong>igitur</strong></span> <span class='ocrx_word' id='word_1_87' title='bbox 747 584 871 608; x_wconf 82' lang='lat' dir='ltr'><strong>nostrum</strong></span> <span class='ocrx_word' id='word_1_88' title='bbox 888 579 942 606; x_wconf 73' lang='grc' dir='ltr'><strong>Ιηιε</strong></span> 
     </span>
    </p>
   </div>
   <div class='ocr_carea' id='block_1_15' title="bbox 159 624 944 667">
    <p class='ocr_par' dir='ltr' id='par_1_15' title="bbox 159 624 944 667">
     <span class='ocr_line' id='line_1_15' title="bbox 159 624 944 667; baseline -0.011 -8"><span class='ocrx_word' id='word_1_89' title='bbox 159 634 263 667; x_wconf 74' lang='lat' dir='ltr'><strong>perium</strong></span> <span class='ocrx_word' id='word_1_90' title='bbox 279 639 340 658; x_wconf 87' lang='lat' dir='ltr'><strong>cum</strong></span> <span class='ocrx_word' id='word_1_91' title='bbox 357 629 488 664; x_wconf 82' lang='lat' dir='ltr'><strong>predictis</strong></span> <span class='ocrx_word' id='word_1_92' title='bbox 501 627 638 654; x_wconf 83' lang='lat' dir='ltr'><strong>nobilibus</strong></span> <span class='ocrx_word' id='word_1_93' title='bbox 653 626 727 653; x_wconf 81' lang='lat' dir='ltr'><strong>venit</strong></span> <span class='ocrx_word' id='word_1_94' title='bbox 754 627 786 652; x_wconf 87' lang='lat' dir='ltr'><strong>ad</strong></span> <span class='ocrx_word' id='word_1_95' title='bbox 804 624 944 652; x_wconf 81' lang='lat' dir='ltr'><strong>infrascri-</strong></span> 
     </span>
    </p>
   </div>
   <div class='ocr_carea' id='block_1_16' title="bbox 159 675 496 714">
    <p class='ocr_par' dir='ltr' id='par_1_16' title="bbox 159 675 496 714">
     <span class='ocr_line' id='line_1_16' title="bbox 159 675 496 714; baseline -0.009 -10"><span class='ocrx_word' id='word_1_96' title='bbox 159 686 230 714; x_wconf 73' lang='lat' dir='ltr'><strong>peam</strong></span> <span class='ocrx_word' id='word_1_97' title='bbox 252 685 345 713; x_wconf 81' lang='lat' dir='ltr'><strong>pacem</strong></span> <span class='ocrx_word' id='word_1_98' title='bbox 369 682 397 703; x_wconf 85' lang='lat' dir='ltr'><strong>ut</strong></span> <span class='ocrx_word' id='word_1_99' title='bbox 415 675 496 703; x_wconf 83' lang='lat' dir='ltr'><strong>infra.</strong></span> 
     </span>
    </p>
   </div>
   <div class='ocr_carea' id='block_1_17' title="bbox 197 718 946 755">
    <p class='ocr_par' dir='ltr' id='par_1_17' title="bbox 197 718 946 755">
     <span class='ocr_line' id='line_1_17' title="bbox 197 718 946 755; baseline -0.011 -3"><span class='ocrx_word' id='word_1_100' title='bbox 197 725 288 752; x_wconf 83' lang='lat' dir='ltr'><strong>I&#39;rinto</strong></span> <span class='ocrx_word' id='word_1_101' title='bbox 302 723 426 751; x_wconf 73' lang='lat' dir='ltr'><strong>videlicet</strong></span> <span class='ocrx_word' id='word_1_102' title='bbox 440 721 512 755; x_wconf 78' lang='lat' dir='ltr'><strong>quod</strong></span> <span class='ocrx_word' id='word_1_103' title='bbox 523 721 667 747; x_wconf 79' lang='lat' dir='ltr'><strong>liruismus</strong></span> <span class='ocrx_word' id='word_1_104' title='bbox 681 718 877 745; x_wconf 79' lang='lat' dir='ltr'><strong>convcntiones</strong></span> <span class='ocrx_word' id='word_1_105' title='bbox 898 725 946 745; x_wconf 89' lang='lat' dir='ltr'><strong>no-</strong></span> 
     </span>
    </p>
   </div>
   <div class='ocr_carea' id='block_1_18' title="bbox 161 764 945 803">
    <p class='ocr_par' dir='ltr' id='par_1_18' title="bbox 161 764 945 803">
     <span class='ocr_line' id='line_1_18' title="bbox 161 764 945 803; baseline -0.01 -5"><span class='ocrx_word' id='word_1_106' title='bbox 161 780 209 798; x_wconf 81' lang='lat' dir='ltr'><strong>vas</strong></span> <span class='ocrx_word' id='word_1_107' title='bbox 221 776 249 798; x_wconf 84' lang='lat' dir='ltr'><strong>et</strong></span> <span class='ocrx_word' id='word_1_108' title='bbox 259 775 375 799; x_wconf 75' lang='lat' dir='ltr'><strong>veteres,</strong></span> <span class='ocrx_word' id='word_1_109' title='bbox 385 776 437 803; x_wconf 87' lang='lat' dir='ltr'><strong>que</strong></span> <span class='ocrx_word' id='word_1_110' title='bbox 448 772 511 794; x_wconf 87' lang='lat' dir='ltr'><strong>sunt</strong></span> <span class='ocrx_word' id='word_1_111' title='bbox 520 766 590 793; x_wconf 80' lang='lat' dir='ltr'><strong>inter</strong></span> <span class='ocrx_word' id='word_1_112' title='bbox 605 764 748 799; x_wconf 80' lang='lat' dir='ltr'><strong>Imperium</strong></span> <span class='ocrx_word' id='word_1_113' title='bbox 761 768 789 791; x_wconf 91' lang='lat' dir='ltr'><strong>et</strong></span> <span class='ocrx_word' id='word_1_114' title='bbox 801 770 945 790; x_wconf 73' lang='lat' dir='ltr'><strong>commune</strong></span> 
     </span>
    </p>
   </div>
   <div class='ocr_carea' id='block_1_19' title="bbox 160 809 943 846">
    <p class='ocr_par' dir='ltr' id='par_1_19' title="bbox 160 809 943 846">
     <span class='ocr_line' id='line_1_19' title="bbox 160 809 943 846; baseline -0.011 -3"><span class='ocrx_word' id='word_1_115' title='bbox 160 818 257 846; x_wconf 81' lang='lat' dir='ltr'><strong>Janue,</strong></span> <span class='ocrx_word' id='word_1_116' title='bbox 286 821 346 841; x_wconf 82' lang='lat' dir='ltr'><strong>cum</strong></span> <span class='ocrx_word' id='word_1_117' title='bbox 364 811 550 840; x_wconf 74' lang='lat' dir='ltr'><strong>resert&#39;alieue</strong></span> <span class='ocrx_word' id='word_1_118' title='bbox 569 814 673 840; x_wconf 82' lang='lat' dir='ltr'><strong>tamen,</strong></span> <span class='ocrx_word' id='word_1_119' title='bbox 688 809 760 842; x_wconf 84' lang='lat' dir='ltr'><strong>quod</strong></span> <span class='ocrx_word' id='word_1_120' title='bbox 782 815 831 842; x_wconf 86' lang='lat' dir='ltr'><strong>pax</strong></span> <span class='ocrx_word' id='word_1_121' title='bbox 857 813 883 835; x_wconf 88' lang='lat' dir='ltr'><strong>et</strong></span> <span class='ocrx_word' id='word_1_122' title='bbox 913 815 943 835; x_wconf 81' lang='lat' dir='ltr'><strong>ea</strong></span> 
     </span>
    </p>
   </div>
   <div class='ocr_carea' id='block_1_20' title="bbox 994 209 1852 248">
    <p class='ocr_par' dir='ltr' id='par_1_20' title="bbox 994 209 1852 248">
     <span class='ocr_line' id='line_1_20' title="bbox 994 209 1852 248; baseline -0.009 -8"><span class='ocrx_word' id='word_1_123' title='bbox 994 213 1070 241; x_wconf 81' lang='lat' dir='ltr'><strong>route</strong></span> <span class='ocrx_word' id='word_1_124' title='bbox 1094 215 1164 240; x_wconf 72' lang='lat' dir='ltr'><strong>dicta</strong></span> <span class='ocrx_word' id='word_1_125' title='bbox 1177 219 1273 248; x_wconf 72' lang='lat' dir='ltr'><strong>gusrra</strong></span> <span class='ocrx_word' id='word_1_126' title='bbox 1291 219 1353 240; x_wconf 88' lang='lat' dir='ltr'><strong>cum</strong></span> <span class='ocrx_word' id='word_1_127' title='bbox 1373 211 1478 239; x_wconf 77' lang='lat' dir='ltr'><strong>Baiullo</strong></span> <span class='ocrx_word' id='word_1_128' title='bbox 1490 211 1665 239; x_wconf 82' lang='lat' dir='ltr'><strong>Venetorum</strong></span> <span class='ocrx_word' id='word_1_129' title='bbox 1702 209 1767 236; x_wconf 76' lang='lat' dir='ltr'><strong>vel</strong></span> <span class='ocrx_word' id='word_1_130' title='bbox 1788 209 1852 234; x_wconf 72' lang='lat' dir='ltr'><strong>nli-</strong></span> 
     </span>
    </p>
   </div>
   <div class='ocr_carea' id='block_1_21' title="bbox 993 257 1852 295">
    <p class='ocr_par' dir='ltr' id='par_1_21' title="bbox 993 257 1852 295">
     <span class='ocr_line' id='line_1_21' title="bbox 993 257 1852 295; baseline -0.005 -9"><span class='ocrx_word' id='word_1_131' title='bbox 993 268 1046 295; x_wconf 83' lang='lat' dir='ltr'><strong>quo</strong></span> <span class='ocrx_word' id='word_1_132' title='bbox 1069 259 1265 288; x_wconf 66' lang='lat' dir='ltr'><strong>ambaxiatore.</strong></span> <span class='ocrx_word' id='word_1_133' title='bbox 1284 257 1356 293; x_wconf 88' lang='lat' dir='ltr'><strong>quod</strong></span> <span class='ocrx_word' id='word_1_134' title='bbox 1372 265 1404 285; x_wconf 88' lang='lat' dir='ltr'><strong>eo</strong></span> <span class='ocrx_word' id='word_1_135' title='bbox 1412 265 1476 285; x_wconf 82' lang='lat' dir='ltr'><strong>casu</strong></span> <span class='ocrx_word' id='word_1_136' title='bbox 1491 259 1513 286; x_wconf 87' lang='lat' dir='ltr'><strong>si</strong></span> <span class='ocrx_word' id='word_1_137' title='bbox 1531 262 1598 286; x_wconf 86' lang='lat' dir='ltr'><strong>tunc</strong></span> <span class='ocrx_word' id='word_1_138' title='bbox 1620 257 1661 293; x_wconf 80' lang='grc' dir='ltr'><strong>(ι)</strong></span> <span class='ocrx_word' id='word_1_139' title='bbox 1687 260 1852 291; x_wconf 68' lang='lat' dir='ltr'><strong>ponent</strong></span> 
     </span>
    </p>
   </div>
   <div class='ocr_carea' id='block_1_22' title="bbox 993 305 1723 340">
    <p class='ocr_par' dir='ltr' id='par_1_22' title="bbox 993 305 1723 340">
     <span class='ocr_line' id='line_1_22' title="bbox 993 305 1723 340; baseline -0.004 -6"><span class='ocrx_word' id='word_1_140' title='bbox 993 307 1110 338; x_wconf 78' lang='lat' dir='ltr'><strong>stallam,</strong></span> <span class='ocrx_word' id='word_1_141' title='bbox 1127 315 1180 333; x_wconf 83' lang='lat' dir='ltr'><strong>nou</strong></span> <span class='ocrx_word' id='word_1_142' title='bbox 1191 305 1358 340; x_wconf 79' lang='lat' dir='ltr'><strong>intelligatur</strong></span> <span class='ocrx_word' id='word_1_143' title='bbox 1373 305 1568 333; x_wconf 77' lang='lat' dir='ltr'><strong>eontrafecisse</strong></span> <span class='ocrx_word' id='word_1_144' title='bbox 1584 313 1698 340; x_wconf 85' lang='lat' dir='ltr'><strong>pacem</strong></span> <span class='ocrx_word' id='word_1_145' title='bbox 1710 323 1723 332; x_wconf 90' lang='lat'><em>.</em></span> 
     </span>
    </p>
   </div>
   <div class='ocr_carea' id='block_1_23' title="bbox 1028 351 1847 386">
    <p class='ocr_par' dir='ltr' id='par_1_23' title="bbox 1028 351 1847 386">
     <span class='ocr_line' id='line_1_23' title="bbox 1028 351 1847 386; baseline -0.002 -8"><span class='ocrx_word' id='word_1_146' title='bbox 1028 352 1094 379; x_wconf 88' lang='lat' dir='ltr'><strong>Itcm</strong></span> <span class='ocrx_word' id='word_1_147' title='bbox 1111 351 1200 378; x_wconf 62' lang='lat' dir='ltr'><strong>extitit</strong></span> <span class='ocrx_word' id='word_1_148' title='bbox 1216 358 1265 386; x_wconf 81' lang='lat' dir='ltr'><strong>per</strong></span> <span class='ocrx_word' id='word_1_149' title='bbox 1277 355 1396 385; x_wconf 84' lang='lat' dir='ltr'><strong>pactum,</strong></span> <span class='ocrx_word' id='word_1_150' title='bbox 1414 351 1485 385; x_wconf 82' lang='lat' dir='ltr'><strong>quod</strong></span> <span class='ocrx_word' id='word_1_151' title='bbox 1497 351 1649 386; x_wconf 84' lang='lat' dir='ltr'><strong>Imperium</strong></span> <span class='ocrx_word' id='word_1_152' title='bbox 1666 356 1847 378; x_wconf 79' lang='lat' dir='ltr'><strong>nostrum</strong></span> 
     </span>
    </p>
   </div>
   <div class='ocr_carea' id='block_1_24' title="bbox 993 396 1846 432">
    <p class='ocr_par' dir='ltr' id='par_1_24' title="bbox 993 396 1846 432">
     <span class='ocr_line' id='line_1_24' title="bbox 993 396 1846 432; baseline -0.006 -7"><span class='ocrx_word' id='word_1_153' title='bbox 993 398 1141 425; x_wconf 79' lang='lat' dir='ltr'><strong>oceaxione</strong></span> <span class='ocrx_word' id='word_1_154' title='bbox 1156 397 1229 424; x_wconf 82' lang='lat' dir='ltr'><strong>dicte</strong></span> <span class='ocrx_word' id='word_1_155' title='bbox 1253 397 1331 432; x_wconf 86' lang='lat' dir='ltr'><strong>pacis</strong></span> <span class='ocrx_word' id='word_1_156' title='bbox 1351 397 1417 424; x_wconf 84' lang='lat' dir='ltr'><strong>dare</strong></span> <span class='ocrx_word' id='word_1_157' title='bbox 1448 396 1547 424; x_wconf 79' lang='lat' dir='ltr'><strong>debeat</strong></span> <span class='ocrx_word' id='word_1_158' title='bbox 1572 398 1648 425; x_wconf 90' lang='lat' dir='ltr'><strong>dicto</strong></span> <span class='ocrx_word' id='word_1_159' title='bbox 1684 396 1846 425; x_wconf 79' lang='lat' dir='ltr'><strong>domino</strong></span> 
     </span>
    </p>
   </div>
   <div class='ocr_carea' id='block_1_25' title="bbox 993 443 1845 478">
    <p class='ocr_par' dir='ltr' id='par_1_25' title="bbox 993 443 1845 478">
     <span class='ocr_line' id='line_1_25' title="bbox 993 443 1845 478; baseline -0.001 -7"><span class='ocrx_word' id='word_1_160' title='bbox 993 444 1144 471; x_wconf 68' lang='lat' dir='ltr'><strong>A&#39;ltllllralo</strong></span> <span class='ocrx_word' id='word_1_161' title='bbox 1163 451 1260 471; x_wconf 83' lang='lat' dir='ltr'><strong>omnes</strong></span> <span class='ocrx_word' id='word_1_162' title='bbox 1284 443 1448 475; x_wconf 77' lang='lat' dir='ltr'><strong>Januenses,</strong></span> <span class='ocrx_word' id='word_1_163' title='bbox 1472 451 1543 478; x_wconf 81' lang='lat' dir='ltr'><strong>quos</strong></span> <span class='ocrx_word' id='word_1_164' title='bbox 1569 444 1681 472; x_wconf 80' lang='lat' dir='ltr'><strong>habent</strong></span> <span class='ocrx_word' id='word_1_165' title='bbox 1723 443 1845 470; x_wconf 71' lang='lat' dir='ltr'><strong>nostri</strong></span> 
     </span>
    </p>
   </div>
   <div class='ocr_carea' id='block_1_26' title="bbox 993 489 1840 525">
    <p class='ocr_par' dir='ltr' id='par_1_26' title="bbox 993 489 1840 525">
     <span class='ocr_line' id='line_1_26' title="bbox 993 489 1840 525; baseline -0.004 -7"><span class='ocrx_word' id='word_1_166' title='bbox 993 490 1079 518; x_wconf 78' lang='lat' dir='ltr'><strong>Gnrci</strong></span> <span class='ocrx_word' id='word_1_167' title='bbox 1096 491 1122 517; x_wconf 88' lang='lat' dir='ltr'><strong>in</strong></span> <span class='ocrx_word' id='word_1_168' title='bbox 1136 490 1248 524; x_wconf 86' lang='lat' dir='ltr'><strong>imperio</strong></span> <span class='ocrx_word' id='word_1_169' title='bbox 1262 495 1288 517; x_wconf 90' lang='lat' dir='ltr'><strong>et</strong></span> <span class='ocrx_word' id='word_1_170' title='bbox 1309 497 1379 524; x_wconf 82' lang='lat' dir='ltr'><strong>quos</strong></span> <span class='ocrx_word' id='word_1_171' title='bbox 1392 490 1475 517; x_wconf 83' lang='lat' dir='ltr'><strong>etiam</strong></span> <span class='ocrx_word' id='word_1_172' title='bbox 1491 489 1637 525; x_wconf 84' lang='lat' dir='ltr'><strong>Imperium</strong></span> <span class='ocrx_word' id='word_1_173' title='bbox 1664 495 1840 518; x_wconf 81' lang='lat' dir='ltr'><strong>nostrum</strong></span> 
     </span>
    </p>
   </div>
   <div class='ocr_carea' id='block_1_27' title="bbox 995 535 1839 569">
    <p class='ocr_par' dir='ltr' id='par_1_27' title="bbox 995 535 1839 569">
     <span class='ocr_line' id='line_1_27' title="bbox 995 535 1839 569; baseline -0.001 -6"><span class='ocrx_word' id='word_1_174' title='bbox 995 537 1076 564; x_wconf 82' lang='lat' dir='ltr'><strong>habet</strong></span> <span class='ocrx_word' id='word_1_175' title='bbox 1090 541 1246 562; x_wconf 79' lang='lat' dir='ltr'><strong>carceratos</strong></span> <span class='ocrx_word' id='word_1_176' title='bbox 1258 536 1300 563; x_wconf 84' lang='lat' dir='ltr'><strong>vel</strong></span> <span class='ocrx_word' id='word_1_177' title='bbox 1312 536 1478 569; x_wconf 84' lang='lat' dir='ltr'><strong>detemptos,</strong></span> <span class='ocrx_word' id='word_1_178' title='bbox 1490 540 1518 563; x_wconf 83' lang='lat' dir='ltr'><strong>et</strong></span> <span class='ocrx_word' id='word_1_179' title='bbox 1530 536 1617 564; x_wconf 88' lang='lat' dir='ltr'><strong>libere</strong></span> <span class='ocrx_word' id='word_1_180' title='bbox 1630 537 1750 564; x_wconf 83' lang='lat' dir='ltr'><strong>eidem</strong></span> <span class='ocrx_word' id='word_1_181' title='bbox 1773 535 1839 562; x_wconf 86' lang='lat' dir='ltr'><strong>do-</strong></span> 
     </span>
    </p>
   </div>
   <div class='ocr_carea' id='block_1_28' title="bbox 995 580 1839 608">
    <p class='ocr_par' dir='ltr' id='par_1_28' title="bbox 995 580 1839 608">
     <span class='ocr_line' id='line_1_28' title="bbox 995 580 1839 608; baseline 0 -1"><span class='ocrx_word' id='word_1_182' title='bbox 995 582 1068 608; x_wconf 73' lang='lat' dir='ltr'><strong>mino</strong></span> <span class='ocrx_word' id='word_1_183' title='bbox 1085 581 1234 607; x_wconf 69' lang='lat' dir='ltr'><strong>Amittit-ato</strong></span> <span class='ocrx_word' id='word_1_184' title='bbox 1247 587 1294 608; x_wconf 83' lang='lat' dir='ltr'><strong>eos</strong></span> <span class='ocrx_word' id='word_1_185' title='bbox 1310 580 1437 608; x_wconf 80' lang='lat' dir='ltr'><strong>demittat</strong></span> <span class='ocrx_word' id='word_1_186' title='bbox 1466 585 1494 608; x_wconf 85' lang='lat' dir='ltr'><strong>et</strong></span> <span class='ocrx_word' id='word_1_187' title='bbox 1513 581 1639 608; x_wconf 75' lang='lat' dir='ltr'><strong>similiter</strong></span> <span class='ocrx_word' id='word_1_188' title='bbox 1659 581 1839 608; x_wconf 83' lang='lat' dir='ltr'><strong>dominus</strong></span> 
     </span>
    </p>
   </div>
   <div class='ocr_carea' id='block_1_29' title="bbox 995 625 1837 661">
    <p class='ocr_par' dir='ltr' id='par_1_29' title="bbox 995 625 1837 661">
     <span class='ocr_line' id='line_1_29' title="bbox 995 625 1837 661; baseline 0 -9"><span class='ocrx_word' id='word_1_189' title='bbox 995 626 1161 653; x_wconf 79' lang='lat' dir='ltr'><strong>Ammiratus</strong></span> <span class='ocrx_word' id='word_1_190' title='bbox 1180 625 1265 653; x_wconf 83' lang='lat' dir='ltr'><strong>libere</strong></span> <span class='ocrx_word' id='word_1_191' title='bbox 1280 625 1399 652; x_wconf 83' lang='lat' dir='ltr'><strong>dimittat</strong></span> <span class='ocrx_word' id='word_1_192' title='bbox 1424 632 1519 653; x_wconf 82' lang='lat' dir='ltr'><strong>omnes</strong></span> <span class='ocrx_word' id='word_1_193' title='bbox 1530 625 1642 652; x_wconf 64' lang='lat' dir='ltr'><strong>Graecos</strong></span> <span class='ocrx_word' id='word_1_194' title='bbox 1656 633 1754 661; x_wconf 84' lang='lat' dir='ltr'><strong>quos</strong></span> <span class='ocrx_word' id='word_1_195' title='bbox 1773 626 1837 652; x_wconf 77' lang='lat' dir='ltr'><strong>ha-</strong></span> 
     </span>
    </p>
   </div>
   <div class='ocr_carea' id='block_1_30' title="bbox 995 671 1832 705">
    <p class='ocr_par' dir='ltr' id='par_1_30' title="bbox 995 671 1832 705">
     <span class='ocr_line' id='line_1_30' title="bbox 995 671 1832 705; baseline 0 -7"><span class='ocrx_word' id='word_1_196' title='bbox 995 672 1041 699; x_wconf 83' lang='lat' dir='ltr'><strong>bet</strong></span> <span class='ocrx_word' id='word_1_197' title='bbox 1054 672 1236 699; x_wconf 84' lang='lat' dir='ltr'><strong>ineommune</strong></span> <span class='ocrx_word' id='word_1_198' title='bbox 1260 676 1366 698; x_wconf 82' lang='lat' dir='ltr'><strong>tantum</strong></span> <span class='ocrx_word' id='word_1_199' title='bbox 1377 675 1405 699; x_wconf 90' lang='lat' dir='ltr'><strong>et</strong></span> <span class='ocrx_word' id='word_1_200' title='bbox 1420 671 1467 705; x_wconf 81' lang='lat' dir='ltr'><strong>qui</strong></span> <span class='ocrx_word' id='word_1_201' title='bbox 1494 676 1567 698; x_wconf 60' lang='lat' dir='ltr'><strong>sunt‘</strong></span> <span class='ocrx_word' id='word_1_202' title='bbox 1585 671 1613 698; x_wconf 86' lang='lat' dir='ltr'><strong>in</strong></span> <span class='ocrx_word' id='word_1_203' title='bbox 1633 671 1832 699; x_wconf 81' lang='lat' dir='ltr'><strong>communi.</strong></span> 
     </span>
    </p>
   </div>
   <div class='ocr_carea' id='block_1_31' title="bbox 1030 716 1833 752">
    <p class='ocr_par' dir='ltr' id='par_1_31' title="bbox 1030 716 1833 752">
     <span class='ocr_line' id='line_1_31' title="bbox 1030 716 1833 752; baseline 0.001 -9"><span class='ocrx_word' id='word_1_204' title='bbox 1030 717 1095 744; x_wconf 87' lang='lat' dir='ltr'><strong>Item</strong></span> <span class='ocrx_word' id='word_1_205' title='bbox 1113 717 1203 744; x_wconf 80' lang='lat' dir='ltr'><strong>extitit</strong></span> <span class='ocrx_word' id='word_1_206' title='bbox 1217 724 1264 752; x_wconf 87' lang='lat' dir='ltr'><strong>per</strong></span> <span class='ocrx_word' id='word_1_207' title='bbox 1274 721 1394 752; x_wconf 84' lang='lat' dir='ltr'><strong>pactum,</strong></span> <span class='ocrx_word' id='word_1_208' title='bbox 1408 716 1480 752; x_wconf 82' lang='lat' dir='ltr'><strong>quod</strong></span> <span class='ocrx_word' id='word_1_209' title='bbox 1498 717 1648 751; x_wconf 77' lang='lat' dir='ltr'><strong>Imperium</strong></span> <span class='ocrx_word' id='word_1_210' title='bbox 1666 723 1833 744; x_wconf 64' lang='lat' dir='ltr'><strong>nostrum</strong></span> 
     </span>
    </p>
   </div>
   <div class='ocr_carea' id='block_1_32' title="bbox 997 763 1832 797">
    <p class='ocr_par' dir='ltr' id='par_1_32' title="bbox 997 763 1832 797">
     <span class='ocr_line' id='line_1_32' title="bbox 997 763 1832 797; baseline 0.001 -8"><span class='ocrx_word' id='word_1_211' title='bbox 997 770 1050 789; x_wconf 81' lang='lat' dir='ltr'><strong>non</strong></span> <span class='ocrx_word' id='word_1_212' title='bbox 1077 763 1173 790; x_wconf 67' lang='lat' dir='ltr'><strong>debeat</strong></span> <span class='ocrx_word' id='word_1_213' title='bbox 1193 770 1295 797; x_wconf 87' lang='lat' dir='ltr'><strong>ponere</strong></span> <span class='ocrx_word' id='word_1_214' title='bbox 1323 763 1366 790; x_wconf 87' lang='lat' dir='ltr'><strong>vel</strong></span> <span class='ocrx_word' id='word_1_215' title='bbox 1391 763 1516 797; x_wconf 84' lang='lat' dir='ltr'><strong>accipere</strong></span> <span class='ocrx_word' id='word_1_216' title='bbox 1536 765 1791 791; x_wconf 79' lang='lat' dir='ltr'><strong>commercbinm</strong></span> <span class='ocrx_word' id='word_1_217' title='bbox 1814 772 1832 790; x_wconf 73' lang='grc' dir='ltr'>ει</span> 
     </span>
    </p>
   </div>
   <div class='ocr_carea' id='block_1_33' title="bbox 998 807 1829 842">
    <p class='ocr_par' dir='ltr' id='par_1_33' title="bbox 998 807 1829 842">
     <span class='ocr_line' id='line_1_33' title="bbox 998 807 1829 842; baseline 0 -8"><span class='ocrx_word' id='word_1_218' title='bbox 998 807 1086 835; x_wconf 77' lang='lat' dir='ltr'><strong>Greco</strong></span> <span class='ocrx_word' id='word_1_219' title='bbox 1099 809 1145 842; x_wconf 87' lang='lat' dir='ltr'><strong>qui</strong></span> <span class='ocrx_word' id='word_1_220' title='bbox 1160 812 1232 834; x_wconf 85' lang='lat' dir='ltr'><strong>emat</strong></span> <span class='ocrx_word' id='word_1_221' title='bbox 1248 808 1422 835; x_wconf 82' lang='lat' dir='ltr'><strong>tnerciumnia</strong></span> <span class='ocrx_word' id='word_1_222' title='bbox 1439 817 1453 835; x_wconf 89' lang='lat' dir='ltr'><strong>a</strong></span> <span class='ocrx_word' id='word_1_223' title='bbox 1472 808 1620 839; x_wconf 76' lang='lat' dir='ltr'><strong>Innuense,</strong></span> <span class='ocrx_word' id='word_1_224' title='bbox 1638 814 1668 836; x_wconf 88' lang='lat' dir='ltr'><strong>et</strong></span> <span class='ocrx_word' id='word_1_225' title='bbox 1683 810 1709 836; x_wconf 85' lang='lat' dir='ltr'><strong>si</strong></span> <span class='ocrx_word' id='word_1_226' title='bbox 1727 814 1829 836; x_wconf 74' lang='lat' dir='ltr'><strong>esset</strong></span> 
     </span>
    </p>
   </div>
   <div class='ocr_carea' id='block_1_34' title="bbox 161 853 1830 896">
    <p class='ocr_par' dir='ltr' id='par_1_34' title="bbox 161 853 1830 896">
     <span class='ocr_line' id='line_1_34' title="bbox 161 853 1830 896; baseline -0.004 -8"><span class='ocrx_word' id='word_1_227' title='bbox 161 867 250 896; x_wconf 72' lang='grc' dir='ltr'>ιιτιιιιι,</span> <span class='ocrx_word' id='word_1_228' title='bbox 267 864 344 896; x_wconf 75' lang='lat' dir='ltr'><strong>gesta</strong></span> <span class='ocrx_word' id='word_1_229' title='bbox 361 864 407 893; x_wconf 80' lang='lat' dir='ltr'><strong>per</strong></span> <span class='ocrx_word' id='word_1_230' title='bbox 422 857 561 886; x_wconf 83' lang='lat' dir='ltr'><strong>dominum</strong></span> <span class='ocrx_word' id='word_1_231' title='bbox 577 854 759 881; x_wconf 79' lang='lat' dir='ltr'><strong>Ammiratum</strong></span> <span class='ocrx_word' id='word_1_232' title='bbox 777 860 839 880; x_wconf 89' lang='lat' dir='ltr'><strong>cum</strong></span> <span class='ocrx_word' id='word_1_233' title='bbox 859 853 944 880; x_wconf 88' lang='lat' dir='ltr'><strong>0rca-</strong></span> <span class='ocrx_word' id='word_1_234' title='bbox 961 859 984 889; x_wconf 76' lang='grc' dir='ltr'><strong>Β</strong></span> <span class='ocrx_word' id='word_1_235' title='bbox 1000 853 1027 880; x_wconf 91' lang='lat' dir='ltr'><strong>in</strong></span> <span class='ocrx_word' id='word_1_236' title='bbox 1054 854 1283 881; x_wconf 71' lang='lat' dir='ltr'><strong>conventionibus</strong></span> <span class='ocrx_word' id='word_1_237' title='bbox 1299 854 1370 888; x_wconf 85' lang='lat' dir='ltr'><strong>quod</strong></span> <span class='ocrx_word' id='word_1_238' title='bbox 1386 854 1470 889; x_wconf 82' lang='lat' dir='ltr'><strong>possit</strong></span> <span class='ocrx_word' id='word_1_239' title='bbox 1490 854 1529 881; x_wconf 81' lang='lat' dir='ltr'><strong>vel</strong></span> <span class='ocrx_word' id='word_1_240' title='bbox 1550 855 1649 881; x_wconf 74' lang='lat' dir='ltr'><strong>debeat</strong></span> <span class='ocrx_word' id='word_1_241' title='bbox 1670 855 1830 888; x_wconf 69' lang='lat' dir='ltr'><strong>recipere</strong></span> 
     </span>
    </p>
   </div>
   <div class='ocr_carea' id='block_1_35' title="bbox 162 899 956 937">
    <p class='ocr_par' dir='ltr' id='par_1_35' title="bbox 162 899 956 937">
     <span class='ocr_line' id='line_1_35' title="bbox 162 899 956 937; baseline -0.013 -2"><span class='ocrx_word' id='word_1_242' title='bbox 162 909 233 935; x_wconf 77' lang='lat' dir='ltr'><strong>nibei</strong></span> <span class='ocrx_word' id='word_1_243' title='bbox 249 904 405 937; x_wconf 71' lang='lat' dir='ltr'><strong>Auni-irati,</strong></span> <span class='ocrx_word' id='word_1_244' title='bbox 421 903 474 930; x_wconf 81' lang='lat' dir='ltr'><strong>sint</strong></span> <span class='ocrx_word' id='word_1_245' title='bbox 487 902 563 928; x_wconf 81' lang='lat' dir='ltr'><strong>firma</strong></span> <span class='ocrx_word' id='word_1_246' title='bbox 577 909 628 927; x_wconf 85' lang='lat' dir='ltr'><strong>non</strong></span> <span class='ocrx_word' id='word_1_247' title='bbox 640 899 814 927; x_wconf 80' lang='lat' dir='ltr'><strong>obstantibus</strong></span> <span class='ocrx_word' id='word_1_248' title='bbox 826 899 956 927; x_wconf 73' lang='lat' dir='ltr'><strong>conveno‘</strong></span> 
     </span>
    </p>
   </div>
   <div class='ocr_carea' id='block_1_36' title="bbox 161 949 440 986">
    <p class='ocr_par' dir='ltr' id='par_1_36' title="bbox 161 949 440 986">
     <span class='ocr_line' id='line_1_36' title="bbox 161 949 440 986; baseline -0.025 -5"><span class='ocrx_word' id='word_1_249' title='bbox 161 954 283 981; x_wconf 80' lang='lat' dir='ltr'><strong>tionibus</strong></span> <span class='ocrx_word' id='word_1_250' title='bbox 302 949 440 986; x_wconf 58' lang='lat' dir='ltr'><strong>pretlit‘tis.</strong></span> 
     </span>
    </p>
   </div>
   <div class='ocr_carea' id='block_1_37' title="bbox 197 991 948 1032">
    <p class='ocr_par' dir='ltr' id='par_1_37' title="bbox 197 991 948 1032">
     <span class='ocr_line' id='line_1_37' title="bbox 197 991 948 1032; baseline -0.013 -7"><span class='ocrx_word' id='word_1_251' title='bbox 197 999 263 1026; x_wconf 84' lang='lat' dir='ltr'><strong>Item</strong></span> <span class='ocrx_word' id='word_1_252' title='bbox 280 1004 328 1032; x_wconf 85' lang='lat' dir='ltr'><strong>per</strong></span> <span class='ocrx_word' id='word_1_253' title='bbox 346 1000 452 1030; x_wconf 79' lang='lat' dir='ltr'><strong>partum</strong></span> <span class='ocrx_word' id='word_1_254' title='bbox 480 992 624 1027; x_wconf 82' lang='lat' dir='ltr'><strong>Imperium</strong></span> <span class='ocrx_word' id='word_1_255' title='bbox 655 997 778 1019; x_wconf 84' lang='lat' dir='ltr'><strong>nostrum</strong></span> <span class='ocrx_word' id='word_1_256' title='bbox 798 991 831 1019; x_wconf 88' lang='lat' dir='ltr'><strong>dc</strong></span> <span class='ocrx_word' id='word_1_257' title='bbox 859 995 948 1025; x_wconf 72' lang='lat' dir='ltr'><strong>gratia</strong></span> 
     </span>
    </p>
   </div>
   <div class='ocr_carea' id='block_1_38' title="bbox 161 1036 946 1071">
    <p class='ocr_par' dir='ltr' id='par_1_38' title="bbox 161 1036 946 1071">
     <span class='ocr_line' id='line_1_38' title="bbox 161 1036 946 1071; baseline -0.011 0"><span class='ocrx_word' id='word_1_258' title='bbox 161 1043 336 1071; x_wconf 77' lang='lat' dir='ltr'><strong>donationem</strong></span> <span class='ocrx_word' id='word_1_259' title='bbox 360 1041 423 1068; x_wconf 83' lang='lat' dir='ltr'><strong>facit</strong></span> <span class='ocrx_word' id='word_1_260' title='bbox 443 1040 580 1069; x_wconf 78' lang='lat' dir='ltr'><strong>communi</strong></span> <span class='ocrx_word' id='word_1_261' title='bbox 607 1037 694 1066; x_wconf 72' lang='lat' dir='ltr'><strong>Janue</strong></span> <span class='ocrx_word' id='word_1_262' title='bbox 716 1038 749 1065; x_wconf 84' lang='lat' dir='ltr'><strong>de</strong></span> <span class='ocrx_word' id='word_1_263' title='bbox 764 1036 867 1064; x_wconf 82' lang='lat' dir='ltr'><strong>Gallata</strong></span> <span class='ocrx_word' id='word_1_264' title='bbox 884 1043 946 1062; x_wconf 91' lang='lat' dir='ltr'><strong>cum</strong></span> 
     </span>
    </p>
   </div>
   <div class='ocr_carea' id='block_1_39' title="bbox 163 1076 946 1122">
    <p class='ocr_par' dir='ltr' id='par_1_39' title="bbox 163 1076 946 1122">
     <span class='ocr_line' id='line_1_39' title="bbox 163 1076 946 1122; baseline -0.013 -4"><span class='ocrx_word' id='word_1_265' title='bbox 163 1097 282 1119; x_wconf 81' lang='lat' dir='ltr'><strong>terreno.</strong></span> <span class='ocrx_word' id='word_1_266' title='bbox 305 1076 385 1122; x_wconf 72' lang='lat' dir='ltr'><strong>prout</strong></span> <span class='ocrx_word' id='word_1_267' title='bbox 402 1086 532 1115; x_wconf 79' lang='lat' dir='ltr'><strong>fossatum</strong></span> <span class='ocrx_word' id='word_1_268' title='bbox 551 1085 636 1112; x_wconf 83' lang='lat' dir='ltr'><strong>tendit</strong></span> <span class='ocrx_word' id='word_1_269' title='bbox 664 1091 751 1118; x_wconf 87' lang='lat' dir='ltr'><strong>usque</strong></span> <span class='ocrx_word' id='word_1_270' title='bbox 764 1083 797 1109; x_wconf 85' lang='lat' dir='ltr'><strong>ad</strong></span> <span class='ocrx_word' id='word_1_271' title='bbox 827 1088 946 1109; x_wconf 80' lang='lat' dir='ltr'><strong>castrum</strong></span> 
     </span>
    </p>
   </div>
   <div class='ocr_carea' id='block_1_40' title="bbox 163 1126 945 1161">
    <p class='ocr_par' dir='ltr' id='par_1_40' title="bbox 163 1126 945 1161">
     <span class='ocr_line' id='line_1_40' title="bbox 163 1126 945 1161; baseline -0.01 -2"><span class='ocrx_word' id='word_1_272' title='bbox 163 1137 259 1159; x_wconf 80' lang='lat' dir='ltr'><strong>sancte</strong></span> <span class='ocrx_word' id='word_1_273' title='bbox 274 1131 381 1161; x_wconf 66' lang='lat' dir='ltr'><strong>Citii-is.</strong></span> <span class='ocrx_word' id='word_1_274' title='bbox 396 1135 423 1157; x_wconf 89' lang='lat' dir='ltr'><strong>et</strong></span> <span class='ocrx_word' id='word_1_275' title='bbox 438 1130 508 1157; x_wconf 89' lang='lat' dir='ltr'><strong>ultra</strong></span> <span class='ocrx_word' id='word_1_276' title='bbox 523 1130 625 1157; x_wconf 80' lang='lat' dir='ltr'><strong>dictum</strong></span> <span class='ocrx_word' id='word_1_277' title='bbox 643 1127 777 1154; x_wconf 75' lang='lat' dir='ltr'><strong>fossatum</strong></span> <span class='ocrx_word' id='word_1_278' title='bbox 790 1126 945 1154; x_wconf 85' lang='lat' dir='ltr'><strong>cubitorum</strong></span> 
     </span>
    </p>
   </div>
   <div class='ocr_carea' id='block_1_41' title="bbox 164 1171 948 1209">
    <p class='ocr_par' dir='ltr' id='par_1_41' title="bbox 164 1171 948 1209">
     <span class='ocr_line' id='line_1_41' title="bbox 164 1171 948 1209; baseline -0.008 -7"><span class='ocrx_word' id='word_1_279' title='bbox 164 1183 284 1208; x_wconf 77' lang='lat' dir='ltr'><strong>centum,</strong></span> <span class='ocrx_word' id='word_1_280' title='bbox 307 1176 377 1202; x_wconf 82' lang='lat' dir='ltr'><strong>infra</strong></span> <span class='ocrx_word' id='word_1_281' title='bbox 392 1176 463 1209; x_wconf 87' lang='lat' dir='ltr'><strong>quod</strong></span> <span class='ocrx_word' id='word_1_282' title='bbox 478 1182 532 1202; x_wconf 88' lang='lat' dir='ltr'><strong>nou</strong></span> <span class='ocrx_word' id='word_1_283' title='bbox 548 1173 634 1208; x_wconf 84' lang='lat' dir='ltr'><strong>possIt</strong></span> <span class='ocrx_word' id='word_1_284' title='bbox 650 1172 803 1200; x_wconf 84' lang='lat' dir='ltr'><strong>ltediticium</strong></span> <span class='ocrx_word' id='word_1_285' title='bbox 820 1171 948 1198; x_wconf 82' lang='lat' dir='ltr'><strong>Latinum</strong></span> 
     </span>
    </p>
   </div>
   <div class='ocr_carea' id='block_1_42' title="bbox 162 1216 948 1254">
    <p class='ocr_par' dir='ltr' id='par_1_42' title="bbox 162 1216 948 1254">
     <span class='ocr_line' id='line_1_42' title="bbox 162 1216 948 1254; baseline -0.01 -5"><span class='ocrx_word' id='word_1_286' title='bbox 162 1223 203 1249; x_wconf 80' lang='lat' dir='ltr'><strong>\‘el</strong></span> <span class='ocrx_word' id='word_1_287' title='bbox 215 1221 330 1249; x_wconf 80' lang='lat' dir='ltr'><strong>Grecam</strong></span> <span class='ocrx_word' id='word_1_288' title='bbox 344 1228 395 1247; x_wconf 81' lang='lat' dir='ltr'><strong>nec</strong></span> <span class='ocrx_word' id='word_1_289' title='bbox 406 1221 496 1254; x_wconf 80' lang='lat' dir='ltr'><strong>aliqua</strong></span> <span class='ocrx_word' id='word_1_290' title='bbox 514 1219 565 1247; x_wconf 82' lang='lat' dir='ltr'><strong>alia</strong></span> <span class='ocrx_word' id='word_1_291' title='bbox 582 1217 688 1245; x_wconf 82' lang='lat' dir='ltr'><strong>novitas</strong></span> <span class='ocrx_word' id='word_1_292' title='bbox 707 1216 776 1244; x_wconf 79' lang='lat' dir='ltr'><strong>ﬁeri.</strong></span> <span class='ocrx_word' id='word_1_293' title='bbox 789 1216 882 1250; x_wconf 86' lang='lat' dir='ltr'><strong>Itaque</strong></span> <span class='ocrx_word' id='word_1_294' title='bbox 899 1223 948 1243; x_wconf 90' lang='lat' dir='ltr'><strong>cu-</strong></span> 
     </span>
    </p>
   </div>
   <div class='ocr_carea' id='block_1_43' title="bbox 163 1262 949 1296">
    <p class='ocr_par' dir='ltr' id='par_1_43' title="bbox 163 1262 949 1296">
     <span class='ocr_line' id='line_1_43' title="bbox 163 1262 949 1296; baseline -0.009 -2"><span class='ocrx_word' id='word_1_295' title='bbox 163 1269 235 1294; x_wconf 86' lang='lat' dir='ltr'><strong>l-itus</strong></span> <span class='ocrx_word' id='word_1_296' title='bbox 248 1271 357 1294; x_wconf 80' lang='lat' dir='ltr'><strong>centum</strong></span> <span class='ocrx_word' id='word_1_297' title='bbox 379 1265 488 1292; x_wconf 73' lang='lat' dir='ltr'><strong>istisint</strong></span> <span class='ocrx_word' id='word_1_298' title='bbox 502 1265 527 1291; x_wconf 94' lang='lat' dir='ltr'><strong>in</strong></span> <span class='ocrx_word' id='word_1_299' title='bbox 546 1264 615 1291; x_wconf 76' lang='lat' dir='ltr'><strong>facie</strong></span> <span class='ocrx_word' id='word_1_300' title='bbox 647 1263 803 1295; x_wconf 85' lang='lat' dir='ltr'><strong>incipiendo</strong></span> <span class='ocrx_word' id='word_1_301' title='bbox 824 1270 838 1288; x_wconf 84' lang='lat' dir='ltr'><strong>a</strong></span> <span class='ocrx_word' id='word_1_302' title='bbox 859 1262 949 1296; x_wconf 80' lang='lat' dir='ltr'><strong>capite</strong></span> 
     </span>
    </p>
   </div>
   <div class='ocr_carea' id='block_1_44' title="bbox 163 1307 948 1346">
    <p class='ocr_par' dir='ltr' id='par_1_44' title="bbox 163 1307 948 1346">
     <span class='ocr_line' id='line_1_44' title="bbox 163 1307 948 1346; baseline -0.009 -5"><span class='ocrx_word' id='word_1_303' title='bbox 163 1314 267 1342; x_wconf 59' lang='lat' dir='ltr'><strong>Gallitta</strong></span> <span class='ocrx_word' id='word_1_304' title='bbox 283 1319 369 1346; x_wconf 85' lang='lat' dir='ltr'><strong>usque</strong></span> <span class='ocrx_word' id='word_1_305' title='bbox 382 1311 415 1338; x_wconf 86' lang='lat' dir='ltr'><strong>ad</strong></span> <span class='ocrx_word' id='word_1_306' title='bbox 428 1315 550 1343; x_wconf 74' lang='lat' dir='ltr'><strong>castrum</strong></span> <span class='ocrx_word' id='word_1_307' title='bbox 562 1314 657 1338; x_wconf 81' lang='lat' dir='ltr'><strong>sancte</strong></span> <span class='ocrx_word' id='word_1_308' title='bbox 671 1309 767 1336; x_wconf 84' lang='lat' dir='ltr'><strong>Crucis</strong></span> <span class='ocrx_word' id='word_1_309' title='bbox 781 1313 854 1335; x_wconf 82' lang='lat' dir='ltr'><strong>recta</strong></span> <span class='ocrx_word' id='word_1_310' title='bbox 866 1307 948 1339; x_wconf 83' lang='lat' dir='ltr'><strong>linea,</strong></span> 
     </span>
    </p>
   </div>
   <div class='ocr_carea' id='block_1_45' title="bbox 163 1353 949 1390">
    <p class='ocr_par' dir='ltr' id='par_1_45' title="bbox 163 1353 949 1390">
     <span class='ocr_line' id='line_1_45' title="bbox 163 1353 949 1390; baseline -0.01 -4"><span class='ocrx_word' id='word_1_311' title='bbox 163 1363 190 1386; x_wconf 85' lang='lat' dir='ltr'><strong>et</strong></span> <span class='ocrx_word' id='word_1_312' title='bbox 206 1367 220 1385; x_wconf 74' lang='grc' dir='ltr'><strong>ιι</strong></span> <span class='ocrx_word' id='word_1_313' title='bbox 239 1363 330 1385; x_wconf 63' lang='lat' dir='ltr'><strong>castro</strong></span> <span class='ocrx_word' id='word_1_314' title='bbox 351 1362 444 1384; x_wconf 81' lang='lat' dir='ltr'><strong>sancto</strong></span> <span class='ocrx_word' id='word_1_315' title='bbox 461 1356 558 1383; x_wconf 80' lang='lat' dir='ltr'><strong>Crucis</strong></span> <span class='ocrx_word' id='word_1_316' title='bbox 587 1363 674 1390; x_wconf 82' lang='lat' dir='ltr'><strong>usque</strong></span> <span class='ocrx_word' id='word_1_317' title='bbox 697 1355 730 1381; x_wconf 87' lang='lat' dir='ltr'><strong>ad</strong></span> <span class='ocrx_word' id='word_1_318' title='bbox 751 1359 854 1382; x_wconf 88' lang='lat' dir='ltr'><strong>turrem</strong></span> <span class='ocrx_word' id='word_1_319' title='bbox 882 1353 949 1380; x_wconf 85' lang='lat' dir='ltr'><strong>Tra-</strong></span> 
     </span>
    </p>
   </div>
   <div class='ocr_carea' id='block_1_46' title="bbox 165 1406 244 1432">
    <p class='ocr_par' dir='ltr' id='par_1_46' title="bbox 165 1406 244 1432">
     <span class='ocr_line' id='line_1_46' title="bbox 165 1406 244 1432; baseline -0.013 0"><span class='ocrx_word' id='word_1_320' title='bbox 165 1406 244 1432; x_wconf 73' lang='lat' dir='ltr'><strong>verii.</strong></span> 
     </span>
    </p>
   </div>
   <div class='ocr_carea' id='block_1_47' title="bbox 201 1446 950 1484">
    <p class='ocr_par' dir='ltr' id='par_1_47' title="bbox 201 1446 950 1484">
     <span class='ocr_line' id='line_1_47' title="bbox 201 1446 950 1484; baseline -0.008 -6"><span class='ocrx_word' id='word_1_321' title='bbox 201 1451 266 1478; x_wconf 84' lang='lat' dir='ltr'><strong>Item</strong></span> <span class='ocrx_word' id='word_1_322' title='bbox 280 1450 369 1479; x_wconf 77' lang='lat' dir='ltr'><strong>extitit</strong></span> <span class='ocrx_word' id='word_1_323' title='bbox 386 1457 434 1484; x_wconf 86' lang='lat' dir='ltr'><strong>per</strong></span> <span class='ocrx_word' id='word_1_324' title='bbox 455 1453 562 1484; x_wconf 82' lang='lat' dir='ltr'><strong>pactum</strong></span> <span class='ocrx_word' id='word_1_325' title='bbox 577 1452 604 1475; x_wconf 86' lang='lat' dir='ltr'><strong>et</strong></span> <span class='ocrx_word' id='word_1_326' title='bbox 625 1447 789 1482; x_wconf 83' lang='lat' dir='ltr'><strong>promissum</strong></span> <span class='ocrx_word' id='word_1_327' title='bbox 803 1454 851 1481; x_wconf 82' lang='lat' dir='ltr'><strong>per</strong></span> <span class='ocrx_word' id='word_1_328' title='bbox 864 1446 950 1480; x_wconf 79' lang='lat' dir='ltr'><strong>Impe-</strong></span> 
     </span>
    </p>
   </div>
   <div class='ocr_carea' id='block_1_48' title="bbox 166 1493 948 1529">
    <p class='ocr_par' dir='ltr' id='par_1_48' title="bbox 166 1493 948 1529">
     <span class='ocr_line' id='line_1_48' title="bbox 166 1493 948 1529; baseline -0.008 -5"><span class='ocrx_word' id='word_1_329' title='bbox 166 1499 236 1524; x_wconf 85' lang='lat' dir='ltr'><strong>rium</strong></span> <span class='ocrx_word' id='word_1_330' title='bbox 255 1502 389 1527; x_wconf 71' lang='lat' dir='ltr'><strong>nnstrunt.</strong></span> <span class='ocrx_word' id='word_1_331' title='bbox 407 1499 478 1529; x_wconf 84' lang='lat' dir='ltr'><strong>quod</strong></span> <span class='ocrx_word' id='word_1_332' title='bbox 493 1495 576 1529; x_wconf 54' lang='lat' dir='ltr'><strong>galeis</strong></span> <span class='ocrx_word' id='word_1_333' title='bbox 596 1494 734 1528; x_wconf 79' lang='lat' dir='ltr'><strong>aliquibus</strong></span> <span class='ocrx_word' id='word_1_334' title='bbox 754 1493 948 1521; x_wconf 82' lang='lat' dir='ltr'><strong>Catalauorum</strong></span> 
     </span>
    </p>
   </div>
   <div class='ocr_carea' id='block_1_49' title="bbox 1001 899 1827 934">
    <p class='ocr_par' dir='ltr' id='par_1_49' title="bbox 1001 899 1827 934">
     <span class='ocr_line' id='line_1_49' title="bbox 1001 899 1827 934; baseline 0 -8"><span class='ocrx_word' id='word_1_335' title='bbox 1001 900 1104 926; x_wconf 83' lang='lat' dir='ltr'><strong>dictum</strong></span> <span class='ocrx_word' id='word_1_336' title='bbox 1127 899 1354 931; x_wconf 83' lang='lat' dir='ltr'><strong>commercbium,</strong></span> <span class='ocrx_word' id='word_1_337' title='bbox 1386 899 1457 934; x_wconf 86' lang='lat' dir='ltr'><strong>quod</strong></span> <span class='ocrx_word' id='word_1_338' title='bbox 1477 906 1528 925; x_wconf 91' lang='lat' dir='ltr'><strong>non</strong></span> <span class='ocrx_word' id='word_1_339' title='bbox 1556 899 1733 933; x_wconf 76' lang='lat' dir='ltr'><strong>accipiatur,</strong></span> <span class='ocrx_word' id='word_1_340' title='bbox 1758 899 1827 926; x_wconf 83' lang='lat' dir='ltr'><strong>nisi</strong></span> 
     </span>
    </p>
   </div>
   <div class='ocr_carea' id='block_1_50' title="bbox 1001 945 1823 979">
    <p class='ocr_par' dir='ltr' id='par_1_50' title="bbox 1001 945 1823 979">
     <span class='ocr_line' id='line_1_50' title="bbox 1001 945 1823 979; baseline -0.001 -6"><span class='ocrx_word' id='word_1_341' title='bbox 1001 945 1152 979; x_wconf 62' lang='lat' dir='ltr'><strong>acripiatur</strong></span> <span class='ocrx_word' id='word_1_342' title='bbox 1169 945 1332 979; x_wconf 70' lang='lat' dir='ltr'><strong>generaliter</strong></span> <span class='ocrx_word' id='word_1_343' title='bbox 1348 953 1363 972; x_wconf 75' lang='grc' dir='ltr'>ει</span> <span class='ocrx_word' id='word_1_344' title='bbox 1387 945 1489 972; x_wconf 77' lang='lat' dir='ltr'><strong>nostris</strong></span> <span class='ocrx_word' id='word_1_345' title='bbox 1516 945 1611 974; x_wconf 79' lang='lat' dir='ltr'><strong>Grecis</strong></span> <span class='ocrx_word' id='word_1_346' title='bbox 1633 947 1823 973; x_wconf 82' lang='lat' dir='ltr'><strong>ementibus</strong></span> 
     </span>
    </p>
   </div>
   <div class='ocr_carea' id='block_1_51' title="bbox 998 990 1822 1018">
    <p class='ocr_par' dir='ltr' id='par_1_51' title="bbox 998 990 1822 1018">
     <span class='ocr_line' id='line_1_51' title="bbox 998 990 1822 1018; baseline 0 0"><span class='ocrx_word' id='word_1_347' title='bbox 998 993 1031 1018; x_wconf 84' lang='lat' dir='ltr'><strong>ab</strong></span> <span class='ocrx_word' id='word_1_348' title='bbox 1046 991 1106 1018; x_wconf 87' lang='lat' dir='ltr'><strong>aliis</strong></span> <span class='ocrx_word' id='word_1_349' title='bbox 1115 990 1209 1018; x_wconf 85' lang='lat' dir='ltr'><strong>Grecis</strong></span> <span class='ocrx_word' id='word_1_350' title='bbox 1222 991 1414 1018; x_wconf 71' lang='lat' dir='ltr'><strong>mercimonio.</strong></span> <span class='ocrx_word' id='word_1_351' title='bbox 1427 991 1461 1018; x_wconf 87' lang='lat' dir='ltr'><strong>Et</strong></span> <span class='ocrx_word' id='word_1_352' title='bbox 1471 991 1599 1018; x_wconf 84' lang='lat' dir='ltr'><strong>similiter</strong></span> <span class='ocrx_word' id='word_1_353' title='bbox 1613 990 1704 1017; x_wconf 65' lang='lat' dir='ltr'><strong>fat-lat</strong></span> <span class='ocrx_word' id='word_1_354' title='bbox 1721 999 1822 1018; x_wconf 81' lang='lat' dir='ltr'><strong>com-</strong></span> 
     </span>
    </p>
   </div>
   <div class='ocr_carea' id='block_1_52' title="bbox 999 1035 1818 1073">
    <p class='ocr_par' dir='ltr' id='par_1_52' title="bbox 999 1035 1818 1073">
     <span class='ocr_line' id='line_1_52' title="bbox 999 1035 1818 1073; baseline -0.001 -11"><span class='ocrx_word' id='word_1_355' title='bbox 999 1043 1081 1063; x_wconf 84' lang='lat' dir='ltr'><strong>mune</strong></span> <span class='ocrx_word' id='word_1_356' title='bbox 1098 1035 1284 1064; x_wconf 80' lang='lat' dir='ltr'><strong>Janueusibns</strong></span> <span class='ocrx_word' id='word_1_357' title='bbox 1309 1037 1366 1064; x_wconf 86' lang='lat' dir='ltr'><strong>suis</strong></span> <span class='ocrx_word' id='word_1_358' title='bbox 1382 1036 1538 1063; x_wconf 72' lang='lat' dir='ltr'><strong>ementibus</strong></span> <span class='ocrx_word' id='word_1_359' title='bbox 1551 1036 1746 1064; x_wconf 81' lang='lat' dir='ltr'><strong>mercimonia</strong></span> <span class='ocrx_word' id='word_1_360' title='bbox 1767 1036 1818 1073; x_wconf 68' lang='grc' dir='ltr'><strong>[η]</strong></span> 
     </span>
    </p>
   </div>
   <div class='ocr_carea' id='block_1_53' title="bbox 997 1081 1102 1109">
    <p class='ocr_par' dir='ltr' id='par_1_53' title="bbox 997 1081 1102 1109">
     <span class='ocr_line' id='line_1_53' title="bbox 997 1081 1102 1109; baseline 0 0"><span class='ocrx_word' id='word_1_361' title='bbox 997 1081 1102 1109; x_wconf 71' lang='lat' dir='ltr'><strong>Grecis.</strong></span> 
     </span>
    </p>
   </div>
   <div class='ocr_carea' id='block_1_54' title="bbox 1035 1128 1813 1164">
    <p class='ocr_par' dir='ltr' id='par_1_54' title="bbox 1035 1128 1813 1164">
     <span class='ocr_line' id='line_1_54' title="bbox 1035 1128 1813 1164; baseline 0.001 -10"><span class='ocrx_word' id='word_1_362' title='bbox 1035 1128 1100 1155; x_wconf 84' lang='lat' dir='ltr'><strong>Item</strong></span> <span class='ocrx_word' id='word_1_363' title='bbox 1118 1128 1208 1155; x_wconf 83' lang='lat' dir='ltr'><strong>extitit</strong></span> <span class='ocrx_word' id='word_1_364' title='bbox 1227 1135 1276 1162; x_wconf 87' lang='lat' dir='ltr'><strong>per</strong></span> <span class='ocrx_word' id='word_1_365' title='bbox 1291 1131 1414 1162; x_wconf 83' lang='lat' dir='ltr'><strong>pactum,</strong></span> <span class='ocrx_word' id='word_1_366' title='bbox 1430 1128 1502 1163; x_wconf 83' lang='lat' dir='ltr'><strong>quod</strong></span> <span class='ocrx_word' id='word_1_367' title='bbox 1517 1128 1540 1155; x_wconf 86' lang='lat' dir='ltr'><strong>si</strong></span> <span class='ocrx_word' id='word_1_368' title='bbox 1558 1128 1659 1164; x_wconf 89' lang='lat' dir='ltr'><strong>aliquis</strong></span> <span class='ocrx_word' id='word_1_369' title='bbox 1687 1128 1813 1156; x_wconf 78' lang='lat' dir='ltr'><strong>Grccus</strong></span> 
     </span>
    </p>
   </div>
   <div class='ocr_carea' id='block_1_55' title="bbox 999 1174 1816 1210">
    <p class='ocr_par' dir='ltr' id='par_1_55' title="bbox 999 1174 1816 1210">
     <span class='ocr_line' id='line_1_55' title="bbox 999 1174 1816 1210; baseline 0.001 -9"><span class='ocrx_word' id='word_1_370' title='bbox 999 1175 1152 1202; x_wconf 74' lang='lat' dir='ltr'><strong>vendiderit</strong></span> <span class='ocrx_word' id='word_1_371' title='bbox 1167 1175 1193 1202; x_wconf 87' lang='lat' dir='ltr'><strong>in</strong></span> <span class='ocrx_word' id='word_1_372' title='bbox 1210 1174 1288 1201; x_wconf 85' lang='lat' dir='ltr'><strong>Peira</strong></span> <span class='ocrx_word' id='word_1_373' title='bbox 1301 1175 1343 1202; x_wconf 83' lang='lat' dir='ltr'><strong>vel</strong></span> <span class='ocrx_word' id='word_1_374' title='bbox 1357 1175 1383 1201; x_wconf 90' lang='lat' dir='ltr'><strong>in</strong></span> <span class='ocrx_word' id='word_1_375' title='bbox 1397 1175 1492 1209; x_wconf 75' lang='lat' dir='ltr'><strong>burgis</strong></span> <span class='ocrx_word' id='word_1_376' title='bbox 1508 1175 1611 1205; x_wconf 72' lang='lat' dir='ltr'><strong>vinum,</strong></span> <span class='ocrx_word' id='word_1_377' title='bbox 1628 1176 1710 1210; x_wconf 85' lang='lat' dir='ltr'><strong>quod</strong></span> <span class='ocrx_word' id='word_1_378' title='bbox 1720 1183 1816 1203; x_wconf 85' lang='lat' dir='ltr'><strong>com-</strong></span> 
     </span>
    </p>
   </div>
   <div class='ocr_carea' id='block_1_56' title="bbox 1000 1221 1812 1256">
    <p class='ocr_par' dir='ltr' id='par_1_56' title="bbox 1000 1221 1812 1256">
     <span class='ocr_line' id='line_1_56' title="bbox 1000 1221 1812 1256; baseline 0.001 -8"><span class='ocrx_word' id='word_1_379' title='bbox 1000 1222 1148 1248; x_wconf 84' lang='lat' dir='ltr'><strong>mercbium</strong></span> <span class='ocrx_word' id='word_1_380' title='bbox 1167 1221 1324 1256; x_wconf 85' lang='lat' dir='ltr'><strong>impositum</strong></span> <span class='ocrx_word' id='word_1_381' title='bbox 1342 1221 1489 1248; x_wconf 82' lang='lat' dir='ltr'><strong>secundum</strong></span> <span class='ocrx_word' id='word_1_382' title='bbox 1505 1222 1719 1248; x_wconf 84' lang='lat' dir='ltr'><strong>ordinationem</strong></span> <span class='ocrx_word' id='word_1_383' title='bbox 1741 1223 1812 1249; x_wconf 85' lang='lat' dir='ltr'><strong>sin-</strong></span> 
     </span>
    </p>
   </div>
   <div class='ocr_carea' id='block_1_57' title="bbox 999 1266 1811 1302">
    <p class='ocr_par' dir='ltr' id='par_1_57' title="bbox 999 1266 1811 1302">
     <span class='ocr_line' id='line_1_57' title="bbox 999 1266 1811 1302; baseline 0.002 -8"><span class='ocrx_word' id='word_1_384' title='bbox 999 1267 1121 1295; x_wconf 86' lang='lat' dir='ltr'><strong>dicorum</strong></span> <span class='ocrx_word' id='word_1_385' title='bbox 1139 1268 1292 1294; x_wconf 79' lang='lat' dir='ltr'><strong>communis</strong></span> <span class='ocrx_word' id='word_1_386' title='bbox 1318 1267 1405 1294; x_wconf 79' lang='lat' dir='ltr'><strong>Ianue</strong></span> <span class='ocrx_word' id='word_1_387' title='bbox 1423 1266 1577 1302; x_wconf 75' lang='lat' dir='ltr'><strong>bujusmotli</strong></span> <span class='ocrx_word' id='word_1_388' title='bbox 1605 1269 1722 1296; x_wconf 82' lang='lat' dir='ltr'><strong>Grecus</strong></span> <span class='ocrx_word' id='word_1_389' title='bbox 1751 1270 1811 1296; x_wconf 84' lang='lat' dir='ltr'><strong>de-</strong></span> 
     </span>
    </p>
   </div>
   <div class='ocr_carea' id='block_1_58' title="bbox 1003 1312 1806 1348">
    <p class='ocr_par' dir='ltr' id='par_1_58' title="bbox 1003 1312 1806 1348">
     <span class='ocr_line' id='line_1_58' title="bbox 1003 1312 1806 1348; baseline 0.001 -8"><span class='ocrx_word' id='word_1_390' title='bbox 1003 1313 1066 1340; x_wconf 82' lang='lat' dir='ltr'><strong>beat</strong></span> <span class='ocrx_word' id='word_1_391' title='bbox 1081 1313 1187 1340; x_wconf 74' lang='lat' dir='ltr'><strong>solvere</strong></span> <span class='ocrx_word' id='word_1_392' title='bbox 1203 1313 1337 1348; x_wconf 88' lang='lat' dir='ltr'><strong>proutalii</strong></span> <span class='ocrx_word' id='word_1_393' title='bbox 1355 1312 1516 1346; x_wconf 81' lang='lat' dir='ltr'><strong>Janucnses,</strong></span> <span class='ocrx_word' id='word_1_394' title='bbox 1538 1319 1565 1341; x_wconf 87' lang='lat' dir='ltr'><strong>et</strong></span> <span class='ocrx_word' id='word_1_395' title='bbox 1576 1314 1711 1341; x_wconf 74' lang='lat' dir='ltr'><strong>similiter</strong></span> <span class='ocrx_word' id='word_1_396' title='bbox 1724 1322 1806 1342; x_wconf 78' lang='lat' dir='ltr'><strong>com-</strong></span> 
     </span>
    </p>
   </div>
   <div class='ocr_carea' id='block_1_59' title="bbox 1001 1359 1810 1395">
    <p class='ocr_par' dir='ltr' id='par_1_59' title="bbox 1001 1359 1810 1395">
     <span class='ocr_line' id='line_1_59' title="bbox 1001 1359 1810 1395; baseline 0 -8"><span class='ocrx_word' id='word_1_397' title='bbox 1001 1359 1148 1387; x_wconf 76' lang='lat' dir='ltr'><strong>mercbarii</strong></span> <span class='ocrx_word' id='word_1_398' title='bbox 1169 1359 1277 1394; x_wconf 83' lang='lat' dir='ltr'><strong>Imperii</strong></span> <span class='ocrx_word' id='word_1_399' title='bbox 1298 1360 1385 1387; x_wconf 86' lang='lat' dir='ltr'><strong>nostri</strong></span> <span class='ocrx_word' id='word_1_400' title='bbox 1405 1360 1534 1395; x_wconf 78' lang='lat' dir='ltr'><strong>colligant</strong></span> <span class='ocrx_word' id='word_1_401' title='bbox 1547 1366 1574 1388; x_wconf 87' lang='lat' dir='ltr'><strong>et</strong></span> <span class='ocrx_word' id='word_1_402' title='bbox 1589 1360 1737 1395; x_wconf 77' lang='lat' dir='ltr'><strong>accipiant</strong></span> <span class='ocrx_word' id='word_1_403' title='bbox 1751 1362 1810 1387; x_wconf 76' lang='lat' dir='ltr'><strong>iun-</strong></span> 
     </span>
    </p>
   </div>
   <div class='ocr_carea' id='block_1_60' title="bbox 1002 1406 1809 1440">
    <p class='ocr_par' dir='ltr' id='par_1_60' title="bbox 1002 1406 1809 1440">
     <span class='ocr_line' id='line_1_60' title="bbox 1002 1406 1809 1440; baseline 0.002 -8"><span class='ocrx_word' id='word_1_404' title='bbox 1002 1406 1118 1440; x_wconf 74' lang='lat' dir='ltr'><strong>positunt</strong></span> <span class='ocrx_word' id='word_1_405' title='bbox 1132 1414 1179 1440; x_wconf 88' lang='lat' dir='ltr'><strong>pcr</strong></span> <span class='ocrx_word' id='word_1_406' title='bbox 1189 1413 1238 1433; x_wconf 88' lang='lat' dir='ltr'><strong>nos</strong></span> <span class='ocrx_word' id='word_1_407' title='bbox 1247 1406 1459 1434; x_wconf 78' lang='lat' dir='ltr'><strong>canintercbium</strong></span> <span class='ocrx_word' id='word_1_408' title='bbox 1472 1414 1486 1433; x_wconf 77' lang='grc' dir='ltr'><strong>ιι</strong></span> <span class='ocrx_word' id='word_1_409' title='bbox 1504 1406 1693 1435; x_wconf 82' lang='lat' dir='ltr'><strong>Jannensibus</strong></span> <span class='ocrx_word' id='word_1_410' title='bbox 1706 1407 1809 1435; x_wconf 70' lang='grc' dir='ltr'>νίηιιιι</span> 
     </span>
    </p>
   </div>
   <div class='ocr_carea' id='block_1_61' title="bbox 1003 1450 1803 1486">
    <p class='ocr_par' dir='ltr' id='par_1_61' title="bbox 1003 1450 1803 1486">
     <span class='ocr_line' id='line_1_61' title="bbox 1003 1450 1803 1486; baseline 0.003 -8"><span class='ocrx_word' id='word_1_411' title='bbox 1003 1451 1186 1478; x_wconf 75' lang='lat' dir='ltr'><strong>vendentibus</strong></span> <span class='ocrx_word' id='word_1_412' title='bbox 1206 1451 1232 1477; x_wconf 93' lang='lat' dir='ltr'><strong>in</strong></span> <span class='ocrx_word' id='word_1_413' title='bbox 1248 1450 1487 1486; x_wconf 75' lang='lat' dir='ltr'><strong>Constantinopoli</strong></span> <span class='ocrx_word' id='word_1_414' title='bbox 1503 1456 1584 1486; x_wconf 87' lang='lat' dir='ltr'><strong>prout</strong></span> <span class='ocrx_word' id='word_1_415' title='bbox 1597 1453 1631 1479; x_wconf 87' lang='lat' dir='ltr'><strong>ab</strong></span> <span class='ocrx_word' id='word_1_416' title='bbox 1648 1452 1718 1480; x_wconf 85' lang='lat' dir='ltr'><strong>aliis</strong></span> <span class='ocrx_word' id='word_1_417' title='bbox 1733 1452 1803 1480; x_wconf 81' lang='lat' dir='ltr'><strong>Gre-</strong></span> 
     </span>
    </p>
   </div>
   <div class='ocr_carea' id='block_1_62' title="bbox 1002 1497 1805 1533">
    <p class='ocr_par' dir='ltr' id='par_1_62' title="bbox 1002 1497 1805 1533">
     <span class='ocr_line' id='line_1_62' title="bbox 1002 1497 1805 1533; baseline 0.002 -10"><span class='ocrx_word' id='word_1_418' title='bbox 1002 1497 1052 1524; x_wconf 84' lang='lat' dir='ltr'><strong>cis.</strong></span> <span class='ocrx_word' id='word_1_419' title='bbox 1070 1497 1100 1524; x_wconf 87' lang='lat' dir='ltr'><strong>Et</strong></span> <span class='ocrx_word' id='word_1_420' title='bbox 1116 1497 1236 1532; x_wconf 84' lang='lat' dir='ltr'><strong>predicta</strong></span> <span class='ocrx_word' id='word_1_421' title='bbox 1253 1497 1342 1524; x_wconf 87' lang='lat' dir='ltr'><strong>locum</strong></span> <span class='ocrx_word' id='word_1_422' title='bbox 1356 1497 1475 1524; x_wconf 80' lang='lat' dir='ltr'><strong>habeant</strong></span> <span class='ocrx_word' id='word_1_423' title='bbox 1489 1499 1603 1525; x_wconf 81' lang='lat' dir='ltr'><strong>durante</strong></span> <span class='ocrx_word' id='word_1_424' title='bbox 1616 1506 1725 1533; x_wconf 75' lang='lat' dir='ltr'><strong>guerra</strong></span> <span class='ocrx_word' id='word_1_425' title='bbox 1745 1499 1805 1526; x_wconf 81' lang='lat' dir='ltr'><strong>Ca-</strong></span> 
     </span>
    </p>
   </div>
   <div class='ocr_carea' id='block_1_63' title="bbox 165 1538 1808 1579">
    <p class='ocr_par' dir='ltr' id='par_1_63' title="bbox 165 1538 1808 1579">
     <span class='ocr_line' id='line_1_63' title="bbox 165 1538 1808 1579; baseline -0.002 -6"><span class='ocrx_word' id='word_1_426' title='bbox 165 1549 191 1571; x_wconf 65' lang='grc' dir='ltr'>τι</span> <span class='ocrx_word' id='word_1_427' title='bbox 212 1543 385 1573; x_wconf 55' lang='lat' dir='ltr'><strong>“militum.</strong></span> <span class='ocrx_word' id='word_1_428' title='bbox 412 1550 465 1576; x_wconf 76' lang='grc' dir='ltr'><strong>εμω</strong></span> <span class='ocrx_word' id='word_1_429' title='bbox 491 1543 615 1568; x_wconf 55' lang='grc' dir='ltr'><strong>κεηῖιέιιι</strong></span> <span class='ocrx_word' id='word_1_430' title='bbox 644 1540 670 1566; x_wconf 72' lang='lat' dir='ltr'><strong>in</strong></span> <span class='ocrx_word' id='word_1_431' title='bbox 699 1538 948 1572; x_wconf 49' lang='lat' dir='ltr'><strong>Collslﬂnlil‘oilllllv</strong></span> <span class='ocrx_word' id='word_1_432' title='bbox 964 1538 986 1568; x_wconf 88' lang='lat' dir='ltr'><strong><em>C</em></strong></span> <span class='ocrx_word' id='word_1_433' title='bbox 1003 1544 1153 1570; x_wconf 83' lang='lat' dir='ltr'><strong>talanorum</strong></span> <span class='ocrx_word' id='word_1_434' title='bbox 1167 1548 1194 1570; x_wconf 86' lang='lat' dir='ltr'><strong>et</strong></span> <span class='ocrx_word' id='word_1_435' title='bbox 1207 1543 1370 1570; x_wconf 69' lang='lat' dir='ltr'><strong>Venetarmn</strong></span> <span class='ocrx_word' id='word_1_436' title='bbox 1389 1551 1448 1570; x_wconf 86' lang='lat' dir='ltr'><strong>cum</strong></span> <span class='ocrx_word' id='word_1_437' title='bbox 1460 1543 1644 1571; x_wconf 79' lang='lat' dir='ltr'><strong>Ianuensibus</strong></span> <span class='ocrx_word' id='word_1_438' title='bbox 1672 1545 1720 1571; x_wconf 73' lang='lat' dir='ltr'><strong>vel</strong></span> <span class='ocrx_word' id='word_1_439' title='bbox 1737 1552 1808 1579; x_wconf 89' lang='lat' dir='ltr'><strong>quo-</strong></span> 
     </span>
    </p>
   </div>
   <div class='ocr_carea' id='block_1_64' title="bbox 167 1584 951 1621">
    <p class='ocr_par' dir='ltr' id='par_1_64' title="bbox 167 1584 951 1621">
     <span class='ocr_line' id='line_1_64' title="bbox 167 1584 951 1621; baseline -0.008 -5"><span class='ocrx_word' id='word_1_440' title='bbox 167 1597 220 1616; x_wconf 79' lang='lat' dir='ltr'><strong>n0n</strong></span> <span class='ocrx_word' id='word_1_441' title='bbox 233 1590 328 1616; x_wconf 77' lang='lat' dir='ltr'><strong>debeat</strong></span> <span class='ocrx_word' id='word_1_442' title='bbox 345 1588 426 1614; x_wconf 82' lang='lat' dir='ltr'><strong>istum</strong></span> <span class='ocrx_word' id='word_1_443' title='bbox 442 1587 586 1621; x_wconf 83' lang='lat' dir='ltr'><strong>Imperium</strong></span> <span class='ocrx_word' id='word_1_444' title='bbox 598 1592 721 1613; x_wconf 82' lang='lat' dir='ltr'><strong>nostrum</strong></span> <span class='ocrx_word' id='word_1_445' title='bbox 736 1593 784 1612; x_wconf 83' lang='lat' dir='ltr'><strong>seu</strong></span> <span class='ocrx_word' id='word_1_446' title='bbox 795 1584 875 1612; x_wconf 86' lang='lat' dir='ltr'><strong>Greci</strong></span> <span class='ocrx_word' id='word_1_447' title='bbox 886 1585 951 1610; x_wconf 80' lang='lat' dir='ltr'><strong>dare</strong></span> 
     </span>
    </p>
   </div>
   <div class='ocr_carea' id='block_1_65' title="bbox 165 1630 951 1673">
    <p class='ocr_par' dir='ltr' id='par_1_65' title="bbox 165 1630 951 1673">
     <span class='ocr_line' id='line_1_65' title="bbox 165 1630 951 1673; baseline -0.01 -10"><span class='ocrx_word' id='word_1_448' title='bbox 165 1639 275 1673; x_wconf 69' lang='lat' dir='ltr'><strong>aliquod</strong></span> <span class='ocrx_word' id='word_1_449' title='bbox 291 1635 460 1668; x_wconf 74' lang='lat' dir='ltr'><strong>refrigerium</strong></span> <span class='ocrx_word' id='word_1_450' title='bbox 491 1642 540 1660; x_wconf 89' lang='lat' dir='ltr'><strong>nec</strong></span> <span class='ocrx_word' id='word_1_451' title='bbox 567 1638 718 1667; x_wconf 70' lang='lat' dir='ltr'><strong>recepturi),</strong></span> <span class='ocrx_word' id='word_1_452' title='bbox 744 1639 792 1658; x_wconf 87' lang='lat' dir='ltr'><strong>nec</strong></span> <span class='ocrx_word' id='word_1_453' title='bbox 813 1630 951 1658; x_wconf 84' lang='lat' dir='ltr'><strong>dimittere</strong></span> 
     </span>
    </p>
   </div>
   <div class='ocr_carea' id='block_1_66' title="bbox 166 1676 951 1716">
    <p class='ocr_par' dir='ltr' id='par_1_66' title="bbox 166 1676 951 1716">
     <span class='ocr_line' id='line_1_66' title="bbox 166 1676 951 1716; baseline -0.008 -8"><span class='ocrx_word' id='word_1_454' title='bbox 166 1691 214 1710; x_wconf 66' lang='lat' dir='ltr'><strong>vos</strong></span> <span class='ocrx_word' id='word_1_455' title='bbox 227 1689 325 1716; x_wconf 80' lang='lat' dir='ltr'><strong>ponere</strong></span> <span class='ocrx_word' id='word_1_456' title='bbox 349 1681 467 1711; x_wconf 77' lang='lat' dir='ltr'><strong>stallultt,</strong></span> <span class='ocrx_word' id='word_1_457' title='bbox 484 1687 533 1707; x_wconf 83' lang='lat' dir='ltr'><strong>nec</strong></span> <span class='ocrx_word' id='word_1_458' title='bbox 551 1679 576 1706; x_wconf 93' lang='lat' dir='ltr'><strong>iu</strong></span> <span class='ocrx_word' id='word_1_459' title='bbox 595 1679 655 1706; x_wconf 84' lang='lat' dir='ltr'><strong>aliis</strong></span> <span class='ocrx_word' id='word_1_460' title='bbox 682 1677 839 1704; x_wconf 88' lang='lat' dir='ltr'><strong>forensibus</strong></span> <span class='ocrx_word' id='word_1_461' title='bbox 853 1676 951 1702; x_wconf 81' lang='lat' dir='ltr'><strong>castris</strong></span> 
     </span>
    </p>
   </div>
   <div class='ocr_carea' id='block_1_67' title="bbox 167 1722 951 1761">
    <p class='ocr_par' dir='ltr' id='par_1_67' title="bbox 167 1722 951 1761">
     <span class='ocr_line' id='line_1_67' title="bbox 167 1722 951 1761; baseline -0.009 -7"><span class='ocrx_word' id='word_1_462' title='bbox 167 1729 223 1754; x_wconf 70' lang='lat' dir='ltr'><strong>she</strong></span> <span class='ocrx_word' id='word_1_463' title='bbox 239 1725 389 1761; x_wconf 82' lang='lat' dir='ltr'><strong>putcuciam</strong></span> <span class='ocrx_word' id='word_1_464' title='bbox 407 1726 442 1758; x_wconf 85' lang='lat' dir='ltr'><strong>(r)</strong></span> <span class='ocrx_word' id='word_1_465' title='bbox 462 1724 595 1750; x_wconf 79' lang='lat' dir='ltr'><strong>tllt&#39;lol‘lllll</strong></span> <span class='ocrx_word' id='word_1_466' title='bbox 611 1728 780 1751; x_wconf 82' lang='lat' dir='ltr'><strong>castrorum:</strong></span> <span class='ocrx_word' id='word_1_467' title='bbox 796 1722 832 1749; x_wconf 83' lang='lat' dir='ltr'><strong>ita</strong></span> <span class='ocrx_word' id='word_1_468' title='bbox 848 1726 951 1752; x_wconf 82' lang='lat' dir='ltr'><strong>tamen,</strong></span> 
     </span>
    </p>
   </div>
   <div class='ocr_carea' id='block_1_68' title="bbox 169 1766 951 1807">
    <p class='ocr_par' dir='ltr' id='par_1_68' title="bbox 169 1766 951 1807">
     <span class='ocr_line' id='line_1_68' title="bbox 169 1766 951 1807; baseline -0.006 -9"><span class='ocrx_word' id='word_1_469' title='bbox 169 1774 240 1807; x_wconf 86' lang='lat' dir='ltr'><strong>quod</strong></span> <span class='ocrx_word' id='word_1_470' title='bbox 256 1774 281 1799; x_wconf 92' lang='lat' dir='ltr'><strong>in</strong></span> <span class='ocrx_word' id='word_1_471' title='bbox 297 1772 348 1799; x_wconf 78' lang='lat' dir='ltr'><strong>illis</strong></span> <span class='ocrx_word' id='word_1_472' title='bbox 361 1771 459 1798; x_wconf 79' lang='lat' dir='ltr'><strong>castris</strong></span> <span class='ocrx_word' id='word_1_473' title='bbox 477 1771 503 1797; x_wconf 90' lang='lat' dir='ltr'><strong>in</strong></span> <span class='ocrx_word' id='word_1_474' title='bbox 518 1769 618 1804; x_wconf 88' lang='lat' dir='ltr'><strong>quibus</strong></span> <span class='ocrx_word' id='word_1_475' title='bbox 630 1778 683 1796; x_wconf 87' lang='lat' dir='ltr'><strong>nun</strong></span> <span class='ocrx_word' id='word_1_476' title='bbox 702 1775 743 1796; x_wconf 84' lang='lat' dir='ltr'><strong>est</strong></span> <span class='ocrx_word' id='word_1_477' title='bbox 755 1768 880 1803; x_wconf 77' lang='lat' dir='ltr'><strong>potent-ia</strong></span> <span class='ocrx_word' id='word_1_478' title='bbox 893 1766 951 1794; x_wconf 75' lang='lat' dir='ltr'><strong>LIer</strong></span> 
     </span>
    </p>
   </div>
   <div class='ocr_carea' id='block_1_69' title="bbox 169 1816 952 1852">
    <p class='ocr_par' dir='ltr' id='par_1_69' title="bbox 169 1816 952 1852">
     <span class='ocr_line' id='line_1_69' title="bbox 169 1816 952 1852; baseline -0.008 -7"><span class='ocrx_word' id='word_1_479' title='bbox 169 1820 240 1845; x_wconf 83' lang='lat' dir='ltr'><strong>tetnli</strong></span> <span class='ocrx_word' id='word_1_480' title='bbox 257 1827 286 1846; x_wconf 80' lang='lat' dir='ltr'><strong>se</strong></span> <span class='ocrx_word' id='word_1_481' title='bbox 300 1818 335 1845; x_wconf 83' lang='lat' dir='ltr'><strong>ab</strong></span> <span class='ocrx_word' id='word_1_482' title='bbox 346 1818 399 1844; x_wconf 87' lang='lat' dir='ltr'><strong>illis</strong></span> <span class='ocrx_word' id='word_1_483' title='bbox 414 1816 508 1852; x_wconf 79' lang='lat' dir='ltr'><strong>galeis,</strong></span> <span class='ocrx_word' id='word_1_484' title='bbox 526 1818 546 1843; x_wconf 87' lang='lat' dir='ltr'><strong>si</strong></span> <span class='ocrx_word' id='word_1_485' title='bbox 558 1817 602 1842; x_wconf 89' lang='lat' dir='ltr'><strong>ille</strong></span> <span class='ocrx_word' id='word_1_486' title='bbox 612 1816 687 1850; x_wconf 76' lang='lat' dir='ltr'><strong>galec</strong></span> <span class='ocrx_word' id='word_1_487' title='bbox 699 1816 735 1842; x_wconf 88' lang='lat' dir='ltr'><strong>ibi</strong></span> <span class='ocrx_word' id='word_1_488' title='bbox 754 1816 952 1842; x_wconf 72' lang='lat' dir='ltr'><strong>rrltescamcn-</strong></span> 
     </span>
    </p>
   </div>
   <div class='ocr_carea' id='block_1_70' title="bbox 170 1862 953 1899">
    <p class='ocr_par' dir='ltr' id='par_1_70' title="bbox 170 1862 953 1899">
     <span class='ocr_line' id='line_1_70' title="bbox 170 1862 953 1899; baseline -0.009 -7"><span class='ocrx_word' id='word_1_489' title='bbox 170 1872 224 1892; x_wconf 90' lang='lat' dir='ltr'><strong>tum</strong></span> <span class='ocrx_word' id='word_1_490' title='bbox 239 1865 405 1899; x_wconf 79' lang='lat' dir='ltr'><strong>accipereut,</strong></span> <span class='ocrx_word' id='word_1_491' title='bbox 420 1870 473 1890; x_wconf 91' lang='lat' dir='ltr'><strong>non</strong></span> <span class='ocrx_word' id='word_1_492' title='bbox 489 1863 657 1897; x_wconf 77' lang='lat' dir='ltr'><strong>intelligatur</strong></span> <span class='ocrx_word' id='word_1_493' title='bbox 672 1865 783 1896; x_wconf 85' lang='lat' dir='ltr'><strong>propter</strong></span> <span class='ocrx_word' id='word_1_494' title='bbox 796 1868 826 1888; x_wconf 90' lang='lat' dir='ltr'><strong>ea</strong></span> <span class='ocrx_word' id='word_1_495' title='bbox 845 1862 953 1887; x_wconf 60' lang='lat' dir='ltr'><strong>deuru-</strong></span> 
     </span>
    </p>
   </div>
   <div class='ocr_carea' id='block_1_71' title="bbox 168 1907 954 1946">
    <p class='ocr_par' dir='ltr' id='par_1_71' title="bbox 168 1907 954 1946">
     <span class='ocr_line' id='line_1_71' title="bbox 168 1907 954 1946; baseline -0.008 -7"><span class='ocrx_word' id='word_1_496' title='bbox 168 1914 222 1939; x_wconf 84' lang='lat' dir='ltr'><strong>ctin</strong></span> <span class='ocrx_word' id='word_1_497' title='bbox 240 1912 314 1946; x_wconf 84' lang='lat' dir='ltr'><strong>pacis</strong></span> <span class='ocrx_word' id='word_1_498' title='bbox 334 1911 374 1938; x_wconf 87' lang='lat' dir='ltr'><strong>vel</strong></span> <span class='ocrx_word' id='word_1_499' title='bbox 393 1909 587 1937; x_wconf 79' lang='lat' dir='ltr'><strong>contrafet-isse</strong></span> <span class='ocrx_word' id='word_1_500' title='bbox 607 1913 729 1936; x_wconf 78' lang='lat' dir='ltr'><strong>nostrum</strong></span> <span class='ocrx_word' id='word_1_501' title='bbox 751 1907 895 1940; x_wconf 88' lang='lat' dir='ltr'><strong>Imperium</strong></span> <span class='ocrx_word' id='word_1_502' title='bbox 912 1907 954 1940; x_wconf 85' lang='lat' dir='ltr'><strong>ju-</strong></span> 
     </span>
    </p>
   </div>
   <div class='ocr_carea' id='block_1_72' title="bbox 169 1953 953 1986">
    <p class='ocr_par' dir='ltr' id='par_1_72' title="bbox 169 1953 953 1986">
     <span class='ocr_line' id='line_1_72' title="bbox 169 1953 953 1986; baseline -0.011 0"><span class='ocrx_word' id='word_1_503' title='bbox 169 1962 291 1986; x_wconf 57' lang='lat' dir='ltr'><strong>ramento</strong></span> <span class='ocrx_word' id='word_1_504' title='bbox 302 1962 405 1984; x_wconf 87' lang='lat' dir='ltr'><strong>nostro.</strong></span> <span class='ocrx_word' id='word_1_505' title='bbox 424 1955 479 1983; x_wconf 82' lang='lat' dir='ltr'><strong>llec</strong></span> <span class='ocrx_word' id='word_1_506' title='bbox 491 1961 581 1983; x_wconf 83' lang='lat' dir='ltr'><strong>autem</strong></span> <span class='ocrx_word' id='word_1_507' title='bbox 595 1954 712 1982; x_wconf 83' lang='lat' dir='ltr'><strong>habeant</strong></span> <span class='ocrx_word' id='word_1_508' title='bbox 730 1953 818 1980; x_wconf 84' lang='lat' dir='ltr'><strong>locum</strong></span> <span class='ocrx_word' id='word_1_509' title='bbox 837 1953 953 1979; x_wconf 73' lang='lat' dir='ltr'><strong>durante</strong></span> 
     </span>
    </p>
   </div>
   <div class='ocr_carea' id='block_1_73' title="bbox 169 1999 873 2038">
    <p class='ocr_par' dir='ltr' id='par_1_73' title="bbox 169 1999 873 2038">
     <span class='ocr_line' id='line_1_73' title="bbox 169 1999 873 2038; baseline -0.007 -7"><span class='ocrx_word' id='word_1_510' title='bbox 169 2011 267 2038; x_wconf 69' lang='lat' dir='ltr'><strong>guerra</strong></span> <span class='ocrx_word' id='word_1_511' title='bbox 278 2003 351 2030; x_wconf 89' lang='lat' dir='ltr'><strong>inter</strong></span> <span class='ocrx_word' id='word_1_512' title='bbox 363 2001 520 2033; x_wconf 87' lang='lat' dir='ltr'><strong>Catalauos,</strong></span> <span class='ocrx_word' id='word_1_513' title='bbox 539 2001 659 2028; x_wconf 82' lang='lat' dir='ltr'><strong>Venetos</strong></span> <span class='ocrx_word' id='word_1_514' title='bbox 673 2004 699 2026; x_wconf 90' lang='lat' dir='ltr'><strong>et</strong></span> <span class='ocrx_word' id='word_1_515' title='bbox 709 1999 873 2026; x_wconf 81' lang='lat' dir='ltr'><strong>Januenses.</strong></span> 
     </span>
    </p>
   </div>
   <div class='ocr_carea' id='block_1_74' title="bbox 206 2044 955 2083">
    <p class='ocr_par' dir='ltr' id='par_1_74' title="bbox 206 2044 955 2083">
     <span class='ocr_line' id='line_1_74' title="bbox 206 2044 955 2083; baseline -0.011 -7"><span class='ocrx_word' id='word_1_516' title='bbox 206 2050 271 2076; x_wconf 90' lang='lat' dir='ltr'><strong>Item</strong></span> <span class='ocrx_word' id='word_1_517' title='bbox 288 2048 379 2076; x_wconf 89' lang='lat' dir='ltr'><strong>extitit</strong></span> <span class='ocrx_word' id='word_1_518' title='bbox 396 2055 443 2083; x_wconf 86' lang='lat' dir='ltr'><strong>per</strong></span> <span class='ocrx_word' id='word_1_519' title='bbox 459 2052 568 2082; x_wconf 84' lang='lat' dir='ltr'><strong>pactum</strong></span> <span class='ocrx_word' id='word_1_520' title='bbox 584 2051 610 2074; x_wconf 86' lang='lat' dir='ltr'><strong>et</strong></span> <span class='ocrx_word' id='word_1_521' title='bbox 631 2045 822 2080; x_wconf 83' lang='lat' dir='ltr'><strong>prommissum</strong></span> <span class='ocrx_word' id='word_1_522' title='bbox 842 2052 889 2079; x_wconf 86' lang='lat' dir='ltr'><strong>per</strong></span> <span class='ocrx_word' id='word_1_523' title='bbox 903 2044 955 2070; x_wconf 84' lang='lat' dir='ltr'><strong>In:-</strong></span> 
     </span>
    </p>
   </div>
   <div class='ocr_carea' id='block_1_75' title="bbox 169 2091 954 2131">
    <p class='ocr_par' dir='ltr' id='par_1_75' title="bbox 169 2091 954 2131">
     <span class='ocr_line' id='line_1_75' title="bbox 169 2091 954 2131; baseline -0.009 -8"><span class='ocrx_word' id='word_1_524' title='bbox 169 2097 274 2131; x_wconf 86' lang='lat' dir='ltr'><strong>perium</strong></span> <span class='ocrx_word' id='word_1_525' title='bbox 293 2100 430 2126; x_wconf 88' lang='lat' dir='ltr'><strong>nostrum,</strong></span> <span class='ocrx_word' id='word_1_526' title='bbox 446 2093 518 2128; x_wconf 89' lang='lat' dir='ltr'><strong>quod</strong></span> <span class='ocrx_word' id='word_1_527' title='bbox 548 2093 570 2120; x_wconf 88' lang='lat' dir='ltr'><strong>si</strong></span> <span class='ocrx_word' id='word_1_528' title='bbox 587 2099 687 2119; x_wconf 85' lang='lat' dir='ltr'><strong>eausus</strong></span> <span class='ocrx_word' id='word_1_529' title='bbox 714 2091 866 2123; x_wconf 83' lang='lat' dir='ltr'><strong>adveniret,</strong></span> <span class='ocrx_word' id='word_1_530' title='bbox 882 2091 954 2124; x_wconf 80' lang='lat' dir='ltr'><strong>quod</strong></span> 
     </span>
    </p>
   </div>
   <div class='ocr_carea' id='block_1_76' title="bbox 171 2135 953 2174">
    <p class='ocr_par' dir='ltr' id='par_1_76' title="bbox 171 2135 953 2174">
     <span class='ocr_line' id='line_1_76' title="bbox 171 2135 953 2174; baseline -0.008 -6"><span class='ocrx_word' id='word_1_531' title='bbox 171 2143 197 2168; x_wconf 93' lang='lat' dir='ltr'><strong>in</strong></span> <span class='ocrx_word' id='word_1_532' title='bbox 216 2145 309 2169; x_wconf 87' lang='lat' dir='ltr'><strong>nostro</strong></span> <span class='ocrx_word' id='word_1_533' title='bbox 335 2140 451 2174; x_wconf 85' lang='lat' dir='ltr'><strong>Imperio</strong></span> <span class='ocrx_word' id='word_1_534' title='bbox 467 2140 508 2166; x_wconf 85' lang='lat' dir='ltr'><strong>vel</strong></span> <span class='ocrx_word' id='word_1_535' title='bbox 524 2139 551 2166; x_wconf 91' lang='lat' dir='ltr'><strong>in</strong></span> <span class='ocrx_word' id='word_1_536' title='bbox 572 2139 665 2174; x_wconf 87' lang='lat' dir='ltr'><strong>aliqua</strong></span> <span class='ocrx_word' id='word_1_537' title='bbox 693 2142 771 2173; x_wconf 84' lang='lat' dir='ltr'><strong>parte</strong></span> <span class='ocrx_word' id='word_1_538' title='bbox 801 2137 888 2172; x_wconf 82' lang='lat' dir='ltr'><strong>ipsius</strong></span> <span class='ocrx_word' id='word_1_539' title='bbox 913 2135 953 2162; x_wconf 82' lang='lat' dir='ltr'><strong>vel</strong></span> 
     </span>
    </p>
   </div>
   <div class='ocr_carea' id='block_1_77' title="bbox 170 2181 952 2218">
    <p class='ocr_par' dir='ltr' id='par_1_77' title="bbox 170 2181 952 2218">
     <span class='ocr_line' id='line_1_77' title="bbox 170 2181 952 2218; baseline -0.009 -6"><span class='ocrx_word' id='word_1_540' title='bbox 170 2186 251 2212; x_wconf 81' lang='lat' dir='ltr'><strong>etiam</strong></span> <span class='ocrx_word' id='word_1_541' title='bbox 265 2185 292 2211; x_wconf 88' lang='lat' dir='ltr'><strong>itt</strong></span> <span class='ocrx_word' id='word_1_542' title='bbox 304 2183 538 2218; x_wconf 82' lang='lat' dir='ltr'><strong>Constantinopoli</strong></span> <span class='ocrx_word' id='word_1_543' title='bbox 555 2183 626 2217; x_wconf 89' lang='lat' dir='ltr'><strong>quod</strong></span> <span class='ocrx_word' id='word_1_544' title='bbox 643 2183 732 2218; x_wconf 86' lang='lat' dir='ltr'><strong>aliqua</strong></span> <span class='ocrx_word' id='word_1_545' title='bbox 749 2182 826 2217; x_wconf 79' lang='lat' dir='ltr'><strong>briga</strong></span> <span class='ocrx_word' id='word_1_546' title='bbox 840 2181 880 2208; x_wconf 82' lang='lat' dir='ltr'><strong>vel</strong></span> <span class='ocrx_word' id='word_1_547' title='bbox 896 2189 952 2207; x_wconf 74' lang='lat' dir='ltr'><strong>rixa</strong></span> 
     </span>
    </p>
   </div>
   <div class='ocr_carea' id='block_1_78' title="bbox 170 2227 954 2264">
    <p class='ocr_par' dir='ltr' id='par_1_78' title="bbox 170 2227 954 2264">
     <span class='ocr_line' id='line_1_78' title="bbox 170 2227 954 2264; baseline -0.008 -6"><span class='ocrx_word' id='word_1_548' title='bbox 170 2231 213 2258; x_wconf 77' lang='lat' dir='ltr'><strong>vel</strong></span> <span class='ocrx_word' id='word_1_549' title='bbox 226 2231 392 2258; x_wconf 80' lang='lat' dir='ltr'><strong>oﬂ&#39;cnsiones</strong></span> <span class='ocrx_word' id='word_1_550' title='bbox 406 2230 502 2257; x_wconf 82' lang='lat' dir='ltr'><strong>fierent</strong></span> <span class='ocrx_word' id='word_1_551' title='bbox 519 2230 589 2256; x_wconf 80' lang='lat' dir='ltr'><strong>inter</strong></span> <span class='ocrx_word' id='word_1_552' title='bbox 605 2229 752 2256; x_wconf 83' lang='lat' dir='ltr'><strong>Catalauos</strong></span> <span class='ocrx_word' id='word_1_553' title='bbox 765 2227 817 2264; x_wconf 82' lang='lat' dir='ltr'><strong>[et]</strong></span> <span class='ocrx_word' id='word_1_554' title='bbox 838 2227 954 2254; x_wconf 84' lang='lat' dir='ltr'><strong>Venetos</strong></span> 
     </span>
    </p>
   </div>
   <div class='ocr_carea' id='block_1_79' title="bbox 170 2273 956 2306">
    <p class='ocr_par' dir='ltr' id='par_1_79' title="bbox 170 2273 956 2306">
     <span class='ocr_line' id='line_1_79' title="bbox 170 2273 956 2306; baseline -0.005 -4"><span class='ocrx_word' id='word_1_555' title='bbox 170 2285 231 2303; x_wconf 76' lang='lat' dir='ltr'><strong>cum</strong></span> <span class='ocrx_word' id='word_1_556' title='bbox 249 2275 442 2306; x_wconf 74' lang='lat' dir='ltr'><strong>Januensibus,</strong></span> <span class='ocrx_word' id='word_1_557' title='bbox 458 2280 485 2302; x_wconf 93' lang='lat' dir='ltr'><strong>et</strong></span> <span class='ocrx_word' id='word_1_558' title='bbox 500 2275 651 2302; x_wconf 83' lang='lat' dir='ltr'><strong>.Ianucnses</strong></span> <span class='ocrx_word' id='word_1_559' title='bbox 668 2281 731 2302; x_wconf 81' lang='lat' dir='ltr'><strong>eum</strong></span> <span class='ocrx_word' id='word_1_560' title='bbox 761 2273 900 2300; x_wconf 79' lang='lat' dir='ltr'><strong>Catalanis</strong></span> <span class='ocrx_word' id='word_1_561' title='bbox 930 2277 956 2298; x_wconf 71' lang='grc' dir='ltr'>εἰ</span> 
     </span>
    </p>
   </div>
   <div class='ocr_carea' id='block_1_80' title="bbox 172 2318 956 2356">
    <p class='ocr_par' dir='ltr' id='par_1_80' title="bbox 172 2318 956 2356">
     <span class='ocr_line' id='line_1_80' title="bbox 172 2318 956 2356; baseline -0.005 -8"><span class='ocrx_word' id='word_1_562' title='bbox 172 2323 291 2355; x_wconf 70' lang='lat' dir='ltr'><strong>Venetis,</strong></span> <span class='ocrx_word' id='word_1_563' title='bbox 307 2322 377 2356; x_wconf 87' lang='lat' dir='ltr'><strong>quod</strong></span> <span class='ocrx_word' id='word_1_564' title='bbox 390 2321 468 2349; x_wconf 70' lang='grc' dir='ltr'><strong>ϐωιεῖ</strong></span> <span class='ocrx_word' id='word_1_565' title='bbox 485 2321 571 2356; x_wconf 82' lang='lat' dir='ltr'><strong>ipsius</strong></span> <span class='ocrx_word' id='word_1_566' title='bbox 588 2321 694 2355; x_wconf 86' lang='lat' dir='ltr'><strong>Imperii</strong></span> <span class='ocrx_word' id='word_1_567' title='bbox 709 2328 764 2346; x_wconf 91' lang='lat' dir='ltr'><strong>non</strong></span> <span class='ocrx_word' id='word_1_568' title='bbox 778 2320 893 2352; x_wconf 61' lang='lat' dir='ltr'><strong>debeant</strong></span> <span class='ocrx_word' id='word_1_569' title='bbox 907 2318 956 2344; x_wconf 87' lang='lat' dir='ltr'><strong>ali-</strong></span> 
     </span>
    </p>
   </div>
   <div class='ocr_carea' id='block_1_81' title="bbox 171 2365 955 2402">
    <p class='ocr_par' dir='ltr' id='par_1_81' title="bbox 171 2365 955 2402">
     <span class='ocr_line' id='line_1_81' title="bbox 171 2365 955 2402; baseline -0.004 -8"><span class='ocrx_word' id='word_1_570' title='bbox 171 2369 286 2402; x_wconf 85' lang='lat' dir='ltr'><strong>qnalitcr</strong></span> <span class='ocrx_word' id='word_1_571' title='bbox 306 2368 339 2394; x_wconf 88' lang='lat' dir='ltr'><strong>tle</strong></span> <span class='ocrx_word' id='word_1_572' title='bbox 356 2368 426 2395; x_wconf 86' lang='lat' dir='ltr'><strong>dicta</strong></span> <span class='ocrx_word' id='word_1_573' title='bbox 442 2368 500 2394; x_wconf 78' lang='lat' dir='ltr'><strong>rixa</strong></span> <span class='ocrx_word' id='word_1_574' title='bbox 518 2368 557 2394; x_wconf 84' lang='lat' dir='ltr'><strong>vel</strong></span> <span class='ocrx_word' id='word_1_575' title='bbox 572 2367 646 2401; x_wconf 77' lang='lat' dir='ltr'><strong>briga</strong></span> <span class='ocrx_word' id='word_1_576' title='bbox 669 2374 698 2394; x_wconf 83' lang='lat' dir='ltr'><strong>sc</strong></span> <span class='ocrx_word' id='word_1_577' title='bbox 718 2367 872 2400; x_wconf 81' lang='lat' dir='ltr'><strong>impedire:</strong></span> <span class='ocrx_word' id='word_1_578' title='bbox 892 2370 916 2391; x_wconf 83' lang='lat' dir='ltr'><strong>et</strong></span> <span class='ocrx_word' id='word_1_579' title='bbox 933 2365 955 2391; x_wconf 85' lang='lat' dir='ltr'><strong>si</strong></span> 
     </span>
    </p>
   </div>
   <div class='ocr_carea' id='block_1_82' title="bbox 171 2411 955 2448">
    <p class='ocr_par' dir='ltr' id='par_1_82' title="bbox 171 2411 955 2448">
     <span class='ocr_line' id='line_1_82' title="bbox 171 2411 955 2448; baseline -0.005 -8"><span class='ocrx_word' id='word_1_580' title='bbox 171 2415 232 2448; x_wconf 79' lang='lat' dir='ltr'><strong>quis</strong></span> <span class='ocrx_word' id='word_1_581' title='bbox 246 2414 380 2441; x_wconf 73' lang='lat' dir='ltr'><strong>dil‘lOl‘tIIll</strong></span> <span class='ocrx_word' id='word_1_582' title='bbox 396 2414 545 2441; x_wconf 78' lang='lat' dir='ltr'><strong>Grecorum</strong></span> <span class='ocrx_word' id='word_1_583' title='bbox 563 2420 593 2440; x_wconf 83' lang='lat' dir='ltr'><strong>se</strong></span> <span class='ocrx_word' id='word_1_584' title='bbox 607 2412 749 2447; x_wconf 78' lang='lat' dir='ltr'><strong>impediret</strong></span> <span class='ocrx_word' id='word_1_585' title='bbox 765 2412 797 2438; x_wconf 88' lang='lat' dir='ltr'><strong>de</strong></span> <span class='ocrx_word' id='word_1_586' title='bbox 815 2411 955 2445; x_wconf 59' lang='lat' dir='ltr'><strong>prcdimis,</strong></span> 
     </span>
    </p>
   </div>
   <div class='ocr_carea' id='block_1_83' title="bbox 171 2457 956 2493">
    <p class='ocr_par' dir='ltr' id='par_1_83' title="bbox 171 2457 956 2493">
     <span class='ocr_line' id='line_1_83' title="bbox 171 2457 956 2493; baseline -0.006 -7"><span class='ocrx_word' id='word_1_587' title='bbox 171 2460 314 2487; x_wconf 60' lang='lat' dir='ltr'><strong>bauniatur</strong></span> <span class='ocrx_word' id='word_1_588' title='bbox 331 2459 363 2486; x_wconf 86' lang='lat' dir='ltr'><strong>ab</strong></span> <span class='ocrx_word' id='word_1_589' title='bbox 376 2459 493 2493; x_wconf 82' lang='lat' dir='ltr'><strong>Imperio</strong></span> <span class='ocrx_word' id='word_1_590' title='bbox 505 2462 599 2485; x_wconf 83' lang='lat' dir='ltr'><strong>nostro</strong></span> <span class='ocrx_word' id='word_1_591' title='bbox 612 2458 651 2484; x_wconf 83' lang='lat' dir='ltr'><strong>vel</strong></span> <span class='ocrx_word' id='word_1_592' title='bbox 669 2457 798 2492; x_wconf 85' lang='lat' dir='ltr'><strong>puniatur</strong></span> <span class='ocrx_word' id='word_1_593' title='bbox 827 2463 876 2491; x_wconf 70' lang='lat' dir='ltr'><strong>per</strong></span> <span class='ocrx_word' id='word_1_594' title='bbox 907 2464 956 2482; x_wconf 84' lang='lat' dir='ltr'><strong>no-</strong></span> 
     </span>
    </p>
   </div>
   <div class='ocr_carea' id='block_1_84' title="bbox 171 2501 956 2540">
    <p class='ocr_par' dir='ltr' id='par_1_84' title="bbox 171 2501 956 2540">
     <span class='ocr_line' id='line_1_84' title="bbox 171 2501 956 2540; baseline -0.009 -8"><span class='ocrx_word' id='word_1_595' title='bbox 171 2512 259 2532; x_wconf 86' lang='lat' dir='ltr'><strong>strum</strong></span> <span class='ocrx_word' id='word_1_596' title='bbox 277 2505 433 2539; x_wconf 82' lang='lat' dir='ltr'><strong>Imperium.</strong></span> <span class='ocrx_word' id='word_1_597' title='bbox 449 2504 552 2540; x_wconf 67' lang='lat' dir='ltr'><strong>Tamen</strong></span> <span class='ocrx_word' id='word_1_598' title='bbox 570 2503 669 2529; x_wconf 78' lang='lat' dir='ltr'><strong>debent</strong></span> <span class='ocrx_word' id='word_1_599' title='bbox 684 2502 815 2536; x_wconf 81' lang='lat' dir='ltr'><strong>capitanci</strong></span> <span class='ocrx_word' id='word_1_600' title='bbox 829 2501 914 2527; x_wconf 73' lang='lat' dir='ltr'><strong>llOell‘l</strong></span> <span class='ocrx_word' id='word_1_601' title='bbox 931 2501 956 2526; x_wconf 77' lang='lat' dir='ltr'><strong>iu</strong></span> 
     </span>
    </p>
   </div>
   <div class='ocr_carea' id='block_1_85' title="bbox 173 2548 958 2585">
    <p class='ocr_par' dir='ltr' id='par_1_85' title="bbox 173 2548 958 2585">
     <span class='ocr_line' id='line_1_85' title="bbox 173 2548 958 2585; baseline -0.008 -8"><span class='ocrx_word' id='word_1_602' title='bbox 173 2552 226 2578; x_wconf 87' lang='lat' dir='ltr'><strong>illis</strong></span> <span class='ocrx_word' id='word_1_603' title='bbox 246 2551 311 2578; x_wconf 84' lang='lat' dir='ltr'><strong>locis</strong></span> <span class='ocrx_word' id='word_1_604' title='bbox 327 2550 430 2585; x_wconf 82' lang='lat' dir='ltr'><strong>imperii</strong></span> <span class='ocrx_word' id='word_1_605' title='bbox 448 2551 492 2576; x_wconf 91' lang='lat' dir='ltr'><strong>ubi</strong></span> <span class='ocrx_word' id='word_1_606' title='bbox 511 2558 539 2576; x_wconf 82' lang='lat' dir='ltr'><strong>sc</strong></span> <span class='ocrx_word' id='word_1_607' title='bbox 572 2549 735 2579; x_wconf 75' lang='lat' dir='ltr'><strong>invenirent,</strong></span> <span class='ocrx_word' id='word_1_608' title='bbox 764 2548 862 2582; x_wconf 87' lang='lat' dir='ltr'><strong>quibus</strong></span> <span class='ocrx_word' id='word_1_609' title='bbox 886 2550 958 2572; x_wconf 66' lang='lat' dir='ltr'><strong>casu!</strong></span> 
     </span>
    </p>
   </div>
   <div class='ocr_carea' id='block_1_86' title="bbox 173 2592 957 2632">
    <p class='ocr_par' dir='ltr' id='par_1_86' title="bbox 173 2592 957 2632">
     <span class='ocr_line' id='line_1_86' title="bbox 173 2592 957 2632; baseline -0.008 -9"><span class='ocrx_word' id='word_1_610' title='bbox 173 2598 246 2632; x_wconf 71' lang='lat' dir='ltr'><strong>btiga</strong></span> <span class='ocrx_word' id='word_1_611' title='bbox 266 2597 307 2625; x_wconf 86' lang='lat' dir='ltr'><strong>vel</strong></span> <span class='ocrx_word' id='word_1_612' title='bbox 334 2596 390 2623; x_wconf 77' lang='lat' dir='ltr'><strong>rixa</strong></span> <span class='ocrx_word' id='word_1_613' title='bbox 409 2597 480 2622; x_wconf 73' lang='lat' dir='ltr'><strong>inter</strong></span> <span class='ocrx_word' id='word_1_614' title='bbox 496 2597 635 2630; x_wconf 61' lang='lat' dir='ltr'><strong>pre-dictos</strong></span> <span class='ocrx_word' id='word_1_615' title='bbox 652 2594 821 2625; x_wconf 79' lang='lat' dir='ltr'><strong>Januenses,</strong></span> <span class='ocrx_word' id='word_1_616' title='bbox 842 2592 957 2619; x_wconf 63' lang='lat' dir='ltr'><strong>Venetos</strong></span> 
     </span>
    </p>
   </div>
   <div class='ocr_carea' id='block_1_87' title="bbox 171 2639 952 2675">
    <p class='ocr_par' dir='ltr' id='par_1_87' title="bbox 171 2639 952 2675">
     <span class='ocr_line' id='line_1_87' title="bbox 171 2639 952 2675; baseline -0.008 -6"><span class='ocrx_word' id='word_1_617' title='bbox 171 2650 197 2669; x_wconf 84' lang='lat' dir='ltr'><strong>et</strong></span> <span class='ocrx_word' id='word_1_618' title='bbox 220 2643 374 2674; x_wconf 75' lang='lat' dir='ltr'><strong>Catalanos,</strong></span> <span class='ocrx_word' id='word_1_619' title='bbox 394 2648 487 2669; x_wconf 80' lang='lat' dir='ltr'><strong>tenere</strong></span> <span class='ocrx_word' id='word_1_620' title='bbox 511 2649 558 2669; x_wconf 77' lang='lat' dir='ltr'><strong>eos</strong></span> <span class='ocrx_word' id='word_1_621' title='bbox 582 2642 627 2675; x_wconf 91' lang='lat' dir='ltr'><strong>qui</strong></span> <span class='ocrx_word' id='word_1_622' title='bbox 646 2639 770 2666; x_wconf 79' lang='lat' dir='ltr'><strong>facerent</strong></span> <span class='ocrx_word' id='word_1_623' title='bbox 789 2640 892 2673; x_wconf 75' lang='lat' dir='ltr'><strong>brigam</strong></span> <span class='ocrx_word' id='word_1_624' title='bbox 925 2643 952 2664; x_wconf 87' lang='lat' dir='ltr'><strong>et</strong></span> 
     </span>
    </p>
   </div>
   <div class='ocr_carea' id='block_1_88' title="bbox 171 2685 957 2723">
    <p class='ocr_par' dir='ltr' id='par_1_88' title="bbox 171 2685 957 2723">
     <span class='ocr_line' id='line_1_88' title="bbox 171 2685 957 2723; baseline -0.009 -6"><span class='ocrx_word' id='word_1_625' title='bbox 171 2691 279 2718; x_wconf 87' lang='lat' dir='ltr'><strong>mittere</strong></span> <span class='ocrx_word' id='word_1_626' title='bbox 296 2689 447 2716; x_wconf 78' lang='lat' dir='ltr'><strong>Janueuses</strong></span> <span class='ocrx_word' id='word_1_627' title='bbox 476 2688 587 2723; x_wconf 81' lang='lat' dir='ltr'><strong>quidem</strong></span> <span class='ocrx_word' id='word_1_628' title='bbox 619 2688 652 2713; x_wconf 89' lang='lat' dir='ltr'><strong>ad</strong></span> <span class='ocrx_word' id='word_1_629' title='bbox 675 2687 838 2713; x_wconf 80' lang='lat' dir='ltr'><strong>Potesiatem</strong></span> <span class='ocrx_word' id='word_1_630' title='bbox 867 2685 957 2716; x_wconf 81' lang='lat' dir='ltr'><strong>Peiro,</strong></span> 
     </span>
    </p>
   </div>
   <div class='ocr_carea' id='block_1_89' title="bbox 171 2733 778 2763">
    <p class='ocr_par' dir='ltr' id='par_1_89' title="bbox 171 2733 778 2763">
     <span class='ocr_line' id='line_1_89' title="bbox 171 2733 778 2763; baseline -0.01 0"><span class='ocrx_word' id='word_1_631' title='bbox 171 2737 286 2763; x_wconf 68' lang='lat' dir='ltr'><strong>Venetos</strong></span> <span class='ocrx_word' id='word_1_632' title='bbox 294 2741 383 2762; x_wconf 81' lang='lat' dir='ltr'><strong>autem</strong></span> <span class='ocrx_word' id='word_1_633' title='bbox 402 2735 434 2762; x_wconf 84' lang='lat' dir='ltr'><strong>ad</strong></span> <span class='ocrx_word' id='word_1_634' title='bbox 449 2734 580 2761; x_wconf 81' lang='lat' dir='ltr'><strong>Baiullum</strong></span> <span class='ocrx_word' id='word_1_635' title='bbox 599 2733 778 2761; x_wconf 76' lang='lat' dir='ltr'><strong>Venetorum.</strong></span> 
     </span>
    </p>
   </div>
   <div class='ocr_carea' id='block_1_90' title="bbox 205 2777 956 2816">
    <p class='ocr_par' dir='ltr' id='par_1_90' title="bbox 205 2777 956 2816">
     <span class='ocr_line' id='line_1_90' title="bbox 205 2777 956 2816; baseline -0.004 -9"><span class='ocrx_word' id='word_1_636' title='bbox 205 2782 271 2807; x_wconf 75' lang='lat' dir='ltr'><strong>Item</strong></span> <span class='ocrx_word' id='word_1_637' title='bbox 288 2782 375 2808; x_wconf 74' lang='lat' dir='ltr'><strong>extitit</strong></span> <span class='ocrx_word' id='word_1_638' title='bbox 391 2788 436 2816; x_wconf 90' lang='lat' dir='ltr'><strong>per</strong></span> <span class='ocrx_word' id='word_1_639' title='bbox 451 2786 572 2815; x_wconf 79' lang='lat' dir='ltr'><strong>pactum.</strong></span> <span class='ocrx_word' id='word_1_640' title='bbox 584 2779 656 2815; x_wconf 90' lang='lat' dir='ltr'><strong>quod</strong></span> <span class='ocrx_word' id='word_1_641' title='bbox 670 2778 692 2805; x_wconf 88' lang='lat' dir='ltr'><strong>si</strong></span> <span class='ocrx_word' id='word_1_642' title='bbox 716 2778 791 2812; x_wconf 77' lang='lat' dir='ltr'><strong>galea</strong></span> <span class='ocrx_word' id='word_1_643' title='bbox 811 2777 956 2805; x_wconf 61' lang='lat' dir='ltr'><strong>Catalauo-</strong></span> 
     </span>
    </p>
   </div>
   <div class='ocr_carea' id='block_1_91' title="bbox 196 2836 495 2881">
    <p class='ocr_par' dir='ltr' id='par_1_91' title="bbox 196 2836 495 2881">
     <span class='ocr_line' id='line_1_91' title="bbox 196 2836 495 2881; baseline 0.003 -19"><span class='ocrx_word' id='word_1_644' title='bbox 196 2838 238 2869; x_wconf 58' lang='grc' dir='ltr'><strong>⁷ιν)</strong></span> <span class='ocrx_word' id='word_1_645' title='bbox 256 2836 323 2881; x_wconf 28' lang='lat' dir='ltr'><strong>longe</strong></span> <span class='ocrx_word' id='word_1_646' title='bbox 340 2845 346 2863; x_wconf 78' lang='grc' dir='ltr'><strong><em>τ</em></strong></span> <span class='ocrx_word' id='word_1_647' title='bbox 364 2839 495 2871; x_wconf 68' lang='lat' dir='ltr'><strong>potem-ia.</strong></span> 
     </span>
    </p>
   </div>
   <div class='ocr_carea' id='block_1_92' title="bbox 1005 1588 1806 1624">
    <p class='ocr_par' dir='ltr' id='par_1_92' title="bbox 1005 1588 1806 1624">
     <span class='ocr_line' id='line_1_92' title="bbox 1005 1588 1806 1624; baseline 0.002 -10"><span class='ocrx_word' id='word_1_648' title='bbox 1005 1595 1090 1622; x_wconf 86' lang='lat' dir='ltr'><strong>usque</strong></span> <span class='ocrx_word' id='word_1_649' title='bbox 1105 1588 1321 1615; x_wconf 82' lang='lat' dir='ltr'><strong>conmtercbimn</strong></span> <span class='ocrx_word' id='word_1_650' title='bbox 1337 1588 1392 1615; x_wconf 90' lang='lat' dir='ltr'><strong>vini</strong></span> <span class='ocrx_word' id='word_1_651' title='bbox 1409 1592 1481 1616; x_wconf 83' lang='lat' dir='ltr'><strong>esset</strong></span> <span class='ocrx_word' id='word_1_652' title='bbox 1496 1588 1711 1624; x_wconf 80' lang='lat' dir='ltr'><strong>disobbligatum</strong></span> <span class='ocrx_word' id='word_1_653' title='bbox 1728 1591 1753 1616; x_wconf 82' lang='lat' dir='ltr'><strong>si</strong></span> <span class='ocrx_word' id='word_1_654' title='bbox 1765 1590 1806 1623; x_wconf 89' lang='lat' dir='ltr'><strong>pi-</strong></span> 
     </span>
    </p>
   </div>
   <div class='ocr_carea' id='block_1_93' title="bbox 1003 1636 1804 1668">
    <p class='ocr_par' dir='ltr' id='par_1_93' title="bbox 1003 1636 1804 1668">
     <span class='ocr_line' id='line_1_93' title="bbox 1003 1636 1804 1668; baseline 0.004 -8"><span class='ocrx_word' id='word_1_655' title='bbox 1003 1636 1804 1668; x_wconf 79' lang='lat' dir='ltr'><strong>guoraretur......................ditte</strong></span> 
     </span>
    </p>
   </div>
   <div class='ocr_carea' id='block_1_94' title="bbox 1003 1685 1460 1713">
    <p class='ocr_par' dir='ltr' id='par_1_94' title="bbox 1003 1685 1460 1713">
     <span class='ocr_line' id='line_1_94' title="bbox 1003 1685 1460 1713; baseline -0.002 -8"><span class='ocrx_word' id='word_1_656' title='bbox 1003 1685 1111 1713; x_wconf 78' lang='lat' dir='ltr'><strong>gucrre.</strong></span> <span class='ocrx_word' id='word_1_657' title='bbox 1458 1710 1460 1713; x_wconf 29' lang='grc' dir='ltr'><strong><em>ι</em></strong></span> 
     </span>
    </p>
   </div>
   <div class='ocr_carea' id='block_1_95' title="bbox 1040 1725 1804 1760">
    <p class='ocr_par' dir='ltr' id='par_1_95' title="bbox 1040 1725 1804 1760">
     <span class='ocr_line' id='line_1_95' title="bbox 1040 1725 1804 1760; baseline 0.001 -9"><span class='ocrx_word' id='word_1_658' title='bbox 1040 1725 1103 1751; x_wconf 84' lang='lat' dir='ltr'><strong>Item</strong></span> <span class='ocrx_word' id='word_1_659' title='bbox 1116 1725 1205 1752; x_wconf 80' lang='lat' dir='ltr'><strong>extitit</strong></span> <span class='ocrx_word' id='word_1_660' title='bbox 1217 1731 1265 1759; x_wconf 85' lang='lat' dir='ltr'><strong>per</strong></span> <span class='ocrx_word' id='word_1_661' title='bbox 1276 1730 1395 1759; x_wconf 86' lang='lat' dir='ltr'><strong>pactum,</strong></span> <span class='ocrx_word' id='word_1_662' title='bbox 1407 1726 1491 1760; x_wconf 86' lang='lat' dir='ltr'><strong>quod,</strong></span> <span class='ocrx_word' id='word_1_663' title='bbox 1513 1726 1536 1753; x_wconf 85' lang='lat' dir='ltr'><strong>si</strong></span> <span class='ocrx_word' id='word_1_664' title='bbox 1551 1732 1631 1753; x_wconf 79' lang='lat' dir='ltr'><strong>casus</strong></span> <span class='ocrx_word' id='word_1_665' title='bbox 1645 1726 1804 1758; x_wconf 80' lang='lat' dir='ltr'><strong>accideret,</strong></span> 
     </span>
    </p>
   </div>
   <div class='ocr_carea' id='block_1_96' title="bbox 1005 1770 1805 1807">
    <p class='ocr_par' dir='ltr' id='par_1_96' title="bbox 1005 1770 1805 1807">
     <span class='ocr_line' id='line_1_96' title="bbox 1005 1770 1805 1807; baseline 0.004 -11"><span class='ocrx_word' id='word_1_666' title='bbox 1005 1770 1076 1804; x_wconf 88' lang='lat' dir='ltr'><strong>quod</strong></span> <span class='ocrx_word' id='word_1_667' title='bbox 1090 1770 1172 1803; x_wconf 65' lang='lat' dir='ltr'><strong>absit,</strong></span> <span class='ocrx_word' id='word_1_668' title='bbox 1186 1771 1265 1805; x_wconf 90' lang='lat' dir='ltr'><strong>quod</strong></span> <span class='ocrx_word' id='word_1_669' title='bbox 1281 1770 1419 1798; x_wconf 75' lang='lat' dir='ltr'><strong>videretur</strong></span> <span class='ocrx_word' id='word_1_670' title='bbox 1431 1771 1547 1806; x_wconf 76' lang='lat' dir='ltr'><strong>Imperio</strong></span> <span class='ocrx_word' id='word_1_671' title='bbox 1561 1776 1656 1799; x_wconf 81' lang='lat' dir='ltr'><strong>nostro</strong></span> <span class='ocrx_word' id='word_1_672' title='bbox 1666 1775 1743 1806; x_wconf 73' lang='lat' dir='ltr'><strong>quod</strong></span> <span class='ocrx_word' id='word_1_673' title='bbox 1754 1780 1805 1807; x_wconf 86' lang='lat' dir='ltr'><strong>per</strong></span> 
     </span>
    </p>
   </div>
   <div class='ocr_carea' id='block_1_97' title="bbox 1004 1815 1816 1855">
    <p class='ocr_par' dir='ltr' id='par_1_97' title="bbox 1004 1815 1816 1855">
     <span class='ocr_line' id='line_1_97' title="bbox 1004 1815 1816 1855; baseline 0.001 -12"><span class='ocrx_word' id='word_1_674' title='bbox 1004 1816 1155 1843; x_wconf 80' lang='lat' dir='ltr'><strong>Janucnses</strong></span> <span class='ocrx_word' id='word_1_675' title='bbox 1168 1820 1242 1843; x_wconf 71' lang='lat' dir='ltr'><strong>essat</strong></span> <span class='ocrx_word' id='word_1_676' title='bbox 1258 1815 1371 1848; x_wconf 83' lang='lat' dir='ltr'><strong>factum,</strong></span> <span class='ocrx_word' id='word_1_677' title='bbox 1389 1817 1490 1844; x_wconf 83' lang='lat' dir='ltr'><strong>dictum</strong></span> <span class='ocrx_word' id='word_1_678' title='bbox 1504 1817 1545 1845; x_wconf 87' lang='lat' dir='ltr'><strong>vel</strong></span> <span class='ocrx_word' id='word_1_679' title='bbox 1561 1824 1708 1852; x_wconf 81' lang='lat' dir='ltr'><strong>operatum</strong></span> <span class='ocrx_word' id='word_1_680' title='bbox 1727 1826 1816 1855; x_wconf 38' lang='lat' dir='ltr'><strong>con:</strong></span> 
     </span>
    </p>
   </div>
   <div class='ocr_carea' id='block_1_98' title="bbox 1005 1863 1804 1898">
    <p class='ocr_par' dir='ltr' id='par_1_98' title="bbox 1005 1863 1804 1898">
     <span class='ocr_line' id='line_1_98' title="bbox 1005 1863 1804 1898; baseline 0.003 -10"><span class='ocrx_word' id='word_1_681' title='bbox 1005 1867 1045 1889; x_wconf 85' lang='lat' dir='ltr'><strong>tra</strong></span> <span class='ocrx_word' id='word_1_682' title='bbox 1065 1870 1170 1898; x_wconf 64' lang='lat' dir='ltr'><strong>pacem,</strong></span> <span class='ocrx_word' id='word_1_683' title='bbox 1186 1863 1277 1890; x_wconf 83' lang='lat' dir='ltr'><strong>taliter</strong></span> <span class='ocrx_word' id='word_1_684' title='bbox 1301 1863 1374 1897; x_wconf 87' lang='lat' dir='ltr'><strong>quod</strong></span> <span class='ocrx_word' id='word_1_685' title='bbox 1404 1863 1557 1891; x_wconf 84' lang='lat' dir='ltr'><strong>intenderet</strong></span> <span class='ocrx_word' id='word_1_686' title='bbox 1576 1863 1728 1897; x_wconf 86' lang='lat' dir='ltr'><strong>Imperium</strong></span> <span class='ocrx_word' id='word_1_687' title='bbox 1752 1872 1804 1892; x_wconf 76' lang='lat' dir='ltr'><strong>no-</strong></span> 
     </span>
    </p>
   </div>
   <div class='ocr_carea' id='block_1_99' title="bbox 1005 1908 1801 1945">
    <p class='ocr_par' dir='ltr' id='par_1_99' title="bbox 1005 1908 1801 1945">
     <span class='ocr_line' id='line_1_99' title="bbox 1005 1908 1801 1945; baseline 0.004 -10"><span class='ocrx_word' id='word_1_688' title='bbox 1005 1914 1092 1936; x_wconf 87' lang='lat' dir='ltr'><strong>strum</strong></span> <span class='ocrx_word' id='word_1_689' title='bbox 1104 1917 1211 1936; x_wconf 85' lang='lat' dir='ltr'><strong>movere</strong></span> <span class='ocrx_word' id='word_1_690' title='bbox 1223 1910 1262 1936; x_wconf 84' lang='lat' dir='ltr'><strong>rel</strong></span> <span class='ocrx_word' id='word_1_691' title='bbox 1276 1910 1374 1936; x_wconf 79' lang='lat' dir='ltr'><strong>habere</strong></span> <span class='ocrx_word' id='word_1_692' title='bbox 1387 1916 1512 1945; x_wconf 72' lang='lat' dir='ltr'><strong>guerram</strong></span> <span class='ocrx_word' id='word_1_693' title='bbox 1524 1917 1584 1936; x_wconf 89' lang='lat' dir='ltr'><strong>cum</strong></span> <span class='ocrx_word' id='word_1_694' title='bbox 1595 1908 1801 1943; x_wconf 79' lang='lat' dir='ltr'><strong>Januensibus,</strong></span> 
     </span>
    </p>
   </div>
   <div class='ocr_carea' id='block_1_100' title="bbox 1006 1950 1802 1990">
    <p class='ocr_par' dir='ltr' id='par_1_100' title="bbox 1006 1950 1802 1990">
     <span class='ocr_line' id='line_1_100' title="bbox 1006 1950 1802 1990; baseline 0.004 -9"><span class='ocrx_word' id='word_1_695' title='bbox 1006 1961 1069 1982; x_wconf 86' lang='lat' dir='ltr'><strong>tunc</strong></span> <span class='ocrx_word' id='word_1_696' title='bbox 1086 1955 1253 1990; x_wconf 72' lang='lat' dir='ltr'><strong>intelligatur</strong></span> <span class='ocrx_word' id='word_1_697' title='bbox 1265 1950 1384 1982; x_wconf 85' lang='lat' dir='ltr'><strong>vincnllo</strong></span> <span class='ocrx_word' id='word_1_698' title='bbox 1403 1956 1552 1990; x_wconf 79' lang='lat' dir='ltr'><strong>jurameuti</strong></span> <span class='ocrx_word' id='word_1_699' title='bbox 1572 1963 1620 1990; x_wconf 89' lang='lat' dir='ltr'><strong>per</strong></span> <span class='ocrx_word' id='word_1_700' title='bbox 1636 1964 1720 1983; x_wconf 86' lang='lat' dir='ltr'><strong>suum</strong></span> <span class='ocrx_word' id='word_1_701' title='bbox 1738 1965 1802 1984; x_wconf 82' lang='lat' dir='ltr'><strong>cer-</strong></span> 
     </span>
    </p>
   </div>
   <div class='ocr_carea' id='block_1_101' title="bbox 1006 2001 1800 2037">
    <p class='ocr_par' dir='ltr' id='par_1_101' title="bbox 1006 2001 1800 2037">
     <span class='ocr_line' id='line_1_101' title="bbox 1006 2001 1800 2037; baseline 0.004 -9"><span class='ocrx_word' id='word_1_702' title='bbox 1006 2007 1061 2028; x_wconf 86' lang='lat' dir='ltr'><strong>tum</strong></span> <span class='ocrx_word' id='word_1_703' title='bbox 1079 2003 1208 2028; x_wconf 84' lang='lat' dir='ltr'><strong>nuncium</strong></span> <span class='ocrx_word' id='word_1_704' title='bbox 1222 2007 1247 2029; x_wconf 78' lang='lat' dir='ltr'><strong>et</strong></span> <span class='ocrx_word' id='word_1_705' title='bbox 1264 2002 1410 2037; x_wconf 74' lang='lat' dir='ltr'><strong>specialem</strong></span> <span class='ocrx_word' id='word_1_706' title='bbox 1427 2002 1460 2028; x_wconf 86' lang='lat' dir='ltr'><strong>ad</strong></span> <span class='ocrx_word' id='word_1_707' title='bbox 1476 2001 1639 2030; x_wconf 79' lang='lat' dir='ltr'><strong>Potestatetn</strong></span> <span class='ocrx_word' id='word_1_708' title='bbox 1654 2002 1736 2030; x_wconf 82' lang='lat' dir='ltr'><strong>Peire</strong></span> <span class='ocrx_word' id='word_1_709' title='bbox 1750 2004 1800 2031; x_wconf 87' lang='lat' dir='ltr'><strong>de-</strong></span> 
     </span>
    </p>
   </div>
   <div class='ocr_carea' id='block_1_102' title="bbox 1006 2048 1802 2083">
    <p class='ocr_par' dir='ltr' id='par_1_102' title="bbox 1006 2048 1802 2083">
     <span class='ocr_line' id='line_1_102' title="bbox 1006 2048 1802 2083; baseline 0.004 -9"><span class='ocrx_word' id='word_1_710' title='bbox 1006 2049 1136 2075; x_wconf 72' lang='lat' dir='ltr'><strong>nunciare</strong></span> <span class='ocrx_word' id='word_1_711' title='bbox 1150 2049 1238 2075; x_wconf 76' lang='grc' dir='ltr'>θῖιΙι-ιη</span> <span class='ocrx_word' id='word_1_712' title='bbox 1255 2053 1281 2075; x_wconf 81' lang='lat' dir='ltr'><strong>et</strong></span> <span class='ocrx_word' id='word_1_713' title='bbox 1300 2048 1449 2083; x_wconf 83' lang='lat' dir='ltr'><strong>prolestari</strong></span> <span class='ocrx_word' id='word_1_714' title='bbox 1475 2048 1509 2075; x_wconf 87' lang='lat' dir='ltr'><strong>de</strong></span> <span class='ocrx_word' id='word_1_715' title='bbox 1521 2048 1663 2082; x_wconf 80' lang='lat' dir='ltr'><strong>predictis.</strong></span> <span class='ocrx_word' id='word_1_716' title='bbox 1677 2053 1708 2076; x_wconf 84' lang='lat' dir='ltr'><strong>ut</strong></span> <span class='ocrx_word' id='word_1_717' title='bbox 1724 2057 1739 2076; x_wconf 83' lang='lat' dir='ltr'><strong>a</strong></span> <span class='ocrx_word' id='word_1_718' title='bbox 1756 2050 1802 2077; x_wconf 85' lang='lat' dir='ltr'><strong>die</strong></span> 
     </span>
    </p>
   </div>
   <div class='ocr_carea' id='block_1_103' title="bbox 1006 2094 1802 2128">
    <p class='ocr_par' dir='ltr' id='par_1_103' title="bbox 1006 2094 1802 2128">
     <span class='ocr_line' id='line_1_103' title="bbox 1006 2094 1802 2128; baseline 0.004 -9"><span class='ocrx_word' id='word_1_719' title='bbox 1006 2101 1058 2127; x_wconf 86' lang='lat' dir='ltr'><strong>qua</strong></span> <span class='ocrx_word' id='word_1_720' title='bbox 1073 2095 1121 2120; x_wconf 87' lang='lat' dir='ltr'><strong>Itnc</strong></span> <span class='ocrx_word' id='word_1_721' title='bbox 1132 2094 1226 2120; x_wconf 74' lang='lat' dir='ltr'><strong>fecerit</strong></span> <span class='ocrx_word' id='word_1_722' title='bbox 1238 2101 1324 2128; x_wconf 77' lang='lat' dir='ltr'><strong>usque</strong></span> <span class='ocrx_word' id='word_1_723' title='bbox 1337 2095 1370 2120; x_wconf 82' lang='lat' dir='ltr'><strong>ad</strong></span> <span class='ocrx_word' id='word_1_724' title='bbox 1384 2099 1448 2120; x_wconf 83' lang='lat' dir='ltr'><strong>octo</strong></span> <span class='ocrx_word' id='word_1_725' title='bbox 1461 2101 1571 2121; x_wconf 87' lang='lat' dir='ltr'><strong>menses</strong></span> <span class='ocrx_word' id='word_1_726' title='bbox 1582 2098 1648 2121; x_wconf 90' lang='lat' dir='ltr'><strong>tunc</strong></span> <span class='ocrx_word' id='word_1_727' title='bbox 1670 2096 1802 2128; x_wconf 76' lang='lat' dir='ltr'><strong>proxime</strong></span> 
     </span>
    </p>
   </div>
   <div class='ocr_carea' id='block_1_104' title="bbox 1007 2141 1800 2175">
    <p class='ocr_par' dir='ltr' id='par_1_104' title="bbox 1007 2141 1800 2175">
     <span class='ocr_line' id='line_1_104' title="bbox 1007 2141 1800 2175; baseline 0.004 -9"><span class='ocrx_word' id='word_1_728' title='bbox 1007 2145 1134 2169; x_wconf 71' lang='lat' dir='ltr'><strong>venturos</strong></span> <span class='ocrx_word' id='word_1_729' title='bbox 1151 2148 1202 2166; x_wconf 88' lang='lat' dir='ltr'><strong>non</strong></span> <span class='ocrx_word' id='word_1_730' title='bbox 1221 2141 1307 2174; x_wconf 72' lang='lat' dir='ltr'><strong>possit</strong></span> <span class='ocrx_word' id='word_1_731' title='bbox 1331 2147 1385 2166; x_wconf 87' lang='lat' dir='ltr'><strong>non</strong></span> <span class='ocrx_word' id='word_1_732' title='bbox 1402 2141 1575 2167; x_wconf 86' lang='lat' dir='ltr'><strong>obstantibus</strong></span> <span class='ocrx_word' id='word_1_733' title='bbox 1588 2141 1721 2175; x_wconf 56' lang='lat' dir='ltr'><strong>pretlictis</strong></span> <span class='ocrx_word' id='word_1_734' title='bbox 1739 2142 1800 2169; x_wconf 77' lang='lat' dir='ltr'><strong>fieri</strong></span> 
     </span>
    </p>
   </div>
   <div class='ocr_carea' id='block_1_105' title="bbox 1008 2185 1799 2220">
    <p class='ocr_par' dir='ltr' id='par_1_105' title="bbox 1008 2185 1799 2220">
     <span class='ocr_line' id='line_1_105' title="bbox 1008 2185 1799 2220; baseline 0.001 -8"><span class='ocrx_word' id='word_1_735' title='bbox 1008 2187 1095 2220; x_wconf 79' lang='lat' dir='ltr'><strong>aliqua</strong></span> <span class='ocrx_word' id='word_1_736' title='bbox 1115 2185 1230 2213; x_wconf 66' lang='lat' dir='ltr'><strong>oﬂ‘ensio</strong></span> <span class='ocrx_word' id='word_1_737' title='bbox 1254 2185 1328 2212; x_wconf 84' lang='lat' dir='ltr'><strong>inter</strong></span> <span class='ocrx_word' id='word_1_738' title='bbox 1347 2190 1440 2219; x_wconf 84' lang='lat' dir='ltr'><strong>partes</strong></span> <span class='ocrx_word' id='word_1_739' title='bbox 1465 2185 1554 2220; x_wconf 86' lang='lat' dir='ltr'><strong>aliqua</strong></span> <span class='ocrx_word' id='word_1_740' title='bbox 1579 2186 1732 2213; x_wconf 82' lang='lat' dir='ltr'><strong>orcaxionc</strong></span> <span class='ocrx_word' id='word_1_741' title='bbox 1755 2188 1799 2213; x_wconf 85' lang='lat' dir='ltr'><strong>vel</strong></span> 
     </span>
    </p>
   </div>
   <div class='ocr_carea' id='block_1_106' title="bbox 1009 2230 1798 2266">
    <p class='ocr_par' dir='ltr' id='par_1_106' title="bbox 1009 2230 1798 2266">
     <span class='ocr_line' id='line_1_106' title="bbox 1009 2230 1798 2266; baseline 0.001 -8"><span class='ocrx_word' id='word_1_742' title='bbox 1009 2233 1097 2258; x_wconf 77' lang='lat' dir='ltr'><strong>modo.</strong></span> <span class='ocrx_word' id='word_1_743' title='bbox 1110 2232 1141 2258; x_wconf 78' lang='lat' dir='ltr'><strong>Et</strong></span> <span class='ocrx_word' id='word_1_744' title='bbox 1157 2231 1284 2258; x_wconf 83' lang='lat' dir='ltr'><strong>similiter</strong></span> <span class='ocrx_word' id='word_1_745' title='bbox 1299 2232 1320 2257; x_wconf 86' lang='lat' dir='ltr'><strong>si</strong></span> <span class='ocrx_word' id='word_1_746' title='bbox 1335 2231 1466 2258; x_wconf 63' lang='lat' dir='ltr'><strong>Patr-stati</strong></span> <span class='ocrx_word' id='word_1_747' title='bbox 1477 2230 1556 2258; x_wconf 69' lang='grc' dir='ltr'><strong>Ριιὶτο</strong></span> <span class='ocrx_word' id='word_1_748' title='bbox 1568 2231 1709 2258; x_wconf 71' lang='lat' dir='ltr'><strong>videretur</strong></span> <span class='ocrx_word' id='word_1_749' title='bbox 1726 2233 1798 2266; x_wconf 89' lang='lat' dir='ltr'><strong>quod</strong></span> 
     </span>
    </p>
   </div>
   <div class='ocr_carea' id='block_1_107' title="bbox 1008 2276 1800 2312">
    <p class='ocr_par' dir='ltr' id='par_1_107' title="bbox 1008 2276 1800 2312">
     <span class='ocr_line' id='line_1_107' title="bbox 1008 2276 1800 2312; baseline 0 -8"><span class='ocrx_word' id='word_1_750' title='bbox 1008 2285 1055 2312; x_wconf 84' lang='lat' dir='ltr'><strong>per</strong></span> <span class='ocrx_word' id='word_1_751' title='bbox 1070 2277 1216 2311; x_wconf 76' lang='lat' dir='ltr'><strong>Imperium</strong></span> <span class='ocrx_word' id='word_1_752' title='bbox 1236 2283 1363 2303; x_wconf 72' lang='lat' dir='ltr'><strong>nostrum</strong></span> <span class='ocrx_word' id='word_1_753' title='bbox 1380 2282 1406 2304; x_wconf 82' lang='lat' dir='ltr'><strong>et</strong></span> <span class='ocrx_word' id='word_1_754' title='bbox 1422 2276 1526 2304; x_wconf 83' lang='lat' dir='ltr'><strong>Grecos</strong></span> <span class='ocrx_word' id='word_1_755' title='bbox 1544 2284 1608 2304; x_wconf 75' lang='lat' dir='ltr'><strong>suus</strong></span> <span class='ocrx_word' id='word_1_756' title='bbox 1623 2279 1800 2305; x_wconf 80' lang='lat' dir='ltr'><strong>comraveni-</strong></span> 
     </span>
    </p>
   </div>
   <div class='ocr_carea' id='block_1_108' title="bbox 1010 2323 1800 2358">
    <p class='ocr_par' dir='ltr' id='par_1_108' title="bbox 1010 2323 1800 2358">
     <span class='ocr_line' id='line_1_108' title="bbox 1010 2323 1800 2358; baseline 0 -8"><span class='ocrx_word' id='word_1_757' title='bbox 1010 2329 1084 2350; x_wconf 84' lang='lat' dir='ltr'><strong>retur</strong></span> <span class='ocrx_word' id='word_1_758' title='bbox 1101 2323 1159 2358; x_wconf 86' lang='lat' dir='ltr'><strong>paci</strong></span> <span class='ocrx_word' id='word_1_759' title='bbox 1171 2323 1303 2358; x_wconf 80' lang='lat' dir='ltr'><strong>predicte,</strong></span> <span class='ocrx_word' id='word_1_760' title='bbox 1319 2329 1443 2351; x_wconf 80' lang='lat' dir='ltr'><strong>teneatur</strong></span> <span class='ocrx_word' id='word_1_761' title='bbox 1456 2323 1580 2350; x_wconf 79' lang='lat' dir='ltr'><strong>Potestas</strong></span> <span class='ocrx_word' id='word_1_762' title='bbox 1592 2323 1658 2350; x_wconf 87' lang='lat' dir='ltr'><strong>illud</strong></span> <span class='ocrx_word' id='word_1_763' title='bbox 1673 2324 1746 2351; x_wconf 86' lang='lat' dir='ltr'><strong>idem</strong></span> <span class='ocrx_word' id='word_1_764' title='bbox 1763 2325 1800 2350; x_wconf 89' lang='lat' dir='ltr'><strong>si-</strong></span> 
     </span>
    </p>
   </div>
   <div class='ocr_carea' id='block_1_109' title="bbox 1010 2369 1797 2404">
    <p class='ocr_par' dir='ltr' id='par_1_109' title="bbox 1010 2369 1797 2404">
     <span class='ocr_line' id='line_1_109' title="bbox 1010 2369 1797 2404; baseline 0.001 -9"><span class='ocrx_word' id='word_1_765' title='bbox 1010 2370 1110 2397; x_wconf 87' lang='lat' dir='ltr'><strong>militer</strong></span> <span class='ocrx_word' id='word_1_766' title='bbox 1127 2375 1155 2396; x_wconf 94' lang='lat' dir='ltr'><strong>ut</strong></span> <span class='ocrx_word' id='word_1_767' title='bbox 1167 2369 1354 2404; x_wconf 84' lang='lat' dir='ltr'><strong>supradictnm</strong></span> <span class='ocrx_word' id='word_1_768' title='bbox 1379 2377 1424 2397; x_wconf 87' lang='lat' dir='ltr'><strong>est</strong></span> <span class='ocrx_word' id='word_1_769' title='bbox 1437 2375 1465 2397; x_wconf 84' lang='lat' dir='ltr'><strong>et</strong></span> <span class='ocrx_word' id='word_1_770' title='bbox 1482 2370 1627 2404; x_wconf 79' lang='lat' dir='ltr'><strong>protestari</strong></span> <span class='ocrx_word' id='word_1_771' title='bbox 1640 2375 1668 2397; x_wconf 90' lang='lat' dir='ltr'><strong>et</strong></span> <span class='ocrx_word' id='word_1_772' title='bbox 1688 2370 1797 2398; x_wconf 85' lang='lat' dir='ltr'><strong>denun-</strong></span> 
     </span>
    </p>
   </div>
   <div class='ocr_carea' id='block_1_110' title="bbox 1009 2415 1797 2450">
    <p class='ocr_par' dir='ltr' id='par_1_110' title="bbox 1009 2415 1797 2450">
     <span class='ocr_line' id='line_1_110' title="bbox 1009 2415 1797 2450; baseline 0.003 -9"><span class='ocrx_word' id='word_1_773' title='bbox 1009 2416 1081 2442; x_wconf 79' lang='lat' dir='ltr'><strong>ciare</strong></span> <span class='ocrx_word' id='word_1_774' title='bbox 1095 2415 1213 2450; x_wconf 83' lang='lat' dir='ltr'><strong>Imperio</strong></span> <span class='ocrx_word' id='word_1_775' title='bbox 1224 2420 1329 2446; x_wconf 84' lang='lat' dir='ltr'><strong>nostro,</strong></span> <span class='ocrx_word' id='word_1_776' title='bbox 1344 2423 1393 2442; x_wconf 85' lang='lat' dir='ltr'><strong>nec</strong></span> <span class='ocrx_word' id='word_1_777' title='bbox 1408 2416 1515 2450; x_wconf 81' lang='lat' dir='ltr'><strong>possint</strong></span> <span class='ocrx_word' id='word_1_778' title='bbox 1530 2415 1601 2443; x_wconf 88' lang='lat' dir='ltr'><strong>dicte</strong></span> <span class='ocrx_word' id='word_1_779' title='bbox 1614 2422 1705 2450; x_wconf 84' lang='lat' dir='ltr'><strong>partes</strong></span> <span class='ocrx_word' id='word_1_780' title='bbox 1723 2417 1797 2443; x_wconf 78' lang='lat' dir='ltr'><strong>sitni-</strong></span> 
     </span>
    </p>
   </div>
   <div class='ocr_carea' id='block_1_111' title="bbox 1009 2461 1795 2496">
    <p class='ocr_par' dir='ltr' id='par_1_111' title="bbox 1009 2461 1795 2496">
     <span class='ocr_line' id='line_1_111' title="bbox 1009 2461 1795 2496; baseline 0.003 -8"><span class='ocrx_word' id='word_1_781' title='bbox 1009 2461 1072 2488; x_wconf 85' lang='lat' dir='ltr'><strong>lilcr</strong></span> <span class='ocrx_word' id='word_1_782' title='bbox 1089 2469 1174 2496; x_wconf 73' lang='lat' dir='ltr'><strong>u~que</strong></span> <span class='ocrx_word' id='word_1_783' title='bbox 1186 2462 1218 2488; x_wconf 85' lang='lat' dir='ltr'><strong>ad</strong></span> <span class='ocrx_word' id='word_1_784' title='bbox 1236 2467 1297 2488; x_wconf 84' lang='lat' dir='ltr'><strong>orto</strong></span> <span class='ocrx_word' id='word_1_785' title='bbox 1315 2468 1421 2489; x_wconf 87' lang='lat' dir='ltr'><strong>menses</strong></span> <span class='ocrx_word' id='word_1_786' title='bbox 1445 2467 1508 2489; x_wconf 85' lang='lat' dir='ltr'><strong>tunc</strong></span> <span class='ocrx_word' id='word_1_787' title='bbox 1524 2462 1647 2495; x_wconf 76' lang='lat' dir='ltr'><strong>proxime</strong></span> <span class='ocrx_word' id='word_1_788' title='bbox 1665 2468 1795 2490; x_wconf 73' lang='lat' dir='ltr'><strong>venturos</strong></span> 
     </span>
    </p>
   </div>
   <div class='ocr_carea' id='block_1_112' title="bbox 1009 2507 1796 2542">
    <p class='ocr_par' dir='ltr' id='par_1_112' title="bbox 1009 2507 1796 2542">
     <span class='ocr_line' id='line_1_112' title="bbox 1009 2507 1796 2542; baseline 0.003 -9"><span class='ocrx_word' id='word_1_789' title='bbox 1009 2507 1099 2534; x_wconf 81' lang='lat' dir='ltr'><strong>facere</strong></span> <span class='ocrx_word' id='word_1_790' title='bbox 1111 2508 1215 2542; x_wconf 76' lang='lat' dir='ltr'><strong>aliquas</strong></span> <span class='ocrx_word' id='word_1_791' title='bbox 1233 2507 1352 2536; x_wconf 81' lang='lat' dir='ltr'><strong>oﬂ&#39;ensas</strong></span> <span class='ocrx_word' id='word_1_792' title='bbox 1368 2517 1375 2535; x_wconf 89' lang='lat'>:</span> <span class='ocrx_word' id='word_1_793' title='bbox 1390 2508 1490 2542; x_wconf 87' lang='lat' dir='ltr'><strong>quibus</strong></span> <span class='ocrx_word' id='word_1_794' title='bbox 1506 2514 1570 2536; x_wconf 85' lang='lat' dir='ltr'><strong>octo</strong></span> <span class='ocrx_word' id='word_1_795' title='bbox 1585 2509 1726 2536; x_wconf 76' lang='lat' dir='ltr'><strong>mensibus</strong></span> <span class='ocrx_word' id='word_1_796' title='bbox 1740 2509 1796 2536; x_wconf 80' lang='lat' dir='ltr'><strong>cla-</strong></span> 
     </span>
    </p>
   </div>
   <div class='ocr_carea' id='block_1_113' title="bbox 1009 2553 1796 2587">
    <p class='ocr_par' dir='ltr' id='par_1_113' title="bbox 1009 2553 1796 2587">
     <span class='ocr_line' id='line_1_113' title="bbox 1009 2553 1796 2587; baseline 0.005 -9"><span class='ocrx_word' id='word_1_797' title='bbox 1009 2553 1066 2586; x_wconf 84' lang='lat' dir='ltr'><strong>psis</strong></span> <span class='ocrx_word' id='word_1_798' title='bbox 1078 2553 1147 2580; x_wconf 65' lang='lat' dir='ltr'><strong>dicte</strong></span> <span class='ocrx_word' id='word_1_799' title='bbox 1159 2559 1248 2587; x_wconf 87' lang='lat' dir='ltr'><strong>partes</strong></span> <span class='ocrx_word' id='word_1_800' title='bbox 1260 2555 1314 2580; x_wconf 78' lang='lat' dir='ltr'><strong>sint</strong></span> <span class='ocrx_word' id='word_1_801' title='bbox 1327 2558 1354 2581; x_wconf 78' lang='lat' dir='ltr'><strong>et</strong></span> <span class='ocrx_word' id='word_1_802' title='bbox 1367 2561 1428 2581; x_wconf 79' lang='lat' dir='ltr'><strong>esse</strong></span> <span class='ocrx_word' id='word_1_803' title='bbox 1441 2554 1558 2582; x_wconf 80' lang='lat' dir='ltr'><strong>debeant</strong></span> <span class='ocrx_word' id='word_1_804' title='bbox 1570 2555 1596 2582; x_wconf 89' lang='lat' dir='ltr'><strong>in</strong></span> <span class='ocrx_word' id='word_1_805' title='bbox 1605 2561 1701 2582; x_wconf 86' lang='lat' dir='ltr'><strong>eorum</strong></span> <span class='ocrx_word' id='word_1_806' title='bbox 1715 2555 1796 2582; x_wconf 85' lang='lat' dir='ltr'><strong>liber-</strong></span> 
     </span>
    </p>
   </div>
   <div class='ocr_carea' id='block_1_114' title="bbox 1010 2598 1456 2633">
    <p class='ocr_par' dir='ltr' id='par_1_114' title="bbox 1010 2598 1456 2633">
     <span class='ocr_line' id='line_1_114' title="bbox 1010 2598 1456 2633; baseline 0.007 -10"><span class='ocrx_word' id='word_1_807' title='bbox 1010 2602 1066 2623; x_wconf 77' lang='lat' dir='ltr'><strong>tate</strong></span> <span class='ocrx_word' id='word_1_808' title='bbox 1084 2605 1137 2624; x_wconf 83' lang='lat' dir='ltr'><strong>non</strong></span> <span class='ocrx_word' id='word_1_809' title='bbox 1153 2598 1280 2625; x_wconf 81' lang='lat' dir='ltr'><strong>obstante</strong></span> <span class='ocrx_word' id='word_1_810' title='bbox 1297 2598 1368 2626; x_wconf 83' lang='lat' dir='ltr'><strong>dicta</strong></span> <span class='ocrx_word' id='word_1_811' title='bbox 1381 2607 1456 2633; x_wconf 89' lang='lat' dir='ltr'><strong>pace.</strong></span> 
     </span>
    </p>
   </div>
   <div class='ocr_carea' id='block_1_115' title="bbox 1045 2642 1791 2680">
    <p class='ocr_par' dir='ltr' id='par_1_115' title="bbox 1045 2642 1791 2680">
     <span class='ocr_line' id='line_1_115' title="bbox 1045 2642 1791 2680; baseline 0.007 -12"><span class='ocrx_word' id='word_1_812' title='bbox 1045 2642 1110 2668; x_wconf 81' lang='lat' dir='ltr'><strong>Item</strong></span> <span class='ocrx_word' id='word_1_813' title='bbox 1123 2644 1214 2671; x_wconf 65' lang='lat' dir='ltr'><strong>extitit</strong></span> <span class='ocrx_word' id='word_1_814' title='bbox 1229 2652 1276 2678; x_wconf 86' lang='lat' dir='ltr'><strong>per</strong></span> <span class='ocrx_word' id='word_1_815' title='bbox 1286 2649 1409 2679; x_wconf 76' lang='lat' dir='ltr'><strong>pactum,</strong></span> <span class='ocrx_word' id='word_1_816' title='bbox 1427 2645 1499 2678; x_wconf 87' lang='lat' dir='ltr'><strong>quod</strong></span> <span class='ocrx_word' id='word_1_817' title='bbox 1517 2646 1624 2680; x_wconf 77' lang='lat' dir='ltr'><strong>navigia</strong></span> <span class='ocrx_word' id='word_1_818' title='bbox 1642 2646 1791 2674; x_wconf 73' lang='lat' dir='ltr'><strong>Grecorum</strong></span> 
     </span>
    </p>
   </div>
   <div class='ocr_carea' id='block_1_116' title="bbox 1009 2690 1794 2725">
    <p class='ocr_par' dir='ltr' id='par_1_116' title="bbox 1009 2690 1794 2725">
     <span class='ocr_line' id='line_1_116' title="bbox 1009 2690 1794 2725; baseline 0.005 -11"><span class='ocrx_word' id='word_1_819' title='bbox 1009 2697 1062 2715; x_wconf 91' lang='lat' dir='ltr'><strong>Ituu</strong></span> <span class='ocrx_word' id='word_1_820' title='bbox 1091 2690 1219 2724; x_wconf 69' lang='lat' dir='ltr'><strong>navigant</strong></span> <span class='ocrx_word' id='word_1_821' title='bbox 1234 2698 1282 2717; x_wconf 84' lang='lat' dir='ltr'><strong>nec</strong></span> <span class='ocrx_word' id='word_1_822' title='bbox 1297 2692 1424 2725; x_wconf 77' lang='lat' dir='ltr'><strong>navigare</strong></span> <span class='ocrx_word' id='word_1_823' title='bbox 1442 2692 1556 2718; x_wconf 63' lang='lat' dir='ltr'><strong>tta-beant</strong></span> <span class='ocrx_word' id='word_1_824' title='bbox 1575 2693 1607 2718; x_wconf 83' lang='lat' dir='ltr'><strong>ad</strong></span> <span class='ocrx_word' id='word_1_825' title='bbox 1625 2691 1731 2718; x_wconf 79' lang='lat' dir='ltr'><strong>Tanain</strong></span> <span class='ocrx_word' id='word_1_826' title='bbox 1756 2693 1794 2719; x_wconf 86' lang='lat' dir='ltr'><strong>\el</strong></span> 
     </span>
    </p>
   </div>
   <div class='ocr_carea' id='block_1_117' title="bbox 1011 2734 1795 2771">
    <p class='ocr_par' dir='ltr' id='par_1_117' title="bbox 1011 2734 1795 2771">
     <span class='ocr_line' id='line_1_117' title="bbox 1011 2734 1795 2771; baseline 0.003 -11"><span class='ocrx_word' id='word_1_827' title='bbox 1011 2735 1037 2760; x_wconf 87' lang='lat' dir='ltr'><strong>in</strong></span> <span class='ocrx_word' id='word_1_828' title='bbox 1052 2735 1118 2760; x_wconf 83' lang='lat' dir='ltr'><strong>mari</strong></span> <span class='ocrx_word' id='word_1_829' title='bbox 1133 2734 1217 2767; x_wconf 79' lang='lat' dir='ltr'><strong>Tene,</strong></span> <span class='ocrx_word' id='word_1_830' title='bbox 1231 2736 1282 2762; x_wconf 90' lang='lat' dir='ltr'><strong>nisi</strong></span> <span class='ocrx_word' id='word_1_831' title='bbox 1297 2738 1406 2770; x_wconf 78' lang='lat' dir='ltr'><strong>quando</strong></span> <span class='ocrx_word' id='word_1_832' title='bbox 1419 2737 1524 2771; x_wconf 43' lang='lat' dir='ltr'><strong>navicia</strong></span> <span class='ocrx_word' id='word_1_833' title='bbox 1538 2737 1721 2764; x_wconf 67' lang='lat' dir='ltr'><strong>Jmuensiunt</strong></span> <span class='ocrx_word' id='word_1_834' title='bbox 1736 2738 1795 2763; x_wconf 56' lang='lat' dir='ltr'><strong>illus</strong></span> 
     </span>
    </p>
   </div>
   <div class='ocr_carea' id='block_1_118' title="bbox 1011 2781 1794 2819">
    <p class='ocr_par' dir='ltr' id='par_1_118' title="bbox 1011 2781 1794 2819">
     <span class='ocr_line' id='line_1_118' title="bbox 1011 2781 1794 2819; baseline 0.006 -13"><span class='ocrx_word' id='word_1_835' title='bbox 1011 2781 1178 2814; x_wconf 72' lang='lat' dir='ltr'><strong>navigarent,</strong></span> <span class='ocrx_word' id='word_1_836' title='bbox 1191 2782 1267 2807; x_wconf 76' lang='lat' dir='ltr'><strong>salvo</strong></span> <span class='ocrx_word' id='word_1_837' title='bbox 1279 2790 1385 2815; x_wconf 67' lang='lat' dir='ltr'><strong>semper</strong></span> <span class='ocrx_word' id='word_1_838' title='bbox 1401 2784 1472 2817; x_wconf 75' lang='lat' dir='ltr'><strong>quod</strong></span> <span class='ocrx_word' id='word_1_839' title='bbox 1500 2791 1561 2810; x_wconf 85' lang='lat' dir='ltr'><strong>cum</strong></span> <span class='ocrx_word' id='word_1_840' title='bbox 1579 2784 1729 2819; x_wconf 81' lang='lat' dir='ltr'><strong>Imperium</strong></span> <span class='ocrx_word' id='word_1_841' title='bbox 1751 2793 1794 2811; x_wconf 29' lang='lat' dir='ltr'><strong>no‘</strong></span> 
     </span>
    </p>
   </div>
   <div class='ocr_carea' id='block_1_119' title="bbox 1045 2836 1331 2871">
    <p class='ocr_par' dir='ltr' id='par_1_119' title="bbox 1045 2836 1331 2871">
     <span class='ocr_line' id='line_1_119' title="bbox 1045 2836 1331 2871; baseline 0.01 -9"><span class='ocrx_word' id='word_1_842' title='bbox 1045 2838 1077 2871; x_wconf 69' lang='grc' dir='ltr'><strong>(ε)</strong></span> <span class='ocrx_word' id='word_1_843' title='bbox 1092 2836 1165 2864; x_wconf 85' lang='lat' dir='ltr'><strong>Sauli</strong></span> <span class='ocrx_word' id='word_1_844' title='bbox 1183 2846 1190 2864; x_wconf 92' lang='lat'><strong>:</strong></span> <span class='ocrx_word' id='word_1_845' title='bbox 1205 2837 1239 2864; x_wconf 76' lang='lat' dir='ltr'><strong>sit</strong></span> <span class='ocrx_word' id='word_1_846' title='bbox 1251 2841 1331 2865; x_wconf 78' lang='lat' dir='ltr'><strong>hunc.</strong></span> 
     </span>
    </p>
   </div>
  </div>
