1892 3066
127 130 215 162 1125

692 132 878 165 ΝΟΥΕῙᾸΑΕ
901 133 1239 164 CONSTITUTIONES.

1702 133 1770 165 “26

123 188 358 216 strumintemlat
369 188 401 216 de
409 189 537 224 predictis
549 188 582 216 ad
592 188 730 216 dominum
742 188 842 217 Ducem
855 196 932 216 suam
948 191 970 220 Α
985 189 1009 216 ei
1028 189 1069 218 vel
1085 196 1148 222 non,
1178 193 1242 216 tunc
1270 186 1304 216 de
1325 186 1457 223 predictis
1474 186 1620 221 Imperium
1648 193 1770 216 nostrum

125 234 323 262 ambaxiatam
341 234 527 261 transmittere
547 234 580 261 ad
591 233 793 268 impetrandum
809 233 881 268 quod
897 234 928 260 il-

124 282 182 308 luc
201 280 272 308 dicta
286 280 391 316 navigia
407 279 558 307 Grecorum
580 281 686 315 possint
705 280 845 314 navigare,
862 285 888 307 et
904 279 928 308 si

124 329 267 357 dominus
285 328 342 355 Dux
364 327 496 355 concedet
511 327 582 361 quod
600 334 631 354 ea
650 327 755 361 possint
772 326 837 354 illuc
853 327 928 353 navi-

124 382 214 409 gare.
228 373 298 409 quod
321 373 426 407 possint
446 373 486 400 ire
505 380 555 400 nec
577 376 718 400 moveatur
743 379 841 407 guerra
866 379 929 407 pro-

126 423 182 453 pte
188 425 233 445 rea
250 418 320 445 inter
335 422 438 452 partes.

183 465 250 492 Item
268 463 357 491 extitit
379 471 427 498 per
449 467 570 498 pactum,
589 463 658 499 quod
676 462 697 490 si
716 469 765 497 per
775 461 927 490 Janucnses

127 517 222 544 super
233 509 342 544 navigio
356 509 530 536 inimicorum
548 516 656 541 eorum,
669 509 868 536 Catalanorum
887 508 926 535 vi-

131 554 239 581 delicet
261 559 288 581 et
304 554 481 587 Venetorum,
499 559 663 589 caperentur
679 553 772 588 Greci,
795 554 840 588 qui
864 561 926 581 cum

128 601 219 628 dictis
235 600 354 628 inimicis
371 605 464 627 essent
483 599 517 627 ad
534 600 639 627 soldum
652 601 695 628 vel
711 607 760 628 sua
774 604 925 634 spontanea

128 646 290 678 voluntate.
307 648 378 680 quod
396 646 432 673 illi
447 646 517 673 tales
532 646 612 674 Greci
625 649 729 681 possint
742 646 839 677 teneri.
853 646 928 674 salvo

135 692 162 719 si
184 692 248 719 dicti
261 692 340 720 Greci
355 692 390 719 ibi
406 696 499 720 essent
515 699 564 727 per
578 692 634 720 vim
658 693 742 728 capti,
759 693 830 728 quod
858 697 924 720 tunc

128 737 290 766 Januenses
306 737 366 765 illos
384 737 451 765 tales
475 738 577 766 Grecos
602 738 727 765 relaxare
753 738 880 766 debeant.
894 737 928 765 Et

133 783 264 817 predieta
287 783 375 810 Iocutn
397 783 516 811 habeant
530 783 631 818 elapsis
656 784 743 810 tribus
773 783 925 816 mensibus,

130 830 303 864 im-ipiendis
316 838 331 856 a
348 830 392 857 die
412 830 500 857 ﬁende
517 830 593 864 pacis
607 835 635 856 et
650 829 776 856 ﬁniendis
792 829 819 856 in
836 829 927 857 calen-

983 235 1069 270 possit
1081 236 1271 263 transmittere
1282 235 1316 262 ad
1327 235 1470 262 dominum
1482 235 1582 262 Ducem
1592 239 1618 262 et
1627 242 1770 263 commune

981 279 1078 312 Janue,
1092 285 1119 308 et
1128 280 1258 315 quidquid
1271 280 1303 307 de
1313 279 1440 314 predictis
1452 287 1481 307 se
1490 279 1637 307 conveniet
1648 285 1674 306 et
1686 279 1769 307 faciat

982 333 1044 353 cum
1056 325 1166 353 domino
1177 325 1251 353 Duco
1265 331 1291 353 ct
1305 325 1431 353 dominus
1455 325 1511 353 Dux
1530 326 1580 361 (ιι),
1601 328 1630 353 ιιι
1643 333 1703 353 cum
1717 326 1771 353 Int-

982 369 1058 403 perio
1073 374 1167 397 nostro
1182 370 1249 398 illud
1264 369 1434 405 intelligatur
1441 378 1501 399 esse
1514 371 1626 403 factum,
1641 375 1667 398 et
1679 371 1700 398 si
1713 378 1767 398 non

982 414 1102 448 placebit
1118 415 1236 450 Imperio
1251 421 1347 444 nostro
1366 416 1505 444 ordinatio
1526 424 1607 452 quam
1626 417 1708 444 faciet
1723 417 1770 444 do-

983 459 1073 487 minus
1089 459 1146 487 Dus
1162 461 1195 488 de
1210 461 1352 495 predictis,
1369 462 1445 497 quod
1461 463 1547 497 possit
1561 462 1706 496 Imperium
1722 469 1769 489 no-

981 510 1066 532 strum
1080 507 1266 535 transmittere
1276 508 1310 535 ad
1326 508 1463 536 domitium
1475 508 1576 536 Ducem
1590 509 1689 537 totiens
1701 515 1769 544 quo—
1809 512 1817 521 '

983 550 1051 578 tiens
1065 551 1181 579 voluerit
1192 553 1225 579 ad
1242 553 1459 581 conveniendum
1477 561 1506 582 se
1518 562 1580 582 cum
1600 562 1643 582 eo.

1016 594 1081 623 Item
1099 597 1188 625 extitit
1201 605 1249 631 per
1262 603 1384 633 pactum,
1399 599 1469 634 quod
1487 599 1638 628 .Iannenses
1661 609 1716 628 non
1729 607 1769 630 te-

982 646 1099 669 neantur
1113 650 1229 677 querere
1246 647 1404 680 sanguinem
1429 645 1578 674 Grecorum
1593 647 1635 674 vel
1651 648 1769 683 alicujus

980 688 1102 715 extranei
1116 690 1161 723 qui
1178 689 1213 716 sit
1228 690 1278 716 sub
1295 690 1413 725 Imperio
1446 697 1540 719 nostro
1555 699 1603 726 per
1622 700 1766 721 commune

980 732 1068 761 Janue
1083 734 1124 761 vel
1138 735 1217 762 Peire
1229 735 1414 769 batnnitorum,
1428 741 1455 764 et
1478 737 1606 764 similiter
1619 738 1765 773 Imperium

982 784 1102 806 uestrum
1113 780 1312 815 indulgentiam
1323 782 1368 809 dat
1375 782 1501 810 omnibus
1510 782 1693 811 Januensibus
1702 791 1767 811 con-

982 826 1022 850 tra
1039 831 1107 858 quos
1120 824 1236 853 habebat
1250 826 1359 861 aliquod
1377 835 1533 861 gravamen.

130 875 177 902 d?s
193 875 307 911 Augusti
326 875 443 910 proximi
459 875 579 902 venturi.
599 875 632 901 Et
649 882 664 902 e
679 881 813 903 converso
838 875 861 902 si
879 883 928 902 no-

1013 868 1072 902 Que
1095 871 1186 898 omnia
1211 875 1239 898 et
1266 873 1373 907 singula
1406 874 1593 908 suprascripta
1619 874 1765 910 Imperium

131 926 225 948 strum
242 921 388 955 Imperium
411 921 547 948 invenerit
573 919 728 948 .Ianuenses
738 921 845 956 aliquos
866 929 926 948 cum

132 966 926 1001 nostrolmperio.........................

134 1031 144 1040 .
161 1031 169 1039 .
185 1033 191 1039 .
207 1013 278 1046 quod
292 1020 340 1040 eos
353 1013 449 1040 debeat
463 1017 565 1040 tenere.

174 1058 243 1085 Item
257 1058 348 1086 extitit
374 1066 423 1093 per
453 1062 572 1092 pactum,
600 1059 671 1094 qttod
697 1059 788 1093 aliqua
819 1058 928 1094 navigia

133 1100 289 1128 Grecorum
301 1109 354 1128 non
366 1102 473 1136 possint
490 1103 531 1129 ire
550 1103 592 1129 vel
608 1103 696 1130 redire
712 1103 744 1130 ad
765 1103 824 1131 loca
839 1103 928 1131 Cata—

134 1147 265 1174 lanorum
282 1151 310 1174 et
327 1147 493 1175 Venetorum
520 1147 637 1175 durante
661 1155 759 1183 guerra
783 1148 925 1184 predicta;

134 1197 253 1227 excepto
263 1194 285 1221 si
298 1193 441 1228 Imperium
457 1198 579 1221 nostrum
592 1194 731 1228 aliquibus
745 1195 803 1222 suis
816 1194 849 1221 de
863 1201 928 1222 cau-

136 1240 176 1266 sis
196 1239 276 1266 vellet
306 1240 340 1267 ad
359 1239 433 1266 dicta
467 1239 526 1266 loca
554 1247 638 1266 unum
662 1240 764 1274 lignum
790 1244 925 1266 armatum

137 1286 336 1318 transmittere,
354 1285 425 1319 quod
441 1290 505 1312 tunc
521 1285 595 1313 licite
606 1285 691 1320 possit
707 1285 810 1313 dictum
824 1285 926 1321 lignum

136 1331 326 1358 transmittere
346 1330 571 1366 quotiescumque
587 1331 711 1358 voluerit.

179 1375 245 1403 Item
277 1377 369 1404 extitit
394 1384 442 1411 per
461 1381 570 1411 pactttm
598 1381 625 1405 et
654 1383 831 1412 conventum,
854 1379 926 1413 quod

138 1423 231 1449 omnia
244 1422 396 1450 immobilia
411 1428 482 1449 terre
506 1427 533 1450 et
548 1424 735 1457 possessiones
746 1423 926 1451 Januensinm

140 1476 195 1504 que
207 1473 301 1496 essent
311 1469 338 1496 itt
349 1469 463 1503 imperio
476 1469 656 1496 restituantur
666 1469 851 1498 .Ianuensibns
864 1471 926 1498 talia

139 1515 229 1550 qualia
246 1520 320 1547 sunt,
333 1515 408 1543 salvo
422 1516 493 1550 quod
509 1516 533 1543 si
549 1515 583 1543 de
595 1515 734 1551 aliquibus
747 1517 927 1551 possessioni-
942 1534 964 1562 ο

141 1562 192 1588 bus
203 1561 372 1596 pervenisset
389 1561 414 1587 itt
427 1566 550 1588 nostruut
568 1562 725 1589 vestiarium
742 1562 832 1597 aliqua
847 1570 929 1597 pecu-

140 1609 195 1640 lia,
213 1609 269 1643 ipsa
288 1608 398 1635 minime
410 1607 571 1635 restituatur
584 1612 611 1636 et
628 1611 766 1636 teneatur.

176 1654 241 1681 Itetn
257 1654 348 1681 extitit
360 1661 408 1688 per
423 1658 532 1688 pactum
550 1657 577 1680 et
594 1654 773 1689 promissum,
787 1654 859 1689 quod
879 1655 929 1682 ali-

141 1699 201 1734 quis
213 1699 359 1727 .Ianuensis
375 1706 428 1725 non
441 1699 527 1732 possit
540 1706 632 1726 emere
652 1700 759 1734 aliquas
773 1702 928 1735 possussio-

143 1752 189 1772 nes
205 1745 245 1772 vel
271 1750 358 1772 terras
382 1751 429 1771 seu
444 1744 537 1771 vineas
551 1745 584 1771 ab
599 1744 690 1779 aliquo
708 1745 807 1778 Greco,
825 1746 876 1774 nisi
896 1747 928 1774 de

144 1791 269 1817 mandato
285 1790 396 1824 Imperii
410 1789 506 1821 nostri,
520 1794 547 1815 et
558 1789 580 1816 si
592 1789 690 1824 aliquis
702 1789 848 1817 Januensis
857 1798 930 1817 emc-

145 1842 183 1863 rel
196 1839 256 1863 sine
282 1836 410 1863 mandato
427 1834 537 1869 Imperii
556 1835 656 1868 nostri.
681 1837 791 1863 amittat
805 1836 928 1871 precium

144 1883 214 1909 dicte
230 1882 424 1916 possessionis.

179 1929 257 1961 Item,
271 1929 341 1962 quod
359 1929 462 1962 debita,
479 1936 532 1963 que
558 1933 622 1955 suttt
639 1927 709 1954 inter
729 1926 832 1954 Greeos
844 1932 870 1954 et
885 1926 930 1952 .I.t-

146 1982 270 2007 nuenses,
287 1975 340 2001 sint
355 1975 381 2001 in
400 1982 432 2002 eo
447 1979 518 2002 statu
539 1979 567 2001 et
578 1974 650 2008 jure,
665 1973 764 2008 quibus
774 1977 853 2000 erant
866 1977 930 1999 ante

146 2025 412 2055 guerram,excepto
437 2020 508 2054 quod
524 2020 547 2046 si
575 2019 665 2054 aliqua
689 2018 877 2053 pervenissent
901 2019 927 2043 itt

146 2065 275 2093 vestiario
289 2065 397 2100 Imperii
414 2066 499 2093 nostri
517 2065 558 2092 vel
576 2065 603 2092 in
622 2064 759 2092 eontmuni
779 2063 866 2090 .Ianue
887 2063 928 2090 vel

136 2113 241 2147 ,I‘cyre,
257 2112 300 2138 illa
316 2113 380 2139 talia
406 2112 511 2140 restitui
531 2119 585 2138 nort
597 2111 722 2138 debeant.

137 2153 142 2195 ζ
184 2159 248 2186 Itent
266 2158 355 2185 ex1itit
381 2166 430 2193 per
453 2164 563 2193 pactum
578 2162 604 2185 et
622 2162 797 2189 conventum,
823 2157 893 2190 quod
905 2163 928 2182 St

980 920 1101 944 nostrum
1115 921 1143 944 et
1156 917 1351 946 dilectissimus
1362 918 1434 946 tilius
1445 925 1538 947 noster
1552 921 1678 948 dominus
1699 921 1767 948 Mat-

980 966 1039 989 teus
1054 961 1236 1001 Catacusinus
1251 963 1377 998 juramus
1403 964 1437 992 ad
1452 970 1548 993 sancta
1564 965 1610 993 Dei
1625 968 1766 1002 evangelia

978 1012 1006 1035 et
1024 1007 1051 1034 in
1075 1008 1223 1036 animabus
1246 1009 1359 1040 nostris,
1379 1010 1561 1044 corporaliter
1585 1012 1666 1039 tactis
1681 1013 1769 1040 sacris

978 1054 1135 1089 scripturis,
1154 1054 1231 1082 Ilrms
1253 1060 1282 1083 et
1297 1060 1354 1082 rata
1369 1060 1397 1083 et
1415 1060 1491 1091 grata
1513 1061 1644 1092 perpetuo
1668 1058 1769 1086 habere

979 1103 1005 1127 st
1019 1103 1124 1134 tenere,
1133 1105 1162 1128 et
1174 1101 1199 1128 itt
1213 1102 1287 1129 nullo
1298 1103 1486 1130 eontrafacere
1499 1102 1542 1130 vel
1552 1104 1657 1137 venire,
1668 1105 1735 1139 deju
1741 1112 1769 1132 re

978 1146 1020 1173 vel
1037 1146 1070 1173 de
1086 1147 1169 1179 facto,
1189 1148 1268 1174 modo
1285 1148 1327 1175 vel
1343 1147 1462 1182 ingenio,
1478 1149 1525 1176 sed
1540 1156 1573 1176 ea
1587 1156 1649 1176 cum
1665 1149 1767 1177 eil‘cctu

978 1196 1005 1218 et
1017 1192 1077 1219 sine
1090 1192 1272 1220 diminutione
1301 1193 1390 1229 aliqua
1408 1195 1554 1222 observare
1570 1199 1598 1222 et
1617 1194 1708 1224 facere
1725 1196 1770 1223 in-

979 1245 1111 1266 concusse
1129 1239 1282 1268 observari.
1311 1239 1344 1267 Et
1376 1245 1501 1268 teneatur
1538 1241 1665 1269 similiter
1698 1241 1768 1269 alius

978 1285 1069 1320 d‘ispo.

982 1331 1142 1359 carissimus
1157 1331 1229 1359 ﬁlius
1245 1337 1338 1360 noster
1361 1333 1488 1361 dominus
1512 1332 1619 1360 Manuel
1648 1332 1768 1361 Catacu-

979 1377 1067 1411 sinus,
1077 1385 1137 1405 cttm
1150 1378 1256 1405 venerit
1266 1378 1448 1413 coboperante
1456 1378 1510 1406 Deo
1525 1378 1562 1414 (υ)
1577 1379 1770 1407 Constantino-

983 1424 1050 1458 poli,
1064 1424 1156 1459 jnrare
1175 1426 1327 1456 attendere,
1339 1425 1477 1460 complere
1492 1429 1518 1452 et
1539 1425 1687 1453 observare
1710 1432 1769 1453 om-

983 1471 1027 1497 nia
1053 1475 1081 1498 et
1099 1471 1217 1505 singula,
1235 1475 1316 1505 prout
1331 1478 1391 1498 nos.
1406 1470 1439 1497 Et
1458 1479 1507 1505 per
1520 1472 1636 1498 similent
1657 1473 1768 1499 modum

980 1516 1045 1542 dicti
1063 1517 1175 1550 domini,
1191 1517 1319 1548 Oberlus,
1333 1516 1437 1549 Rat'fns,
1455 1515 1629 1548 Fredericrrs.
1653 1521 1678 1543 et
1695 1516 1768 1544 Lan-

980 1560 1101 1593 I'rancus,
1119 1562 1275 1589 nominibus
1299 1562 1427 1596 predictis
1439 1561 1600 1597 iuraverunt
1622 1563 1656 1589 ad
1672 1568 1766 1590 sancta

981 1606 1027 1634 Dei
1041 1607 1193 1642 evangelia,
1212 1607 1392 1642 corporaliter
1418 1607 1497 1634 tactis
1523 1608 1608 1636 sacris
1625 1613 1652 1635 et
1668 1609 1770 1635 sanctis

981 1651 1137 1686 scripturis,
1152 1656 1179 1679 et
1195 1652 1221 1679 in
1243 1652 1406 1679 animalibus
1426 1652 1492 1679 dicti
1506 1651 1609 1679 domini
1625 1653 1768 1680 Amtttirati

981 1701 1008 1723 et
1033 1697 1134 1724 domini
1171 1698 1251 1726 Ducis
1283 1703 1311 1726 et
1343 1699 1498 1726 communis
1533 1695 1646 1730 Janue.‘
1677 1699 1769 1727 omnia

981 1744 1135 1778 supradicta
1159 1749 1185 1772 et
1208 1744 1312 1780 singula
1342 1745 1444 1773 Itabere
1470 1749 1603 1779 perpetuo
1616 1744 1706 1778 ﬁrma,
1723 1753 1770 1772 ra-—

982 1793 1018 1821 ta,
1037 1794 1123 1823 grata,
1142 1794 1169 1817 et
1194 1790 1221 1817 in
1246 1790 1319 1817 nullo
1341 1790 1529 1817 contral‘acere
1546 1790 1590 1818 vel
1612 1791 1716 1824 venire,
1737 1791 1771 1818 de

978 1834 1039 1868 jure
1056 1836 1096 1862 vel
1124 1837 1156 1862 de
1188 1835 1268 1868 facto.
1285 1837 1366 1864 modo
1393 1837 1435 1863 vel
1453 1836 1570 1872 ingenio,
1589 1841 1616 1863 et
1644 1844 1675 1864 ea
1707 1845 1770 1864 cum

980 1880 1078 1907 cil'ectu
1099 1886 1126 1908 et
1147 1881 1206 1909 sine
1224 1882 1405 1909 diminutione
1424 1882 1572 1909 observare
1582 1886 1608 1909 et
1621 1882 1710 1909 facere
1729 1883 1769 1909 in-

981 1933 1113 1953 cuncusse
1133 1927 1273 1954 observari
1287 1935 1295 1953 :
1309 1928 1419 1961 etquod
1435 1932 1577 1954 teneantur
1599 1928 1664 1954 dicti
1683 1928 1770 1955 donti-

983 1979 1033 1998 nus
1065 1972 1251 2004 Ammiratns,
1273 1973 1375 2000 domini
1410 1973 1580 2000 Lanl'rancus
1607 1973 1767 2004 Cattaneus,

982 2015 1115 2043 Martinus
1135 2017 1168 2044 de
1187 2016 1292 2048 Mauro,
1322 2016 1471 2045 Cattaneus
1486 2017 1598 2052 Spinula
1629 2023 1656 2045 et
1683 2018 1769 2046 Anto-

983 2063 1054 2089 nius.
1072 2082 1079 2089 .
1096 2081 1103 2088 .
1123 2082 1129 2089 .
1148 2082 1155 2089 .
1172 2082 1179 2090 .
1199 2081 1206 2089 .
1221 2082 1227 2088 .
1244 2081 1251 2088 .
1267 2082 1275 2089 .
1294 2082 1301 2089 .
1317 2063 1540 2090 consiliariidicti
1553 2063 1769 2090 dominiAmnti-

982 2107 1152 2142 rati,jnrare
1178 2116 1285 2143 semper
1306 2108 1340 2135 ad
1371 2109 1538 2137 voluntatem
1554 2110 1664 2144 Imperii
1683 2111 1767 2137 nostri

985 2154 1125 2182 attendere
1136 2155 1226 2181 omnia
1236 2160 1263 2182 et
1278 2155 1383 2190 singula
1397 2161 1425 2182 ut
1437 2163 1519 2191 supra
1535 2165 1542 2183 :
1559 2163 1609 2184 nec
1620 2163 1673 2183 non
1686 2157 1767 2184 etiam

149 2205 234 2239 aliqua
254 2205 323 2230 bona
335 2203 513 2231 Ianuensium
526 2208 604 2237 capta
618 2210 665 2237 per
676 2202 821 2229 Gatalanos
833 2207 859 2228 et
875 2200 927 2228 Ve-
945 2204 970 2233 ι)
981 2199 1074 2234 jurent
1086 2200 1130 2226 isti
1144 2207 1251 2231 omnes,
1271 2201 1342 2234 quod
1358 2201 1485 2228 dominus
1499 2200 1556 2228 Dux
1569 2201 1661 2236 jurare
1675 2206 1767 2229 tenea-

149 2256 221 2277 uetus
239 2249 348 2277 vendita
364 2253 457 2276 essent
472 2255 592 2282 tempore
608 2256 705 2281 guerre
717 2247 848 2281 presentis
861 2246 930 2273 Gre-

149 2296 194 2328 cis,
210 2301 237 2322 et
254 2295 379 2322 similiter
407 2295 499 2329 aliqua
527 2295 596 2321 bona
611 2293 762 2321 Grecorum
788 2298 865 2327 capta
889 2292 930 2319 vel

150 2342 252 2369 vendita
266 2345 360 2369 essent
383 2340 579 2373 Januensibus,
609 2347 662 2373 que
680 2344 772 2367 essent
789 2339 929 2371 ammissa,

150 2395 196 2414 nec
211 2387 244 2414 de
256 2387 321 2422 ipsis
336 2386 452 2421 amplius
465 2386 522 2413 Iieri
536 2385 622 2420 possit
636 2384 780 2419 requisitio
791 2385 892 2419 aliqua.

182 2433 258 2464 Item,
271 2433 342 2465 quod
356 2432 447 2459 omnia
460 2433 574 2466 dampna
587 2432 649 2458 data
665 2435 786 2464 tempore
796 2431 932 2464 presentis

152 2486 243 2514 guerre
260 2484 287 2506 ct
303 2479 374 2506 facta
389 2487 437 2514 per
459 2483 609 2512 presentes,
624 2477 749 2504 videlicet
764 2485 810 2511 per
830 2477 932 2504 Grccos

153 2526 330 2554 Januensihus
344 2532 370 2553 et
383 2534 432 2561 per
451 2525 604 2553 Januenses
614 2523 720 2555 Grecis,
735 2524 790 2550 sint
804 2524 933 2556 remissa,

155 2582 201 2601 nec
212 2574 246 2601 de
262 2574 327 2607 ipsis
336 2573 491 2608 aliqualiter
504 2573 591 2606 possit
601 2571 659 2598 ﬁeri
685 2570 776 2605 aliqua
792 2570 933 2605 requisitio

155 2620 192 2648 vel
207 2620 365 2646 emendacio
381 2626 428 2646 seu
445 2618 593 2645 restitutio.

187 2666 249 2693 Item
268 2665 360 2692 extitit
384 2673 432 2699 per
449 2669 568 2699 pactum,
588 2665 622 2691 de
648 2663 701 2699 Syo
717 2668 744 2691 et
760 2663 843 2695 Folia,
861 2662 933 2697 quod

157 2712 294 2747 Imperium
307 2716 435 2738 nostrum
447 2711 543 2738 debeat
555 2711 649 2738 audire
660 2710 848 2737 ambaxatores
859 2716 933 2739 suos,

160 2758 214 2786 etsi
227 2758 279 2793 ipsi
304 2757 375 2784 dicet
396 2757 428 2791 (ι)
451 2755 569 2790 Imperio
584 2761 675 2784 nostro
693 2764 750 2783 rem
765 2763 816 2791 quc
830 2755 935 2790 placeat

189 2816 219 2850 (ι)
242 2815 322 2850 Lege.
336 2814 433 2841 dicent.

192 2847 227 2886 (ti)
243 2847 354 2877 Videtur
369 2848 471 2884 aliquid
493 2847 637 2877 excidisse.

984 2251 1028 2273 tur
1056 2246 1082 2273 iit
1100 2247 1238 2281 presentis
1259 2247 1456 2274 ambaxiatoris
1481 2249 1523 2274 vel
1552 2248 1768 2276 atnbaxiatorunt

983 2292 1094 2328 Imperii
1119 2293 1218 2325 nostri,
1247 2294 1319 2328 quod
1347 2293 1497 2327 prcdiclartt
1521 2301 1625 2328 pacem,
1652 2298 1729 2329 pacta
1741 2299 1768 2321 et

982 2340 1179 2366 eouvetttiones
1194 2344 1221 2366 et
1246 2339 1351 2374 singula
1368 2346 1448 2374 supra
1465 2339 1538 2366 dicta
1561 2340 1672 2368 habebit
1689 2345 1715 2367 et
1729 2345 1768 2367 le-

984 2385 1056 2412 nebil
1080 2385 1170 2416 ﬁrma,
1192 2391 1252 2412 rata
1281 2390 1310 2413 et
1328 2390 1415 2419 grata.
1440 2385 1480 2412 Ad
1506 2393 1620 2428 quorum
1646 2386 1766 2413 omnium

985 2431 1116 2458 cautelam
1134 2435 1160 2457 et
1175 2431 1342 2458 evidenciam
1367 2431 1514 2465 pleniorent
1533 2439 1645 2466 presens
1660 2433 1769 2466 privile-

985 2479 1057 2512 gium
1080 2477 1281 2514 sacratnentale
1296 2485 1378 2504 aurea
1402 2477 1473 2504 bulla
1496 2478 1629 2504 munitum
1660 2477 1768 2512 Imperii

987 2523 1072 2549 nostri
1086 2523 1142 2550 ileri
1157 2523 1301 2557 iussimus,
1314 2523 1490 2550 translactum
1504 2523 1531 2550 in
1542 2523 1628 2550 Greco
1638 2528 1664 2551 et
1674 2522 1769 2550 Latino

986 2568 1019 2596 de
1032 2572 1125 2596 nostro
1142 2569 1281 2601 mandato,
1297 2569 1493 2603 interpretante
1516 2574 1543 2597 et
1555 2570 1675 2597 dictante
1691 2569 1769 2595 {attri-

985 2615 1045 2642 Iiari
1066 2618 1170 2646 nostro,
1186 2622 1283 2649 magno
1309 2615 1456 2649 interprete
1472 2616 1579 2651 Imperii
1601 2616 1698 2647 nostri.
1721 2617 1769 2643 do-

986 2659 1060 2687 mino
1073 2658 1186 2686 Nicolao
1214 2659 1323 2694 Sagieo.
1343 2660 1439 2687 litteris
1459 2660 1550 2688 rubeis
1577 2669 1657 2687 manu
1675 2665 1768 2687 nostra

986 2705 1094 2740 propria
1107 2713 1182 2733 more
1192 2705 1274 2733 solito
1289 2706 1470 2740 subscriptum
1486 2711 1513 2734 ct
1527 2714 1608 2734 aurea
1624 2706 1697 2734 bulla
1710 2713 1770 2741 pre-

986 2751 1057 2779 dicta
1076 2750 1188 2779 inferius
1202 2759 1319 2787 appensa
1336 2751 1493 2779 roburatutn
1511 2753 1560 2788 (π).

1024 2809 1059 2844 (ιι)
1080 2808 1153 2836 Sauli
1172 2810 1234 2837 duo.

1024 2845 1063 2881 (π)
1083 2844 1182 2873 'I‘cnori
1194 2845 1274 2880 huius
1289 2844 1464 2873 instrumenti
1480 2844 1550 2880 apud
1563 2844 1636 2872 Sauli
1652 2845 1708 2873 lucc
1725 2853 1770 2872 ac-
