3970 6148
1268 346 1701 358 m
2530 345 2823 355 -—-..-‘--'—~

1000 794 2756 1006 BESSABIONIS

1464 1161 1936 1225 CARDINALIS
1975 1163 2266 1227 NlCiﬁNI

226 1356 771 1524 VITA,
826 1358 1519 1477 manus
1573 1353 2375 1514 GESTIS,
2449 1350 3484 1512 scrupus,

1216 1641 2365 1762 COMMENTARIUS

612 2093 1119 2147 Βιιπειητιεεωο
1163 2100 1239 2149 ΔΟ
1276 2098 1829 2145 Βενειλεηυιεεωο
1865 2097 2138 2146 PRINCIPI

1523 2098 1829 2145 ιΝυιεειιιο
1865 2097 2138 2146 PRINCIPI
2182 2095 2457 2142 ωδεηο
2500 2094 2719 2141 ΠΑΚΙΕ
2761 2095 3091 2140 CASTELLIO

261 2244 494 2292 TITULI
538 2247 591 2290 So
636 2247 851 2294 ALKXII
890 2248 1295 2295 ΡιεεΒΠ-Εῐιο
1338 2249 1677 2295 CARDINALI
1719 2248 1798 2295 ET
1843 2249 2053 2294 SACRB
2092 2246 2403 2293 CONGREG.
2451 2246 2535 2291 DE
2574 2246 2839 2293 PROPAG.
2896 2247 3041 2290 FIDE
3083 2246 3420 2290 PR/EFECTl

1274 2398 1576 2444 ALOYSIUS
1620 2397 1966 2443 BANDRNIUS
2009 2395 2287 2441 FELICITA
2295 2395 2419 2439 TEM
2429 2425 2442 2438 .

293 2528 501 2609 Smpe'
532 2527 932 2612 multumque
962 2545 1200 2611 anceps
1226 2528 1351 2607 fui,
1399 2527 1745 2594 cardinalis
1771 2528 2185 2610 amplissime,
2215 2532 2430 2591 utrum
2464 2526 2577 2589 tibi
2613 2523 2905 2587 libellum
2939 2522 3112 2586 hunc
3149 2539 3362 2586 meum
3395 2522 3496 2584 or-

219 2624 453 2691 l‘errem
490 2635 734 2709 tuoque
748 2630 993 2711 judicio
1026 2647 1278 2693 summe
1318 2631 1651 2710 probatum
1689 2630 1861 2710 typis
1896 2629 2318 2710 evulgandum
2352 2629 2849 2693 committerem.
2893 2627 3174 2689 Verebar
3203 2625 3374 2688 enim
3411 2643 3492 2687 ne

218 2727 634 2808 importunus
666 2729 864 2810 magis
896 2747 1089 2810 quam
1128 2730 1455 2795 ofﬁciosus
1483 2748 1716 2805 essem,
1754 2731 1809 2794 si
1846 2738 1988 2795 tuas
2014 2732 2245 2794 multas
2281 2729 2737 2811 occupationes
2772 2733 2835 2790 et
2863 2728 3071 2791 studia
3102 2725 3491 2806 gravissima

216 2824 731 2909 interpellarem,
766 2831 1001 2910 quibus
1030 2828 1226 2894 eﬂicis
1256 2839 1321 2894 ut
1355 2832 1464 2913 qui
1508 2818 1810 2896 virtutem
1852 2832 2079 2921 colunt
2120 2850 2314 2896 unum
2346 2839 2406 2896 te
2441 2831 2721 2895 maxime
2762 2830 3056 2898 omnium
3088 2829 3492 2895 admirentur

210 2948 287 2995 ac
320 2933 611 2998 laudent.
646 2936 784 2997 Duo
817 2934 969 2999 mihi
1001 2943 1209 3000 tamen
1241 2936 1522 3001 audendi
1577 2954 1973 3020 omnemque
2012 2938 2512 3019 suspensionem
2546 2956 2618 3002 ac
2666 2954 2907 3001 moram
2944 2936 3377 3017 abrumpendi
3422 2937 3491 2999 iu

212 3050 411 3100 'causa
448 3039 654 3103 luere.
691 3037 964 3103 Primum
1024 3038 1391 3104 humanitas
1430 3050 1534 3105 tua
1579 3041 1954 3124 singularis,
1986 3059 2131 3125 qum
2175 3042 2337 3107 nihil
2367 3061 2635 3124 parvum
2669 3042 2909 3108 fastidit
2955 3048 3494 3124 aspernaturque,

226 3141 338 3203 sed
372 3155 632 3219 magnas
668 3140 910 3221 ingenii
943 3159 1110 3223 epes
1137 3150 1207 3206 ut
1244 3142 1503 3223 plurimi
1526 3144 1703 3221 facit,
1746 3144 1839 3209 sic
1877 3144 2162 3209 modicas
2193 3144 2563 3234 tenuesque
2586 3160 2706 3209 suo
2739 3144 2927 3208 habet
2958 3145 3026 3207 in
3063 3146 3269 3223 pretio
3295 3153 3492 3226 atque

220 3239 509 3318 hamore;
544 3242 771 3308 deinde
804 3243 1026 3318 alium,
1063 3244 1236 3325 quod
1268 3246 1456 3310 video
1486 3244 1812 3310 neminem
1848 3244 1955 3325 qui
1989 3243 2255 3325 prepius
2291 3237 2844 3326 vestigia‘premat
2871 3263 3246 3325 morumque
3273 3264 3495 3311 exem-

225 3348 324 3425 pla
362 3346 655 3410 imitetur
686 3345 1087 3410 celeberrimi
1121 3346 1427 3412 antistitis
1477 3348 1657 3428 cujus
1696 3363 1795 3410 res
1831 3357 2041 3429 gestas
2070 3352 2132 3409 et
2162 3346 2346 3410 vitam
2381 3348 2449 3409 ill
2463 3348 2797 3411 ustrandas
2819 3350 3101 3429 suscepi.
3140 3349 3483 3432 Equidem.

219 3458 287 3513 ut
314 3448 421 3511 ille
454 3467 526 3513 se
565 3454 764 3511 totum
813 3449 896 3512 ad
949 3448 1255 3513 Ecclesiae
1278 3450 1476 3513 decus
1504 3456 1567 3511 et
1608 3449 1699 3510 rei
1736 3448 2110 3512 Christiana;
2141 3450 2397 3514 tutelam
2418 3450 2811 3530 composuit,
2849 3450 2959 3538 ita,
3005 3453 3297 3516 omnium
3332 3470 3487 3517 sen-

222 3552 437 3629 tentia,
472 3560 542 3613 tu
575 3564 841 3630 quoque
876 3548 1145 3628 vigilias,
1177 3566 1388 3624 curas,
1419 3549 1671 3615 labores
1708 3549 1779 3612 in
1803 3547 1925 3613 hoc
1971 3551 2161 3615 unice
2192 3551 2512 3632 impendis
2543 3560 2612 3615 ut
2646 3550 2830 3615 Sedis
2860 3554 3245 3632 Apostolicm
3274 3555 3487 3636 digni-

218 3657 339 3730 tas,
372 3661 467 3718 tot
507 3665 827 3716 concussa
873 3649 1200 3730 procellis,
1232 3651 1297 3712 in
1328 3666 1446 3713 suo
1476 3648 1679 3730 gradu
1715 3651 2048 3729 consistat,
2088 3658 2286 3732 utque
2318 3652 2565 3733 religio,
2601 3670 2790 3735 quam
2822 3663 3052 3719 nostro
3083 3654 3205 3721 hoc
3242 3661 3483 3723 saeculo

220 3754 495 3818 novandi
534 3747 777 3826 cupide
807 3747 1425 3829 pseudophilosophi
1470 3748 1731 3831 quidam
1774 3758 1964 3833 atque
1994 3750 2268 3830 improbi
2300 3751 2600 3816 homines
2640 3754 2982 3832 lacessunt,
3011 3773 3140 3830 non
3172 3758 3491 3824 modoin-

220 3866 376 3924 tacta
409 3861 804 3939 permaneat,
832 3852 942 3917 sed
982 3851 1351 3934 longinquis
1379 3850 1568 3915 etiam
1602 3854 1669 3916 in
1700 3854 1885 3917 terris
1917 3861 1980 3917 et
2009 3872 2213 3936 usque
2240 3856 2316 3917 ad
2357 3863 2678 3919 extremos
2704 3858 2937 3922 Oceani
2967 3861 3211 3926 accolas
3234 3860 3488 3925 felicius

217 3964 539 4045 germinet
569 3962 885 4042 latiusque
919 3956 1206 4021 virescat.
1237 3956 1331 4017 De
1349 3960 1441 4016 tot
1471 3954 1807 4017 virtutibus
1836 3973 1984 4037 qua;
2013 3956 2125 4019 tibi
2147 3957 2507 4021 uberrimos
2544 3960 2761 4037 gloriae
2793 3961 3035 4025 fructus
3052 3964 3179 4044 jam
3205 3967 3485 4045 pariunt,

228 4066 383 4146 quid
422 4061 772 4146 proferam,
800 4071 1046 4140 quaso,
1079 4055 1253 4137 quod
1288 4051 1440 4117 huic
1469 4053 1652 4116 almae
1678 4056 1964 4133 ignotum
1997 4072 2117 4119 nec
2170 4057 2355 4135 plane
2389 4067 2788 4135 perspectum
2838 4061 2921 4123 sit
2957 4062 3146 4128 urbi?
3193 4067 3490 4132 Tuamne

217 4176 723 4228 commemorem
756 4160 822 4222 in
857 4161 1058 4222 Deum
1094 4156 1421 4238 pietatem,
1462 4161 1524 4218 et
1550 4156 1814 4219 en‘usam
1879 4156 1946 4221 in
1987 4156 2251 4221 miseros
2292 4164 2355 4221 et
2384 4166 2645 4240 egentes
2698 4166 2826 4223 tam
2862 4165 3096 4229 multos
3130 4165 3477 4233 liberalita-

219 4264 384 4330 tem?
412 4271 510 4328 An
543 4280 691 4327 vero
726 4261 1126 4344 prudentiam
1157 4256 1478 4331 extollam,
1527 4257 1951 4338 integritatem
2012 4267 2073 4323 et
2120 4261 2492 4324 modestiam
2555 4262 2689 4326 viro
2730 4266 3168 4332 ecclesiastico
3201 4270 3486 4351 dignam,

221 4385 346 4447 qua
379 4365 660 4431 lautitias
690 4379 914 4427 omnes
938 4378 1012 4423 ac
1037 4358 1153 4423 αονὶ
1198 4358 1460 4422 delicias
1490 4378 1523 4421 a
1549 4366 1608 4422 te
1641 4363 1827 4439 longe
1876 4361 2135 4441 tuisque
2176 4361 2417 4425 mdibus
2446 4361 2807 4435 eliminatas
2834 4368 3308 4448 cdnspicimus?
3338 4374 3485 4441 Dies

220 4468 373 4533 mihi
408 4469 604 4532 citius
631 4481 820 4548 quem
862 4464 1065 4527 laudis
1092 4462 1360 4525 materia
1390 4460 1669 4536 deﬁciat,
1697 4462 1749 4524 si
1801 4468 2106 4543 quantum
2137 4464 2443 4529 doctrinm
2498 4466 2728 4531 merito
2758 4469 3018 4535 excellis
3047 4464 3237 4558 atque
3286 4477 3484 4542 animi

222 4569 591 4651 ρι-ωει-ιηιίει
633 4567 817 4630 velim
853 4580 1246 4646 percurrere,
1293 4580 1411 4626 nec
1451 4564 1574 4626 mei
1613 4570 1855 4641 partem
1906 4564 2198 4644 obsequii
2241 4567 2569 4631 silentium
2618 4570 3001 4635 existimem.
3036 4576 3188 4648 Qum
3223 4570 3490 4644 eum'ita

222 4673 372 4748 sint,
408 4689 524 4734 oro
550 4677 637 4744 te,
678 4671 974 4748 princeps
1007 4664 1532 4739 eminentissime,
1575 4672 1645 4727 ut
1682 4682 1805 4746 qua
1836 4666 2230 4745 benignitate
2286 4687 2385 4733 me
2441 4672 2745 4753 prosequi
2792 4673 3019 4738 solitus
3048 4692 3140 4755 es,
3170 4680 3391 4744 eadem
3424 4698 3488 4747 ct

224 4775 401 4837 hunc
427 4773 734 4854 ingenioli
760 4771 885 4835 mei
914 4769 1111 4833 fetum
1141 4770 1426 4849 excipias
1448 4776 1688 4849 tuoque
1728 4768 2078 4859 patrocinio
2111 4768 2323 4836 faveas
2351 4781 2543 4856 atque
2566 4783 2907 4843 sustentes".
2944 4780 3013 4843 ld
3051 4780 3210 4844 mihi
3238 4782 3291 4845 si
3326 4801 3487 4865 prm-

225 4890 382 4955 stas,
415 4889 480 4955 et
509 4896 620 4959 pro
653 4887 761 4943 tuo
787 4878 1020 4942 eximio
1056 4878 1250 4941 facies
1288 4879 1354 4939 in
1401 4893 1534 4939 rem
1593 4874 1961 4938 litterariam
1992 4876 2231 4952 studio,
2264 4880 2519 4961 tuisque
2551 4882 2970 4962 amplissimis
3001 4882 3067 4946 in
3105 4901 3205 4948 me
3237 4885 3480 4950 benefi-

228 4989 341 5052 ciis
366 4970 600 5051 11on
637 4984 810 5049 hunc
839 4982 1169 5049 cumulum
1206 4989 1399 5064 atque
1430 4987 1872 5043 ornamentum
1902 4978 2236 5060 adjunges.

308 5156 549 5227 Romm,
582 5169 659 5215 cx
696 5151 937 5214 mdibus
970 5167 1162 5215 sacrae
1190 5148 1416 5228 Congr.
1472 5148 1557 5212 De
1613 5162 1874 5229 prepag.
1914 5147 2059 5225 tida,
2107 5150 2313 5228 prirlie
2364 5152 2525 5217 Non.
2571 5154 2832 5235 Augusti
2873 5154 3041 5241 1777,

302 5344 366 5410 (ο)
392 5341 709 5397 nonat-171.
743 5346 811 5401 ι’.

564 5824 830 5887 Parnm.
889 5812 1004 5884 Gn.
1044 5810 1256 5877 CLXI.
3052 5838 3097 5884 α

1821 6059 1883 6113 ίζῖ
1908 6060 2069 6113 ἵζ’τῆ
