3972 6164
463 282 597 335 ικηι

470 388 796 444 cbianorutn
847 385 1017 457 prad.
1062 384 1366 441 animarum
1411 388 1570 442 saluti
1615 389 1792 454 valeat
1829 388 2064 444 salubri-

473 489 556 535 ter
583 478 882 552 provideri,
937 493 1003 535 ac
1041 494 1242 535 mensa:
1266 481 1579 548 capitularis
1610 481 1769 537 dicta:
1804 483 2055 548 basilicae,

471 573 516 626 si
567 587 673 642 qua
725 571 818 636 sit,
865 571 1160 638 fructuum,
1216 572 1524 626 reddituum
1579 588 1642 626 ac
1684 581 2050 640 proventuum

466 679 624 720 veros
691 663 910 721 valeres
966 679 1177 720 annuos
1227 665 1581 734 praesentibus
1628 682 1723 736 pro
1775 666 2057 736 expressis

464 757 748 822 habentes,
804 757 910 812 tuis
956 757 1012 811 in
1059 761 1159 811 hac
1188 768 1339 826 parte
1366 759 1858 828 supplicationibus
1899 760 2056 813 incli-

467 849 599 912 nati,
649 848 1130 917 circumspectioni
1180 861 1285 905 tua:
1322 852 1650 905 auctoritate
1701 861 1885 906 nostra
1922 867 2056 921 prae-

465 943 632 1006 dicta,
679 945 1070 998 canonicurum
1117 953 1170 998 et
1206 945 1617 1013 prtebendarum
1656 961 1938 1000 numerum
1990 948 2054 999 ad

466 1049 762 1087 numerum
809 1047 1050 1104 quatuor
1104 1037 1394 1090 reducendi
1427 1053 1489 1091 ac
1514 1040 1788 1093 statuendi
1826 1041 2055 1094 etordi-

467 1126 666 1192 nandi,
725 1129 868 1197 quod
923 1141 1176 1185 vacantes
1236 1129 1515 1198 praedicti,
1575 1143 1625 1185 et
1682 1142 1794 1186 tres
1843 1133 1930 1186 alii
2008 1135 2051 1186 si

463 1229 665 1273 vacant
697 1219 762 1274 ad
801 1236 1061 1288 praesens,
1096 1222 1179 1276 vel
1223 1238 1360 1292 quos
1393 1225 1568 1293 primo
1595 1239 1789 1278 vacare
1813 1226 2055 1292 conlige.

466 1311 555 1375 rit,
587 1311 840 1380 personis
873 1312 924 1364 in
960 1314 1279 1380 sacerdotio
1327 1315 1637 1370 constitutis
1662 1333 1779 1386 qure
1808 1318 1944 1384 apud
1971 1320 2052 1370 di-

464 1413 606 1457 ctam
657 1404 937 1459 basilicam
987 1407 1350 1473 personaliter
1392 1408 1634 1463 residere
1680 1409 1864 1480 illique
1893 1411 1942 1463 in
1972 1412 2052 1463 di-

460 1493 607 1548 vinis
654 1494 967 1562 huiusmodi
1037 1496 1315 1551 deservire
1372 1513 1436 1552 ac
1494 1513 1679 1552 curam
1738 1500 2049 1564 prmdictam

461 1599 650 1650 gerere
679 1594 734 1639 et
755 1599 1012 1640 exercere
1037 1587 1298 1640 continuo
1319 1597 1626 1642 teneantur.
1655 1586 1902 1656 Alioquin
1933 1603 2037 1641 non

464 1679 761 1734 residentes
809 1688 861 1732 ct
922 1695 1024 1731 non
1071 1677 1463 1744 deservieutes,
1515 1696 1578 1734 ac
1625 1696 1809 1734 curam
1865 1680 2047 1748 hujus-

463 1772 603 1825 modi
657 1787 761 1826 non
808 1781 1145 1833 exercentes,
1196 1781 1252 1825 ut
1295 1772 1602 1840 praefertur,
1629 1774 2044 1827 canonicatibus

460 1872 514 1914 et
543 1864 846 1928 pra'bcndis
878 1879 970 1932 per
993 1879 1086 1916 eos
1113 1863 1349 1918 obtentis
1383 1864 1655 1933 praedictis
1684 1866 1876 1934 privati
1921 1867 2046 1930 sint,

462 1955 646 2024 illique
687 1969 881 2010 Vacare
926 1965 1252 2010 censeantur
1279 1970 1344 2009 eo
1374 1956 1510 2024 ipso,
1547 1957 1610 2010 de
1639 1965 1833 2011 caetero
1862 1973 2052 2026 perpe-

461 2047 570 2103 tuis
619 2049 817 2102 futuris
868 2049 1204 2118 temporibus
1257 2048 1648 2112 conferantur,
1700 2066 1762 2102 ac
1815 2051 2052 2120 reliquos

459 2157 525 2195 ex
563 2141 778 2206 eisdem
826 2141 1239 2196 canunicatibus
1285 2153 1336 2195 et
1391 2143 1696 2210 praebendis
1743 2160 1904 2214 quam
1933 2147 2049 2215 pri-

460 2249 606 2288 mum
673 2233 791 2289 illos
858 2236 1020 2289 simul
1075 2235 1156 2289 vel
1207 2235 1516 2290 successive
1562 2250 1657 2305 per
1690 2251 1899 2290 cessum
1958 2248 2050 2291 aut

459 2329 745 2383 decessum
797 2328 916 2383 illos
965 2328 1334 2382 obtinentium
1365 2372 1378 2395 ,
1447 2343 1544 2382 seu
1602 2329 1721 2382 aliis
1769 2330 2051 2398 quibusvis

457 2420 635 2475 modis
680 2435 876 2476 vacare
915 2421 1234 2490 contigerit,
1270 2420 1480 2474 etiamsi
1525 2435 1716 2476 omnes
1755 2425 2052 2476 canOaica-

459 2522 548 2567 tus
598 2522 653 2568 et
697 2513 998 2581 praebenda:
1053 2514 1136 2568 vel
1175 2529 1364 2569 eorum
1415 2513 1581 2584 aliqui
1611 2515 1922 2583 specialiter
1956 2529 2050 2569 seu

455 2607 788 2674 generaliter
843 2607 1184 2672 dispositioni
1234 2607 1544 2679 apostolica:
1595 2609 1855 2664 reservati
1901 2608 2052 2662 essi-

457 2707 632 2763 stant,
663 2700 1029 2767 supprimendi
1064 2702 1280 2769 penitus
1311 2711 1366 2754 et
1397 2701 1799 2771 exstinguendi;
1834 2716 1896 2756 ac
1925 2703 2051 2756 sub-

458 2803 749 2857 sequenter
780 2800 972 2853 terras,
996 2792 1142 2860 jura,
1169 2791 1541 2861 possessiones
1565 2802 1616 2845 et
1639 2792 1777 2847 bona
1803 2808 2053 2863 suppres-

457 2897 642 2935 sorum
694 2887 1108 2936 canonicatunm
1163 2894 1216 2936 et
1270 2885 1687 2953 prmbendarum
1745 2885 2050 2955 bujusmodi

456 2975 613 3028 dicta:
669 2991 896 3038 mensm,
952 2977 996 3030 si
1046 2992 1148 3045 qua
1187 2979 1295 3042 sit,
1329 2978 1568 3048 alio1uin
1600 2981 1663 3032 de
1689 2995 1832 3032 nota
1867 2996 1960 3048 per
2003 2991 2053 3035 te

456 3067 804 3122 inStituendze
845 3084 938 3138 pro
973 3070 1308 3138 quotidiauis
1364 3071 1838 3126 distributionibus
1906 3073 2047 3128 inter

456 3153 752 3226 canonicos
779 3173 829 3216 et
864 3163 1174 3229 capelianns
1203 3164 1443 3232 ejusdem
1480 3165 1716 3219 basilica:
1749 3167 1798 3219 in
1828 3167 1916 3219 illa
1943 3165 2032 3220 di-

457 3256 596 3309 vinis
631 3254 823 3308 ollieiis
849 3256 1239 3310 interessentcs
1267 3257 1657 3312 distribuendis
1687 3273 1808 3311 cum
1840 3275 2034 3313 eorum

457 3351 746 3412 fructibus,
796 3349 1094 3404 rcdditibus
1148 3364 1208 3403 ac
1247 3351 1627 3419 proventibus,
1661 3351 2048 3423 aliisqucjuri-

456 3441 560 3496 bus
593 3451 645 3496 et
675 3442 1022 3507 pertinentiis
1061 3443 1176 3496 suis
1205 3443 1255 3494 in
1291 3450 1620 3512 perpetuum
1651 3445 1893 3513 uniendi,
1939 3461 2041 3500 an-

458 3537 731 3599 nectendi,
765 3536 1066 3604 applicandi
1123 3546 1174 3589 et
1227 3538 1562 3606 approbandi
1589 3579 1602 3602 ,
1657 3555 1868 3594 necnon
1902 3544 2044 3609 quod

460 3629 701 3693 interim,
725 3641 1011 3697 quousque
1036 3627 1276 3695 reductio
1312 3637 1366 3681 et
1395 3628 1498 3682 alia
1535 3631 1841 3698 praemissa.
1879 3633 1920 3686 si
1951 3647 2046 3698 per

458 3731 511 3772 te
559 3717 708 3783 ﬁent,
764 3718 1002 3772 debitum
1056 3717 1356 3770 sortiantur
1404 3717 1676 3785 effectum,
1725 3722 1946 3790 quilibet
1981 3739 2046 3778 ex

460 3809 621 3862 dictis
646 3807 925 3861 canonicis
957 3808 1095 3875 apud
1129 3806 1408 3875 prwfatam
1440 3809 1732 3866 basilicam
1766 3829 1869 3865 non
1906 3817 2048 3866 resi-

460 3901 743 3965 dentibus,
798 3911 850 3954 ct
895 3900 948 3954 in
1003 3901 1091 3953 illa
1125 3901 1320 3954 divinis
1358 3899 1551 3958 officiis
1579 3903 1896 3974 lmjusmodi
1938 3923 2043 3958 non

467 3996 920 4049 interesscntibus
950 4009 1112 4048 unam
1147 3995 1410 4050 duntaxat
1442 3999 1729 4065 percipiat,
1774 4000 1880 4052 alia
1916 4016 2046 4054 vero

467 4090 731 4144 medietas
771 4104 990 4143 suorum
1048 4091 1464 4144 canonicatuum
1526 4092 1681 4162 117
1715 4105 1768 4148 et
1802 4097 2048 4164 pmbea-

459 4187 648 4237 darum
682 4183 994 4252 liujusmodi
1028 4183 1183 4236 dicite
1213 4199 1412 4238 mensa:
1439 4199 1538 4253 pro
1566 4179 2047 4242 distributionibus

459 4274 699 4345 praefatis
723 4275 1072 4345 assignetur,
1100 4279 1355 4346 quodque
1392 4278 1572 4331 nullus
1616 4292 1680 4331 ex
1723 4280 1926 4334 eisdem
1960 4297 2051 4333 ca-

460 4369 671 4424 nonicis
698 4369 761 4422 de
789 4370 1062 4438 praedictis
1094 4385 1187 4424 seu
1218 4371 1340 4424 aliis
1365 4371 1856 4425 distributionibus
1879 4375 2049 4444 ipsius

457 4461 715 4529 basilicar,
748 4463 960 4516 etiamsi
1014 4462 1101 4515 illa
1154 4463 1203 4517 in
1247 4463 1621 4519 oblationibus
1667 4482 1758 4519 seu
1787 4465 1907 4520 aliis
1932 4467 2050 4534 qui-

458 4555 780 4624 buscunque
822 4556 1147 4620 consistant,
1182 4573 1280 4626 pro
1327 4557 1627 4612 rcsidentia
1669 4572 1760 4610 seu
1816 4558 2052 4612 interes-

459 4651 635 4705 sentia
683 4650 914 4718 alicujus
958 4649 1063 4702 diei
1093 4649 1294 4718 aliquid
1326 4650 1606 4718 percipere
1639 4651 1829 4718 possit,
1867 4652 1966 4703 nisi
1995 4652 2048 4706 in

460 4742 648 4796 eadem
705 4741 928 4794 basilica
973 4755 1068 4807 per
1115 4749 1512 4794 totumanuum
1547 4742 1897 4795 residentiam
1930 4750 2053 4811 per-

460 4835 701 4890 sonalem
749 4832 943 4888 fecerit
991 4844 1043 4888 et
1090 4835 1141 4887 in
1179 4849 1242 4887 ea
1289 4835 1488 4888 divinis
1521 4834 1832 4902 lmjusmodi
1887 4837 2051 4892 inier-

462 4929 651 4990 l'uerit,
679 4940 740 4979 ac
775 4925 961 4978 omnia
995 4935 1046 4977 ct
1079 4925 1291 4993 singula
1330 4925 1435 4978 alia
1472 4925 1615 4978 circa
1651 4928 1929 4994 praemissa
1956 4945 2051 4984 nc-

462 5019 706 5074 cessaria
728 5059 743 5084 ,
782 5033 880 5072 seu
911 5018 1328 5086 quomodolibet
1362 5027 1667 5084 opportuna
1696 5059 1709 5082 ,
1748 5023 2046 5087 statuendi,

462 5113 774 5176 ordinandi,
802 5112 1150 5172 decernendi,
1183 5110 1412 5164 faciendi
1440 5120 1496 5163 et
1521 5116 1852 5182 exsequendi
1877 5131 1892 5179 ;
1922 5129 2052 5169 cou-

468 5206 795 5260 tradictores
832 5219 1050 5273 quoque
1091 5217 1188 5271 per
1219 5217 1506 5257 censuram
1537 5206 1965 5262 ecclesiasticam
1997 5218 2050 5262 et

466 5302 570 5355 alia
625 5300 763 5369 juris
806 5300 1069 5362 remedia,
1117 5297 1479 5367 appellatione
1539 5303 1861 5369 postposita,
1903 5319 2050 5356 com-

467 5395 725 5466 pescendi
781 5394 994 5461 plenam
1023 5403 1077 5447 et
1122 5389 1349 5447 liberaui
1392 5395 1717 5449 auctoritate
1755 5398 2051 5463 apostolica

469 5501 656 5542 tenore
715 5485 1063 5555 prmsentium
1124 5487 1474 5543 concedimus
1525 5486 1836 5542 facultatem
1880 5506 1894 5544 :
1942 5506 2051 5546 non

468 5579 815 5634 obstantibus
850 5577 1266 5649 quibuscunque
1295 5580 1781 5636 constitutionibus
1817 5593 1870 5638 et
1904 5585 2054 5639 ordi-

469 5669 785 5725 nationibus
836 5669 1190 5739 apostolicis,
1246 5687 1309 5727 ac
1369 5673 1546 5737 dictae,
1587 5673 1835 5730 basilicae
1899 5679 2054 5746 jura-

469 5772 692 5830 mento,
729 5761 1141 5821 confirmatione
1183 5767 1523 5836 apostolica,
1578 5765 1661 5824 vel
1714 5769 1903 5839 quavis
1958 5771 2050 5825 tir-

1262 270 1360 332 DE
1395 267 1578 333 VlTA
1617 270 1716 332 ΕΤ
1757 273 2014 334 REBUS
2047 270 2322 335 GESTlS
2359 273 2866 336 BESSARIONIS

3625 281 3758 325 ιχιν

2170 392 2357 447 unitate
2409 393 2510 446 alia
2566 391 2883 454 roboretis,
2951 389 3178 446 statutis
3227 397 3285 444 et
3339 389 3756 445 consuetudini-

2167 485 2304 547 bus,
2356 485 2570 540 etiamsi
2627 487 2693 538 de
2737 484 2849 541 illis
2879 499 3182 554 eorumque
3212 482 3342 538 totis
3372 479 3657 538 tenoribus
3689 479 3756 534 de

2168 574 2333 628 Verbo
2393 577 2462 630 ad
2530 576 2751 630 verbum
2805 575 2858 630 in
2903 574 3262 645 praesentibus
3310 571 3559 628 habenda
3616 570 3756 625 feret

2169 669 2390 731 mentio,
2437 668 2637 736 quibus
2679 667 2954 731 omnibus,
2993 665 3128 719 alias
3163 665 3216 718 in
3253 675 3353 717 suo
3392 664 3594 717 robore
3626 673 3757 731 per-

2167 761 2458 824 mansuris,
2513 759 2779 826 derogare
2834 757 3166 812 intendimus
3211 765 3263 811 et
3305 754 3628 823 derogamus
3656 765 3757 822 per

2168 860 2494 920 praesentes.
2541 853 2864 922 privilegiis,
2917 851 3107 921 gratiis
3139 860 3194 906 et
3240 847 3465 904 indultis
3512 841 3581 900 de
3632 858 3760 913 por-

2166 943 2428 1010 cipiendis
2472 945 2739 999 fructibus
2787 947 2841 999 in
2893 943 3138 998 absentia
3186 941 3487 1012 prtnset'lim
3518 937 3758 1008 patriar-

2165 1033 2401 1087 citalium
2459 1035 2817 1088 coclesiarum
2873 1037 2938 1090 tle
2995 1035 3134 1088 dicta
3177 1033 3308 1088 urbe
3349 1030 3756 1099 canetticispro

2168 1133 2406 1188 tempore
2456 1124 2846 1179 exsistentibds
2903 1141 2998 1193 per
3051 1123 3252 1181 sedenr
3285 1123 3646 1194 apostolicam
3691 1120 3752 1174 in

2165 1214 2346 1280 specie
2399 1229 2491 1269 seu
2525 1217 2574 1268 iu
2613 1231 2810 1286 genere
2840 1217 3137 1283 concessis,
3165 1216 3495 1285 caeteris-que
3528 1222 3758 1268 contu-

2165 1306 2261 1358 riis
2308 1306 2746 1375 quibuscunque.
2781 1309 2887 1361 Aut
2911 1307 2954 1360 si
2992 1305 3158 1376 aliqui
3192 1304 3492 1374 apostolica
3521 1299 3606 1357 vel
3645 1301 3754 1356 alia

2164 1399 2358 1466 quavis
2402 1401 2725 1454 auctoritate
2775 1401 2828 1452 in
2870 1377 3016 1453 dicta
3071 1398 3292 1453 basilica
3349 1397 3398 1450 in
3451 1385 3753 1450 canonicos

2164 1492 2270 1546 sint
2304 1497 2531 1563 recepti,
2568 1494 2650 1546 vel
2683 1505 2740 1547 ut
2777 1493 3110 1562 recipiantur
3150 1491 3431 1556 insistant,
3465 1503 3558 1543 seu
3585 1497 3754 1557 super

2164 1585 2560 1651 provisionibus
2607 1587 2711 1641 sibi
2793 1585 3055 1640 faciendis
3111 1586 3180 1640 de
3226 1582 3751 1638 canonicatibus.et

2162 1677 2468 1743 pnebendis
2517 1678 2684 1747 ipsius
2721 1677 2958 1733 basilica:
2985 1675 3271 1748 speciales,
3304 1678 3386 1727 vel
3423 1673 3544 1728 aliis
3578 1674 3749 1727 bene-

2164 1769 2301 1823 liciis
2333 1771 2726 1826 ecclesiasticis
2765 1773 2812 1825 in
2848 1771 2954 1824 iliis
3001 1770 3246 1841 partibus
3275 1769 3556 1837 generales
3589 1768 3750 1822 dictae

2163 1879 2220 1917 se
2244 1865 2305 1917 iis
2334 1863 2410 1916 vel
2444 1864 2738 1933 legatorum
2770 1865 3112 1933 impetrarim
3141 1865 3373 1928 litteras,
3405 1860 3623 1917 etiamsi
3651 1875 3750 1928 per

2161 1971 2256 2010 eas
2302 1958 2366 2007 ad
2423 1956 2824 2018 inbibitionem,
2887 1955 3310 2010 reservationem
3352 1965 3407 2011 et
3441 1956 3746 2019 decretum,

2162 2049 2241 2101 vel
2296 2049 2414 2102 aliis
2451 2050 2852 2118 quomodolibet
2892 2051 2962 2103 sit
2995 2050 3309 2116 provisum;
3342 2065 3478 2119 quas
3517 2051 3742 2119 quidem

2163 2140 2370 2193 litteras
2416 2148 2470 2193 et
2519 2153 2804 2206 processus
2847 2139 3059 2193 habitos
3094 2152 3190 2208 per
3219 2137 3475 2201 easdem‘,
3532 2155 3746 2194 necnon

2161 2246 2498 2303 qumcunqne
2531 2233 2655 2284 inde
2695 2239 2903 2294 secuta,
2930 2233 2994 2286 ad
3030 2232 3384 2286 canonicalus
3414 2242 3468 2285 et
3490 2233 3744 2302 praeben-

2164 2328 2261 2378 das
2321 2321 2628 2392 bujusmodi
2686 2323 2936 2380 volumus
2983 2340 3088 2380 non
3132 2324 3375 2392 extendi,
3407 2325 3500 2379 sed
3537 2325 3744 2380 nullum

2163 2433 2256 2485 per
2285 2417 2387 2471 boc
2428 2417 2506 2472 eis
2560 2416 2751 2488 quoad;
2791 2418 3189 2473 assecutionem
3237 2419 3659 2476 canonicatuum
3691 2430 3746 2475 et

2163 2511 2570 2578 praabendarum
2629 2520 2725 2564 aut
2781 2511 3166 2566 benellcinrum
3209 2495 3441 2567 aliorum
3488 2496 3745 2583 pra'judi;

2162 2601 2305 2654 cium
2363 2603 2657 2671 generari;
2730 2617 2944 2657 necnon
3008 2603 3341 2672 quibuslibet
3405 2602 3527 2660 aliis
3579 2604 3747 2676 privi-

2165 2695 2319 2763 legiis
2344 2734 2358 2758 ,
2399 2693 2748 2764 indulgentiis
2782 2705 2832 2750 et
2883 2695 3077 2750 litteris
3113 2695 3428 2765 apostolicis
3467 2699 3743 2766 generali-

2164 2789 2262 2839 bus
2312 2784 2392 2838 vel
2433 2784 2758 2852 specialibus
2812 2799 3266 2854 quorumcunque
3318 2795 3566 2840 tenerum
3593 2787 3742 2840 exsi-

2163 2886 2337 2944 stant,
2376 2893 2470 2946 per
2501 2893 2618 2946 qua:
2651 2876 3013 2945 praesentibus
3042 2888 3151 2934 non
3180 2869 3449 2944 expressa'
3480 2875 3566 2930 vel
3601 2879 3764 2929 tota-'

2164 2971 2285 3025 liter
2335 2988 2439 3024 non
2495 2971 2700 3024 iaserta
2756 2971 2983 3024 etl'eetus
3030 2981 3226 3022 earum
3270 2962 3518 3035 impediri
3569 2967 3745 3020 valeat

2163 3061 2565 3131 quomodolibet
2607 3059 2687 3112 vel
2735 3057 2966 3119 differri,
3001 3065 3053 3111 et
3085 3059 3150 3111 de
3174 3057 3373 3126 quibus
3403 3052 3746 3126 quorumque

2166 3157 2292 3210 tutis
2327 3153 2608 3208 tenor-ibus
2656 3150 2906 3206 habenda
2935 3150 3000 3205 sit
3045 3151 3097 3204 in
3135 3150 3336 3204 nostris
3369 3150 3564 3207 litteris
3593 3165 3745 3205 men-

2164 3249 2235 3303 tio
2259 3247 2531 3317 specialis.
2563 3244 2673 3300 Nos
2707 3243 2855 3299 enim
2881 3259 2945 3298 ex
2979 3258 3119 3297 nunc
3150 3241 3366 3298 irritum
3397 3243 3746 3306 decernimus

2159 3355 2210 3397 et
2253 3342 2433 3408 inane,
2484 3342 2526 3394 si
2562 3354 2723 3396 secus
2755 3353 2918 3407 super
2953 3338 3019 3392 iis
3045 3353 3075 3392 a
3107 3336 3268 3407 118
3297 3350 3750 3406 quoquaquua-

2165 3439 2242 3491 vis
2297 3434 2640 3498 auctoritate,
2690 3433 2927 3487 scienter
2974 3429 3060 3486 vel
3111 3431 3425 3498 ignoranter
3457 3429 3750 3503 contigerit

2162 3531 2488 3599 attcntptari.

2233 3625 2422 3677 Datum
2471 3622 2654 3676 Romae
2699 3620 2841 3692 apud
2890 3619 2950 3676 S.
2999 3619 3243 3684 Petrum,
3293 3635 3436 3677 anno
3464 3618 3745 3678 lncarnat.

2161 3717 2452 3770 Dominicze
2518 3715 2804 3768 millesimo
2838 3713 3388 3784 {quadringentesimo
3437 3715 3749 3784 quadrage-

2160 3812 2298 3865 simo
2357 3809 2552 3869 tertio,
2614 3824 2665 3862 xi
2719 3806 2840 3861 Kal.
2899 3806 3115 3882 Mdrtit,
3171 3807 3518 3877 pontificatus
3572 3807 3754 3864 nostri

2159 3917 2303 3957 iillllo
2339 3918 2452 3955 XIII.

2923 3995 2988 4050 ll.

2161 4091 2377 4148 Statum
2409 4103 2454 4146 et
2500 4092 2861 4145 ordinationes
2901 4089 3151 4161 Ecclesia:
3181 4085 3282 4145 SS.
3316 4086 3430 4145 XII
3461 4087 3753 4161 Apostolo-

2759 4177 2874 4212 rum
2905 4161 2967 4213 de
3010 4160 3165 4215 Urbe.
3333 4181 3338 4186 ε
3511 4160 3519 4161 “
3719 4173 3723 4176 ‘

2231 4277 2541 4342 Bessarinn,
2571 4278 2922 4332 miseratione
2971 4277 3155 4332 divina
3192 4277 3296 4332 SS.
3331 4275 3426 4332 ΧΠ
3456 4278 3747 4348 Apostolo-

2162 4391 2278 4429 rum
2345 4375 2408 4428 de
2461 4371 2606 4426 Urbe
2659 4376 2834 4440 presb.
2886 4370 3136 4436 cardin.,
3192 4372 3410 4427 dilectis
3468 4354 3637 4427 nobis.
3681 4373 3743 4427 in

2159 4467 2377 4523 Cbristo
2427 4467 2684 4535 capitulo,
2723 4465 3001 4519 canonicis
3045 4472 3100 4517 et
3147 4465 3439 4534 capellauis
3469 4464 3626 4519 dicta:
3652 4479 3756 4526 ec,-

2163 4560 2339 4615 clesia:
2367 4559 2592 4612 salutem
2628 4558 2680 4610 in
2716 4554 2826 4611 Deo
2857 4556 3265 4626 sempiternam.
3354 4617 3363 4625 _

2234 4653 2502 4719 Quoniam
2537 4650 2798 4706 effrenata
2834 4648 3110 4702 hominum
3153 4647 3422 4732 cupiditas
3464 4658 3518 4704 et
3551 4650 3748 4711 noxius

2161 4748 2450 4818 appetitus,
2500 4759 2717 4816 semper
2764 4743 2832 4796 ad
2884 4741 3083 4797 malum
3155 4757 3249 4797 sua
3290 4741 3553 4797 labilitate
3582 4739 3751 4798 decli-

2165 4856 2320 4906 nans,
2376 4839 2475 4892 nisi
2523 4839 2622 4892 sub
2673 4838 2815 4907 juris
2858 4845 2919 4892 et.
2960 4836 3187 4891 rationis
3231 4837 3414 4906 regula
3455 4834 3746 4901 lintitctur,

2164 4948 2329 5003 prava
2391 4931 2624 5002 quadam
2676 4930 2938 4984 abusione
2997 4938 3052 4983 et
3100 4927 3406 4996 corruptela
3467 4923 3605 4982 bene
3666 4929 3750 4980 vi-

2162 5025 2318 5079 vendi
2343 5024 2549 5094 justum
2580 5022 2826 5077 ordinem
2856 5019 3178 5089 corrumpit,
3213 5022 3398 5089 sicque
3429 5022 3628 5088 passim
3662 5020 3750 5073 di-

2163 5119 2284 5172 vina
2332 5118 2532 5188 pariter
2577 5125 2632 5169 et
2673 5115 2911 5169 humana
2960 5114 3209 5168 instituta
3245 5114 3552 5182 aequissima
3584 5114 3748 5180 depe-

2161 5221 2322 5268 reunt
2352 5229 2364 5265 :
2398 5209 2888 5275 idcirco,voleutes
2923 5209 2988 5260 ad
3025 5205 3284 5260 honorem
3317 5217 3370 5259 et
3402 5205 3616 5259 laudem
3655 5207 3747 5259 Al-

2165 5307 2392 5373 tissimi,
2450 5306 2694 5360 omnium
2753 5303 3063 5372 Creatoris,
3116 5302 3480 5371 apOStolorum
3531 5316 3752 5372 quoque

2161 5397 2395 5469 Philippi
2441 5408 2494 5452 et
2545 5397 2757 5462 Jacobi,
2789 5410 3021 5464 quorum
3059 5403 3306 5464 corpora
3344 5392 3396 5447 in
3432 5394 3618 5450 eadem
3656 5411 3752 5452 ec-

2164 5492 2328 5548 clesia
2381 5490 2657 5544 recondita
2707 5495 2852 5550 sunt,
2889 5496 2942 5541 et
2975 5486 3207 5540 aliorum
3236 5486 3612 5557 apostolorum
3642 5489 3747 5538 sub

2163 5599 2394 5655 quorum
2447 5580 2758 5636 nominibus
2813 5581 2952 5636 dicta
3003 5578 3236 5634 ecclesia
3275 5584 3590 5632 consecrata
3639 5589 3770 5640 est,

2164 5691 2369 5746 proque
2430 5674 2779 5743 ampliatione
2847 5673 3014 5728 divini
3069 5670 3247 5727 cultus
3313 5667 3623 5739 respicere,
3680 5681 3749 5722 ac

2165 5772 2326 5830 etiam
2362 5786 2426 5828 ex
2459 5771 2638 5827 debite
2682 5769 2857 5827 nostri
2887 5769 3048 5838 tituli,
3098 5781 3204 5838 quo
3230 5764 3408 5823 eidem
3438 5759 3761 5841 praesiden-_
