3972 6164
313 250 425 319 tu

434 382 681 441 ecclesia:
702 383 770 441 ad
815 385 868 442 id
922 402 1024 445 nos
1058 391 1450 460 cognoscimus
1480 393 1772 463 obligatos,
1804 396 1888 448 in-

308 475 634 547 frascriptas
688 478 960 537 edidimus
1010 496 1177 553 super
1217 483 1603 541 reformatione
1653 487 1892 556 praelate

304 560 553 625 ecclesiae
580 586 647 627 ac
669 573 1044 629 ministrorum
1070 575 1190 648 ejus
1211 580 1629 634 conStitntiones
1652 579 1895 648 et;refor-

304 663 585 719 mationes
619 674 727 720 tam
768 668 1138 738 spiritualium
1183 684 1346 740 quam
1378 672 1775 742 temporalium.
1811 675 1895 729 Ad

306 770 406 810 eas
466 756 652 827 igitur,
708 758 803 813 filii
831 760 1040 828 dilecti,
1075 762 1337 818 inclinate
1368 766 1697 820 unanimiter
1733 782 1894 822 aures

306 861 551 916 vestras,
607 852 860 919 adhibete
918 858 1360 926 promptitudinis
1395 860 1752 929 intellectum,
1783 863 1899 918 col-

308 934 548 1013 ligentes,
595 947 865 1003 seminum
914 951 1123 1007 fructus
1166 967 1306 1023 quos
1336 953 1387 1008 in
1416 969 1546 1023 agro
1573 965 1769 1010 vestras
1802 958 1897 1010 de-

310 1037 549 1092 votionis
600 1041 941 1109 providentia
1002 1053 1228 1112 paterna
1285 1049 1632 1116 conspergit,
1691 1049 1769 1102 sic
1831 1063 1894 1103 ea

309 1128 514 1184 culturi
559 1131 745 1187 studio
781 1133 1044 1203 diligenti,
1084 1138 1229 1207 quod
1262 1154 1453 1210 sparsa
1491 1140 1897 1196 fructificentet

308 1224 530 1291 operosi
570 1224 773 1281 laboris
795 1241 1070 1297 speratam
1095 1230 1382 1285 utilitatem
1423 1233 1751 1289 comlncant.
1788 1232 1895 1287 Eas

308 1313 481 1381 igitur
516 1316 819 1384 hujusmodi
854 1322 1280 1378 constitutiones
1314 1332 1369 1380 et
1401 1326 1770 1379 ordinationes
1803 1339 1895 1379 vo-

308 1391 411 1462 bis.
440 1419 498 1462 et
538 1410 763 1465 cuilibet
794 1422 1034 1469 vestrum
1070 1418 1169 1470 sub
1197 1418 1371 1487 pomis
1404 1420 1454 1472 in
1486 1418 1551 1473 iis
1584 1420 1895 1474 constitutis

308 1502 594 1557 observari
622 1506 967 1575 praecipimus
997 1518 1053 1563 et
1076 1510 1415 1567 mandamus.

516 1636 595 1692 De
634 1656 848 1695 numera
879 1644 1251 1698 canonicorum
1296 1658 1346 1699 et
1376 1646 1681 1703 residentia.

387 1773 447 1828 ln
499 1776 689 1844 primis
718 1780 936 1850 quidem
974 1783 1267 1838 statuimus
1304 1796 1359 1838 et
1384 1786 1719 1851 ordinamus,
1751 1787 1891 1857 quod

313 1867 370 1937 in
419 1870 560 1923 dicta
592 1872 817 1926 ecclesia
862 1876 1138 1942 perpetuis
1184 1874 1381 1932 futuris
1414 1879 1747 1948 temporibus
1784 1881 1892 1935 sint

312 1970 525 2032 etesse
555 1962 788 2018 debeant
816 1974 1050 2033 quatuor
1079 1967 1329 2023 canonici
1366 1970 1699 2036 pratbendati
1748 1973 1892 2026 dun-

311 2064 489 2118 taxat,
542 2054 698 2123 juxta
751 2059 1203 2113 constitutionem
1244 2070 1295 2115 et
1344 2062 1745 2119 ordinationem
1796 2063 1889 2118 fel.

310 2147 529 2201 record.
585 2147 817 2219 Eugenii
870 2166 1019 2219 papae
1061 2150 1151 2219 lV,
1205 2163 1364 2224 prout
1406 2155 1458 2210 in
1500 2157 1667 2225 ipsius
1695 2157 1893 2215 litteris

320 2237 485 2308 119
524 2254 685 2312 super
720 2241 847 2296 inde
882 2242 1144 2299 conlectis
1176 2246 1388 2314 plenius
1419 2249 1749 2303 continetur.
1786 2249 1890 2315 Qui

313 2333 535 2398 quidem
569 2320 801 2400 quatuor
836 2338 1100 2403 canonici,
1131 2339 1221 2407 qni
1258 2354 1354 2408 pro
1389 2347 1631 2407 tempore
1660 2341 1886 2406 fuerint,

306 2408 606 2477 icueanlur
656 2434 711 2480 et
744 2426 973 2482 debeant
1017 2428 1071 2483 in
1110 2429 1255 2483 dicta
1297 2431 1525 2485 ecclesia
1557 2432 1797 2487 residere
1828 2446 1894 2488 ac

315 2504 641 2571 nocturnam
686 2519 822 2573 inibi
855 2520 1203 2577 residentiam
1239 2539 1332 2592 per
1358 2534 1530 2579 totum
1571 2540 1773 2581 annum
1804 2526 1890 2580 in-

314 2620 529 2678 tegrum
572 2625 602 2665 a
674 2610 908 2668 Kalend.
958 2616 1162 2671 mensis
1193 2598 1468 2683 Octobris,
1498 2630 1553 2673 et
1582 2619 1893 2695 successive

314 2713 378 2758 ut
396 2705 665 2775 sequitur,
688 2708 948 2763 continuo
979 2708 1194 2779 facere;
1227 2710 1478 2781 quodque
1505 2713 1551 2766 si
1582 2713 1888 2782 bujusmodi

313 2799 666 2868 residentiam
719 2799 1060 2871 inlegraliter
1104 2816 1211 2858 non
1255 2801 1509 2873 fecerint,
1556 2806 1650 2865 sed
1677 2822 1772 2876 per
1797 2822 1890 2864 sex

316 2902 527 2945 tantum
575 2908 787 2947 menses
833 2896 1309 2962 pernoctaverint,
1365 2909 1472 2952 tres
1504 2897 1738 2955 llorcnos
1778 2899 1888 2954 lto-

314 2975 544 3053 manes;
579 2987 684 3053 ‘qni
739 3001 868 3040 vero
918 2987 1187 3057 integrant
1242 2990 1587 3046 residentiam
1645 2994 1890 3060 perfece-

314 3080 425 3131 rint
456 3093 552 3147 per
602 3088 771 3131 totum
822 3094 1049 3146 annum,
1099 3096 1193 3136 sex
1241 3080 1480 3138 llarcnos
1526 3085 1773 3140 similiter
1823 3088 1890 3141 de

314 3170 701 3225 communibus
726 3172 969 3227 ecclesia:
997 3174 1345 3243 proventibus
1364 3191 1392 3229 a
1415 3162 1889 3235 camerar’iodicm:

313 3265 567 3318 ecclesia:
614 3264 703 3334 qui
769 3265 933 3322 fuerit
978 3283 1076 3336 pro
1130 3278 1371 3339 tempore
1427 3270 1763 3340 percipiant;
1824 3288 1890 3328 ac

311 3358 407 3427 qui
464 3359 643 3412 minus
673 3373 767 3415 sex
808 3361 1085 3415 mensibus
1118 3364 1536 3431 pernoctavcrit,
1584 3364 1685 3419 nisi
1734 3368 1888 3419 intir-

315 3448 507 3501 unitate
561 3456 656 3503 aut
706 3450 815 3505 alia
863 3450 1108 3522 legitima
1156 3468 1319 3508 causa
1364 3454 1524 3510 luerit
1570 3458 1886 3528 impeditus,

310 3542 453 3617 nihil
483 3544 705 3597 omnino
739 3545 1021 3615 percipiat.
1051 3546 1107 3600 Si
1135 3563 1263 3603 vero
1284 3549 1477 3619 aliquis
1499 3553 1885 3609 canonicornm

315 3650 413 3706 per
452 3638 660 3689 annum
708 3637 971 3707 integrum
1023 3641 1372 3697 residentiam
1410 3658 1517 3697 non
1550 3644 1761 3711 fecerit,
1798 3661 1888 3701 ca-

316 3724 574 3782 nonicatu
618 3725 854 3797 przefatae
904 3730 1157 3786 ecclesiae
1199 3734 1271 3786 sit
1308 3734 1422 3803 ipso
1454 3734 1593 3792 facto
1619 3739 1885 3806 privatus,

315 3808 391 3871 ita
415 3819 559 3889 quod
594 3836 661 3875 ex
691 3830 802 3875 tum
831 3821 973 3877 dicto
1008 3839 1148 3877 anno
1173 3818 1379 3895 elapSO,
1413 3828 1519 3882 nisi
1551 3830 1616 3884 de
1649 3829 1886 3897 legitimo

295 3908 705 3978 impedimento
737 3913 1081 3980 constiterit,
1122 3917 1279 3972 liceat
1318 3920 1577 3973 cardinali
1625 3937 1720 3990 pro
1754 3934 1888 3977 tem-

314 4015 449 4073 pore
503 4005 809 4071 exaistenti,
850 4021 944 4063 seu
991 4014 1152 4063 etiam
1194 4010 1395 4067 vicario
1422 4016 1802 4069 canonicatum
1833 4024 1887 4070 et

296 4097 664 4165 praebendam
711 4115 818 4155 non
866 4101 1155 4158 residentis
1226 4105 1478 4161 canonici
1506 4108 1599 4161 alii
1655 4109 1722 4163 de
1762 4109 1885 4180 jure

311 4188 591 4254 conferre,
621 4207 720 4249 nec
741 4196 1042 4264 superioris
1080 4182 1420 4268 aliquajuris
1449 4186 1884 4258 solemnitasaut

311 4288 585 4340 sententia
616 4287 934 4356 privationis
968 4300 1021 4345 et
1052 4292 1406 4348 declaratoria
1437 4294 1773 4366 requiratur.

310 4399 391 4457 De
419 4403 727 4471 jnramento
784 4404 1026 4459 canonici
1073 4420 1173 4459 non
1231 4406 1510 4462 residentis
1541 4418 1590 4463 et
1647 4411 1885 4469 absentia

664 4475 997 4544 pantillanda
1025 4491 1122 4546 per
1157 4480 1529 4534 camerarium.

376 4587 541 4658 Item,
580 4605 648 4644 ne
678 4588 732 4645 in
769 4590 1135 4660 pernoctando
1170 4591 1321 4647 fraus
1355 4592 1533 4663 aliqua
1574 4598 1887 4653 committa-

306 4683 475 4739 turin
513 4693 810 4753 posterum,
848 4684 1141 4740 statuimus
1171 4696 1224 4742 et
1246 4687 1566 4745 ordinamus
1590 4692 1733 4760 quod
1770 4694 1884 4748 sin-

307 4776 454 4844 gulis
480 4760 691 4831 duobus
734 4776 1010 4841 mensibus
1058 4775 1287 4847 quilibet
1322 4780 1614 4836 canonicos
1637 4790 1885 4840 teneatur

309 4877 365 4922 et
397 4864 594 4921 debeat
625 4866 679 4921 in
700 4868 947 4922 manibus
976 4867 1180 4938 praefati
1208 4868 1391 4924 vicarii
1421 4870 1716 4928 cardinalis
1746 4888 1909 4942 prae-.

306 4959 541 5015 sentiam
568 4972 662 5013 seu
683 4958 1000 5015 absentiam
1039 4975 1193 5016 suam
1226 4973 1546 5017 nocturnam
1587 4965 1767 5019 medio
1798 4967 1881 5039 ju-

305 5060 559 5117 ramento
608 5044 894 5125 accusare,
936 5062 993 5108 et
1049 5054 1391 5111 camerarius
1443 5054 1603 5110 dieue
1636 5057 1881 5113 ecclesiae

304 5143 456 5201 illam
490 5143 544 5198 in
599 5143 739 5197 libro
763 5158 863 5199 suo
887 5154 1151 5204 subalare
1184 5154 1237 5199 et
1261 5144 1571 5202 describere
1593 5157 1880 5220 teneatur;

300 5238 380 5295 ita
412 5236 557 5310 quod
587 5237 855 5309 completo
886 5253 1032 5296 anno
1061 5239 1365 5295 residentis:
1412 5240 1682 5310 praedicta:
1710 5243 1885 5314 possit

288 5331 375 5388 de
431 5330 718 5400 pmsenda
740 5340 796 5386 et
817 5331 1059 5406 absentia
1091 5333 1339 5389 canonici
1402 5343 1675 5389 constare.

303 5470 383 5528 De
412 5471 619 5526 duabus
651 5470 823 5525 missis
863 5469 1100 5526 dicendis
1127 5488 1133 5519 :
1160 5472 1393 5541 quotidie
1447 5488 1541 5545 per
1579 5463 1880 5534 canonicos.

375 5589 533 5655 item,
565 5588 858 5644 statuimus
888 5596 944 5645 et
975 5590 1291 5646 ordinamus
1324 5592 1464 5662 quod
1488 5593 1618 5649 dicti
1643 5606 1881 5663 quatuor

298 5681 557 5738 canonici
582 5681 877 5740 teneantur
898 5687 964 5737 ad
994 5683 1175 5739 minus
1202 5686 1462 5755 qualibet'
1486 5687 1575 5741 die
1602 5687 1879 5744 celebrare

295 5775 440 5853 duas
469 5774 666 5831 atinas
688 5774 992 5843 modum
1018 5784 1148 5833 nota
1173 5790 1187 5842 ;
1215 5785 1269 5833 et
1297 5777 1341 5834 si
1370 5778 1670 5836 defecerint
1718 5779 1876 5848 quili-

960 251 1263 335 ALOYSlI
1306 274 1663 337 BANDINII
1702 266 2335 348 COMMENTARIUS.
2361 308 2433 320 -—
2469 281 2875 349 APPENDIX.

3443 290 3578 351 ὶινι

2004 401 2090 451 bet
2115 398 2370 453 delllilens
2397 399 2654 468 puniatur
2685 415 2783 470 pro
2812 399 3052 469 qualibet
3082 400 3250 460 missa
3272 390 3277 398 ’
3299 402 3353 460 ta
3386 406 3599 463 ωδε...»

1998 489 2144 544 diois
2174 491 2345 544 tribus
2378 493 2443 545 de
2478 492 2591 546 suis
2614 491 2887 570 fructibus
2935 508 3029 562 per
3059 496 3420 551 camerarinm
3482 499 3578 567 qui

1999 595 2098 649 pro
2155 591 2394 651 tempore
2446 580 2615 636 fuerit
2675 583 3024 640 deducendis.
3085 583 3347 655 volumus
3400 596 3582 645 tamen

1996 670 2137 737 quod
2164 673 2498 727 camerarins
2530 674 2817 743 provideat
2874 676 2940 731 de
2980 679 3366 735 communibus
3394 682 3572 737 eccle-

2000 763 2097 816 sim
2123 762 2392 831 pecuniis,
2425 780 2492 819 ne
2522 764 2575 819 in
2608 766 2806 821 divinis
2829 766 3057 823 ecclesia
3086 769 3139 822 in
3163 771 3267 825 hoc
3287 772 3589 831 (lenimen-—

1999 860 2110 905 tum
2134 851 2354 921 aliquod
2377 857 2638 924 patiatur.
3518 874 3520 877 ’

2003 965 2161 1035 120
2195 964 2273 1019 De
2298 966 2427 1022 liora
2469 966 2818 1110 Vcspera;nnt
2832 982 2881 1027 ct
2897 974 3158 1031 Matutino
3191 978 3245 1032 in
3277 977 3579 1051 duplicibus

2719 1058 2869 1099 esus.
3557 1088 3560 1090 η

2719 1058 2869 1099 881³8.
3557 1088 3560 1090 ν

2070 1148 2226 1211 Item.
2259 1154 2548 1208 statuinms
2582 1164 2635 1209 et
2671 1158 2988 1214 ordinamus
3037 1162 3182 1230 quod
3215 1164 3266 1218 in
3306 1165 3576 1220 festivita-

1999 1243 2138 1297 tibus
2170 1255 2223 1298 et
2260 1245 2559 1300 Dominicis
2590 1249 2777 1304 diebus
2806 1253 2929 1307 dicti
2956 1267 3191 1324 quatuor
3222 1260 3467 1313 canonici
3496 1270 3576 1314 te-

1998 1349 2371 1393 neantnrcum
2407 1352 2529 1395 nota
2567 1355 2789 1400 cantare
2822 1345 3089 1417 Vesperas
3127 1352 3411 1420 utriusque
3445 1353 3578 1419 diei,

1994 1428 2193 1498 vigiliae
2237 1440 2290 1484 et
2323 1428 2659 1501 festivitatis,
2697 1451 2759 1491 ac
2791 1440 3114 1494 matutinum
3152 1450 3205 1495 et
3240 1432 3456 1497 missam
3482 1460 3497 1508 ;
3523 1452 3580 1498 et

1998 1521 2045 1574 si
2072 1520 2518 1589 contrafeccrint,
2552 1527 2780 1595 quilibet
2802 1532 3000 1587 absens
3028 1534 3279 1601 puniatur
3314 1550 3411 1605 pro
3442 1551 3580 1607 qua-

1996 1613 2129 1668 libet
2160 1617 2414 1671 horarum
2452 1619 2761 1689 hujusmodi
2802 1625 2853 1677 in
2891 1642 2995 1680 uno
3021 1627 3323 1699 bolengeno
3350 1647 3473 1685 cum
3498 1632 3581 1684 di-

1998 1706 2183 1772 midio;
2208 1710 2371 1765 missa
2402 1729 2527 1767 vero
2570 1715 2621 1768 in
2651 1715 2968 1787 bolengenis
3003 1719 3389 1789 quatuor,‘nisi
3414 1721 3577 1778 fuerit

1998 1794 2242 1853 infirmus
2270 1817 2362 1855 sea
2402 1800 2452 1855 in
2488 1806 2643 1859 tactis
2668 1808 2911 1862 ecclesia:
2947 1820 3293 1880 occupatus,
3322 1815 3396 1867 ita
3428 1816 3575 1885 quod

1996 1890 2285 1948 infirmitas
2317 1897 2389 1951 sit
2413 1898 2635 1953 evidens
2667 1902 2848 1957 taliter
2881 1905 3025 1972 quod
3063 1923 3168 1960 non
3215 1910 3390 1974 possit
3421 1911 3572 1965 exire

1994 1982 2214 2037 domum
2240 2001 2348 2039 sua:
2382 1989 2752 2060 habitationis,
2785 2004 2875 2047 aut
2920 2012 3107 2066 parum
3143 2009 3294 2054 extra
3326 2003 3574 2057 ambula-

1995 2093 2075 2144 re,
2100 2094 2194 2135 seu
2224 2084 2521 2139 secundum
2558 2088 2944 2145 discretionem
2976 2095 3164 2147 vicarii
3187 2094 3572 2163 judicundum.

1996 2170 2254 2247 Volumus
2288 2187 2485 2245 tamen,
2519 2181 2660 2251 quod
2694 2199 2833 2239 unus
2879 2185 3119 2253 ipsorum
3158 2189 3325 2246 faciat
3384 2201 3576 2249 canto-

1996 2265 2129 2318 riam
2156 2267 2207 2320 in
2238 2272 2512 2338 prmdictis
2539 2275 2687 2327 horis
2721 2291 2843 2330 cum
2872 2280 3264 2349 superpt-lliceo
3292 2299 3307 2351 ;
3348 2286 3397 2337 in
3422 2286 3575 2341 festi-

1994 2358 2254 2415 vitalibus
2288 2378 2412 2419 vero
2436 2367 2731 2436 majoribus
2765 2372 3077 2440 duplicibus
3106 2390 3230 2429 cum
3286 2379 3499 2444 piviale.

1995 2471 2073 2529 De
2103 2473 2337 2533 habendo
2366 2480 2637 2557 capellam
2664 2484 2952 2553 sumptibus
2986 2490 3385 2557 cunanicorum,
3416 2505 3465 2548 et
3487 2510 3576 2549 ec-

2384 2548 2542 2604 clesia
2574 2548 2917 2609 custodienda
2950 2574 3045 2627 per
3073 2577 3182 2616 eos.

2063 2664 2218 2734 item,
2245 2671 2533 2725 statuimus
2562 2682 2616 2727 et
2646 2674 2967 2749 ordinamus
2993 2681 3136 2748 quod
3168 2681 3295 2735 dicti
3332 2692 3570 2753 quatuor

1994 2760 2240 2815 canonici
2272 2762 2536 2818 continuo
2562 2767 2828 2823 retineant
2860 2785 3025 2825 unum
3076 2773 3358 2828 honestum
3387 2778 3571 2847 capel-

1992 2846 2175 2903 lanum
2210 2852 2301 2921 qui
2336 2868 2533 2911 Callere
2563 2858 2702 2913 sciat
2735 2870 2957 2915 cantum
2984 2863 3224 2932 planum,
3250 2879 3304 2920 et
3371 2867 3427 2924 in
3455 2846 3575 2925 out-

1993 2942 2150 2999 nibus
2184 2946 2332 3001 horis
2367 2949 2418 3002 in
2447 2950 2701 3017 ecclesia,
2744 2952 2888 3009 sicut
2925 2958 3016 3010 alii
3050 2962 3321 3029 cananici,
3384 2963 3574 3019 deser-

1991 3036 2121 3092 viat.
2158 3037 2298 3095 Etsi
2332 3042 2741 3111 contrafecerit,
2797 3048 2852 3102 in
2918 3066 3030 3105 uno
3084 3053 3394 3125 bolengeno
3453 3059 3572 3114 vice

1992 3131 2232 3200 qualibet
2261 3135 2541 3202 puniatur.
2570 3135 2832 3196 Volumus
2863 3153 3039 3198 tamen
3070 3147 3215 3214 quod
3243 3150 3371 3203 dicti
3398 3165 3569 3206 cano-

1993 3222 2099 3277 nici
2130 3224 2219 3291 qui
2255 3224 2323 3278 ibi
2350 3228 2765 3297 pernoctabant,
2801 3234 2947 3287 omni
2972 3249 3097 3289 sero
3119 3238 3370 3296 claudere
3398 3245 3576 3299 eccle-

1992 3316 2126 3370 siam
2150 3325 2455 3374 teneantnr.
2482 3320 2609 3376 Etsi
2630 3323 3073 3392 contrafecerint,
3098 3329 3150 3383 in
3182 3346 3399 3399 poenam
3427 3350 3568 3405 qua-

1994 3415 2116 3461 tnor
2140 3408 2565 3481 bolengenorum
2596 3416 2860 3482 incurrat,
2902 3420 3019 3473 vice
3053 3422 3316 3490 qualibet,
3374 3428 3472 3496 qui
3510 3428 3567 3489 in

1990 3500 2175 3555 eadem
2203 3502 2692 3581 culpabilisfuerit.

2296 3616 2374 3671 De
2402 3617 2671 3675 honestale
2703 3626 2964 3680 servanda
2997 3629 3052 3684 in
3074 3631 3254 3699 choro.

2058 3730 2213 3799 Item,
2254 3735 2547 3793 statuimus
2568 3749 2619 3792 et
2646 3740 2967 3800 ordinamus
2997 3749 3142 3817 quod
3173 3752 3423 3809 canonici
3461 3754 3558 3828 qui

1992 3836 2286 3894 praesentes
2313 3840 2474 3882 erunt
2505 3831 2558 3885 in
2594 3833 2787 3901 choro,
2824 3835 2955 3890 dum
3005 3841 3378 3900 celebrabitur
3426 3848 3571 3905 (1Ηί-

1991 3933 2118 3970 num
2156 3918 2418 3981 ollicium,
2451 3932 2594 3974 stent
2617 3938 2742 3978 cum
2769 3927 3001 3982 tnaxima
3048 3932 3330 3990 honestate
3364 3945 3419 3990 et
3439 3936 3570 3994 abs—

1988 4024 2093 4078 que
2120 4009 2222 4063 alia
2253 4010 2729 4081 confabulatione;
2767 4028 2821 4071 et
2866 4020 3129 4078 medietas
3183 4026 3429 4093 ipsorum
3488 4030 3565 4084 sit

1988 4104 2055 4156 ah
2108 4118 2212 4157 una
2271 4116 2425 4175 parte
2484 4110 2661 4171 chori,
2716 4111 2821 4166 alia
2852 4127 2983 4168 vero
3010 4119 3077 4170 ab
3102 4116 3246 4173 alia:
3280 4135 3456 4189 neque
3491 4122 3561 4179 ab
3595 4143 3599 4147 '

1990 4211 2091 4249 una
2117 4207 2269 4266 parte
2297 4199 2449 4256 chori
2472 4203 2538 4256 ad
2559 4203 2720 4257 aliam
2750 4207 3049 4273 discurrat,
3085 4220 3179 4266 aut
3207 4215 3275 4268 ab
3305 4213 3434 4270 inde
3469 4231 3560 4273 re-

1986 4291 2179 4344 cedere
2197 4290 2278 4347 rel
2306 4293 2455 4349 abire
2477 4311 2791 4365 praesumat,
2820 4301 2923 4356 nisi
2949 4306 3257 4363 necessitas
3281 4308 3569 4370 immineat

1988 4383 2233 4452 corporis
2265 4385 2351 4440 vel
2375 4389 2658 4458 negotium
2685 4395 2955 4449 ecclesiae.
2989 4396 3122 4454 Etsi
3147 4399 3419 4471 quispiam
3478 4403 3567 4460 fe-

1989 4476 2129 4530 cerit
2162 4478 2421 4535 adversus
2454 4496 2520 4537 ea
2559 4484 2779 4553 aliquod
2814 4487 3154 4556 indecnrum,
3189 4494 3370 4563 quoad
3413 4493 3565 4553 illam

1989 4570 2209 4627 missam
2235 4573 2319 4628 vel
2352 4574 2540 4632 horam
2572 4593 2672 4648 pro
2694 4580 2918 4636 absente
2941 4583 3157 4651 penitus
3198 4585 3489 4644 habeatur.

1991 4702 2145 4775 121
2181 4705 2254 4761 De
2289 4708 2772 4794 administratione
2796 4730 3255 4794 sacramentorum
3315 4721 3560 4794 facienda

2464 4798 2557 4851 per
2584 4788 2861 4841 canonicos
2912 4791 3103 4845 soluat.

2053 4890 2214 4959 Item,
2247 4896 2536 4954 statuimus
2560 4910 2614 4955 et
2635 4902 2953 4960 ordinamus
2988 4908 3131 4976 quod
3164 4908 3294 4965 dicti
3321 4908 3559 4981 quatuor
3654 4932 3660 4939 ·

1986 4988 2233 5042 canonici
2257 4990 2496 5045 habeant
2526 4992 3059 5053 administrationem
3088 5001 3360 5068 parochias
3380 5005 3559 5061 eccle-

1986 5080 2113 5149 siae;
2140 5092 2196 5136 et
2221 5084 2363 5153 quod
2391 5085 2574 5141 nullus
2602 5090 2917 5158 capellanus
2945 5107 3047 5148 seu
3080 5094 3258 5164 aliqua
3286 5094 3390 5152 alia
3440 5112 3565 5167 per-

1989 5186 2124 5227 sona
2154 5189 2214 5229 se
2252 5175 2310 5230 in
2345 5177 2466 5246 ejus
2496 5193 2630 5235 cura
2659 5181 2843 5251 aliquo
2884 5184 3048 5240 modo
3079 5185 3306 5242 misceat
3366 5188 3469 5243 nisi
3504 5191 3559 5247 in

1986 5280 2115 5322 casu
2142 5268 2499 5338 necessitatis,
2537 5272 2619 5327 vel
2655 5275 2723 5331 de
2749 5288 3006 5347 expressa
3041 5276 3263 5335 licentia
3298 5279 3556 5337 cardina-

1986 5358 2073 5427 lis,
2109 5361 2193 5417 vel
2215 5362 2333 5433 ejus
2354 5364 2565 5433 vicarii,
2626 5369 2723 5425 seu
2754 5372 3167 5430 canonicorum.

1984 5495 2062 5553 De
2115 5498 2286 5553 missis
2346 5498 2579 5574 dicendis
2647 5519 2738 5571 per
2804 5505 3106 5574 capellanos
3160 5510 3410 5569 habentes
3468 5530 3563 5572 ca-

2334 5570 2503 5634 pellas
2527 5570 2671 5629 intra
2704 5570 2891 5647 corpus
2921 5580 3172 5636 ecclesiae.

2054 5680 2212 5749 Item,
2241 5682 2491 5740 volumus
2529 5688 2673 5757 quod
2695 5691 2962 5761 capellani
2997 5695 3089 5766 qui
3117 5696 3171 5752 in
3203 5696 3352 5757 dict:
3381 5715 3561 5762 ecete-

1990 5776 2070 5832 sia
2100 5775 2334 5846 capellas
2364 5775 2585 5850 habent,
2624 5794 2753 5841 suas
2794 5782 2989 5844 missas
3018 5786 3298 5861 celebzeat
3337 5797 3565 5856 statutis
