3970 6148
390 321 540 366 ιινιι

385 424 601 493 diebus,
635 432 726 481 aut
757 418 1021 480 celebrari
1054 416 1381 490 faciantper
1419 416 1643 472 idoneos
1662 411 1962 470 seaundum

387 516 761 573 fundationem
785 522 841 571 et
883 512 1135 570 ordinem
1181 521 1538 583 patronorum
1598 505 1968 576 capellarum;

387 611 519 667 etsi
559 609 1008 675 contrafecerint,
1062 605 1305 677 qualibet
1354 603 1474 659 vice
1529 602 1584 657 in
1624 588 1969 669 bolengenis

386 707 561 763 tribus
587 707 905 781 puniantur.
1536 772 1539 773 ν

389 823 465 880 De
492 817 1385 894 ianrpadibusfaccendeudis__aute
1421 814 1596 894 uitare
1653 808 1834 880 ntujus
1881 823 1975 879 per

704 893 1035 964 capcliunum
1091 890 1307 958 capellae
1335 888 1393 944 S.
1421 886 1654 940 7110mm.

454 1010 929 1079 ltem,statuimus
976 1017 1032 1064 et
1082 1007 1407 1063 ordinamus
1459 1002 1605 1073 quod
1660 996 1974 1069 capellarum

387 1106 610 1178 capellm
650 1104 708 1159 S.
753 1102 995 1167 Thomae,
1019 1101 1141 1156 sitae
1174 1099 1231 1153 in
1265 1098 1408 1153 dicta
1435 1093 1688 1157 ecclesia,
1740 1090 1834 1161 qui
1898 1098 1976 1141 te-

388 1212 549 1257 netur
600 1214 662 1254 ex
727 1204 1054 1253 testamento
1109 1191 1317 1263 quond.
1381 1186 1614 1244 Mancini
1673 1178 1976 1257 accendere

386 1292 697 1363 sumptibus
715 1288 934 1361 capella:
966 1287 1105 1342 duas
1138 1284 1419 1354 lampades
1469 1289 1600 1335 ante
1628 1277 1809 1347 majus
1841 1272 1974 1327 alta-

296 1446 297 1449 η
389 1404 469 1456 re,
500 1402 621 1459 qua:
649 1384 741 1440 diu
772 1372 1043 1454 noctuque
1076 1380 1272 1434 ardere
1302 1376 1520 1441 debent,
1559 1373 1633 1427 ita
1654 1370 1970 1441 diligentem

388 1482 442 1537 in
482 1480 790 1556 luijusmodi
830 1476 1197 1534 luminaribus
1228 1488 1289 1528 se
1315 1470 1597 1533 exhibent,
1629 1464 1773 1535 quod
1825 1462 1974 1518 nulla

392 1579 551 1644 hora,
583 1575 687 1630 uisi
716 1588 846 1629 essu
874 1569 1121 1635 fortuito,
1158 1566 1502 1638 reperiantur
1541 1559 1829 1617 exstincta:
1861 1573 1877 1623 ;
1922 1563 1976 1609 ct

398 1670 444 1729 si
475 1667 881 1733 contraiecerit,
934 1666 1052 1720 vice
1090 1661 1333 1730 t‘pialibet
1375 1657 1635 1726 puniatur
1663 1666 1765 1722 pro
1796 1646 1971 1720 quali-

391 1765 477 1819 bet
502 1761 751 1833 lampade
778 1759 829 1812 iu
858 1756 1179 1827 bolengenis
1202 1752 1438 1808 duobus.
1476 1750 1542 1805 Et
1568 1747 1634 1802 de
1665 1745 1768 1800 hoc
1796 1749 1972 1799 stetur

391 1858 538 1913 dicto
567 1852 882 1915 camerarii;
904 1865 1000 1905 seu
1030 1848 1173 1904 alius
1211 1848 1459 1901 honestae
1486 1854 1760 1911 personzr,
1800 1834 1978 1890 medio

385 1951 724 2022 juratneuto.
759 1945 826 1999 Et
858 1944 902 2001 si
933 1942 1255 2013 capellanus
1287 1939 1389 1992 hoc
1443 1934 1629 1991 facere
1684 1942 1979 1987 recusave-

389 2045 482 2111 rit,
505 2042 747 2099 vicarius
761 2036 1058 2096 cardiualis
1081 2044 1233 2090 tcnea
1246 2042 1332 2086 tur
1356 2030 1615 2085 ordinare
1638 2028 1778 2097 quod
1800 2024 1976 2080 dictas

390 2135 669 2206 lampades
696 2131 961 2188 accendat
988 2141 1113 2184 cum
1144 2126 1334 2180 eadem
1365 2136 1524 2192 poena
1559 2117 1829 2190 apposita.

604 2263 682 2320 De
721 2262 972 2319 electione
1011 2258 1298 2315 camerarii
1359 2263 1405 2310 et
1430 2256 1546 2326 ejus
1577 2247 1764 2325 oﬁcio.

461 2380 620 2448 item,
652 2378 946 2436 statuimus
978 2383 1033 2433 et
1056 2373 1378 2430 ordinamus
1409 2368 1558 2443 quod
1602 2367 1752 2425 omni
1804 2379 1974 2430 anno,

393 2477 448 2531 in
480 2472 747 2529 Kalendis
782 2468 1056 2534 Januarii,
1094 2467 1324 2538 eligatur
1354 2480 1450 2537 per
1500 2462 1768 2518 vicarium
1843 2475 1982 2533 prac-

393 2569 520 2625 fata:
573 2566 821 2624 ecclesia:
880 2568 1182 2622 canenicus
1238 2574 1379 2619 unus
1430 2576 1496 2617 ex
1554 2557 1835 2616 canonicis
1885 2558 1980 2627 qui

390 2656 723 2718 camerarius
799 2667 1195 2729 nuncupctur,
1284 2656 1433 2713 ante
1517 2652 1674 2725 cujus
1753 2652 1983 2709 electio-

391 2770 518 2814 nem
585 2755 784 2826 singuli
855 2752 1105 2810 canonici
1170 2760 1461 2807 teneantur
1488 2749 1541 2804 in
1596 2747 1849 2804 inanibus
1903 2746 1983 2802 vi-

391 2849 527 2908 Curii
556 2850 745 2921 jurare
772 2848 917 2919 quod
944 2848 1148 2918 eligent
1189 2844 1471 2901 meliorem
1499 2853 1553 2898 et
1580 2842 1752 2912 magis
1795 2840 1982 2897 utilio-

392 2950 508 3001 rem
542 2944 612 2999 ad
661 2941 974 3013 przedicmm
1043 2938 1202 3010 122
1286 2936 1524 3015 cilicium
1588 2933 1981 2990 exercentium.

391 3034 696 3093 Praedictus
731 3044 911 3091 autem
938 3031 1276 3090 eamerarius
1308 3028 1391 3085 sic
1427 3027 1636 3084 electus
1668 3039 1857 3083 omnes
1901 3036 1987 3082 rc-

394 3133 544 3188 ditus
571 3139 625 3187 et
645 3140 941 3202 proventus
974 3125 1136 3183 dictae
1160 3122 1407 3181 ecclesiae
1436 3120 1675 3192 recipiat
1691 3128 1745 3175 et
1776 3120 1984 3175 descri-

392 3228 512 3293 bat,
544 3236 599 3283 et
629 3226 696 3282 de
730 3225 862 3297 ipsis
890 3219 1239 3277 administret
1271 3216 1557 3288 aequaliter
1582 3214 1867 3272 canonicis
1903 3227 1990 3269 re-

394 3321 699 3379 sidentibus
722 3329 777 3374 et
804 3319 859 3373 in
891 3314 1125 3373 ecclesia
1158 3310 1553 3377 servientibus,
1582 3318 1643 3363 ut
1690 3320 1852 3377 supra
1890 3322 1987 3362 uo-

399 3426 574 3472 tatum
598 3424 681 3471 est
710 3413 764 3469 in
799 3426 922 3483 cap.
951 3411 1017 3466 de
1045 3406 1341 3483 resideutla
1394 3416 1448 3460 et
1482 3405 1537 3459 in
1592 3417 1707 3475 seq.
1745 3416 1870 3473 cap.
1920 3400 1988 3456 de

396 3509 582 3566 divina
618 3508 917 3570 servitute;
943 3513 995 3560 et
1023 3517 1218 3560 euntes
1260 3499 1398 3556 alias
1430 3511 1702 3569 expensas
1736 3495 1985 3553 ecclesia

395 3604 565 3660 faciat
604 3599 833 3657 lideliter
867 3613 1041 3669 usque
1064 3594 1136 3652 ad
1172 3608 1375 3649 annum
1409 3608 1601 3647 unum.
1652 3589 1720 3646 Et
1754 3590 1987 3662 singulis

398 3696 610 3754 duobus
634 3693 913 3750 mensibus
942 3698 1193 3747 teneatur
1216 3701 1403 3744 coram
1438 3683 1645 3742 vicario
1678 3692 1735 3741 et
1764 3682 1989 3739 canoni-

399 3792 484 3848 cis
534 3790 768 3846 reddere
815 3786 1087 3843 rationem
1140 3783 1212 3841 de
1267 3780 1534 3838 omnibus
1564 3779 1879 3837 introitihus
1935 3788 1991 3837 et

400 3885 641 3943 exitibus
670 3884 826 3939 dictae
855 3880 1125 3946 ecclesiae,
1159 3891 1224 3933 ac
1251 3876 1414 3932 etiam
1439 3874 1506 3930 de
1536 3873 1809 3942 noctibus,
1840 3873 1990 3930 horis

401 3989 459 4035 et
486 3977 677 4035 missis
705 3991 800 4049 per
838 3973 1140 4032 canonicos
1162 3968 1479 4042 pra-dictos,
1516 3978 1679 4039 prout
1742 3968 1989 4037 superius

403 4083 653 4129 notatum
684 4068 871 4129 est..ln
905 4068 1011 4125 fine
1043 4080 1174 4125 vero
1213 4063 1343 4121 atmi
1394 4063 1480 4121 sui
1534 4060 1718 4130 cilicii,
1765 4071 1877 4115 tam
1923 4059 1990 4116 de

405 4165 641 4238 receptis
673 4178 836 4235 quam
869 4163 936 4218 de
965 4159 1243 4232 expensis,
1274 4166 1329 4214 et
1351 4155 1683 4230 generaliter
1713 4154 1779 4211 dc
1805 4152 1989 4209 omni-

405 4262 506 4318 bus
522 4257 918 4315 administratis
940 4269 1037 4326 per
1059 4270 1184 4311 eum
1208 4252 1514 4324 plenariam
1564 4251 1833 4307 rationem
1865 4250 1990 4304 red-

406 4356 535 4410 dere
563 4362 860 4420 teneatur;
927 4358 985 4406 et
1035 4349 1079 4404 si
1137 4346 1342 4418 aliquid
1384 4343 1741 4417 superfuerit,
1806 4357 1987 4399 coram

404 4449 610 4506 vicario
631 4445 981 4518 etcapitulo,
1038 4456 1183 4500 novo
1211 4441 1521 4497 eamerario
1569 4436 1712 4496 infra
1759 4437 1992 4509 quinde-

405 4546 513 4601 cim
544 4543 661 4599 dies
690 4551 982 4613 postquam
1022 4537 1091 4595 de
1115 4536 1391 4610 praedictis
1452 4535 1719 4589 rationem
1769 4529 1991 4598 fecerit,

412 4640 518 4694 hoc
545 4635 894 4707 consignare,
921 4633 1079 4698 alios,
1103 4632 1289 4703 elapso
1315 4627 1549 4684 termino
1572 4628 1625 4683 in
1654 4638 1868 4698 pinnam
1891 4623 1993 4680 du-

409 4730 482 4804 pli
519 4730 634 4799 ipso
665 4727 806 4795 facto
831 4727 1098 4781 incurrat.
1133 4722 1200 4778 Et
1230 4736 1296 4776 ne
1342 4719 1675 4776 camerarius
1706 4719 1825 4774 sine
1849 4733 1993 4774 mer-

413 4828 549 4882 cede
574 4824 805 4887 laboret,
840 4836 938 4891 pro
963 4806 1187 4889 aliquali
1220 4829 1321 4885 sua~
1345 4814 1596 4869 mercede
1617 4811 1824 4867 laboris
1857 4810 1990 4866 reci-

412 4920 579 4990 cipiat
608 4918 675 4974 de
707 4915 972 4973 fructibus
1001 4909 1246 4969 ccclesize
1269 4906 1476 4963 solidos
1514 4906 1698 4963 decem
1728 4918 1827 4975 pro
1854 4918 1993 4974 quo-

412 5014 542 5069 libet
572 5026 778 5067 mense.

547 5148 623 5205 De
640 5146 773 5202 libro
794 5141 1076 5200 camerarii
1103 5150 1152 5197 et
1199 5137 1347 5210 [aliis
1376 5134 1665 5191 scribendis
1682 5134 1742 5189 in
1774 5148 1861 5192 eo.

486 5290 644 5356 Item,
679 5285 971 5344 statuimus
995 5292 1050 5338 et
1079 5282 1398 5338 ordinamus
1420 5272 1569 5349 quod
1602 5274 1779 5329 dictus
1814 5286 1998 5329 eamc-

419 5384 595 5439 rarius
632 5387 881 5436 teneatur
906 5393 1069 5432 unum
1096 5374 1293 5430 librum
1348 5369 1532 5426 facere
1580 5367 1635 5423 in
1686 5382 1792 5435 quo
1839 5364 2002 5421 fallas

419 5495 514 5535 seu
541 5474 814 5532 absentias
844 5470 1226 5526 canonicorum
1261 5473 1316 5520 et
1345 5462 1753 5534 eapellanorum
1790 5455 1998 5513 descri-

412 5575 549 5631 bere
578 5579 634 5627 et
659 5578 927 5625 annotare
955 5571 1230 5625 teneatur,
1280 5568 1381 5613 nec
1421 5566 1528 5610 non
1558 5551 1840 5608 absentias
1868 5564 2002 5605 noe-

422 5664 554 5719 tium
580 5656 914 5723 earumdem,
965 5667 1030 5708 ac
1059 5649 1129 5707 de
1152 5638 1453 5722 praemissis
1489 5657 1675 5701 teram
1705 5640 1909 5697 vicario
1948 5648 2003 5694 et

423 5754 701 5813 canonicis
720 5753 883 5810 dicta:
902 5747 1151 5807 ecclesia:
1181 5742 1413 5802 reddere
1432 5739 1709 5799 calculum
1734 5747 1790 5792 et
1828 5735 1995 5791 ratio-

416 5869 574 5927 nem,
608 5851 761 5911 nulla
794 5849 983 5909 fraude
1012 5845 1428 5910 interveniente,
1469 5837 1571 5897 sub
1598 5850 1754 5910 pcena
1811 5831 1999 5904 priva-

1228 304 1327 366 DE
1366 302 1548 369 VITA
1586 301 1690 363 ΕΤ
1716 297 1986 361 ΗΕΒυὸ
2023 292 2302 358 GESTIS
2338 288 2859 355 BESSARIONIS‘

3491 294 3661 342 LXVIII

2085 408 2251 489 tionis
2286 406 2444 469 omcii
2478 422 2543 463 ac
2570 406 2796 479 praestiti
2814 402 3136 475 jurameuti,
3169 400 3490 487 adjicientes
3516 401 3665 473 quod

2083 501 2117 559 ii
2150 486 2244 575 qui
2277 515 2382 558 non
2415 501 2664 557 venerint
2698 499 2750 554 in
2786 497 3028 553 secundo
3057 498 3267 568 psalmo
3297 482 3666 562 Vespetnrum

2080 604 2133 649 et
2157 594 2429 658 matutini,
2459 604 2512 649 et
2533 594 2584 648 in
2614 580 2778 649 missa
2808 593 2936 648 dum
2961 582 3248 663 presbyter
3282 583 3472 658 incipi't
3494 584 3655 648 ,ϐιο-

2080 691 2163 744 ria
2202 690 2258 743 in
2283 690 2525 755 excelsis,
2555 704 2652 743 seu
2680 676 2831 742 linito
2851 685 3016 757 Kyrie
3045 684 3263 750 eteiron,
3326 681 3668 740 eamerarius

2084 784 2135 838 in
2172 770 2471 850 cetttittettti
2504 784 2623 840 sine
2656 783 2838 853 aliqua
2873 780 3135 837 dilatione
3168 761 3396 835 annotet
3430 778 3486 833 in
3528 777 3668 833 libro

2077 877 2183 933 sub
2214 891 2377 947 piens
2410 883 2667 932 contenta
2696 876 2948 946 superius
2971 874 3025 931 in
3060 874 3167 931 isto
3200 871 3465 945 capitulo.

2276 1012 2356 1068 De
2389 1014 2700 1085 quotidiana
2726 1012 3116 1069 distributionis
3150 1011 3469 1084 quantitate.

2153 1153 2312 1221 Item,
2341 1152 2437 1224 qui
2482 1154 2679 1230 altario
2729 1152 2901 1209 servit
2958 1156 3026 1209 de
3054 1151 3249 1207 altario
3275 1150 3460 1206 vivere
3487 1147 3666 1204 debet.

2085 1247 2391 1302 Statuimus
2421 1245 2567 1316 quod
2593 1246 2834 1316 praedicti
2867 1245 3113 1302 canonici
3166 1245 3403 1300 habeant
3431 1240 3667 1298 cotidia-

2083 1356 2181 1395 nas
2218 1339 2631 1403 distributiOnes
2687 1343 2755 1397 de
2814 1339 3083 1395 fructibus
3125 1336 3283 1395 dicta:
3330 1335 3574 1393 ecclesiae
3614 1335 3672 1389 in

2085 1434 2231 1490 hunc
2286 1433 2527 1500 modum,
2583 1432 2854 1500 videlicet,
2900 1431 3043 1502 quod
3088 1416 3320 1501 quilibet
3370 1427 3671 1483 canonicus

2082 1525 2330 1596 qualibet
2350 1525 2440 1581 die
2480 1525 2680 1581 habeat
2703 1523 3033 1595 bolengenos
3063 1531 3215 1590 tres;
3272 1521 3329 1577 in
3360 1519 3671 1590 duplicibus

2084 1633 2215 1673 vero
2245 1604 2769 1684 etDominicalibus,
2803 1609 3071 1687 quinque,
3100 1613 3327 1685 quilibet
3358 1625 3457 1681 pro
3530 1624 3672 1684 qua-

2085 1706 2399 1782 libct123
2441 1711 2552 1775 die.
2596 1713 2645 1765 si
2676 1706 2917 1781 prazseus
2945 1708 3113 1765 fuerit
3131 1711 3185 1762 in
3210 1705 3541 1777 supradiCtis
3571 1704 3671 1758 ho-

2084 1805 2186 1874 ris,
2221 1805 2449 1875 proutin
2477 1802 2715 1875 capitulo
2741 1803 2996 1873 superius
3025 1809 3271 1857 notatum
3315 1809 3421 1855 est.

2084 1944 2450 2002 Desoltttione
2501 1944 2748 2016 facienda
2780 1957 2872 2013 per
2924 1954 3083 2000 noces
3124 1940 3410 1998 canonicos
3459 1940 3517 1995 in
3580 1939 3673 1995 in-

2772 2032 2978 2089 gressu.

2155 2129 2633 2198 ltetn,Stat'rtltnus
2688 2138 2742 2188 et
2809 2131 3133 2187 ordinamus
3180 2130 3326 2202 Quod
3371 2138 3668 2202 antequam

2086 2226 2335 2282 cancuici
2367 2225 2436 2281 de
2463 2238 2604 2281 novo
2637 2224 2973 2294 recipiantur
3004 2224 3057 2279 iu
3099 2224 3243 2279 dicta
3275 2220 3532 2286 ecclesia,
3564 2235 3668 2292 pro

2088 2318 2420 2388 paramen‘tis
2458 2326 2513 2374 ct
2541 2317 2876 2374 Ornamentis
2927 2316 3089 2373 dicta:
3138 2316 3387 2373 ecclesiae
3452 2314 3673 2372 solvere

2086 2411 2323 2469 llurenos
2358 2411 2638 2469 Romanos
2682 2420 2815 2468 octo.
2840 2412 3141 2468 camerario
3175 2420 3485 2480 teneantur,
3532 2425 3673 2480 quos

2089 2506 2202 2575 ipse.
2230 2506 2570 2560 eamera'rius
2605 2504 2657 2559 in
2694 2503 2856 2561 dictis
2909 2504 3264 2574 paramentis,
3299 2517 3463 2577 quam
3507 2505 3674 2560 citius

2090 2598 2314 2668 poterit,
2343 2605 2668 2652 convertere
2703 2605 2950 2651 teneatur
2982 2596 3082 2652 sub
3110 2608 3273 2663 pruna
3322 2593 3549 2664 prmstiti
3576 2592 3674 2663 ju-

2091 2690 2345 2755 ramenti,
2368 2690 2471 2745 nisi
2494 2689 2791 2745 cardinalis
2810 2690 2891 2745 vel
2908 2688 3026 2759 eius
3051 2688 3287 2745 vicarius
3305 2686 3358 2742 in
3374 2686 3671 2757 Specialvm

2091 2783 2378 2840 utilitatem
2403 2784 2484 2838 vel
2515 2783 2891 2840 necessitatem
2918 2781 3163 2837 ecclesia:
3182 2780 3352 2852 ipsam
3379 2780 3674 2852 pecuniam

2091 2880 2308 2936 duxerit
2338 2878 2785 2935 courerteudam.
3614 2872 3615 2875 “

2094 3002 2169 3056 De
2185 3000 2494 3072 juramcnto
2521 3000 2825 3071 prtcsmndo
2848 3014 2940 3066 per
2980 3014 3139 3072 nouos
3162 2996 3448 3072 canonicos
3476 2995 3540 3050 de
3561 3009 3677 3050 ser-

2516 3069 2698 3127 caudis
2741 3072 2958 3125 statutis
2991 3069 3244 3124 et'ciesiw.

2162 3188 2320 3252 lzem,
2351 3188 2641 3244 statuimus
2675 3188 3067 3243 etordinamus
3089 3184 3234 3256 quod
3264 3181 3489 3255 quilibet
3512 3196 3680 3239 cano-

2095 3282 2339 3338 nicorum
2369 3280 2714 3352 recipiendus
2737 3280 2793 3336 in
2823 3280 2970 3336 dicta
3006 3277 3261 3346 ecclesia,
3310 3278 3365 3332 in
3421 3278 3678 3332 manibus

2095 3375 2284 3431 vicarii
2311 3382 2530 3445 praestet
2561 3371 2933 3444 juramentmn
2962 3366 3027 3426 de
3057 3366 3416 3425 observandis
3451 3376 3677 3425 statutis

2093 3483 2149 3525 et
2177 3450 2667 3525 consuetudinibus
2696 3464 2943 3523 ecclesiae
2972 3473 3313 3521 memoratae.

2095 3585 2172 3641 De
2191 3585 2379 3658 quibus
2408 3585 2716 3641 mulieribus
2745 3583 3067 3658 permittitur
3096 3584 3374 3638 canonicis
3431 3594 3483 3638 ut
3512 3582 3681 3638 imor-

2482 3660 2609 3713 dum
2642 3660 2837 3712 intrent
2873 3656 3054 3710 domos
3077 3672 3279 3711 eorum.

2164 3774 2323 3843 Item,
2374 3774 2665 3830 statuimus
2723 3772 2864 3844 quod
2923 3771 3101 3828 nullus
3158 3772 3459 3829 canonicus
3502 3753 3675 3827 tantae

2097 3868 2424 3927 temeritatis
2452 3877 2503 3924 et
2534 3867 2776 3924 audacia:
2806 3867 2879 3922 sit
2905 3867 3049 3937 quod
3081 3866 3135 3922 in
3167 3866 3401 3921 carueris
3426 3866 3675 3937 ipsorum

2097 3959 2330 4030 aliquam
2361 3958 2642 4013 mulierem
2677 3968 2990 4028 suspectati:
3032 3958 3249 4025 audeat,
3277 3958 3380 4013 nisi
3417 3965 3670 4024 matrem,

2097 4068 2339 4111 sororem
2378 4063 2468 4107 aut
2501 4053 2747 4121 amitam,
2782 4051 3169 4119 intromittere,
3198 4061 3251 4107 et
3286 4052 3390 4109 hoc
3430 4051 3500 4107 de
3528 4068 3675 4117 raro,

2100 4162 2275 4219 neque
2328 4157 2613 4217 receptare
2668 4146 2904 4215 aliquem
2962 4146 3291 4201 homicidam
3353 4145 3439 4201 rel
3492 4145 3679 4216 aliquo

2098 4242 2308 4299 enormi
2351 4241 2580 4297 crimine
2631 4238 2966 4294 ditiamatum
2998 4280 3013 4305 ,
3076 4240 3175 4297 sub
3238 4254 3398 4313 penna
3446 4239 3678 4298 arbitrio

2100 4337 2199 4392 Dni
2228 4334 2526 4391 cardinalis
2554 4333 2638 4389 vel
2658 4332 2777 4405 ejus
2809 4332 3020 4390 vicarii.

2168 4449 2247 4507 De
2275 4447 2544 4522 capeiiano
2576 4448 2667 4519 qui
2695 4448 2854 4519 fuerit
2905 4449 3090 4506 absens
3122 4466 3214 4520 per
3248 4466 3449 4507 menses
3478 4460 3605 4508 tres.

2172 4566 2324 4635 item,
2369 4566 2664 4624 statuimus
2714 4574 2770 4621 et
2819 4563 3138 4621 ordinamus
3177 4567 3320 4637 quod
3352 4567 3395 4623 si
3429 4569 3552 4638 quis
3588 4584 3681 4625 ca-

2096 4661 2350 4734 pellanus
2386 4661 2593 4729 absque
2645 4658 2864 4714 licentia
2904 4657 3203 4741 cardi'nalis
3243 4659 3324 4716 rel
3351 4661 3471 4733 ejus
3491 4662 3680 4719 vicarii

2101 4773 2161 4813 se
2194 4754 2586 4821 abscntaveri‘t,
2630 4762 2685 4808 et
2735 4752 2874 4807 infra
2927 4753 3092 4807 trium
3135 4753 3406 4809 mensium
3440 4759 3677 4823 spatiqu

2103 4866 2210 4907 non
2236 4848 2459 4905 redierit
2488 4847 2553 4902 ad
2572 4845 2859 4901 ecclesiam
2881 4842 3215 4916 prmliba’tam
3238 4846 3304 4901 ad
3331 4849 3679 4903 serviendum

2103 4944 2343 5017 capellae,
2370 4953 2573 4998 catunc
2620 4955 2713 5013 per
2729 4939 2963 4997 edictum
3000 4939 3271 5011 publicum
3305 4941 3357 4997 in
3385 4941 3560 4997 choro
3586 4958 3681 4998 ec-

2102 5040 2303 5104 clesitc,
2328 5036 2458 5092 dum
2494 5035 2783 5091 missarum
2805 5033 3066 5090 solemnia
3090 5035 3467 5102 "celebramur,
3492 5035 3680 5108 publi-

2103 5136 2438 5201 candam,et
2472 5140 2660 5201 postea
2695 5129 2946 5199 inponis
2992 5128 3233 5197 ejusdem
3283 5130 3525 5188 ecclesia:
3563 5129 3682 5186 affl-

2074 5229 2336 5301 .~geu(lnm
2368 5228 2435 5283 ad
2463 5227 2803 5283 sentiendum
2840 5231 3126 5281 revocetur
3151 5239 3166 5281 :
3192 5235 3244 5281 et
3273 5225 3319 5281 si
3351 5224 3494 5280 inira
3530 5241 3686 5281 meus

2094 5334 2219 5380 'se'm
2246 5322 2409 5377 alium
2437 5336 2465 5375 a
2484 5325 2730 5391 tempore
2756 5317 2917 5391 124
2937 5317 3214 5374 citationis
3232 5318 3539 5390 lmjusmodi
3567 5336 3600 5374 ιι
3623 5338 3675 5374 δη

2106 5413 2528 5485 redierit.justo
2579 5412 2966 5485 impedimento
3023 5422 3297 5480 cessante,
3348 5428 3446 5483 per
3501 5414 3680 5485 ipsum

2106 5510 2370 5567 vicarium
2408 5506 2719 5576 capellania
2751 5521 2848 5562 sua
2885 5505 3089 5577 absque
3124 5506 3386 5577 aliajuris
3425 5508 3687 5563 colemnio

2110 5612 2219 5657 tate
2251 5602 2491 5671 privetur
2523 5605 2577 5654 et
2605 5598 2744 5652 alius
2773 5612 2874 5653 suo
2908 5597 3029 5656 loco
3054 5597 3438 5654 substituatur.

2109 5715 2183 5771 De
2212 5712 2487 5770 audiendis
2512 5709 2940 5767 excusationibus
2958 5709 3256 5782 {clientium
3279 5726 3371 5778 per
3399 5709 3678 5765 uicarium.

2185 5827 2343 5897 Item,
2383 5826 2671 5885 statuimus
2717 5834 2772 5884 et
2821 5825 3134 5884 ordinamus
3173 5823 3317 5897 quod
3351 5822 3583 5881 vicarius
3610 5828 3689 5880 te»
