  <div class='ocr_page' id='page_1' title='image "/cluster/home/n/w/nwhite01/storage/ocr_20150623/161/mdp.39015078384685/048.png"; bbox 0 0 3972 6164; ppageno 0'>
   <div class='ocr_carea' id='block_1_1' title="bbox 276 297 421 351">
    <p class='ocr_par' dir='ltr' id='par_1_1' title="bbox 276 297 421 351">
     <span class='ocr_line' id='line_1_1' title="bbox 276 297 421 351; baseline 0.028 -4"><span class='ocrx_word' id='word_1_1' title='bbox 276 297 421 351; x_wconf 66' lang='grc' dir='ltr'><strong>ἰλιι</strong></span> 
     </span>
    </p>
   </div>
   <div class='ocr_carea' id='block_1_2' title="bbox 288 412 1881 489">
    <p class='ocr_par' dir='ltr' id='par_1_2' title="bbox 288 412 1881 489">
     <span class='ocr_line' id='line_1_2' title="bbox 288 412 1881 489; baseline 0.008 -23"><span class='ocrx_word' id='word_1_2' title='bbox 288 420 495 467; x_wconf 88' lang='lat' dir='ltr'><strong>nentur</strong></span> <span class='ocrx_word' id='word_1_3' title='bbox 531 412 871 484; x_wconf 75' lang='lat' dir='ltr'><strong>singulorum</strong></span> <span class='ocrx_word' id='word_1_4' title='bbox 902 414 994 489; x_wconf 84' lang='lat' dir='ltr'><strong>qui</strong></span> <span class='ocrx_word' id='word_1_5' title='bbox 1042 430 1104 471; x_wconf 89' lang='lat' dir='ltr'><strong>se</strong></span> <span class='ocrx_word' id='word_1_6' title='bbox 1153 430 1418 470; x_wconf 69' lang='lat' dir='ltr'><strong>exeusare</strong></span> <span class='ocrx_word' id='word_1_7' title='bbox 1451 413 1748 476; x_wconf 72' lang='lat' dir='ltr'><strong>voiucrint.</strong></span> <span class='ocrx_word' id='word_1_8' title='bbox 1791 420 1881 468; x_wconf 72' lang='grc' dir='ltr'><strong>ειυῐ</strong></span> 
     </span>
    </p>
   </div>
   <div class='ocr_carea' id='block_1_3' title="bbox 287 507 1887 579">
    <p class='ocr_par' dir='ltr' id='par_1_3' title="bbox 287 507 1887 579">
     <span class='ocr_line' id='line_1_3' title="bbox 287 507 1887 579; baseline -0.001 -18"><span class='ocrx_word' id='word_1_9' title='bbox 287 507 599 575; x_wconf 76' lang='lat' dir='ltr'><strong>potuerim,</strong></span> <span class='ocrx_word' id='word_1_10' title='bbox 619 511 999 565; x_wconf 77' lang='lat' dir='ltr'><strong>excusationes</strong></span> <span class='ocrx_word' id='word_1_11' title='bbox 1025 510 1215 565; x_wconf 87' lang='lat' dir='ltr'><strong>audire</strong></span> <span class='ocrx_word' id='word_1_12' title='bbox 1247 508 1474 579; x_wconf 70' lang='lat' dir='ltr'><strong>singciis</strong></span> <span class='ocrx_word' id='word_1_13' title='bbox 1500 508 1710 564; x_wconf 89' lang='lat' dir='ltr'><strong>duobus</strong></span> <span class='ocrx_word' id='word_1_14' title='bbox 1734 522 1887 560; x_wconf 81' lang='lat' dir='ltr'><strong>inen-</strong></span> 
     </span>
    </p>
   </div>
   <div class='ocr_carea' id='block_1_4' title="bbox 266 598 1883 675">
    <p class='ocr_par' dir='ltr' id='par_1_4' title="bbox 266 598 1883 675">
     <span class='ocr_line' id='line_1_4' title="bbox 266 598 1883 675; baseline 0.001 -21"><span class='ocrx_word' id='word_1_15' title='bbox 266 598 473 665; x_wconf 83' lang='lat' dir='ltr'><strong>sibus,</strong></span> <span class='ocrx_word' id='word_1_16' title='bbox 504 603 894 658; x_wconf 83' lang='lat' dir='ltr'><strong>excusationes</strong></span> <span class='ocrx_word' id='word_1_17' title='bbox 925 602 1197 675; x_wconf 79' lang='lat' dir='ltr'><strong>legitimas</strong></span> <span class='ocrx_word' id='word_1_18' title='bbox 1229 602 1540 667; x_wconf 74' lang='lat' dir='ltr'><strong>admittere,</strong></span> <span class='ocrx_word' id='word_1_19' title='bbox 1576 599 1747 671; x_wconf 84' lang='lat' dir='ltr'><strong>ipsius</strong></span> <span class='ocrx_word' id='word_1_20' title='bbox 1791 599 1883 668; x_wconf 86' lang='lat' dir='ltr'><strong>qui</strong></span> 
     </span>
    </p>
   </div>
   <div class='ocr_carea' id='block_1_5' title="bbox 285 693 1180 765">
    <p class='ocr_par' dir='ltr' id='par_1_5' title="bbox 285 693 1180 765">
     <span class='ocr_line' id='line_1_5' title="bbox 285 693 1180 765; baseline 0.001 -18"><span class='ocrx_word' id='word_1_21' title='bbox 285 706 347 747; x_wconf 82' lang='lat' dir='ltr'><strong>se</strong></span> <span class='ocrx_word' id='word_1_22' title='bbox 370 702 610 747; x_wconf 82' lang='lat' dir='ltr'><strong>excusat</strong></span> <span class='ocrx_word' id='word_1_23' title='bbox 645 695 822 749; x_wconf 84' lang='lat' dir='ltr'><strong>medio</strong></span> <span class='ocrx_word' id='word_1_24' title='bbox 842 693 1180 765; x_wconf 60' lang='lat' dir='ltr'><strong>iuramento.</strong></span> 
     </span>
    </p>
   </div>
   <div class='ocr_carea' id='block_1_6' title="bbox 282 827 1881 903">
    <p class='ocr_par' dir='ltr' id='par_1_6' title="bbox 282 827 1881 903">
     <span class='ocr_line' id='line_1_6' title="bbox 282 827 1881 903; baseline 0.001 -17"><span class='ocrx_word' id='word_1_25' title='bbox 282 827 363 887; x_wconf 76' lang='lat' dir='ltr'><strong>De</strong></span> <span class='ocrx_word' id='word_1_26' title='bbox 390 829 741 899; x_wconf 71' lang='lat' dir='ltr'><strong>[annalibus</strong></span> <span class='ocrx_word' id='word_1_27' title='bbox 803 848 920 903; x_wconf 74' lang='lat' dir='ltr'><strong>qua:</strong></span> <span class='ocrx_word' id='word_1_28' title='bbox 976 834 1186 888; x_wconf 71' lang='lat' dir='ltr'><strong>veniant</strong></span> <span class='ocrx_word' id='word_1_29' title='bbox 1237 833 1306 887; x_wconf 86' lang='lat' dir='ltr'><strong>ad</strong></span> <span class='ocrx_word' id='word_1_30' title='bbox 1352 849 1540 892; x_wconf 72' lang='lat' dir='ltr'><strong>atauus</strong></span> <span class='ocrx_word' id='word_1_31' title='bbox 1574 832 1881 893; x_wconf 81' lang='lat' dir='ltr'><strong>camerarii.</strong></span> 
     </span>
    </p>
   </div>
   <div class='ocr_carea' id='block_1_7' title="bbox 353 946 1879 1019">
    <p class='ocr_par' dir='ltr' id='par_1_7' title="bbox 353 946 1879 1019">
     <span class='ocr_line' id='line_1_7' title="bbox 353 946 1879 1019; baseline 0.001 -17"><span class='ocrx_word' id='word_1_32' title='bbox 353 946 522 1015; x_wconf 87' lang='lat' dir='ltr'><strong>Item,</strong></span> <span class='ocrx_word' id='word_1_33' title='bbox 569 950 863 1005; x_wconf 79' lang='lat' dir='ltr'><strong>statuimus</strong></span> <span class='ocrx_word' id='word_1_34' title='bbox 909 950 1052 1019; x_wconf 79' lang='lat' dir='ltr'><strong>quod</strong></span> <span class='ocrx_word' id='word_1_35' title='bbox 1088 954 1265 1006; x_wconf 80' lang='lat' dir='ltr'><strong>omnis</strong></span> <span class='ocrx_word' id='word_1_36' title='bbox 1293 966 1434 1006; x_wconf 65' lang='lat' dir='ltr'><strong>certe</strong></span> <span class='ocrx_word' id='word_1_37' title='bbox 1466 951 1745 1019; x_wconf 82' lang='lat' dir='ltr'><strong>quantitas</strong></span> <span class='ocrx_word' id='word_1_38' title='bbox 1779 950 1879 1003; x_wconf 78' lang='lat' dir='ltr'><strong>0b-</strong></span> 
     </span>
    </p>
   </div>
   <div class='ocr_carea' id='block_1_8' title="bbox 278 1041 1877 1110">
    <p class='ocr_par' dir='ltr' id='par_1_8' title="bbox 278 1041 1877 1110">
     <span class='ocr_line' id='line_1_8' title="bbox 278 1041 1877 1110; baseline 0.001 -15"><span class='ocrx_word' id='word_1_39' title='bbox 278 1043 521 1097; x_wconf 76' lang='lat' dir='ltr'><strong>veniens</strong></span> <span class='ocrx_word' id='word_1_40' title='bbox 546 1042 797 1097; x_wconf 74' lang='lat' dir='ltr'><strong>ecclesia:</strong></span> <span class='ocrx_word' id='word_1_41' title='bbox 827 1057 895 1096; x_wconf 83' lang='lat' dir='ltr'><strong>ex</strong></span> <span class='ocrx_word' id='word_1_42' title='bbox 922 1044 1203 1110; x_wconf 72' lang='lat' dir='ltr'><strong>exsequiis</strong></span> <span class='ocrx_word' id='word_1_43' title='bbox 1233 1043 1635 1108; x_wconf 81' lang='lat' dir='ltr'><strong>defunctorum,</strong></span> <span class='ocrx_word' id='word_1_44' title='bbox 1668 1041 1877 1099; x_wconf 88' lang='lat' dir='ltr'><strong>omnis-</strong></span> 
     </span>
    </p>
   </div>
   <div class='ocr_carea' id='block_1_9' title="bbox 277 1127 1874 1203">
    <p class='ocr_par' dir='ltr' id='par_1_9' title="bbox 277 1127 1874 1203">
     <span class='ocr_line' id='line_1_9' title="bbox 277 1127 1874 1203; baseline 0.002 -17"><span class='ocrx_word' id='word_1_45' title='bbox 277 1146 388 1203; x_wconf 89' lang='lat' dir='ltr'><strong>que</strong></span> <span class='ocrx_word' id='word_1_46' title='bbox 428 1134 667 1201; x_wconf 81' lang='lat' dir='ltr'><strong>pecunia</strong></span> <span class='ocrx_word' id='word_1_47' title='bbox 697 1133 908 1190; x_wconf 84' lang='lat' dir='ltr'><strong>ratione</strong></span> <span class='ocrx_word' id='word_1_48' title='bbox 936 1135 1063 1199; x_wconf 90' lang='lat' dir='ltr'><strong>soli,</strong></span> <span class='ocrx_word' id='word_1_49' title='bbox 1095 1138 1314 1190; x_wconf 81' lang='lat' dir='ltr'><strong>veniant</strong></span> <span class='ocrx_word' id='word_1_50' title='bbox 1348 1136 1417 1191; x_wconf 87' lang='lat' dir='ltr'><strong>ad</strong></span> <span class='ocrx_word' id='word_1_51' title='bbox 1466 1127 1874 1195; x_wconf 81' lang='lat' dir='ltr'><strong>manuscatue-</strong></span> 
     </span>
    </p>
   </div>
   <div class='ocr_carea' id='block_1_10' title="bbox 277 1225 1877 1297">
    <p class='ocr_par' dir='ltr' id='par_1_10' title="bbox 277 1225 1877 1297">
     <span class='ocr_line' id='line_1_10' title="bbox 277 1225 1877 1297; baseline 0.001 -18"><span class='ocrx_word' id='word_1_52' title='bbox 277 1225 413 1280; x_wconf 85' lang='lat' dir='ltr'><strong>rarii</strong></span> <span class='ocrx_word' id='word_1_53' title='bbox 438 1239 548 1296; x_wconf 80' lang='lat' dir='ltr'><strong>pro</strong></span> <span class='ocrx_word' id='word_1_54' title='bbox 579 1226 824 1280; x_wconf 76' lang='lat' dir='ltr'><strong>candelis</strong></span> <span class='ocrx_word' id='word_1_55' title='bbox 856 1230 1028 1282; x_wconf 88' lang='lat' dir='ltr'><strong>cereis</strong></span> <span class='ocrx_word' id='word_1_56' title='bbox 1061 1228 1114 1282; x_wconf 89' lang='lat' dir='ltr'><strong>in</strong></span> <span class='ocrx_word' id='word_1_57' title='bbox 1165 1226 1306 1282; x_wconf 76' lang='lat' dir='ltr'><strong>festo</strong></span> <span class='ocrx_word' id='word_1_58' title='bbox 1337 1225 1733 1297; x_wconf 83' lang='lat' dir='ltr'><strong>puriticationis</strong></span> <span class='ocrx_word' id='word_1_59' title='bbox 1761 1225 1877 1296; x_wconf 76' lang='lat' dir='ltr'><strong>glo-</strong></span> 
     </span>
    </p>
   </div>
   <div class='ocr_carea' id='block_1_11' title="bbox 276 1315 1875 1390">
    <p class='ocr_par' dir='ltr' id='par_1_11' title="bbox 276 1315 1875 1390">
     <span class='ocr_line' id='line_1_11' title="bbox 276 1315 1875 1390; baseline 0.003 -18"><span class='ocrx_word' id='word_1_60' title='bbox 276 1318 444 1374; x_wconf 70' lang='lat' dir='ltr'><strong>riosa:</strong></span> <span class='ocrx_word' id='word_1_61' title='bbox 468 1315 715 1389; x_wconf 70' lang='lat' dir='ltr'><strong>Virginis</strong></span> <span class='ocrx_word' id='word_1_62' title='bbox 735 1316 942 1386; x_wconf 71' lang='lat' dir='ltr'><strong>Mari-.2,</strong></span> <span class='ocrx_word' id='word_1_63' title='bbox 960 1334 1024 1374; x_wconf 88' lang='lat' dir='ltr'><strong>ac</strong></span> <span class='ocrx_word' id='word_1_64' title='bbox 1046 1319 1210 1379; x_wconf 87' lang='lat' dir='ltr'><strong>etiam</strong></span> <span class='ocrx_word' id='word_1_65' title='bbox 1244 1336 1339 1390; x_wconf 87' lang='lat' dir='ltr'><strong>pro</strong></span> <span class='ocrx_word' id='word_1_66' title='bbox 1364 1320 1487 1376; x_wconf 83' lang='lat' dir='ltr'><strong>aliis</strong></span> <span class='ocrx_word' id='word_1_67' title='bbox 1515 1319 1875 1377; x_wconf 87' lang='lat' dir='ltr'><strong>iuminaribus</strong></span> 
     </span>
    </p>
   </div>
   <div class='ocr_carea' id='block_1_12' title="bbox 270 1409 1873 1483">
    <p class='ocr_par' dir='ltr' id='par_1_12' title="bbox 270 1409 1873 1483">
     <span class='ocr_line' id='line_1_12' title="bbox 270 1409 1873 1483; baseline 0.001 -18"><span class='ocrx_word' id='word_1_68' title='bbox 270 1410 612 1483; x_wconf 77' lang='lat' dir='ltr'><strong>Opportunis</strong></span> <span class='ocrx_word' id='word_1_69' title='bbox 633 1411 686 1465; x_wconf 91' lang='lat' dir='ltr'><strong>in</strong></span> <span class='ocrx_word' id='word_1_70' title='bbox 715 1409 861 1465; x_wconf 79' lang='lat' dir='ltr'><strong>dicta</strong></span> <span class='ocrx_word' id='word_1_71' title='bbox 894 1411 1147 1468; x_wconf 72' lang='lat' dir='ltr'><strong>ecclesia.</strong></span> <span class='ocrx_word' id='word_1_72' title='bbox 1177 1412 1247 1469; x_wconf 85' lang='lat' dir='ltr'><strong>Et</strong></span> <span class='ocrx_word' id='word_1_73' title='bbox 1292 1412 1337 1468; x_wconf 89' lang='lat' dir='ltr'><strong>si</strong></span> <span class='ocrx_word' id='word_1_74' title='bbox 1397 1412 1617 1482; x_wconf 80' lang='lat' dir='ltr'><strong>aliquod</strong></span> <span class='ocrx_word' id='word_1_75' title='bbox 1651 1427 1873 1480; x_wconf 88' lang='lat' dir='ltr'><strong>supere-</strong></span> 
     </span>
    </p>
   </div>
   <div class='ocr_carea' id='block_1_13' title="bbox 272 1503 1873 1578">
    <p class='ocr_par' dir='ltr' id='par_1_13' title="bbox 272 1503 1873 1578">
     <span class='ocr_line' id='line_1_13' title="bbox 272 1503 1873 1578; baseline -0.001 -17"><span class='ocrx_word' id='word_1_76' title='bbox 272 1507 372 1572; x_wconf 85' lang='lat' dir='ltr'><strong>rit,</strong></span> <span class='ocrx_word' id='word_1_77' title='bbox 400 1505 554 1561; x_wconf 85' lang='lat' dir='ltr'><strong>inter</strong></span> <span class='ocrx_word' id='word_1_78' title='bbox 585 1513 880 1575; x_wconf 60' lang='lat' dir='ltr'><strong>prasentes</strong></span> <span class='ocrx_word' id='word_1_79' title='bbox 915 1504 970 1559; x_wconf 88' lang='lat' dir='ltr'><strong>in</strong></span> <span class='ocrx_word' id='word_1_80' title='bbox 1021 1505 1187 1564; x_wconf 87' lang='lat' dir='ltr'><strong>dictis</strong></span> <span class='ocrx_word' id='word_1_81' title='bbox 1240 1507 1514 1578; x_wconf 64' lang='lat' dir='ltr'><strong>cxsrquiis</strong></span> <span class='ocrx_word' id='word_1_82' title='bbox 1572 1503 1873 1562; x_wconf 81' lang='lat' dir='ltr'><strong>distribua-</strong></span> 
     </span>
    </p>
   </div>
   <div class='ocr_carea' id='block_1_14' title="bbox 272 1608 389 1656">
    <p class='ocr_par' dir='ltr' id='par_1_14' title="bbox 272 1608 389 1656">
     <span class='ocr_line' id='line_1_14' title="bbox 272 1608 389 1656; baseline 0.026 -3"><span class='ocrx_word' id='word_1_83' title='bbox 272 1608 389 1656; x_wconf 74' lang='grc' dir='ltr'><strong>ιιιι.</strong></span> 
     </span>
    </p>
   </div>
   <div class='ocr_carea' id='block_1_15' title="bbox 276 1714 1873 1776">
    <p class='ocr_par' dir='ltr' id='par_1_15' title="bbox 276 1714 1873 1776">
     <span class='ocr_line' id='line_1_15' title="bbox 276 1714 1873 1776; baseline 0.001 -6"><span class='ocrx_word' id='word_1_84' title='bbox 276 1714 355 1773; x_wconf 76' lang='lat' dir='ltr'><strong>De</strong></span> <span class='ocrx_word' id='word_1_85' title='bbox 383 1716 765 1774; x_wconf 76' lang='lat' dir='ltr'><strong>distributione</strong></span> <span class='ocrx_word' id='word_1_86' title='bbox 811 1719 867 1775; x_wconf 77' lang='lat' dir='ltr'><strong>in</strong></span> <span class='ocrx_word' id='word_1_87' title='bbox 922 1719 1095 1776; x_wconf 75' lang='lat' dir='ltr'><strong>locum</strong></span> <span class='ocrx_word' id='word_1_88' title='bbox 1132 1719 1363 1774; x_wconf 71' lang='lat' dir='ltr'><strong>obseratis</strong></span> <span class='ocrx_word' id='word_1_89' title='bbox 1394 1715 1636 1772; x_wconf 78' lang='lat' dir='ltr'><strong>canonici</strong></span> <span class='ocrx_word' id='word_1_90' title='bbox 1669 1715 1747 1771; x_wconf 74' lang='lat' dir='ltr'><strong>rei</strong></span> <span class='ocrx_word' id='word_1_91' title='bbox 1779 1730 1873 1771; x_wconf 83' lang='lat' dir='ltr'><strong>ca-</strong></span> 
     </span>
    </p>
   </div>
   <div class='ocr_carea' id='block_1_16' title="bbox 494 1791 1194 1861">
    <p class='ocr_par' dir='ltr' id='par_1_16' title="bbox 494 1791 1194 1861">
     <span class='ocr_line' id='line_1_16' title="bbox 494 1791 1194 1861; baseline 0.01 -20"><span class='ocrx_word' id='word_1_92' title='bbox 494 1814 501 1819; x_wconf 86' lang='lat'><strong><em>-</em></strong></span> <span class='ocrx_word' id='word_1_93' title='bbox 975 1791 1194 1861; x_wconf 80' lang='lat' dir='ltr'><strong>pellani.</strong></span> 
     </span>
    </p>
   </div>
   <div class='ocr_carea' id='block_1_17' title="bbox 347 1902 1870 1965">
    <p class='ocr_par' dir='ltr' id='par_1_17' title="bbox 347 1902 1870 1965">
     <span class='ocr_line' id='line_1_17' title="bbox 347 1902 1870 1965; baseline 0 -4"><span class='ocrx_word' id='word_1_94' title='bbox 347 1902 420 1961; x_wconf 80' lang='lat' dir='ltr'><strong>Et</strong></span> <span class='ocrx_word' id='word_1_95' title='bbox 450 1921 524 1964; x_wconf 85' lang='lat' dir='ltr'><strong>ne</strong></span> <span class='ocrx_word' id='word_1_96' title='bbox 553 1906 703 1965; x_wconf 82' lang='lat' dir='ltr'><strong>circa</strong></span> <span class='ocrx_word' id='word_1_97' title='bbox 756 1905 924 1963; x_wconf 84' lang='lat' dir='ltr'><strong>divini</strong></span> <span class='ocrx_word' id='word_1_98' title='bbox 976 1904 1156 1962; x_wconf 90' lang='lat' dir='ltr'><strong>cultus</strong></span> <span class='ocrx_word' id='word_1_99' title='bbox 1185 1904 1578 1961; x_wconf 86' lang='lat' dir='ltr'><strong>exbibitionem</strong></span> <span class='ocrx_word' id='word_1_100' title='bbox 1605 1905 1749 1962; x_wconf 85' lang='lat' dir='ltr'><strong>dicta</strong></span> <span class='ocrx_word' id='word_1_101' title='bbox 1778 1922 1870 1963; x_wconf 84' lang='lat' dir='ltr'><strong>ee-</strong></span> 
     </span>
    </p>
   </div>
   <div class='ocr_carea' id='block_1_18' title="bbox 275 1996 1865 2071">
    <p class='ocr_par' dir='ltr' id='par_1_18' title="bbox 275 1996 1865 2071">
     <span class='ocr_line' id='line_1_18' title="bbox 275 1996 1865 2071; baseline 0.003 -18"><span class='ocrx_word' id='word_1_102' title='bbox 275 1996 452 2054; x_wconf 75' lang='lat' dir='ltr'><strong>ciesia</strong></span> <span class='ocrx_word' id='word_1_103' title='bbox 500 1998 773 2057; x_wconf 77' lang='lat' dir='ltr'><strong>defectum</strong></span> <span class='ocrx_word' id='word_1_104' title='bbox 826 1999 1061 2071; x_wconf 84' lang='lat' dir='ltr'><strong>aliquem</strong></span> <span class='ocrx_word' id='word_1_105' title='bbox 1097 1999 1358 2069; x_wconf 84' lang='lat' dir='ltr'><strong>patiatur,</strong></span> <span class='ocrx_word' id='word_1_106' title='bbox 1388 1999 1676 2055; x_wconf 81' lang='lat' dir='ltr'><strong>statuimus</strong></span> <span class='ocrx_word' id='word_1_107' title='bbox 1721 2002 1865 2070; x_wconf 88' lang='lat' dir='ltr'><strong>quod</strong></span> 
     </span>
    </p>
   </div>
   <div class='ocr_carea' id='block_1_19' title="bbox 274 2087 1865 2161">
    <p class='ocr_par' dir='ltr' id='par_1_19' title="bbox 274 2087 1865 2161">
     <span class='ocr_line' id='line_1_19' title="bbox 274 2087 1865 2161; baseline 0 -15"><span class='ocrx_word' id='word_1_108' title='bbox 274 2091 323 2146; x_wconf 88' lang='lat' dir='ltr'><strong>si</strong></span> <span class='ocrx_word' id='word_1_109' title='bbox 375 2090 607 2161; x_wconf 78' lang='lat' dir='ltr'><strong>quando</strong></span> <span class='ocrx_word' id='word_1_110' title='bbox 664 2091 960 2146; x_wconf 81' lang='lat' dir='ltr'><strong>canonicus</strong></span> <span class='ocrx_word' id='word_1_111' title='bbox 1005 2088 1091 2144; x_wconf 82' lang='lat' dir='ltr'><strong>vel</strong></span> <span class='ocrx_word' id='word_1_112' title='bbox 1136 2087 1452 2159; x_wconf 85' lang='lat' dir='ltr'><strong>capellanus</strong></span> <span class='ocrx_word' id='word_1_113' title='bbox 1474 2090 1767 2158; x_wconf 77' lang='lat' dir='ltr'><strong>contigerit</strong></span> <span class='ocrx_word' id='word_1_114' title='bbox 1796 2090 1865 2146; x_wconf 83' lang='lat' dir='ltr'><strong>ab</strong></span> 
     </span>
    </p>
   </div>
   <div class='ocr_carea' id='block_1_20' title="bbox 268 2180 1869 2254">
    <p class='ocr_par' dir='ltr' id='par_1_20' title="bbox 268 2180 1869 2254">
     <span class='ocr_line' id='line_1_20' title="bbox 268 2180 1869 2254; baseline -0.002 -13"><span class='ocrx_word' id='word_1_115' title='bbox 268 2184 509 2241; x_wconf 76' lang='lat' dir='ltr'><strong>ecclesia</strong></span> <span class='ocrx_word' id='word_1_116' title='bbox 547 2184 845 2252; x_wconf 88' lang='lat' dir='ltr'><strong>absentari,</strong></span> <span class='ocrx_word' id='word_1_117' title='bbox 886 2192 1006 2254; x_wconf 85' lang='lat' dir='ltr'><strong>post</strong></span> <span class='ocrx_word' id='word_1_118' title='bbox 1038 2182 1106 2239; x_wconf 83' lang='lat' dir='ltr'><strong>i5</strong></span> <span class='ocrx_word' id='word_1_119' title='bbox 1138 2181 1254 2238; x_wconf 91' lang='lat' dir='ltr'><strong>dies</strong></span> <span class='ocrx_word' id='word_1_120' title='bbox 1286 2180 1522 2237; x_wconf 79' lang='lat' dir='ltr'><strong>vicarius</strong></span> <span class='ocrx_word' id='word_1_121' title='bbox 1551 2182 1620 2238; x_wconf 90' lang='lat' dir='ltr'><strong>de</strong></span> <span class='ocrx_word' id='word_1_122' title='bbox 1664 2182 1869 2238; x_wconf 88' lang='lat' dir='ltr'><strong>substi-</strong></span> 
     </span>
    </p>
   </div>
   <div class='ocr_carea' id='block_1_21' title="bbox 269 2273 1863 2350">
    <p class='ocr_par' dir='ltr' id='par_1_21' title="bbox 269 2273 1863 2350">
     <span class='ocr_line' id='line_1_21' title="bbox 269 2273 1863 2350; baseline -0.003 -17"><span class='ocrx_word' id='word_1_123' title='bbox 269 2286 388 2334; x_wconf 90' lang='lat' dir='ltr'><strong>tuto</strong></span> <span class='ocrx_word' id='word_1_124' title='bbox 436 2279 727 2350; x_wconf 80' lang='lat' dir='ltr'><strong>provideat</strong></span> <span class='ocrx_word' id='word_1_125' title='bbox 758 2279 869 2350; x_wconf 79' lang='lat' dir='ltr'><strong>qui</strong></span> <span class='ocrx_word' id='word_1_126' title='bbox 920 2278 1040 2334; x_wconf 90' lang='lat' dir='ltr'><strong>loco</strong></span> <span class='ocrx_word' id='word_1_127' title='bbox 1086 2276 1331 2332; x_wconf 77' lang='lat' dir='ltr'><strong>absentis</strong></span> <span class='ocrx_word' id='word_1_128' title='bbox 1384 2273 1630 2331; x_wconf 66' lang='lat' dir='ltr'><strong>ecclesiae</strong></span> <span class='ocrx_word' id='word_1_129' title='bbox 1662 2275 1744 2331; x_wconf 84' lang='lat' dir='ltr'><strong>vel</strong></span> <span class='ocrx_word' id='word_1_130' title='bbox 1772 2290 1863 2332; x_wconf 88' lang='lat' dir='ltr'><strong>ca-</strong></span> 
     </span>
    </p>
   </div>
   <div class='ocr_carea' id='block_1_22' title="bbox 269 2369 1862 2444">
    <p class='ocr_par' dir='ltr' id='par_1_22' title="bbox 269 2369 1862 2444">
     <span class='ocr_line' id='line_1_22' title="bbox 269 2369 1862 2444; baseline 0.001 -19"><span class='ocrx_word' id='word_1_131' title='bbox 269 2372 428 2443; x_wconf 67' lang='lat' dir='ltr'><strong>pelia:</strong></span> <span class='ocrx_word' id='word_1_132' title='bbox 478 2371 923 2444; x_wconf 86' lang='lat' dir='ltr'><strong>deserviat;qui</strong></span> <span class='ocrx_word' id='word_1_133' title='bbox 967 2369 1295 2427; x_wconf 90' lang='lat' dir='ltr'><strong>substitutus</strong></span> <span class='ocrx_word' id='word_1_134' title='bbox 1330 2383 1523 2425; x_wconf 85' lang='lat' dir='ltr'><strong>omnes</strong></span> <span class='ocrx_word' id='word_1_135' title='bbox 1541 2380 1596 2423; x_wconf 89' lang='lat' dir='ltr'><strong>et</strong></span> <span class='ocrx_word' id='word_1_136' title='bbox 1619 2369 1862 2441; x_wconf 82' lang='lat' dir='ltr'><strong>singulas</strong></span> 
     </span>
    </p>
   </div>
   <div class='ocr_carea' id='block_1_23' title="bbox 271 2461 1861 2534">
    <p class='ocr_par' dir='ltr' id='par_1_23' title="bbox 271 2461 1861 2534">
     <span class='ocr_line' id='line_1_23' title="bbox 271 2461 1861 2534; baseline 0.001 -16"><span class='ocrx_word' id='word_1_137' title='bbox 271 2462 408 2519; x_wconf 83' lang='lat' dir='ltr'><strong>dicti</strong></span> <span class='ocrx_word' id='word_1_138' title='bbox 463 2463 721 2520; x_wconf 80' lang='lat' dir='ltr'><strong>canonici</strong></span> <span class='ocrx_word' id='word_1_139' title='bbox 757 2464 843 2519; x_wconf 85' lang='lat' dir='ltr'><strong>vel</strong></span> <span class='ocrx_word' id='word_1_140' title='bbox 892 2461 1162 2534; x_wconf 85' lang='lat' dir='ltr'><strong>capellani</strong></span> <span class='ocrx_word' id='word_1_141' title='bbox 1222 2462 1659 2531; x_wconf 83' lang='lat' dir='ltr'><strong>distributiones,</strong></span> <span class='ocrx_word' id='word_1_142' title='bbox 1717 2464 1861 2519; x_wconf 86' lang='lat' dir='ltr'><strong>sicut</strong></span> 
     </span>
    </p>
   </div>
   <div class='ocr_carea' id='block_1_24' title="bbox 269 2554 1548 2627">
    <p class='ocr_par' dir='ltr' id='par_1_24' title="bbox 269 2554 1548 2627">
     <span class='ocr_line' id='line_1_24' title="bbox 269 2554 1548 2627; baseline 0.001 -18"><span class='ocrx_word' id='word_1_143' title='bbox 269 2571 408 2626; x_wconf 86' lang='lat' dir='ltr'><strong>ipse,</strong></span> <span class='ocrx_word' id='word_1_144' title='bbox 434 2555 484 2612; x_wconf 88' lang='lat' dir='ltr'><strong>si</strong></span> <span class='ocrx_word' id='word_1_145' title='bbox 515 2556 886 2627; x_wconf 79' lang='lat' dir='ltr'><strong>personaliter</strong></span> <span class='ocrx_word' id='word_1_146' title='bbox 914 2555 1229 2619; x_wconf 86' lang='lat' dir='ltr'><strong>interesset,</strong></span> <span class='ocrx_word' id='word_1_147' title='bbox 1263 2554 1548 2624; x_wconf 82' lang='lat' dir='ltr'><strong>percipiat.</strong></span> 
     </span>
    </p>
   </div>
   <div class='ocr_carea' id='block_1_25' title="bbox 267 2669 1858 2731">
    <p class='ocr_par' dir='ltr' id='par_1_25' title="bbox 267 2669 1858 2731">
     <span class='ocr_line' id='line_1_25' title="bbox 267 2669 1858 2731; baseline 0 0"><span class='ocrx_word' id='word_1_148' title='bbox 267 2669 349 2731; x_wconf 75' lang='lat' dir='ltr'><strong>De</strong></span> <span class='ocrx_word' id='word_1_149' title='bbox 380 2671 541 2729; x_wconf 75' lang='lat' dir='ltr'><strong>rebus</strong></span> <span class='ocrx_word' id='word_1_150' title='bbox 592 2670 872 2728; x_wconf 75' lang='lat' dir='ltr'><strong>mobilibus</strong></span> <span class='ocrx_word' id='word_1_151' title='bbox 916 2669 1152 2726; x_wconf 65' lang='lat' dir='ltr'><strong>ecclesiis</strong></span> <span class='ocrx_word' id='word_1_152' title='bbox 1184 2686 1288 2725; x_wconf 81' lang='lat' dir='ltr'><strong>non</strong></span> <span class='ocrx_word' id='word_1_153' title='bbox 1328 2670 1725 2729; x_wconf 83' lang='lat' dir='ltr'><strong>commodandis</strong></span> <span class='ocrx_word' id='word_1_154' title='bbox 1747 2674 1858 2731; x_wconf 81' lang='lat' dir='ltr'><strong>sine</strong></span> 
     </span>
    </p>
   </div>
   <div class='ocr_carea' id='block_1_26' title="bbox 837 2743 1296 2799">
    <p class='ocr_par' dir='ltr' id='par_1_26' title="bbox 837 2743 1296 2799">
     <span class='ocr_line' id='line_1_26' title="bbox 837 2743 1296 2799; baseline 0 -1"><span class='ocrx_word' id='word_1_155' title='bbox 837 2743 1050 2799; x_wconf 75' lang='lat' dir='ltr'><strong>licentia</strong></span> <span class='ocrx_word' id='word_1_156' title='bbox 1088 2743 1296 2798; x_wconf 77' lang='lat' dir='ltr'><strong>vicarii.</strong></span> 
     </span>
    </p>
   </div>
   <div class='ocr_carea' id='block_1_27' title="bbox 304 2856 1857 2934">
    <p class='ocr_par' dir='ltr' id='par_1_27' title="bbox 304 2856 1857 2934">
     <span class='ocr_line' id='line_1_27' title="bbox 304 2856 1857 2934; baseline 0.003 -21"><span class='ocrx_word' id='word_1_157' title='bbox 304 2871 309 2877; x_wconf 80' lang='grc'><em>’</em></span> <span class='ocrx_word' id='word_1_158' title='bbox 337 2857 497 2926; x_wconf 88' lang='lat' dir='ltr'><strong>item,</strong></span> <span class='ocrx_word' id='word_1_159' title='bbox 522 2856 817 2915; x_wconf 82' lang='lat' dir='ltr'><strong>statuimus</strong></span> <span class='ocrx_word' id='word_1_160' title='bbox 842 2857 986 2930; x_wconf 87' lang='lat' dir='ltr'><strong>quod</strong></span> <span class='ocrx_word' id='word_1_161' title='bbox 1014 2856 1197 2913; x_wconf 89' lang='lat' dir='ltr'><strong>nullus</strong></span> <span class='ocrx_word' id='word_1_162' title='bbox 1226 2858 1528 2915; x_wconf 78' lang='lat' dir='ltr'><strong>canonicos</strong></span> <span class='ocrx_word' id='word_1_163' title='bbox 1554 2872 1733 2934; x_wconf 85' lang='lat' dir='ltr'><strong>neque</strong></span> <span class='ocrx_word' id='word_1_164' title='bbox 1759 2876 1857 2918; x_wconf 80' lang='lat' dir='ltr'><strong>ca-</strong></span> 
     </span>
    </p>
   </div>
   <div class='ocr_carea' id='block_1_28' title="bbox 268 2949 1854 3023">
    <p class='ocr_par' dir='ltr' id='par_1_28' title="bbox 268 2949 1854 3023">
     <span class='ocr_line' id='line_1_28' title="bbox 268 2949 1854 3023; baseline 0.001 -15"><span class='ocrx_word' id='word_1_165' title='bbox 268 2954 543 3008; x_wconf 76' lang='lat' dir='ltr'><strong>merarius</strong></span> <span class='ocrx_word' id='word_1_166' title='bbox 589 2950 871 3023; x_wconf 77' lang='lat' dir='ltr'><strong>reliquias,</strong></span> <span class='ocrx_word' id='word_1_167' title='bbox 910 2963 1143 3022; x_wconf 87' lang='lat' dir='ltr'><strong>pannos,</strong></span> <span class='ocrx_word' id='word_1_168' title='bbox 1173 2949 1378 3019; x_wconf 33' lang='lat' dir='ltr'><strong>.libros,</strong></span> <span class='ocrx_word' id='word_1_169' title='bbox 1416 2964 1733 3022; x_wconf 83' lang='lat' dir='ltr'><strong>paramenta</strong></span> <span class='ocrx_word' id='word_1_170' title='bbox 1772 2954 1854 3011; x_wconf 79' lang='lat' dir='ltr'><strong>rel</strong></span> 
     </span>
    </p>
   </div>
   <div class='ocr_carea' id='block_1_29' title="bbox 265 3046 1861 3117">
    <p class='ocr_par' dir='ltr' id='par_1_29' title="bbox 265 3046 1861 3117">
     <span class='ocr_line' id='line_1_29' title="bbox 265 3046 1861 3117; baseline -0.002 -17"><span class='ocrx_word' id='word_1_171' title='bbox 265 3046 371 3100; x_wconf 79' lang='lat' dir='ltr'><strong>alia</strong></span> <span class='ocrx_word' id='word_1_172' title='bbox 411 3061 575 3102; x_wconf 84' lang='lat' dir='ltr'><strong>sacra</strong></span> <span class='ocrx_word' id='word_1_173' title='bbox 617 3060 764 3114; x_wconf 86' lang='lat' dir='ltr'><strong>vasa,</strong></span> <span class='ocrx_word' id='word_1_174' title='bbox 814 3057 905 3101; x_wconf 88' lang='lat' dir='ltr'><strong>aut</strong></span> <span class='ocrx_word' id='word_1_175' title='bbox 937 3055 1279 3113; x_wconf 76' lang='lat' dir='ltr'><strong>ornamenta,</strong></span> <span class='ocrx_word' id='word_1_176' title='bbox 1330 3060 1428 3101; x_wconf 83' lang='lat' dir='ltr'><strong>seu</strong></span> <span class='ocrx_word' id='word_1_177' title='bbox 1462 3055 1748 3117; x_wconf 76' lang='lat' dir='ltr'><strong>argentum</strong></span> <span class='ocrx_word' id='word_1_178' title='bbox 1784 3048 1861 3106; x_wconf 24' lang='lat' dir='ltr'><strong>ad,</strong></span> 
     </span>
    </p>
   </div>
   <div class='ocr_carea' id='block_1_30' title="bbox 265 3138 1851 3209">
    <p class='ocr_par' dir='ltr' id='par_1_30' title="bbox 265 3138 1851 3209">
     <span class='ocr_line' id='line_1_30' title="bbox 265 3138 1851 3209; baseline 0 -15"><span class='ocrx_word' id='word_1_179' title='bbox 265 3141 512 3197; x_wconf 87' lang='lat' dir='ltr'><strong>divinum</strong></span> <span class='ocrx_word' id='word_1_180' title='bbox 544 3138 753 3195; x_wconf 87' lang='lat' dir='ltr'><strong>cultum</strong></span> <span class='ocrx_word' id='word_1_181' title='bbox 782 3138 1031 3195; x_wconf 77' lang='lat' dir='ltr'><strong>ecclesiae</strong></span> <span class='ocrx_word' id='word_1_182' title='bbox 1076 3140 1336 3209; x_wconf 80' lang='lat' dir='ltr'><strong>deputata</strong></span> <span class='ocrx_word' id='word_1_183' title='bbox 1365 3150 1522 3194; x_wconf 78' lang='lat' dir='ltr'><strong>extra</strong></span> <span class='ocrx_word' id='word_1_184' title='bbox 1564 3139 1851 3196; x_wconf 86' lang='lat' dir='ltr'><strong>ecclesiam</strong></span> 
     </span>
    </p>
   </div>
   <div class='ocr_carea' id='block_1_31' title="bbox 266 3232 1850 3303">
    <p class='ocr_par' dir='ltr' id='par_1_31' title="bbox 266 3232 1850 3303">
     <span class='ocr_line' id='line_1_31' title="bbox 266 3232 1850 3303; baseline 0 -14"><span class='ocrx_word' id='word_1_185' title='bbox 266 3234 427 3290; x_wconf 81' lang='lat' dir='ltr'><strong>alicui</strong></span> <span class='ocrx_word' id='word_1_186' title='bbox 489 3233 841 3290; x_wconf 79' lang='lat' dir='ltr'><strong>commodare</strong></span> <span class='ocrx_word' id='word_1_187' title='bbox 900 3232 1011 3288; x_wconf 91' lang='lat' dir='ltr'><strong>ullo</strong></span> <span class='ocrx_word' id='word_1_188' title='bbox 1062 3232 1222 3289; x_wconf 83' lang='lat' dir='ltr'><strong>modo</strong></span> <span class='ocrx_word' id='word_1_189' title='bbox 1267 3241 1580 3303; x_wconf 67' lang='lat' dir='ltr'><strong>praesumat,</strong></span> <span class='ocrx_word' id='word_1_190' title='bbox 1630 3233 1850 3289; x_wconf 86' lang='lat' dir='ltr'><strong>licentia</strong></span> 
     </span>
    </p>
   </div>
   <div class='ocr_carea' id='block_1_32' title="bbox 268 3325 1848 3396">
    <p class='ocr_par' dir='ltr' id='par_1_32' title="bbox 268 3325 1848 3396">
     <span class='ocr_line' id='line_1_32' title="bbox 268 3325 1848 3396; baseline 0 -15"><span class='ocrx_word' id='word_1_191' title='bbox 268 3326 379 3386; x_wconf 75' lang='grc' dir='ltr'><strong>[ηιξ.</strong></span> <span class='ocrx_word' id='word_1_192' title='bbox 417 3326 716 3383; x_wconf 85' lang='lat' dir='ltr'><strong>cardinaiis</strong></span> <span class='ocrx_word' id='word_1_193' title='bbox 775 3325 859 3383; x_wconf 76' lang='lat' dir='ltr'><strong>vel</strong></span> <span class='ocrx_word' id='word_1_194' title='bbox 910 3325 1027 3396; x_wconf 72' lang='lat' dir='ltr'><strong>eius</strong></span> <span class='ocrx_word' id='word_1_195' title='bbox 1085 3325 1275 3383; x_wconf 84' lang='lat' dir='ltr'><strong>vicarii</strong></span> <span class='ocrx_word' id='word_1_196' title='bbox 1334 3341 1441 3381; x_wconf 88' lang='lat' dir='ltr'><strong>non</strong></span> <span class='ocrx_word' id='word_1_197' title='bbox 1497 3327 1739 3381; x_wconf 82' lang='lat' dir='ltr'><strong>obtenta.</strong></span> <span class='ocrx_word' id='word_1_198' title='bbox 1786 3325 1848 3381; x_wconf 79' lang='lat' dir='ltr'><strong>Et</strong></span> 
     </span>
    </p>
   </div>
   <div class='ocr_carea' id='block_1_33' title="bbox 267 3417 1849 3491">
    <p class='ocr_par' dir='ltr' id='par_1_33' title="bbox 267 3417 1849 3491">
     <span class='ocr_line' id='line_1_33' title="bbox 267 3417 1849 3491; baseline -0.002 -16"><span class='ocrx_word' id='word_1_199' title='bbox 267 3420 491 3491; x_wconf 78' lang='lat' dir='ltr'><strong>quando</strong></span> <span class='ocrx_word' id='word_1_200' title='bbox 524 3421 591 3475; x_wconf 88' lang='lat' dir='ltr'><strong>de</strong></span> <span class='ocrx_word' id='word_1_201' title='bbox 620 3419 841 3491; x_wconf 73' lang='lat' dir='ltr'><strong>licentia</strong></span> <span class='ocrx_word' id='word_1_202' title='bbox 892 3417 1101 3489; x_wconf 81' lang='lat' dir='ltr'><strong>pra-fati</strong></span> <span class='ocrx_word' id='word_1_203' title='bbox 1148 3417 1334 3489; x_wconf 76' lang='lat' dir='ltr'><strong>vicarii</strong></span> <span class='ocrx_word' id='word_1_204' title='bbox 1384 3418 1696 3489; x_wconf 74' lang='lat' dir='ltr'><strong>coruigerii,</strong></span> <span class='ocrx_word' id='word_1_205' title='bbox 1732 3425 1849 3473; x_wconf 90' lang='lat' dir='ltr'><strong>tum</strong></span> 
     </span>
    </p>
   </div>
   <div class='ocr_carea' id='block_1_34' title="bbox 264 3511 1842 3582">
    <p class='ocr_par' dir='ltr' id='par_1_34' title="bbox 264 3511 1842 3582">
     <span class='ocr_line' id='line_1_34' title="bbox 264 3511 1842 3582; baseline 0 -15"><span class='ocrx_word' id='word_1_206' title='bbox 264 3512 606 3570; x_wconf 81' lang='lat' dir='ltr'><strong>camerarius</strong></span> <span class='ocrx_word' id='word_1_207' title='bbox 657 3513 853 3569; x_wconf 79' lang='lat' dir='ltr'><strong>debeat</strong></span> <span class='ocrx_word' id='word_1_208' title='bbox 882 3512 940 3567; x_wconf 91' lang='lat' dir='ltr'><strong>in</strong></span> <span class='ocrx_word' id='word_1_209' title='bbox 971 3527 1073 3567; x_wconf 89' lang='lat' dir='ltr'><strong>suo</strong></span> <span class='ocrx_word' id='word_1_210' title='bbox 1122 3511 1264 3567; x_wconf 89' lang='lat' dir='ltr'><strong>libro</strong></span> <span class='ocrx_word' id='word_1_211' title='bbox 1310 3511 1578 3567; x_wconf 78' lang='lat' dir='ltr'><strong>adnotare</strong></span> <span class='ocrx_word' id='word_1_212' title='bbox 1608 3512 1842 3582; x_wconf 86' lang='lat' dir='ltr'><strong>portito-</strong></span> 
     </span>
    </p>
   </div>
   <div class='ocr_carea' id='block_1_35' title="bbox 250 3603 1849 3675">
    <p class='ocr_par' dir='ltr' id='par_1_35' title="bbox 250 3603 1849 3675">
     <span class='ocr_line' id='line_1_35' title="bbox 250 3603 1849 3675; baseline -0.001 -14"><span class='ocrx_word' id='word_1_213' title='bbox 250 3616 398 3673; x_wconf 74' lang='lat' dir='ltr'><strong>res;</strong></span> <span class='ocrx_word' id='word_1_214' title='bbox 435 3614 496 3661; x_wconf 91' lang='lat' dir='ltr'><strong>et</strong></span> <span class='ocrx_word' id='word_1_215' title='bbox 528 3606 573 3662; x_wconf 85' lang='lat' dir='ltr'><strong>si</strong></span> <span class='ocrx_word' id='word_1_216' title='bbox 628 3612 822 3661; x_wconf 90' lang='lat' dir='ltr'><strong>contra</strong></span> <span class='ocrx_word' id='word_1_217' title='bbox 877 3604 1086 3672; x_wconf 82' lang='lat' dir='ltr'><strong>iecerit,</strong></span> <span class='ocrx_word' id='word_1_218' title='bbox 1124 3603 1383 3675; x_wconf 83' lang='lat' dir='ltr'><strong>puniatur</strong></span> <span class='ocrx_word' id='word_1_219' title='bbox 1438 3604 1665 3660; x_wconf 78' lang='lat' dir='ltr'><strong>arbitrio</strong></span> <span class='ocrx_word' id='word_1_220' title='bbox 1699 3606 1849 3669; x_wconf 83' lang='lat' dir='ltr'><strong>vica-</strong></span> 
     </span>
    </p>
   </div>
   <div class='ocr_carea' id='block_1_36' title="bbox 264 3697 353 3754">
    <p class='ocr_par' dir='ltr' id='par_1_36' title="bbox 264 3697 353 3754">
     <span class='ocr_line' id='line_1_36' title="bbox 264 3697 353 3754; baseline 0.022 -2"><span class='ocrx_word' id='word_1_221' title='bbox 264 3697 353 3754; x_wconf 88' lang='lat' dir='ltr'><strong>rii.</strong></span> 
     </span>
    </p>
   </div>
   <div class='ocr_carea' id='block_1_37' title="bbox 267 3809 1848 3885">
    <p class='ocr_par' dir='ltr' id='par_1_37' title="bbox 267 3809 1848 3885">
     <span class='ocr_line' id='line_1_37' title="bbox 267 3809 1848 3885; baseline 0 -17"><span class='ocrx_word' id='word_1_222' title='bbox 267 3809 423 3885; x_wconf 74' lang='lat'><strong>125</strong></span> <span class='ocrx_word' id='word_1_223' title='bbox 451 3809 538 3885; x_wconf 77' lang='lat' dir='ltr'><strong>De</strong></span> <span class='ocrx_word' id='word_1_224' title='bbox 563 3811 858 3885; x_wconf 68' lang='lat' dir='ltr'><strong>residentis</strong></span> <span class='ocrx_word' id='word_1_225' title='bbox 894 3812 1140 3883; x_wconf 74' lang='lat' dir='ltr'><strong>facienda</strong></span> <span class='ocrx_word' id='word_1_226' title='bbox 1169 3814 1358 3869; x_wconf 83' lang='lat' dir='ltr'><strong>iterum</strong></span> <span class='ocrx_word' id='word_1_227' title='bbox 1389 3830 1549 3885; x_wconf 75' lang='lat' dir='ltr'><strong>usque</strong></span> <span class='ocrx_word' id='word_1_228' title='bbox 1590 3816 1715 3869; x_wconf 83' lang='lat' dir='ltr'><strong>dum</strong></span> <span class='ocrx_word' id='word_1_229' title='bbox 1742 3814 1848 3871; x_wconf 81' lang='lat' dir='ltr'><strong>sint</strong></span> 
     </span>
    </p>
   </div>
   <div class='ocr_carea' id='block_1_38' title="bbox 369 3884 1740 3957">
    <p class='ocr_par' dir='ltr' id='par_1_38' title="bbox 369 3884 1740 3957">
     <span class='ocr_line' id='line_1_38' title="bbox 369 3884 1740 3957; baseline 0.004 -19"><span class='ocrx_word' id='word_1_230' title='bbox 369 3884 573 3938; x_wconf 80' lang='lat' dir='ltr'><strong>redacti</strong></span> <span class='ocrx_word' id='word_1_231' title='bbox 607 3884 848 3939; x_wconf 77' lang='lat' dir='ltr'><strong>canonici</strong></span> <span class='ocrx_word' id='word_1_232' title='bbox 875 3886 946 3939; x_wconf 82' lang='lat' dir='ltr'><strong>ad</strong></span> <span class='ocrx_word' id='word_1_233' title='bbox 979 3900 1257 3939; x_wconf 70' lang='lat' dir='ltr'><strong>nutrierunt</strong></span> <span class='ocrx_word' id='word_1_234' title='bbox 1312 3884 1740 3957; x_wconf 81' lang='lat' dir='ltr'><strong>quaternarium.</strong></span> 
     </span>
    </p>
   </div>
   <div class='ocr_carea' id='block_1_39' title="bbox 331 3993 1871 4069">
    <p class='ocr_par' dir='ltr' id='par_1_39' title="bbox 331 3993 1871 4069">
     <span class='ocr_line' id='line_1_39' title="bbox 331 3993 1871 4069; baseline 0.006 -18"><span class='ocrx_word' id='word_1_235' title='bbox 331 3993 490 4069; x_wconf 83' lang='lat' dir='ltr'><strong>item,</strong></span> <span class='ocrx_word' id='word_1_236' title='bbox 526 3999 670 4069; x_wconf 85' lang='lat' dir='ltr'><strong>quod</strong></span> <span class='ocrx_word' id='word_1_237' title='bbox 707 4001 1005 4061; x_wconf 85' lang='lat' dir='ltr'><strong>secundum</strong></span> <span class='ocrx_word' id='word_1_238' title='bbox 1058 4009 1323 4060; x_wconf 87' lang='lat' dir='ltr'><strong>statutum</strong></span> <span class='ocrx_word' id='word_1_239' title='bbox 1361 4010 1417 4057; x_wconf 91' lang='lat' dir='ltr'><strong>et</strong></span> <span class='ocrx_word' id='word_1_240' title='bbox 1476 4003 1871 4059; x_wconf 78' lang='lat' dir='ltr'><strong>ordinatioiics</strong></span> 
     </span>
    </p>
   </div>
   <div class='ocr_carea' id='block_1_40' title="bbox 266 4092 1844 4166">
    <p class='ocr_par' dir='ltr' id='par_1_40' title="bbox 266 4092 1844 4166">
     <span class='ocr_line' id='line_1_40' title="bbox 266 4092 1844 4166; baseline 0.006 -20"><span class='ocrx_word' id='word_1_241' title='bbox 266 4092 475 4161; x_wconf 66' lang='lat' dir='ltr'><strong>praefati</strong></span> <span class='ocrx_word' id='word_1_242' title='bbox 526 4095 631 4150; x_wconf 89' lang='lat' dir='ltr'><strong>Dni</strong></span> <span class='ocrx_word' id='word_1_243' title='bbox 676 4092 904 4166; x_wconf 78' lang='lat' dir='ltr'><strong>Eugenii</strong></span> <span class='ocrx_word' id='word_1_244' title='bbox 936 4111 1202 4162; x_wconf 80' lang='lat' dir='ltr'><strong>nunierus</strong></span> <span class='ocrx_word' id='word_1_245' title='bbox 1254 4098 1642 4153; x_wconf 85' lang='lat' dir='ltr'><strong>canonicornm</strong></span> <span class='ocrx_word' id='word_1_246' title='bbox 1677 4100 1747 4154; x_wconf 87' lang='lat' dir='ltr'><strong>sit</strong></span> <span class='ocrx_word' id='word_1_247' title='bbox 1778 4103 1844 4155; x_wconf 87' lang='lat' dir='ltr'><strong>ad</strong></span> 
     </span>
    </p>
   </div>
   <div class='ocr_carea' id='block_1_41' title="bbox 266 4188 1844 4262">
    <p class='ocr_par' dir='ltr' id='par_1_41' title="bbox 266 4188 1844 4262">
     <span class='ocr_line' id='line_1_41' title="bbox 266 4188 1844 4262; baseline 0.004 -22"><span class='ocrx_word' id='word_1_248' title='bbox 266 4200 497 4258; x_wconf 85' lang='lat' dir='ltr'><strong>quatuor</strong></span> <span class='ocrx_word' id='word_1_249' title='bbox 526 4188 794 4253; x_wconf 86' lang='lat' dir='ltr'><strong>duntaxat</strong></span> <span class='ocrx_word' id='word_1_250' title='bbox 847 4188 1123 4256; x_wconf 79' lang='lat' dir='ltr'><strong>redactus,</strong></span> <span class='ocrx_word' id='word_1_251' title='bbox 1150 4205 1218 4246; x_wconf 90' lang='lat' dir='ltr'><strong>ne</strong></span> <span class='ocrx_word' id='word_1_252' title='bbox 1261 4192 1485 4262; x_wconf 73' lang='lat' dir='ltr'><strong>praefata</strong></span> <span class='ocrx_word' id='word_1_253' title='bbox 1525 4190 1757 4247; x_wconf 77' lang='lat' dir='ltr'><strong>ecclesia</strong></span> <span class='ocrx_word' id='word_1_254' title='bbox 1791 4196 1844 4247; x_wconf 93' lang='lat' dir='ltr'><strong>in</strong></span> 
     </span>
    </p>
   </div>
   <div class='ocr_carea' id='block_1_42' title="bbox 265 4280 1848 4353">
    <p class='ocr_par' dir='ltr' id='par_1_42' title="bbox 265 4280 1848 4353">
     <span class='ocr_line' id='line_1_42' title="bbox 265 4280 1848 4353; baseline 0.003 -16"><span class='ocrx_word' id='word_1_255' title='bbox 265 4281 463 4339; x_wconf 77' lang='lat' dir='ltr'><strong>divinis</strong></span> <span class='ocrx_word' id='word_1_256' title='bbox 491 4280 901 4338; x_wconf 84' lang='lat' dir='ltr'><strong>incommodum</strong></span> <span class='ocrx_word' id='word_1_257' title='bbox 934 4281 1152 4339; x_wconf 89' lang='lat' dir='ltr'><strong>interim</strong></span> <span class='ocrx_word' id='word_1_258' title='bbox 1186 4285 1445 4353; x_wconf 86' lang='lat' dir='ltr'><strong>patiatur,</strong></span> <span class='ocrx_word' id='word_1_259' title='bbox 1472 4284 1765 4341; x_wconf 79' lang='lat' dir='ltr'><strong>statuimus</strong></span> <span class='ocrx_word' id='word_1_260' title='bbox 1792 4294 1848 4347; x_wconf 83' lang='lat' dir='ltr'><strong>ct</strong></span> 
     </span>
    </p>
   </div>
   <div class='ocr_carea' id='block_1_43' title="bbox 265 4374 1846 4446">
    <p class='ocr_par' dir='ltr' id='par_1_43' title="bbox 265 4374 1846 4446">
     <span class='ocr_line' id='line_1_43' title="bbox 265 4374 1846 4446; baseline 0.003 -16"><span class='ocrx_word' id='word_1_261' title='bbox 265 4375 587 4433; x_wconf 85' lang='lat' dir='ltr'><strong>ordinamus</strong></span> <span class='ocrx_word' id='word_1_262' title='bbox 628 4376 773 4446; x_wconf 88' lang='lat' dir='ltr'><strong>quod</strong></span> <span class='ocrx_word' id='word_1_263' title='bbox 822 4374 1070 4430; x_wconf 85' lang='lat' dir='ltr'><strong>canonici</strong></span> <span class='ocrx_word' id='word_1_264' title='bbox 1107 4375 1253 4446; x_wconf 89' lang='lat' dir='ltr'><strong>quia</strong></span> <span class='ocrx_word' id='word_1_265' title='bbox 1282 4376 1404 4431; x_wconf 88' lang='lat' dir='ltr'><strong>data</strong></span> <span class='ocrx_word' id='word_1_266' title='bbox 1434 4377 1738 4433; x_wconf 85' lang='lat' dir='ltr'><strong>litterarum</strong></span> <span class='ocrx_word' id='word_1_267' title='bbox 1763 4379 1846 4434; x_wconf 87' lang='lat' dir='ltr'><strong>di-</strong></span> 
     </span>
    </p>
   </div>
   <div class='ocr_carea' id='block_1_44' title="bbox 268 4456 1843 4542">
    <p class='ocr_par' dir='ltr' id='par_1_44' title="bbox 268 4456 1843 4542">
     <span class='ocr_line' id='line_1_44' title="bbox 268 4456 1843 4542; baseline 0.003 -17"><span class='ocrx_word' id='word_1_268' title='bbox 268 4456 470 4526; x_wconf 25' lang='lat' dir='ltr'><strong>cti&#39;Dui</strong></span> <span class='ocrx_word' id='word_1_269' title='bbox 501 4467 730 4540; x_wconf 65' lang='lat' dir='ltr'><strong>Eugeuii</strong></span> <span class='ocrx_word' id='word_1_270' title='bbox 782 4467 922 4523; x_wconf 86' lang='lat' dir='ltr'><strong>citra</strong></span> <span class='ocrx_word' id='word_1_271' title='bbox 957 4467 1016 4523; x_wconf 86' lang='lat' dir='ltr'><strong>in</strong></span> <span class='ocrx_word' id='word_1_272' title='bbox 1048 4467 1192 4524; x_wconf 86' lang='lat' dir='ltr'><strong>dicta</strong></span> <span class='ocrx_word' id='word_1_273' title='bbox 1232 4468 1464 4526; x_wconf 85' lang='lat' dir='ltr'><strong>ecclesia</strong></span> <span class='ocrx_word' id='word_1_274' title='bbox 1492 4471 1699 4542; x_wconf 84' lang='lat' dir='ltr'><strong>recepti</strong></span> <span class='ocrx_word' id='word_1_275' title='bbox 1729 4470 1843 4529; x_wconf 85' lang='lat' dir='ltr'><strong>iue-</strong></span> 
     </span>
    </p>
   </div>
   <div class='ocr_carea' id='block_1_45' title="bbox 270 4561 1843 4633">
    <p class='ocr_par' dir='ltr' id='par_1_45' title="bbox 270 4561 1843 4633">
     <span class='ocr_line' id='line_1_45' title="bbox 270 4561 1843 4633; baseline 0.003 -15"><span class='ocrx_word' id='word_1_276' title='bbox 270 4562 392 4631; x_wconf 81' lang='lat' dir='ltr'><strong>rint,</strong></span> <span class='ocrx_word' id='word_1_277' title='bbox 421 4576 523 4618; x_wconf 90' lang='lat' dir='ltr'><strong>nec</strong></span> <span class='ocrx_word' id='word_1_278' title='bbox 547 4579 654 4623; x_wconf 89' lang='lat' dir='ltr'><strong>non</strong></span> <span class='ocrx_word' id='word_1_279' title='bbox 687 4562 956 4633; x_wconf 89' lang='lat' dir='ltr'><strong>capeliani</strong></span> <span class='ocrx_word' id='word_1_280' title='bbox 993 4564 1086 4632; x_wconf 88' lang='lat' dir='ltr'><strong>qui</strong></span> <span class='ocrx_word' id='word_1_281' title='bbox 1120 4561 1238 4618; x_wconf 88' lang='lat' dir='ltr'><strong>vice</strong></span> <span class='ocrx_word' id='word_1_282' title='bbox 1284 4562 1591 4619; x_wconf 84' lang='lat' dir='ltr'><strong>absentium</strong></span> <span class='ocrx_word' id='word_1_283' title='bbox 1624 4567 1843 4622; x_wconf 82' lang='lat' dir='ltr'><strong>canoni-</strong></span> 
     </span>
    </p>
   </div>
   <div class='ocr_carea' id='block_1_46' title="bbox 270 4649 1896 4729">
    <p class='ocr_par' dir='ltr' id='par_1_46' title="bbox 270 4649 1896 4729">
     <span class='ocr_line' id='line_1_46' title="bbox 270 4649 1896 4729; baseline 0.004 -22"><span class='ocrx_word' id='word_1_284' title='bbox 270 4668 459 4729; x_wconf 58' lang='lat' dir='ltr'><strong>coruni</strong></span> <span class='ocrx_word' id='word_1_285' title='bbox 479 4652 664 4710; x_wconf 81' lang='lat' dir='ltr'><strong>divina</strong></span> <span class='ocrx_word' id='word_1_286' title='bbox 685 4656 982 4710; x_wconf 81' lang='lat' dir='ltr'><strong>secundum</strong></span> <span class='ocrx_word' id='word_1_287' title='bbox 1008 4652 1296 4725; x_wconf 80' lang='lat' dir='ltr'><strong>deputatas</strong></span> <span class='ocrx_word' id='word_1_288' title='bbox 1318 4653 1398 4711; x_wconf 83' lang='lat' dir='ltr'><strong>eis</strong></span> <span class='ocrx_word' id='word_1_289' title='bbox 1419 4649 1697 4727; x_wconf 82' lang='lat' dir='ltr'><strong>portiones</strong></span> <span class='ocrx_word' id='word_1_290' title='bbox 1718 4673 1847 4729; x_wconf 48' lang='lat' dir='ltr'><strong>sup.</strong></span> <span class='ocrx_word' id='word_1_291' title='bbox 1893 4672 1896 4674; x_wconf 71' lang='lat'><em>‘</em></span> 
     </span>
    </p>
   </div>
   <div class='ocr_carea' id='block_1_47' title="bbox 271 4732 1848 4829">
    <p class='ocr_par' dir='ltr' id='par_1_47' title="bbox 271 4732 1848 4829">
     <span class='ocr_line' id='line_1_47' title="bbox 271 4732 1848 4829; baseline 0.006 -33"><span class='ocrx_word' id='word_1_292' title='bbox 271 4742 412 4827; x_wconf 86' lang='lat' dir='ltr'><strong>plere</strong></span> <span class='ocrx_word' id='word_1_293' title='bbox 440 4751 734 4805; x_wconf 83' lang='lat' dir='ltr'><strong>teneantur</strong></span> <span class='ocrx_word' id='word_1_294' title='bbox 773 4732 838 4800; x_wconf 87' lang='lat' dir='ltr'><strong>ac</strong></span> <span class='ocrx_word' id='word_1_295' title='bbox 865 4744 1125 4810; x_wconf 81' lang='lat' dir='ltr'><strong>debeant,</strong></span> <span class='ocrx_word' id='word_1_296' title='bbox 1166 4760 1231 4809; x_wconf 78' lang='lat' dir='ltr'><strong>ex</strong></span> <span class='ocrx_word' id='word_1_297' title='bbox 1265 4756 1394 4801; x_wconf 91' lang='lat' dir='ltr'><strong>tunc</strong></span> <span class='ocrx_word' id='word_1_298' title='bbox 1417 4762 1446 4802; x_wconf 86' lang='lat' dir='ltr'><strong>a</strong></span> <span class='ocrx_word' id='word_1_299' title='bbox 1474 4748 1848 4829; x_wconf 66' lang='lat' dir='ltr'><strong>pubiicationo,</strong></span> 
     </span>
    </p>
   </div>
   <div class='ocr_carea' id='block_1_48' title="bbox 272 4838 1841 4910">
    <p class='ocr_par' dir='ltr' id='par_1_48' title="bbox 272 4838 1841 4910">
     <span class='ocr_line' id='line_1_48' title="bbox 272 4838 1841 4910; baseline 0.006 -22"><span class='ocrx_word' id='word_1_300' title='bbox 272 4838 613 4905; x_wconf 65' lang='lat' dir='ltr'><strong>praesentium</strong></span> <span class='ocrx_word' id='word_1_301' title='bbox 655 4845 1010 4905; x_wconf 70' lang='lat' dir='ltr'><strong>statutorum,</strong></span> <span class='ocrx_word' id='word_1_302' title='bbox 1045 4838 1345 4895; x_wconf 88' lang='lat' dir='ltr'><strong>secundum</strong></span> <span class='ocrx_word' id='word_1_303' title='bbox 1396 4839 1706 4910; x_wconf 80' lang='lat' dir='ltr'><strong>liujusmodi</strong></span> <span class='ocrx_word' id='word_1_304' title='bbox 1744 4855 1841 4897; x_wconf 87' lang='lat' dir='ltr'><strong>no-</strong></span> 
     </span>
    </p>
   </div>
   <div class='ocr_carea' id='block_1_49' title="bbox 269 4931 1841 5002">
    <p class='ocr_par' dir='ltr' id='par_1_49' title="bbox 269 4931 1841 5002">
     <span class='ocr_line' id='line_1_49' title="bbox 269 4931 1841 5002; baseline 0.004 -17"><span class='ocrx_word' id='word_1_305' title='bbox 269 4938 406 4987; x_wconf 85' lang='lat' dir='ltr'><strong>stras</strong></span> <span class='ocrx_word' id='word_1_306' title='bbox 444 4932 827 4988; x_wconf 84' lang='lat' dir='ltr'><strong>ordinationes</strong></span> <span class='ocrx_word' id='word_1_307' title='bbox 874 4940 929 4987; x_wconf 89' lang='lat' dir='ltr'><strong>et</strong></span> <span class='ocrx_word' id='word_1_308' title='bbox 980 4940 1206 5000; x_wconf 84' lang='lat' dir='ltr'><strong>statuta,</strong></span> <span class='ocrx_word' id='word_1_309' title='bbox 1235 4931 1290 4989; x_wconf 89' lang='lat' dir='ltr'><strong>in</strong></span> <span class='ocrx_word' id='word_1_310' title='bbox 1344 4931 1567 5002; x_wconf 71' lang='lat' dir='ltr'><strong>pra-fata</strong></span> <span class='ocrx_word' id='word_1_311' title='bbox 1610 4933 1841 4991; x_wconf 88' lang='lat' dir='ltr'><strong>ecclesia</strong></span> 
     </span>
    </p>
   </div>
   <div class='ocr_carea' id='block_1_50' title="bbox 272 5025 1841 5097">
    <p class='ocr_par' dir='ltr' id='par_1_50' title="bbox 272 5025 1841 5097">
     <span class='ocr_line' id='line_1_50' title="bbox 272 5025 1841 5097; baseline 0.002 -18"><span class='ocrx_word' id='word_1_312' title='bbox 272 5034 586 5092; x_wconf 83' lang='lat' dir='ltr'><strong>pernoctare</strong></span> <span class='ocrx_word' id='word_1_313' title='bbox 608 5036 665 5082; x_wconf 86' lang='lat' dir='ltr'><strong>et</strong></span> <span class='ocrx_word' id='word_1_314' title='bbox 706 5025 986 5083; x_wconf 80' lang='lat' dir='ltr'><strong>deservire</strong></span> <span class='ocrx_word' id='word_1_315' title='bbox 1018 5025 1302 5081; x_wconf 89' lang='lat' dir='ltr'><strong>nocturnis</strong></span> <span class='ocrx_word' id='word_1_316' title='bbox 1336 5027 1552 5097; x_wconf 85' lang='lat' dir='ltr'><strong>pariter</strong></span> <span class='ocrx_word' id='word_1_317' title='bbox 1606 5036 1659 5083; x_wconf 88' lang='lat' dir='ltr'><strong>ct</strong></span> <span class='ocrx_word' id='word_1_318' title='bbox 1694 5028 1841 5082; x_wconf 59' lang='lat' dir='ltr'><strong>diura</strong></span> 
     </span>
    </p>
   </div>
   <div class='ocr_carea' id='block_1_51' title="bbox 271 5106 1837 5194">
    <p class='ocr_par' dir='ltr' id='par_1_51' title="bbox 271 5106 1837 5194">
     <span class='ocr_line' id='line_1_51' title="bbox 271 5106 1837 5194; baseline 0.004 -23"><span class='ocrx_word' id='word_1_319' title='bbox 271 5117 349 5194; x_wconf 80' lang='lat' dir='ltr'><strong>nis</strong></span> <span class='ocrx_word' id='word_1_320' title='bbox 372 5106 560 5175; x_wconf 84' lang='lat' dir='ltr'><strong>oliieiis</strong></span> <span class='ocrx_word' id='word_1_321' title='bbox 584 5120 818 5175; x_wconf 83' lang='lat' dir='ltr'><strong>debeant</strong></span> <span class='ocrx_word' id='word_1_322' title='bbox 844 5119 901 5174; x_wconf 89' lang='lat' dir='ltr'><strong>in</strong></span> <span class='ocrx_word' id='word_1_323' title='bbox 948 5120 1204 5175; x_wconf 89' lang='lat' dir='ltr'><strong>omnibus</strong></span> <span class='ocrx_word' id='word_1_324' title='bbox 1243 5127 1298 5174; x_wconf 89' lang='lat' dir='ltr'><strong>et</strong></span> <span class='ocrx_word' id='word_1_325' title='bbox 1344 5132 1440 5189; x_wconf 85' lang='lat' dir='ltr'><strong>per</strong></span> <span class='ocrx_word' id='word_1_326' title='bbox 1480 5121 1667 5175; x_wconf 87' lang='lat' dir='ltr'><strong>omnia</strong></span> <span class='ocrx_word' id='word_1_327' title='bbox 1698 5134 1762 5177; x_wconf 90' lang='lat' dir='ltr'><strong>ac</strong></span> <span class='ocrx_word' id='word_1_328' title='bbox 1792 5121 1837 5177; x_wconf 88' lang='lat' dir='ltr'><strong>si</strong></span> 
     </span>
    </p>
   </div>
   <div class='ocr_carea' id='block_1_52' title="bbox 271 5211 1671 5283">
    <p class='ocr_par' dir='ltr' id='par_1_52' title="bbox 271 5211 1671 5283">
     <span class='ocr_line' id='line_1_52' title="bbox 271 5211 1671 5283; baseline 0.003 -19"><span class='ocrx_word' id='word_1_329' title='bbox 271 5213 549 5281; x_wconf 65' lang='lat' dir='ltr'><strong>prmdictus</strong></span> <span class='ocrx_word' id='word_1_330' title='bbox 577 5226 835 5274; x_wconf 76' lang='lat' dir='ltr'><strong>numerus</strong></span> <span class='ocrx_word' id='word_1_331' title='bbox 866 5222 1014 5269; x_wconf 87' lang='lat' dir='ltr'><strong>esset</strong></span> <span class='ocrx_word' id='word_1_332' title='bbox 1047 5211 1291 5282; x_wconf 85' lang='lat' dir='ltr'><strong>plenarie</strong></span> <span class='ocrx_word' id='word_1_333' title='bbox 1323 5211 1671 5283; x_wconf 87' lang='lat' dir='ltr'><strong>adimpletus.</strong></span> 
     </span>
    </p>
   </div>
   <div class='ocr_carea' id='block_1_53' title="bbox 611 5325 1521 5398">
    <p class='ocr_par' dir='ltr' id='par_1_53' title="bbox 611 5325 1521 5398">
     <span class='ocr_line' id='line_1_53' title="bbox 611 5325 1521 5398; baseline -0.001 -16"><span class='ocrx_word' id='word_1_334' title='bbox 611 5326 689 5383; x_wconf 77' lang='lat' dir='ltr'><strong>De</strong></span> <span class='ocrx_word' id='word_1_335' title='bbox 721 5325 985 5381; x_wconf 80' lang='lat' dir='ltr'><strong>oblatione</strong></span> <span class='ocrx_word' id='word_1_336' title='bbox 1014 5325 1206 5381; x_wconf 82' lang='lat' dir='ltr'><strong>altaris</strong></span> <span class='ocrx_word' id='word_1_337' title='bbox 1238 5325 1482 5396; x_wconf 83' lang='lat' dir='ltr'><strong>majoris.</strong></span> <span class='ocrx_word' id='word_1_338' title='bbox 1517 5393 1521 5398; x_wconf 22' lang='grc' dir='ltr'>ι</span> 
     </span>
    </p>
   </div>
   <div class='ocr_carea' id='block_1_54' title="bbox 334 5440 1837 5518">
    <p class='ocr_par' dir='ltr' id='par_1_54' title="bbox 334 5440 1837 5518">
     <span class='ocr_line' id='line_1_54' title="bbox 334 5440 1837 5518; baseline 0.005 -23"><span class='ocrx_word' id='word_1_339' title='bbox 334 5440 630 5513; x_wconf 68' lang='lat' dir='ltr'><strong>Ailjicimus</strong></span> <span class='ocrx_word' id='word_1_340' title='bbox 659 5457 875 5514; x_wconf 84' lang='lat' dir='ltr'><strong>quoque</strong></span> <span class='ocrx_word' id='word_1_341' title='bbox 926 5444 995 5499; x_wconf 86' lang='lat' dir='ltr'><strong>de</strong></span> <span class='ocrx_word' id='word_1_342' title='bbox 1042 5443 1409 5498; x_wconf 77' lang='lat' dir='ltr'><strong>oblationibus</strong></span> <span class='ocrx_word' id='word_1_343' title='bbox 1441 5445 1663 5518; x_wconf 67' lang='lat' dir='ltr'><strong>iunioris</strong></span> <span class='ocrx_word' id='word_1_344' title='bbox 1698 5447 1837 5503; x_wconf 87' lang='lat' dir='ltr'><strong>aita-</strong></span> 
     </span>
    </p>
   </div>
   <div class='ocr_carea' id='block_1_55' title="bbox 273 5533 1832 5609">
    <p class='ocr_par' dir='ltr' id='par_1_55' title="bbox 273 5533 1832 5609">
     <span class='ocr_line' id='line_1_55' title="bbox 273 5533 1832 5609; baseline 0.005 -22"><span class='ocrx_word' id='word_1_345' title='bbox 273 5533 344 5591; x_wconf 86' lang='lat' dir='ltr'><strong>ris</strong></span> <span class='ocrx_word' id='word_1_346' title='bbox 386 5536 560 5609; x_wconf 78' lang='lat' dir='ltr'><strong>ipsius</strong></span> <span class='ocrx_word' id='word_1_347' title='bbox 586 5537 858 5604; x_wconf 66' lang='lat' dir='ltr'><strong>ecclesiae,</strong></span> <span class='ocrx_word' id='word_1_348' title='bbox 891 5536 1144 5592; x_wconf 77' lang='lat' dir='ltr'><strong>videlicet</strong></span> <span class='ocrx_word' id='word_1_349' title='bbox 1172 5551 1202 5591; x_wconf 88' lang='lat' dir='ltr'><strong>a</strong></span> <span class='ocrx_word' id='word_1_350' title='bbox 1231 5537 1418 5592; x_wconf 85' lang='lat' dir='ltr'><strong>decem</strong></span> <span class='ocrx_word' id='word_1_351' title='bbox 1452 5538 1644 5595; x_wconf 84' lang='lat' dir='ltr'><strong>solidis</strong></span> <span class='ocrx_word' id='word_1_352' title='bbox 1691 5541 1832 5596; x_wconf 75' lang='lat' dir='ltr'><strong>inira</strong></span> 
     </span>
    </p>
   </div>
   <div class='ocr_carea' id='block_1_56' title="bbox 274 5628 1832 5700">
    <p class='ocr_par' dir='ltr' id='par_1_56' title="bbox 274 5628 1832 5700">
     <span class='ocr_line' id='line_1_56' title="bbox 274 5628 1832 5700; baseline 0.008 -20"><span class='ocrx_word' id='word_1_353' title='bbox 274 5630 528 5699; x_wconf 63' lang='grc' dir='ltr'><strong>(περι-ηδιιί</strong></span> <span class='ocrx_word' id='word_1_354' title='bbox 559 5628 718 5684; x_wconf 80' lang='lat' dir='ltr'><strong>dictas</strong></span> <span class='ocrx_word' id='word_1_355' title='bbox 743 5630 1012 5697; x_wconf 66' lang='lat' dir='ltr'><strong>cuics&#39;ttc,</strong></span> <span class='ocrx_word' id='word_1_356' title='bbox 1039 5629 1135 5700; x_wconf 79' lang='lat' dir='ltr'><strong>qui</strong></span> <span class='ocrx_word' id='word_1_357' title='bbox 1170 5644 1270 5700; x_wconf 85' lang='lat' dir='ltr'><strong>pro</strong></span> <span class='ocrx_word' id='word_1_358' title='bbox 1320 5634 1602 5690; x_wconf 85' lang='lat' dir='ltr'><strong>canonicis</strong></span> <span class='ocrx_word' id='word_1_359' title='bbox 1632 5636 1832 5692; x_wconf 86' lang='lat' dir='ltr'><strong>absen-</strong></span> 
     </span>
    </p>
   </div>
   <div class='ocr_carea' id='block_1_57' title="bbox 276 5719 1832 5800">
    <p class='ocr_par' dir='ltr' id='par_1_57' title="bbox 276 5719 1832 5800">
     <span class='ocr_line' id='line_1_57' title="bbox 276 5719 1832 5800; baseline 0.01 -28"><span class='ocrx_word' id='word_1_360' title='bbox 276 5719 962 5788; x_wconf 24' lang='lat' dir='ltr'><strong>tibusrnonc&#39;deserviunt,</strong></span> <span class='ocrx_word' id='word_1_361' title='bbox 999 5724 1327 5795; x_wconf 88' lang='lat' dir='ltr'><strong>participare</strong></span> <span class='ocrx_word' id='word_1_362' title='bbox 1360 5724 1619 5798; x_wconf 80' lang='lat' dir='ltr'><strong>debeant,</strong></span> <span class='ocrx_word' id='word_1_363' title='bbox 1668 5744 1832 5800; x_wconf 88' lang='lat' dir='ltr'><strong>prout</strong></span> 
     </span>
    </p>
   </div>
   <div class='ocr_carea' id='block_1_58' title="bbox 271 5806 987 5886">
    <p class='ocr_par' dir='ltr' id='par_1_58' title="bbox 271 5806 987 5886">
     <span class='ocr_line' id='line_1_58' title="bbox 271 5806 987 5886; baseline 0.003 -14"><span class='ocrx_word' id='word_1_364' title='bbox 271 5806 501 5873; x_wconf 69' lang='lat' dir='ltr'><strong>éattonici</strong></span> <span class='ocrx_word' id='word_1_365' title='bbox 534 5818 644 5886; x_wconf 63' lang='lat' dir='ltr'><strong>ipsi</strong></span> <span class='ocrx_word' id='word_1_366' title='bbox 664 5817 987 5878; x_wconf 69' lang='lat' dir='ltr'><strong>participant</strong></span> 
     </span>
    </p>
   </div>
   <div class='ocr_carea' id='block_1_59' title="bbox 965 282 2900 375">
    <p class='ocr_par' dir='ltr' id='par_1_59' title="bbox 965 282 2900 375">
     <span class='ocr_line' id='line_1_59' title="bbox 965 282 2900 375; baseline 0.007 -13"><span class='ocrx_word' id='word_1_367' title='bbox 965 282 1269 365; x_wconf 79' lang='lat' dir='ltr'><strong>ALOYSII</strong></span> <span class='ocrx_word' id='word_1_368' title='bbox 1308 298 1669 363; x_wconf 75' lang='lat' dir='ltr'><strong>BANDINII</strong></span> <span class='ocrx_word' id='word_1_369' title='bbox 1707 299 2342 365; x_wconf 79' lang='lat' dir='ltr'><strong>COMMENTARIUS.</strong></span> <span class='ocrx_word' id='word_1_370' title='bbox 2384 329 2455 345; x_wconf 90' lang='grc'>-·</span> <span class='ocrx_word' id='word_1_371' title='bbox 2486 308 2900 375; x_wconf 79' lang='lat' dir='ltr'><strong>APPENDIX.</strong></span> 
     </span>
    </p>
   </div>
   <div class='ocr_carea' id='block_1_60' title="bbox 3472 330 3579 374">
    <p class='ocr_par' dir='ltr' id='par_1_60' title="bbox 3472 330 3579 374">
     <span class='ocr_line' id='line_1_60' title="bbox 3472 330 3579 374; baseline 0.047 -5"><span class='ocrx_word' id='word_1_372' title='bbox 3472 330 3579 374; x_wconf 65' lang='grc' dir='ltr'><strong>ιιι</strong></span> 
     </span>
    </p>
   </div>
   <div class='ocr_carea' id='block_1_61' title="bbox 2106 403 3470 499">
    <p class='ocr_par' dir='ltr' id='par_1_61' title="bbox 2106 403 3470 499">
     <span class='ocr_line' id='line_1_61' title="bbox 2106 403 3470 499; baseline 0.019 -30"><span class='ocrx_word' id='word_1_373' title='bbox 2106 414 2184 471; x_wconf 84' lang='lat' dir='ltr'><strong>De</strong></span> <span class='ocrx_word' id='word_1_374' title='bbox 2212 415 2460 487; x_wconf 70' lang='lat' dir='ltr'><strong>[autparte</strong></span> <span class='ocrx_word' id='word_1_375' title='bbox 2493 403 2826 479; x_wconf 74' lang='lat' dir='ltr'><strong>accendenda</strong></span> <span class='ocrx_word' id='word_1_376' title='bbox 2871 436 2993 482; x_wconf 83' lang='lat' dir='ltr'><strong>ante</strong></span> <span class='ocrx_word' id='word_1_377' title='bbox 3037 445 3225 499; x_wconf 77' lang='lat' dir='ltr'><strong>corpus</strong></span> <span class='ocrx_word' id='word_1_378' title='bbox 3251 432 3470 494; x_wconf 69' lang='lat' dir='ltr'><strong>Christi.</strong></span> 
     </span>
    </p>
   </div>
   <div class='ocr_carea' id='block_1_62' title="bbox 2074 530 3585 623">
    <p class='ocr_par' dir='ltr' id='par_1_62' title="bbox 2074 530 3585 623">
     <span class='ocr_line' id='line_1_62' title="bbox 2074 530 3585 623; baseline 0.02 -37"><span class='ocrx_word' id='word_1_379' title='bbox 2074 530 2377 602; x_wconf 78' lang='lat' dir='ltr'><strong>Adjicimns</strong></span> <span class='ocrx_word' id='word_1_380' title='bbox 2410 534 2635 607; x_wconf 87' lang='lat' dir='ltr'><strong>insuper</strong></span> <span class='ocrx_word' id='word_1_381' title='bbox 2658 555 2899 611; x_wconf 89' lang='lat' dir='ltr'><strong>quoque,</strong></span> <span class='ocrx_word' id='word_1_382' title='bbox 2939 538 3084 613; x_wconf 83' lang='lat' dir='ltr'><strong>quod</strong></span> <span class='ocrx_word' id='word_1_383' title='bbox 3112 555 3455 623; x_wconf 80' lang='lat' dir='ltr'><strong>camerarius</strong></span> <span class='ocrx_word' id='word_1_384' title='bbox 3498 559 3585 615; x_wconf 86' lang='lat' dir='ltr'><strong>di-</strong></span> 
     </span>
    </p>
   </div>
   <div class='ocr_carea' id='block_1_63' title="bbox 1993 623 3582 722">
    <p class='ocr_par' dir='ltr' id='par_1_63' title="bbox 1993 623 3582 722">
     <span class='ocr_line' id='line_1_63' title="bbox 1993 623 3582 722; baseline 0.014 -44"><span class='ocrx_word' id='word_1_385' title='bbox 1993 632 2093 680; x_wconf 67' lang='lat' dir='ltr'><strong>cta:</strong></span> <span class='ocrx_word' id='word_1_386' title='bbox 2143 626 2389 682; x_wconf 76' lang='lat' dir='ltr'><strong>ecclesizn</strong></span> <span class='ocrx_word' id='word_1_387' title='bbox 2421 628 2490 684; x_wconf 87' lang='lat' dir='ltr'><strong>de</strong></span> <span class='ocrx_word' id='word_1_388' title='bbox 2514 623 2781 688; x_wconf 75' lang='lat' dir='ltr'><strong>fructibus</strong></span> <span class='ocrx_word' id='word_1_389' title='bbox 2827 633 3001 704; x_wconf 78' lang='lat' dir='ltr'><strong>ipsius</strong></span> <span class='ocrx_word' id='word_1_390' title='bbox 3038 641 3284 698; x_wconf 67' lang='lat' dir='ltr'><strong>ecclesiae</strong></span> <span class='ocrx_word' id='word_1_391' title='bbox 3330 656 3582 722; x_wconf 65' lang='lat' dir='ltr'><strong>teneatur</strong></span> 
     </span>
    </p>
   </div>
   <div class='ocr_carea' id='block_1_64' title="bbox 1993 719 3579 803">
    <p class='ocr_par' dir='ltr' id='par_1_64' title="bbox 1993 719 3579 803">
     <span class='ocr_line' id='line_1_64' title="bbox 1993 719 3579 803; baseline 0.019 -31"><span class='ocrx_word' id='word_1_392' title='bbox 1993 720 2291 783; x_wconf 83' lang='lat' dir='ltr'><strong>accendere</strong></span> <span class='ocrx_word' id='word_1_393' title='bbox 2319 719 2625 793; x_wconf 86' lang='lat' dir='ltr'><strong>lampadem</strong></span> <span class='ocrx_word' id='word_1_394' title='bbox 2652 738 2780 783; x_wconf 87' lang='lat' dir='ltr'><strong>ante</strong></span> <span class='ocrx_word' id='word_1_395' title='bbox 2793 743 2987 800; x_wconf 87' lang='lat' dir='ltr'><strong>corpus</strong></span> <span class='ocrx_word' id='word_1_396' title='bbox 3007 733 3210 792; x_wconf 81' lang='lat' dir='ltr'><strong>Citriin</strong></span> <span class='ocrx_word' id='word_1_397' title='bbox 3243 738 3368 795; x_wconf 92' lang='lat' dir='ltr'><strong>dum</strong></span> <span class='ocrx_word' id='word_1_398' title='bbox 3394 719 3579 803; x_wconf 86' lang='lat' dir='ltr'><strong>divina</strong></span> 
     </span>
    </p>
   </div>
   <div class='ocr_carea' id='block_1_65' title="bbox 1990 810 3577 905">
    <p class='ocr_par' dir='ltr' id='par_1_65' title="bbox 1990 810 3577 905">
     <span class='ocr_line' id='line_1_65' title="bbox 1990 810 3577 905; baseline 0.02 -41"><span class='ocrx_word' id='word_1_399' title='bbox 1990 810 2335 868; x_wconf 85' lang='lat' dir='ltr'><strong>celebrantur</strong></span> <span class='ocrx_word' id='word_1_400' title='bbox 2354 829 2371 882; x_wconf 85' lang='lat'>;</span> <span class='ocrx_word' id='word_1_401' title='bbox 2402 816 2529 871; x_wconf 81' lang='lat' dir='ltr'><strong>etsi</strong></span> <span class='ocrx_word' id='word_1_402' title='bbox 2561 819 2973 890; x_wconf 82' lang='lat' dir='ltr'><strong>contrafeccrit,</strong></span> <span class='ocrx_word' id='word_1_403' title='bbox 3026 825 3079 881; x_wconf 83' lang='lat' dir='ltr'><strong>iit</strong></span> <span class='ocrx_word' id='word_1_404' title='bbox 3132 828 3444 905; x_wconf 74' lang='lat' dir='ltr'><strong>bolengcttis</strong></span> <span class='ocrx_word' id='word_1_405' title='bbox 3475 841 3577 894; x_wconf 85' lang='lat' dir='ltr'><strong>tri-</strong></span> 
     </span>
    </p>
   </div>
   <div class='ocr_carea' id='block_1_66' title="bbox 1988 902 3575 997">
    <p class='ocr_par' dir='ltr' id='par_1_66' title="bbox 1988 902 3575 997">
     <span class='ocr_line' id='line_1_66' title="bbox 1988 902 3575 997; baseline 0.02 -39"><span class='ocrx_word' id='word_1_406' title='bbox 1988 902 2089 958; x_wconf 85' lang='lat' dir='ltr'><strong>bus</strong></span> <span class='ocrx_word' id='word_1_407' title='bbox 2119 906 2358 975; x_wconf 87' lang='lat' dir='ltr'><strong>qualibet</strong></span> <span class='ocrx_word' id='word_1_408' title='bbox 2387 907 2502 965; x_wconf 83' lang='lat' dir='ltr'><strong>vice</strong></span> <span class='ocrx_word' id='word_1_409' title='bbox 2540 912 2819 981; x_wconf 84' lang='lat' dir='ltr'><strong>puniatur,</strong></span> <span class='ocrx_word' id='word_1_410' title='bbox 2850 924 2904 972; x_wconf 92' lang='lat' dir='ltr'><strong>et</strong></span> <span class='ocrx_word' id='word_1_411' title='bbox 2945 926 3123 976; x_wconf 81' lang='lat' dir='ltr'><strong>stetur</strong></span> <span class='ocrx_word' id='word_1_412' title='bbox 3167 902 3312 981; x_wconf 76' lang='lat' dir='ltr'><strong>dicto</strong></span> <span class='ocrx_word' id='word_1_413' title='bbox 3342 932 3575 997; x_wconf 78' lang='lat' dir='ltr'><strong>canoni-</strong></span> 
     </span>
    </p>
   </div>
   <div class='ocr_carea' id='block_1_67' title="bbox 1987 1000 2776 1071">
    <p class='ocr_par' dir='ltr' id='par_1_67' title="bbox 1987 1000 2776 1071">
     <span class='ocr_line' id='line_1_67' title="bbox 1987 1000 2776 1071; baseline 0.013 -21"><span class='ocrx_word' id='word_1_414' title='bbox 1987 1009 2200 1066; x_wconf 89' lang='lat' dir='ltr'><strong>corum,</strong></span> <span class='ocrx_word' id='word_1_415' title='bbox 2238 1000 2416 1056; x_wconf 87' lang='lat' dir='ltr'><strong>medio</strong></span> <span class='ocrx_word' id='word_1_416' title='bbox 2438 1000 2776 1071; x_wconf 73' lang='lat' dir='ltr'><strong>iuramento.</strong></span> 
     </span>
    </p>
   </div>
   <div class='ocr_carea' id='block_1_68' title="bbox 2722 1167 2813 1225">
    <p class='ocr_par' dir='ltr' id='par_1_68' title="bbox 2722 1167 2813 1225">
     <span class='ocr_line' id='line_1_68' title="bbox 2722 1167 2813 1225; baseline 0.022 -2"><span class='ocrx_word' id='word_1_417' title='bbox 2722 1167 2813 1225; x_wconf 84' lang='lat' dir='ltr'><strong>iii.</strong></span> 
     </span>
    </p>
   </div>
   <div class='ocr_carea' id='block_1_69' title="bbox 1983 1270 3570 1374">
    <p class='ocr_par' dir='ltr' id='par_1_69' title="bbox 1983 1270 3570 1374">
     <span class='ocr_line' id='line_1_69' title="bbox 1983 1270 3570 1374; baseline 0.022 -48"><span class='ocrx_word' id='word_1_418' title='bbox 1983 1271 2687 1374; x_wconf 28' lang='lat' dir='ltr'><strong>Brittaq‘ttnuidingcnlius&#39;i‘i’</strong></span> <span class='ocrx_word' id='word_1_419' title='bbox 2708 1289 3332 1374; x_wconf 45' lang='lat' dir='ltr'><strong>ca‘t‘tl‘ina&#39;li_Bessariaui,</strong></span> <span class='ocrx_word' id='word_1_420' title='bbox 3371 1314 3421 1358; x_wconf 86' lang='lat' dir='ltr'><strong>et</strong></span> <span class='ocrx_word' id='word_1_421' title='bbox 3450 1270 3570 1374; x_wconf 74' lang='lat' dir='ltr'><strong>post</strong></span> 
     </span>
    </p>
   </div>
   <div class='ocr_carea' id='block_1_70' title="bbox 2052 1353 3569 1440">
    <p class='ocr_par' dir='ltr' id='par_1_70' title="bbox 2052 1353 3569 1440">
     <span class='ocr_line' id='line_1_70' title="bbox 2052 1353 3569 1440; baseline 0.022 -42"><span class='ocrx_word' id='word_1_422' title='bbox 2052 1353 2188 1440; x_wconf 45' lang='lat' dir='ltr'><strong>eius;</strong></span> <span class='ocrx_word' id='word_1_423' title='bbox 2207 1360 2457 1440; x_wconf 44' lang='lat' dir='ltr'><strong>mortem.</strong></span> <span class='ocrx_word' id='word_1_424' title='bbox 2483 1353 2732 1440; x_wconf 70' lang='lat' dir='ltr'><strong>basilica-</strong></span> <span class='ocrx_word' id='word_1_425' title='bbox 2759 1361 2857 1416; x_wconf 78' lang='lat' dir='ltr'><strong>SS.</strong></span> <span class='ocrx_word' id='word_1_426' title='bbox 2888 1364 3005 1420; x_wconf 77' lang='grc' dir='ltr'><strong>ΧΙΙ</strong></span> <span class='ocrx_word' id='word_1_427' title='bbox 3031 1353 3427 1440; x_wconf 64' lang='lat' dir='ltr'><strong>Apostolorum,</strong></span> <span class='ocrx_word' id='word_1_428' title='bbox 3450 1353 3569 1430; x_wconf 65' lang='lat' dir='ltr'><strong>’éél</strong></span> 
     </span>
    </p>
   </div>
   <div class='ocr_carea' id='block_1_71' title="bbox 2054 1419 3570 1506">
    <p class='ocr_par' dir='ltr' id='par_1_71' title="bbox 2054 1419 3570 1506">
     <span class='ocr_line' id='line_1_71' title="bbox 2054 1419 3570 1506; baseline 0.025 -39"><span class='ocrx_word' id='word_1_429' title='bbox 2054 1419 2268 1506; x_wconf 57' lang='grc' dir='ltr'><strong>σίςδὶαηι</strong></span> <span class='ocrx_word' id='word_1_430' title='bbox 2308 1419 2368 1475; x_wconf 87' lang='lat' dir='ltr'><strong>S.</strong></span> <span class='ocrx_word' id='word_1_431' title='bbox 2418 1426 2668 1506; x_wconf 38' lang='lat' dir='ltr'><strong>finditore,</strong></span> <span class='ocrx_word' id='word_1_432' title='bbox 2701 1443 2807 1484; x_wconf 76' lang='lat' dir='ltr'><strong>una</strong></span> <span class='ocrx_word' id='word_1_433' title='bbox 2842 1419 3570 1506; x_wconf 37' lang='lat' dir='ltr'><strong>retundendo—tt;</strong></span> 
     </span>
    </p>
   </div>
   <div class='ocr_carea' id='block_1_72' title="bbox 2053 1491 2983 1565">
    <p class='ocr_par' dir='ltr' id='par_1_72' title="bbox 2053 1491 2983 1565">
     <span class='ocr_line' id='line_1_72' title="bbox 2053 1491 2983 1565; baseline 0.023 -24"><span class='ocrx_word' id='word_1_434' title='bbox 2053 1491 2122 1541; x_wconf 80' lang='lat' dir='ltr'><strong>ad</strong></span> <span class='ocrx_word' id='word_1_435' title='bbox 2150 1505 2266 1544; x_wconf 81' lang='lat' dir='ltr'><strong>eam</strong></span> <span class='ocrx_word' id='word_1_436' title='bbox 2294 1491 2698 1563; x_wconf 69' lang='lat' dir='ltr'><strong>pertinentibus,</strong></span> <span class='ocrx_word' id='word_1_437' title='bbox 2721 1512 2983 1565; x_wconf 77' lang='lat' dir='ltr'><strong>comedit.</strong></span> 
     </span>
    </p>
   </div>
   <div class='ocr_carea' id='block_1_73' title="bbox 2054 1623 3564 1724">
    <p class='ocr_par' dir='ltr' id='par_1_73' title="bbox 2054 1623 3564 1724">
     <span class='ocr_line' id='line_1_73' title="bbox 2054 1623 3564 1724; baseline 0.027 -48"><span class='ocrx_word' id='word_1_438' title='bbox 2054 1623 2329 1696; x_wconf 79' lang='lat' dir='ltr'><strong>Engenius</strong></span> <span class='ocrx_word' id='word_1_439' title='bbox 2380 1631 2690 1707; x_wconf 86' lang='lat' dir='ltr'><strong>episcopus,</strong></span> <span class='ocrx_word' id='word_1_440' title='bbox 2744 1655 2937 1701; x_wconf 81' lang='lat' dir='ltr'><strong>servus</strong></span> <span class='ocrx_word' id='word_1_441' title='bbox 2994 1661 3280 1709; x_wconf 84' lang='lat' dir='ltr'><strong>servorum</strong></span> <span class='ocrx_word' id='word_1_442' title='bbox 3321 1656 3439 1724; x_wconf 86' lang='lat' dir='ltr'><strong>Dei,</strong></span> <span class='ocrx_word' id='word_1_443' title='bbox 3494 1662 3564 1716; x_wconf 86' lang='lat' dir='ltr'><strong>ad</strong></span> 
     </span>
    </p>
   </div>
   <div class='ocr_carea' id='block_1_74' title="bbox 1979 1712 3567 1817">
    <p class='ocr_par' dir='ltr' id='par_1_74' title="bbox 1979 1712 3567 1817">
     <span class='ocr_line' id='line_1_74' title="bbox 1979 1712 3567 1817; baseline 0.023 -47"><span class='ocrx_word' id='word_1_444' title='bbox 1979 1712 2216 1774; x_wconf 76' lang='lat' dir='ltr'><strong>iuturaut</strong></span> <span class='ocrx_word' id='word_1_445' title='bbox 2257 1725 2332 1778; x_wconf 87' lang='lat' dir='ltr'><strong>rei</strong></span> <span class='ocrx_word' id='word_1_446' title='bbox 2381 1734 2727 1786; x_wconf 86' lang='lat' dir='ltr'><strong>memoriam.</strong></span> <span class='ocrx_word' id='word_1_447' title='bbox 2767 1732 2894 1792; x_wconf 83' lang='lat' dir='ltr'><strong>illas</strong></span> <span class='ocrx_word' id='word_1_448' title='bbox 2931 1739 3219 1807; x_wconf 75' lang='lat' dir='ltr'><strong>potissimo</strong></span> <span class='ocrx_word' id='word_1_449' title='bbox 3269 1712 3567 1817; x_wconf 69' lang='lat' dir='ltr'><strong>petitiones</strong></span> 
     </span>
    </p>
   </div>
   <div class='ocr_carea' id='block_1_75' title="bbox 1979 1809 3564 1900">
    <p class='ocr_par' dir='ltr' id='par_1_75' title="bbox 1979 1809 3564 1900">
     <span class='ocr_line' id='line_1_75' title="bbox 1979 1809 3564 1900; baseline 0.018 -36"><span class='ocrx_word' id='word_1_450' title='bbox 1979 1809 2045 1865; x_wconf 85' lang='lat' dir='ltr'><strong>ad</strong></span> <span class='ocrx_word' id='word_1_451' title='bbox 2078 1814 2468 1873; x_wconf 82' lang='lat' dir='ltr'><strong>.exauditionis</strong></span> <span class='ocrx_word' id='word_1_452' title='bbox 2521 1824 2751 1889; x_wconf 78' lang='lat' dir='ltr'><strong>gratiam</strong></span> <span class='ocrx_word' id='word_1_453' title='bbox 2802 1824 3175 1889; x_wconf 73' lang='lat' dir='ltr'><strong>favorabiliter</strong></span> <span class='ocrx_word' id='word_1_454' title='bbox 3222 1809 3564 1900; x_wconf 73' lang='lat' dir='ltr'><strong>admittimus</strong></span> 
     </span>
    </p>
   </div>
   <div class='ocr_carea' id='block_1_76' title="bbox 1977 1914 3562 2005">
    <p class='ocr_par' dir='ltr' id='par_1_76' title="bbox 1977 1914 3562 2005">
     <span class='ocr_line' id='line_1_76' title="bbox 1977 1914 3562 2005; baseline 0.021 -47"><span class='ocrx_word' id='word_1_455' title='bbox 1977 1918 2075 1973; x_wconf 89' lang='lat' dir='ltr'><strong>per</strong></span> <span class='ocrx_word' id='word_1_456' title='bbox 2104 1922 2255 2005; x_wconf 59' lang='lat' dir='ltr'><strong>quas</strong></span> <span class='ocrx_word' id='word_1_457' title='bbox 2279 1915 2537 1971; x_wconf 82' lang='lat' dir='ltr'><strong>venerab.</strong></span> <span class='ocrx_word' id='word_1_458' title='bbox 2560 1914 2791 1975; x_wconf 79' lang='lat' dir='ltr'><strong>fratrum</strong></span> <span class='ocrx_word' id='word_1_459' title='bbox 2825 1931 3137 1981; x_wconf 89' lang='lat' dir='ltr'><strong>nostrorum</strong></span> <span class='ocrx_word' id='word_1_460' title='bbox 3173 1929 3336 2005; x_wconf 75' lang='lat'><strong>126</strong></span> <span class='ocrx_word' id='word_1_461' title='bbox 3360 1935 3419 1989; x_wconf 87' lang='lat' dir='ltr'><strong>S.</strong></span> <span class='ocrx_word' id='word_1_462' title='bbox 3450 1935 3562 1992; x_wconf 81' lang='lat' dir='ltr'><strong>lio-</strong></span> 
     </span>
    </p>
   </div>
   <div class='ocr_carea' id='block_1_77' title="bbox 1976 2000 3563 2097">
    <p class='ocr_par' dir='ltr' id='par_1_77' title="bbox 1976 2000 3563 2097">
     <span class='ocr_line' id='line_1_77' title="bbox 1976 2000 3563 2097; baseline 0.021 -45"><span class='ocrx_word' id='word_1_463' title='bbox 1976 2014 2155 2056; x_wconf 76' lang='lat' dir='ltr'><strong>tuante</strong></span> <span class='ocrx_word' id='word_1_464' title='bbox 2214 2000 2475 2062; x_wconf 84' lang='lat' dir='ltr'><strong>Ecclesia:</strong></span> <span class='ocrx_word' id='word_1_465' title='bbox 2543 2011 2908 2070; x_wconf 88' lang='lat' dir='ltr'><strong>cardinalium</strong></span> <span class='ocrx_word' id='word_1_466' title='bbox 2965 2000 3273 2091; x_wconf 77' lang='lat' dir='ltr'><strong>commodo</strong></span> <span class='ocrx_word' id='word_1_467' title='bbox 3295 2000 3563 2097; x_wconf 62' lang='lat' dir='ltr'><strong>speratur</strong></span> 
     </span>
    </p>
   </div>
   <div class='ocr_carea' id='block_1_78' title="bbox 1975 2093 3559 2177">
    <p class='ocr_par' dir='ltr' id='par_1_78' title="bbox 1975 2093 3559 2177">
     <span class='ocr_line' id='line_1_78' title="bbox 1975 2093 3559 2177; baseline 0.021 -34"><span class='ocrx_word' id='word_1_468' title='bbox 1975 2103 2139 2161; x_wconf 85' lang='lat' dir='ltr'><strong>atque</strong></span> <span class='ocrx_word' id='word_1_469' title='bbox 2160 2093 2425 2165; x_wconf 79' lang='lat' dir='ltr'><strong>profectui</strong></span> <span class='ocrx_word' id='word_1_470' title='bbox 2460 2101 2760 2169; x_wconf 86' lang='lat' dir='ltr'><strong>provideri.</strong></span> <span class='ocrx_word' id='word_1_471' title='bbox 2782 2104 2945 2175; x_wconf 84' lang='lat' dir='ltr'><strong>Sane,</strong></span> <span class='ocrx_word' id='word_1_472' title='bbox 2963 2110 3109 2166; x_wconf 91' lang='lat' dir='ltr'><strong>sicut</strong></span> <span class='ocrx_word' id='word_1_473' title='bbox 3140 2114 3299 2172; x_wconf 88' lang='lat' dir='ltr'><strong>nobis</strong></span> <span class='ocrx_word' id='word_1_474' title='bbox 3330 2093 3559 2177; x_wconf 79' lang='lat' dir='ltr'><strong>dilectus</strong></span> 
     </span>
    </p>
   </div>
   <div class='ocr_carea' id='block_1_79' title="bbox 1973 2183 3552 2281">
    <p class='ocr_par' dir='ltr' id='par_1_79' title="bbox 1973 2183 3552 2281">
     <span class='ocr_line' id='line_1_79' title="bbox 1973 2183 3552 2281; baseline 0.022 -44"><span class='ocrx_word' id='word_1_475' title='bbox 1973 2183 2118 2281; x_wconf 74' lang='lat' dir='ltr'><strong>tilias</strong></span> <span class='ocrx_word' id='word_1_476' title='bbox 2147 2196 2335 2246; x_wconf 81' lang='lat' dir='ltr'><strong>naster</strong></span> <span class='ocrx_word' id='word_1_477' title='bbox 2390 2189 2703 2262; x_wconf 82' lang='lat' dir='ltr'><strong>Bessariou,</strong></span> <span class='ocrx_word' id='word_1_478' title='bbox 2738 2197 2979 2258; x_wconf 65' lang='lat' dir='ltr'><strong>basileus</strong></span> <span class='ocrx_word' id='word_1_479' title='bbox 3018 2201 3109 2257; x_wconf 80' lang='lat' dir='ltr'><strong>Xii</strong></span> <span class='ocrx_word' id='word_1_480' title='bbox 3140 2205 3331 2276; x_wconf 77' lang='lat' dir='ltr'><strong>Apost.</strong></span> <span class='ocrx_word' id='word_1_481' title='bbox 3365 2213 3552 2281; x_wconf 87' lang='lat' dir='ltr'><strong>presb.</strong></span> 
     </span>
    </p>
   </div>
   <div class='ocr_carea' id='block_1_80' title="bbox 1971 2279 3554 2375">
    <p class='ocr_par' dir='ltr' id='par_1_80' title="bbox 1971 2279 3554 2375">
     <span class='ocr_line' id='line_1_80' title="bbox 1971 2279 3554 2375; baseline 0.021 -44"><span class='ocrx_word' id='word_1_482' title='bbox 1971 2279 2120 2334; x_wconf 89' lang='lat' dir='ltr'><strong>card.</strong></span> <span class='ocrx_word' id='word_1_483' title='bbox 2152 2321 2169 2341; x_wconf 88' lang='lat'><strong><em>.</em></strong></span> <span class='ocrx_word' id='word_1_484' title='bbox 2203 2296 2375 2354; x_wconf 82' lang='lat' dir='ltr'><strong>nuper</strong></span> <span class='ocrx_word' id='word_1_485' title='bbox 2402 2297 2675 2357; x_wconf 76' lang='lat' dir='ltr'><strong>exponere</strong></span> <span class='ocrx_word' id='word_1_486' title='bbox 2694 2293 2932 2362; x_wconf 86' lang='lat' dir='ltr'><strong>curavit,</strong></span> <span class='ocrx_word' id='word_1_487' title='bbox 2955 2298 3187 2357; x_wconf 87' lang='lat' dir='ltr'><strong>ecclesia</strong></span> <span class='ocrx_word' id='word_1_488' title='bbox 3213 2300 3271 2360; x_wconf 92' lang='lat' dir='ltr'><strong>S.</strong></span> <span class='ocrx_word' id='word_1_489' title='bbox 3296 2279 3554 2375; x_wconf 66' lang='lat' dir='ltr'><strong>Andreae,</strong></span> 
     </span>
    </p>
   </div>
   <div class='ocr_carea' id='block_1_81' title="bbox 1970 2371 3555 2461">
    <p class='ocr_par' dir='ltr' id='par_1_81' title="bbox 1970 2371 3555 2461">
     <span class='ocr_line' id='line_1_81' title="bbox 1970 2371 3555 2461; baseline 0.02 -34"><span class='ocrx_word' id='word_1_490' title='bbox 1970 2371 2075 2428; x_wconf 88' lang='lat' dir='ltr'><strong>sita</strong></span> <span class='ocrx_word' id='word_1_491' title='bbox 2114 2374 2166 2429; x_wconf 91' lang='lat' dir='ltr'><strong>in</strong></span> <span class='ocrx_word' id='word_1_492' title='bbox 2202 2377 2285 2431; x_wconf 88' lang='lat' dir='ltr'><strong>via</strong></span> <span class='ocrx_word' id='word_1_493' title='bbox 2321 2376 2574 2449; x_wconf 79' lang='lat' dir='ltr'><strong>Ergatica</strong></span> <span class='ocrx_word' id='word_1_494' title='bbox 2620 2384 2690 2441; x_wconf 88' lang='lat' dir='ltr'><strong>de</strong></span> <span class='ocrx_word' id='word_1_495' title='bbox 2739 2384 2908 2457; x_wconf 80' lang='lat' dir='ltr'><strong>Urbe,</strong></span> <span class='ocrx_word' id='word_1_496' title='bbox 2954 2404 3074 2461; x_wconf 71' lang='lat' dir='ltr'><strong>quae</strong></span> <span class='ocrx_word' id='word_1_497' title='bbox 3108 2394 3237 2450; x_wconf 84' lang='lat' dir='ltr'><strong>olim</strong></span> <span class='ocrx_word' id='word_1_498' title='bbox 3279 2371 3555 2457; x_wconf 53' lang='lat' dir='ltr'><strong>titOllﬂSlC;</strong></span> 
     </span>
    </p>
   </div>
   <div class='ocr_carea' id='block_1_82' title="bbox 1969 2468 3552 2554">
    <p class='ocr_par' dir='ltr' id='par_1_82' title="bbox 1969 2468 3552 2554">
     <span class='ocr_line' id='line_1_82' title="bbox 1969 2468 3552 2554; baseline 0.019 -34"><span class='ocrx_word' id='word_1_499' title='bbox 1969 2468 2108 2521; x_wconf 86' lang='lat' dir='ltr'><strong>rium</strong></span> <span class='ocrx_word' id='word_1_500' title='bbox 2134 2471 2451 2529; x_wconf 81' lang='lat' dir='ltr'><strong>monialium</strong></span> <span class='ocrx_word' id='word_1_501' title='bbox 2479 2490 2602 2532; x_wconf 85' lang='lat' dir='ltr'><strong>esse</strong></span> <span class='ocrx_word' id='word_1_502' title='bbox 2631 2478 2865 2551; x_wconf 85' lang='lat' dir='ltr'><strong>solebat,</strong></span> <span class='ocrx_word' id='word_1_503' title='bbox 2897 2494 2951 2539; x_wconf 90' lang='lat' dir='ltr'><strong>et</strong></span> <span class='ocrx_word' id='word_1_504' title='bbox 2976 2494 3101 2554; x_wconf 88' lang='lat' dir='ltr'><strong>post</strong></span> <span class='ocrx_word' id='word_1_505' title='bbox 3133 2491 3552 2550; x_wconf 88' lang='lat' dir='ltr'><strong>translationem</strong></span> 
     </span>
    </p>
   </div>
   <div class='ocr_carea' id='block_1_83' title="bbox 1966 2561 3550 2653">
    <p class='ocr_par' dir='ltr' id='par_1_83' title="bbox 1966 2561 3550 2653">
     <span class='ocr_line' id='line_1_83' title="bbox 1966 2561 3550 2653; baseline 0.017 -37"><span class='ocrx_word' id='word_1_506' title='bbox 1966 2561 2285 2619; x_wconf 86' lang='lat' dir='ltr'><strong>monialium</strong></span> <span class='ocrx_word' id='word_1_507' title='bbox 2330 2565 2640 2638; x_wconf 69' lang='lat' dir='ltr'><strong>huiusmodi</strong></span> <span class='ocrx_word' id='word_1_508' title='bbox 2693 2573 2764 2629; x_wconf 86' lang='lat' dir='ltr'><strong>ab</strong></span> <span class='ocrx_word' id='word_1_509' title='bbox 2820 2574 3119 2645; x_wconf 88' lang='lat' dir='ltr'><strong>inde,&#39;cum</strong></span> <span class='ocrx_word' id='word_1_510' title='bbox 3150 2583 3550 2653; x_wconf 83' lang='lat' dir='ltr'><strong>quondamba-</strong></span> 
     </span>
    </p>
   </div>
   <div class='ocr_carea' id='block_1_84' title="bbox 1964 2654 3553 2736">
    <p class='ocr_par' dir='ltr' id='par_1_84' title="bbox 1964 2654 3553 2736">
     <span class='ocr_line' id='line_1_84' title="bbox 1964 2654 3553 2736; baseline 0.018 -28"><span class='ocrx_word' id='word_1_511' title='bbox 1964 2654 2321 2714; x_wconf 86' lang='lat' dir='ltr'><strong>bitationibus</strong></span> <span class='ocrx_word' id='word_1_512' title='bbox 2351 2660 2668 2720; x_wconf 83' lang='lat' dir='ltr'><strong>monialiuin</strong></span> <span class='ocrx_word' id='word_1_513' title='bbox 2693 2680 2761 2722; x_wconf 84' lang='lat' dir='ltr'><strong>ac</strong></span> <span class='ocrx_word' id='word_1_514' title='bbox 2794 2669 2960 2725; x_wconf 87' lang='lat' dir='ltr'><strong>certis</strong></span> <span class='ocrx_word' id='word_1_515' title='bbox 2997 2673 3251 2731; x_wconf 83' lang='lat' dir='ltr'><strong>domibus</strong></span> <span class='ocrx_word' id='word_1_516' title='bbox 3282 2680 3553 2736; x_wconf 83' lang='lat' dir='ltr'><strong>censuaii-</strong></span> 
     </span>
    </p>
   </div>
   <div class='ocr_carea' id='block_1_85' title="bbox 1964 2744 3549 2838">
    <p class='ocr_par' dir='ltr' id='par_1_85' title="bbox 1964 2744 3549 2838">
     <span class='ocr_line' id='line_1_85' title="bbox 1964 2744 3549 2838; baseline 0.02 -38"><span class='ocrx_word' id='word_1_517' title='bbox 1964 2744 2068 2802; x_wconf 88' lang='lat' dir='ltr'><strong>bus</strong></span> <span class='ocrx_word' id='word_1_518' title='bbox 2096 2748 2274 2805; x_wconf 76' lang='lat' dir='ltr'><strong>cidem</strong></span> <span class='ocrx_word' id='word_1_519' title='bbox 2297 2751 2545 2811; x_wconf 74' lang='lat' dir='ltr'><strong>ecclesia:</strong></span> <span class='ocrx_word' id='word_1_520' title='bbox 2572 2758 2842 2829; x_wconf 74' lang='lat' dir='ltr'><strong>contiguis</strong></span> <span class='ocrx_word' id='word_1_521' title='bbox 2868 2762 2983 2819; x_wconf 84' lang='lat' dir='ltr'><strong>sive</strong></span> <span class='ocrx_word' id='word_1_522' title='bbox 3012 2765 3417 2838; x_wconf 78' lang='lat' dir='ltr'><strong>adjacentibns,</strong></span> <span class='ocrx_word' id='word_1_523' title='bbox 3449 2790 3549 2830; x_wconf 88' lang='lat' dir='ltr'><strong>nec</strong></span> 
     </span>
    </p>
   </div>
   <div class='ocr_carea' id='block_1_86' title="bbox 1963 2837 3551 2927">
    <p class='ocr_par' dir='ltr' id='par_1_86' title="bbox 1963 2837 3551 2927">
     <span class='ocr_line' id='line_1_86' title="bbox 1963 2837 3551 2927; baseline 0.021 -38"><span class='ocrx_word' id='word_1_524' title='bbox 1963 2850 2070 2890; x_wconf 90' lang='lat' dir='ltr'><strong>non</strong></span> <span class='ocrx_word' id='word_1_525' title='bbox 2096 2837 2289 2907; x_wconf 81' lang='lat' dir='ltr'><strong>hortis,</strong></span> <span class='ocrx_word' id='word_1_526' title='bbox 2324 2841 2615 2903; x_wconf 79' lang='lat' dir='ltr'><strong>bortalitiis</strong></span> <span class='ocrx_word' id='word_1_527' title='bbox 2642 2863 2705 2904; x_wconf 90' lang='lat' dir='ltr'><strong>ac</strong></span> <span class='ocrx_word' id='word_1_528' title='bbox 2730 2849 2948 2922; x_wconf 78' lang='lat' dir='ltr'><strong>juribus</strong></span> <span class='ocrx_word' id='word_1_529' title='bbox 2971 2864 3025 2911; x_wconf 90' lang='lat' dir='ltr'><strong>et</strong></span> <span class='ocrx_word' id='word_1_530' title='bbox 3055 2837 3406 2927; x_wconf 78' lang='lat' dir='ltr'><strong>pertinentiis</strong></span> <span class='ocrx_word' id='word_1_531' title='bbox 3433 2865 3551 2925; x_wconf 86' lang='lat' dir='ltr'><strong>suis</strong></span> 
     </span>
    </p>
   </div>
   <div class='ocr_carea' id='block_1_87' title="bbox 1964 2934 3546 3019">
    <p class='ocr_par' dir='ltr' id='par_1_87' title="bbox 1964 2934 3546 3019">
     <span class='ocr_line' id='line_1_87' title="bbox 1964 2934 3546 3019; baseline 0.02 -34"><span class='ocrx_word' id='word_1_532' title='bbox 1964 2934 2295 3019; x_wconf 79' lang='lat' dir='ltr'><strong>manastetio</strong></span> <span class='ocrx_word' id='word_1_533' title='bbox 2326 2936 2382 2991; x_wconf 82' lang='lat'><strong>3.</strong></span> <span class='ocrx_word' id='word_1_534' title='bbox 2419 2938 2716 2998; x_wconf 83' lang='lat' dir='ltr'><strong>Clementis</strong></span> <span class='ocrx_word' id='word_1_535' title='bbox 2754 2943 2823 3000; x_wconf 90' lang='lat' dir='ltr'><strong>de</strong></span> <span class='ocrx_word' id='word_1_536' title='bbox 2868 2946 3007 3002; x_wconf 88' lang='lat' dir='ltr'><strong>dicta</strong></span> <span class='ocrx_word' id='word_1_537' title='bbox 3044 2948 3207 3019; x_wconf 82' lang='lat' dir='ltr'><strong>Urbe,</strong></span> <span class='ocrx_word' id='word_1_538' title='bbox 3239 2956 3451 3013; x_wconf 80' lang='lat' dir='ltr'><strong>ordinis</strong></span> <span class='ocrx_word' id='word_1_539' title='bbox 3485 2958 3546 3016; x_wconf 85' lang='lat' dir='ltr'><strong>S.</strong></span> 
     </span>
    </p>
   </div>
   <div class='ocr_carea' id='block_1_88' title="bbox 1961 3016 3549 3121">
    <p class='ocr_par' dir='ltr' id='par_1_88' title="bbox 1961 3016 3549 3121">
     <span class='ocr_line' id='line_1_88' title="bbox 1961 3016 3549 3121; baseline 0.022 -48"><span class='ocrx_word' id='word_1_540' title='bbox 1961 3016 2267 3091; x_wconf 81' lang='lat' dir='ltr'><strong>Jeronymi,</strong></span> <span class='ocrx_word' id='word_1_541' title='bbox 2287 3025 2387 3081; x_wconf 88' lang='lat' dir='ltr'><strong>sub</strong></span> <span class='ocrx_word' id='word_1_542' title='bbox 2417 3028 2583 3084; x_wconf 86' lang='lat' dir='ltr'><strong>certis</strong></span> <span class='ocrx_word' id='word_1_543' title='bbox 2604 3030 2768 3090; x_wconf 89' lang='lat' dir='ltr'><strong>modo</strong></span> <span class='ocrx_word' id='word_1_544' title='bbox 2791 3044 2844 3092; x_wconf 88' lang='lat' dir='ltr'><strong>ct</strong></span> <span class='ocrx_word' id='word_1_545' title='bbox 2868 3034 3041 3094; x_wconf 81' lang='lat' dir='ltr'><strong>forma</strong></span> <span class='ocrx_word' id='word_1_546' title='bbox 3066 3016 3393 3104; x_wconf 82' lang='lat' dir='ltr'><strong>auctoritate</strong></span> <span class='ocrx_word' id='word_1_547' title='bbox 3417 3064 3549 3121; x_wconf 81' lang='lat' dir='ltr'><strong>apo-</strong></span> 
     </span>
    </p>
   </div>
   <div class='ocr_carea' id='block_1_89' title="bbox 1962 3111 3551 3202">
    <p class='ocr_par' dir='ltr' id='par_1_89' title="bbox 1962 3111 3551 3202">
     <span class='ocr_line' id='line_1_89' title="bbox 1962 3111 3551 3202; baseline 0.021 -35"><span class='ocrx_word' id='word_1_548' title='bbox 1962 3111 2157 3169; x_wconf 85' lang='lat' dir='ltr'><strong>stolica</strong></span> <span class='ocrx_word' id='word_1_549' title='bbox 2201 3116 2350 3174; x_wconf 83' lang='lat' dir='ltr'><strong>unita</strong></span> <span class='ocrx_word' id='word_1_550' title='bbox 2386 3129 2441 3174; x_wconf 87' lang='lat' dir='ltr'><strong>ct</strong></span> <span class='ocrx_word' id='word_1_551' title='bbox 2470 3120 2820 3194; x_wconf 86' lang='lat' dir='ltr'><strong>incorporata</strong></span> <span class='ocrx_word' id='word_1_552' title='bbox 2873 3133 3105 3202; x_wconf 76' lang='lat' dir='ltr'><strong>exstitit,</strong></span> <span class='ocrx_word' id='word_1_553' title='bbox 3154 3139 3391 3196; x_wconf 86' lang='lat' dir='ltr'><strong>totaliter</strong></span> <span class='ocrx_word' id='word_1_554' title='bbox 3436 3111 3551 3201; x_wconf 77' lang='lat' dir='ltr'><strong>(iis-</strong></span> 
     </span>
    </p>
   </div>
   <div class='ocr_carea' id='block_1_90' title="bbox 1959 3214 3545 3294">
    <p class='ocr_par' dir='ltr' id='par_1_90' title="bbox 1959 3214 3545 3294">
     <span class='ocr_line' id='line_1_90' title="bbox 1959 3214 3545 3294; baseline 0.02 -33"><span class='ocrx_word' id='word_1_555' title='bbox 1959 3219 2220 3277; x_wconf 86' lang='lat' dir='ltr'><strong>coopcrta</strong></span> <span class='ocrx_word' id='word_1_556' title='bbox 2264 3221 2321 3267; x_wconf 89' lang='lat' dir='ltr'><strong>et</strong></span> <span class='ocrx_word' id='word_1_557' title='bbox 2355 3214 2657 3283; x_wconf 81' lang='lat' dir='ltr'><strong>destructa,</strong></span> <span class='ocrx_word' id='word_1_558' title='bbox 2686 3233 2751 3276; x_wconf 87' lang='lat' dir='ltr'><strong>ac</strong></span> <span class='ocrx_word' id='word_1_559' title='bbox 2788 3223 3153 3285; x_wconf 79' lang='lat' dir='ltr'><strong>habitationes</strong></span> <span class='ocrx_word' id='word_1_560' title='bbox 3195 3246 3408 3288; x_wconf 78' lang='lat' dir='ltr'><strong>necnon</strong></span> <span class='ocrx_word' id='word_1_561' title='bbox 3445 3237 3545 3294; x_wconf 85' lang='lat' dir='ltr'><strong>do-</strong></span> 
     </span>
    </p>
   </div>
   <div class='ocr_carea' id='block_1_91' title="bbox 1960 3304 3547 3394">
    <p class='ocr_par' dir='ltr' id='par_1_91' title="bbox 1960 3304 3547 3394">
     <span class='ocr_line' id='line_1_91' title="bbox 1960 3304 3547 3394; baseline 0.021 -42"><span class='ocrx_word' id='word_1_562' title='bbox 1960 3313 2083 3354; x_wconf 80' lang='lat' dir='ltr'><strong>nius</strong></span> <span class='ocrx_word' id='word_1_563' title='bbox 2120 3304 2391 3370; x_wconf 65' lang='lat' dir='ltr'><strong>pracdieta:</strong></span> <span class='ocrx_word' id='word_1_564' title='bbox 2418 3306 2690 3379; x_wconf 74' lang='lat' dir='ltr'><strong>pleneque</strong></span> <span class='ocrx_word' id='word_1_565' title='bbox 2708 3315 2941 3372; x_wconf 70' lang='lat' dir='ltr'><strong>ruinoso.-</strong></span> <span class='ocrx_word' id='word_1_566' title='bbox 2968 3334 2985 3385; x_wconf 85' lang='lat'><strong>;</strong></span> <span class='ocrx_word' id='word_1_567' title='bbox 3017 3335 3083 3375; x_wconf 90' lang='lat' dir='ltr'><strong>ac</strong></span> <span class='ocrx_word' id='word_1_568' title='bbox 3112 3336 3380 3394; x_wconf 67' lang='lat' dir='ltr'><strong>praeterea</strong></span> <span class='ocrx_word' id='word_1_569' title='bbox 3408 3328 3547 3386; x_wconf 86' lang='lat' dir='ltr'><strong>dile-</strong></span> 
     </span>
    </p>
   </div>
   <div class='ocr_carea' id='block_1_92' title="bbox 1961 3394 3538 3482">
    <p class='ocr_par' dir='ltr' id='par_1_92' title="bbox 1961 3394 3538 3482">
     <span class='ocr_line' id='line_1_92' title="bbox 1961 3394 3538 3482; baseline 0.022 -34"><span class='ocrx_word' id='word_1_570' title='bbox 1961 3394 2064 3451; x_wconf 89' lang='lat' dir='ltr'><strong>ctis</strong></span> <span class='ocrx_word' id='word_1_571' title='bbox 2110 3394 2241 3453; x_wconf 83' lang='lat' dir='ltr'><strong>ﬁliis</strong></span> <span class='ocrx_word' id='word_1_572' title='bbox 2292 3397 2459 3469; x_wconf 84' lang='lat' dir='ltr'><strong>priori</strong></span> <span class='ocrx_word' id='word_1_573' title='bbox 2519 3410 2575 3456; x_wconf 84' lang='lat' dir='ltr'><strong>et</strong></span> <span class='ocrx_word' id='word_1_574' title='bbox 2627 3403 2890 3466; x_wconf 77' lang='lat' dir='ltr'><strong>fratribus</strong></span> <span class='ocrx_word' id='word_1_575' title='bbox 2943 3413 3075 3471; x_wconf 87' lang='lat' dir='ltr'><strong>dicti</strong></span> <span class='ocrx_word' id='word_1_576' title='bbox 3124 3404 3445 3480; x_wconf 82' lang='lat' dir='ltr'><strong>monasterii</strong></span> <span class='ocrx_word' id='word_1_577' title='bbox 3479 3426 3538 3482; x_wconf 87' lang='lat' dir='ltr'><strong>s.</strong></span> 
     </span>
    </p>
   </div>
   <div class='ocr_carea' id='block_1_93' title="bbox 1958 3486 3546 3575">
    <p class='ocr_par' dir='ltr' id='par_1_93' title="bbox 1958 3486 3546 3575">
     <span class='ocr_line' id='line_1_93' title="bbox 1958 3486 3546 3575; baseline 0.019 -30"><span class='ocrx_word' id='word_1_578' title='bbox 1958 3486 2253 3548; x_wconf 83' lang='lat' dir='ltr'><strong>Clementis</strong></span> <span class='ocrx_word' id='word_1_579' title='bbox 2286 3494 2463 3553; x_wconf 87' lang='lat' dir='ltr'><strong>minus</strong></span> <span class='ocrx_word' id='word_1_580' title='bbox 2504 3496 2666 3556; x_wconf 82' lang='lat' dir='ltr'><strong>utiles</strong></span> <span class='ocrx_word' id='word_1_581' title='bbox 2692 3511 2745 3556; x_wconf 88' lang='lat' dir='ltr'><strong>et</strong></span> <span class='ocrx_word' id='word_1_582' title='bbox 2768 3510 3138 3567; x_wconf 71' lang='lat' dir='ltr'><strong>accommoda:</strong></span> <span class='ocrx_word' id='word_1_583' title='bbox 3163 3511 3278 3571; x_wconf 80' lang='lat' dir='ltr'><strong>fore</strong></span> <span class='ocrx_word' id='word_1_584' title='bbox 3305 3524 3546 3575; x_wconf 85' lang='lat' dir='ltr'><strong>noscun-</strong></span> 
     </span>
    </p>
   </div>
   <div class='ocr_carea' id='block_1_94' title="bbox 1960 3583 3542 3678">
    <p class='ocr_par' dir='ltr' id='par_1_94' title="bbox 1960 3583 3542 3678">
     <span class='ocr_line' id='line_1_94' title="bbox 1960 3583 3542 3678; baseline 0.021 -40"><span class='ocrx_word' id='word_1_585' title='bbox 1960 3590 2068 3638; x_wconf 90' lang='lat' dir='ltr'><strong>tur.</strong></span> <span class='ocrx_word' id='word_1_586' title='bbox 2096 3583 2234 3641; x_wconf 89' lang='lat' dir='ltr'><strong>Cum</strong></span> <span class='ocrx_word' id='word_1_587' title='bbox 2265 3597 2474 3657; x_wconf 85' lang='lat' dir='ltr'><strong>autem,</strong></span> <span class='ocrx_word' id='word_1_588' title='bbox 2502 3591 2645 3647; x_wconf 87' lang='lat' dir='ltr'><strong>sicut</strong></span> <span class='ocrx_word' id='word_1_589' title='bbox 2670 3595 3005 3669; x_wconf 85' lang='lat' dir='ltr'><strong>accepimus,</strong></span> <span class='ocrx_word' id='word_1_590' title='bbox 3034 3605 3294 3678; x_wconf 66' lang='lat' dir='ltr'><strong>ecclesia,</strong></span> <span class='ocrx_word' id='word_1_591' title='bbox 3321 3610 3542 3671; x_wconf 83' lang='lat' dir='ltr'><strong>habita-</strong></span> 
     </span>
    </p>
   </div>
   <div class='ocr_carea' id='block_1_95' title="bbox 1960 3678 3539 3763">
    <p class='ocr_par' dir='ltr' id='par_1_95' title="bbox 1960 3678 3539 3763">
     <span class='ocr_line' id='line_1_95' title="bbox 1960 3678 3539 3763; baseline 0.021 -32"><span class='ocrx_word' id='word_1_592' title='bbox 1960 3678 2137 3734; x_wconf 87' lang='lat' dir='ltr'><strong>tiones</strong></span> <span class='ocrx_word' id='word_1_593' title='bbox 2161 3687 2216 3734; x_wconf 86' lang='lat' dir='ltr'><strong>ct</strong></span> <span class='ocrx_word' id='word_1_594' title='bbox 2253 3679 2449 3738; x_wconf 88' lang='lat' dir='ltr'><strong>domus</strong></span> <span class='ocrx_word' id='word_1_595' title='bbox 2486 3686 2759 3754; x_wconf 69' lang='lat' dir='ltr'><strong>prtcdictte</strong></span> <span class='ocrx_word' id='word_1_596' title='bbox 2789 3689 2946 3760; x_wconf 81' lang='lat' dir='ltr'><strong>juxta</strong></span> <span class='ocrx_word' id='word_1_597' title='bbox 2985 3696 3204 3755; x_wconf 88' lang='lat' dir='ltr'><strong>domum</strong></span> <span class='ocrx_word' id='word_1_598' title='bbox 3231 3716 3343 3759; x_wconf 67' lang='lat' dir='ltr'><strong>suae</strong></span> <span class='ocrx_word' id='word_1_599' title='bbox 3386 3704 3539 3763; x_wconf 82' lang='lat' dir='ltr'><strong>habi—</strong></span> 
     </span>
    </p>
   </div>
   <div class='ocr_carea' id='block_1_96' title="bbox 1959 3769 3569 3863">
    <p class='ocr_par' dir='ltr' id='par_1_96' title="bbox 1959 3769 3569 3863">
     <span class='ocr_line' id='line_1_96' title="bbox 1959 3769 3569 3863; baseline 0.022 -41"><span class='ocrx_word' id='word_1_600' title='bbox 1959 3769 2179 3828; x_wconf 79' lang='lat' dir='ltr'><strong>tationis</strong></span> <span class='ocrx_word' id='word_1_601' title='bbox 2207 3774 2322 3830; x_wconf 88' lang='lat' dir='ltr'><strong>sive</strong></span> <span class='ocrx_word' id='word_1_602' title='bbox 2366 3780 2674 3839; x_wconf 68' lang='lat' dir='ltr'><strong>residentis:</strong></span> <span class='ocrx_word' id='word_1_603' title='bbox 2708 3786 3038 3852; x_wconf 86' lang='lat' dir='ltr'><strong>consistant,</strong></span> <span class='ocrx_word' id='word_1_604' title='bbox 3069 3807 3131 3846; x_wconf 89' lang='lat' dir='ltr'><strong>ac</strong></span> <span class='ocrx_word' id='word_1_605' title='bbox 3173 3794 3569 3863; x_wconf 64' lang='lat' dir='ltr'><strong>habitationes</strong></span> 
     </span>
    </p>
   </div>
   <div class='ocr_carea' id='block_1_97' title="bbox 1957 3866 3541 3954">
    <p class='ocr_par' dir='ltr' id='par_1_97' title="bbox 1957 3866 3541 3954">
     <span class='ocr_line' id='line_1_97' title="bbox 1957 3866 3541 3954; baseline 0.019 -36"><span class='ocrx_word' id='word_1_606' title='bbox 1957 3874 2011 3920; x_wconf 88' lang='lat' dir='ltr'><strong>et</strong></span> <span class='ocrx_word' id='word_1_607' title='bbox 2060 3866 2253 3923; x_wconf 86' lang='lat' dir='ltr'><strong>domus</strong></span> <span class='ocrx_word' id='word_1_608' title='bbox 2303 3873 2593 3944; x_wconf 55' lang='lat' dir='ltr'><strong>praedictae,</strong></span> <span class='ocrx_word' id='word_1_609' title='bbox 2637 3892 2762 3949; x_wconf 69' lang='lat' dir='ltr'><strong>quae</strong></span> <span class='ocrx_word' id='word_1_610' title='bbox 2822 3881 3066 3954; x_wconf 88' lang='lat' dir='ltr'><strong>quinque</strong></span> <span class='ocrx_word' id='word_1_611' title='bbox 3135 3901 3360 3946; x_wconf 88' lang='lat' dir='ltr'><strong>numero</strong></span> <span class='ocrx_word' id='word_1_612' title='bbox 3414 3904 3541 3948; x_wconf 86' lang='lat' dir='ltr'><strong>sunt</strong></span> 
     </span>
    </p>
   </div>
   <div class='ocr_carea' id='block_1_98' title="bbox 1957 3961 3540 4045">
    <p class='ocr_par' dir='ltr' id='par_1_98' title="bbox 1957 3961 3540 4045">
     <span class='ocr_line' id='line_1_98' title="bbox 1957 3961 3540 4045; baseline 0.015 -27"><span class='ocrx_word' id='word_1_613' title='bbox 1957 3962 2091 4018; x_wconf 87' lang='lat' dir='ltr'><strong>citra</strong></span> <span class='ocrx_word' id='word_1_614' title='bbox 2117 3961 2260 4018; x_wconf 86' lang='lat' dir='ltr'><strong>viam</strong></span> <span class='ocrx_word' id='word_1_615' title='bbox 2292 3966 2360 4021; x_wconf 88' lang='lat' dir='ltr'><strong>ad</strong></span> <span class='ocrx_word' id='word_1_616' title='bbox 2397 3966 2534 4023; x_wconf 87' lang='lat' dir='ltr'><strong>latus</strong></span> <span class='ocrx_word' id='word_1_617' title='bbox 2566 3970 2901 4030; x_wconf 90' lang='lat' dir='ltr'><strong>occidentale</strong></span> <span class='ocrx_word' id='word_1_618' title='bbox 2928 3976 3170 4045; x_wconf 72' lang='lat' dir='ltr'><strong>situatce,</strong></span> <span class='ocrx_word' id='word_1_619' title='bbox 3204 3980 3382 4039; x_wconf 81' lang='lat' dir='ltr'><strong>eidem</strong></span> <span class='ocrx_word' id='word_1_620' title='bbox 3416 3997 3540 4042; x_wconf 80' lang='lat' dir='ltr'><strong>car-</strong></span> 
     </span>
    </p>
   </div>
   <div class='ocr_carea' id='block_1_99' title="bbox 1956 4057 3533 4150">
    <p class='ocr_par' dir='ltr' id='par_1_99' title="bbox 1956 4057 3533 4150">
     <span class='ocr_line' id='line_1_99' title="bbox 1956 4057 3533 4150; baseline 0.014 -39"><span class='ocrx_word' id='word_1_621' title='bbox 1956 4057 2120 4113; x_wconf 82' lang='lat' dir='ltr'><strong>tlinali</strong></span> <span class='ocrx_word' id='word_1_622' title='bbox 2157 4074 2256 4128; x_wconf 87' lang='lat' dir='ltr'><strong>pro</strong></span> <span class='ocrx_word' id='word_1_623' title='bbox 2297 4076 2392 4116; x_wconf 85' lang='lat' dir='ltr'><strong>sua</strong></span> <span class='ocrx_word' id='word_1_624' title='bbox 2424 4061 2476 4117; x_wconf 90' lang='lat' dir='ltr'><strong>in</strong></span> <span class='ocrx_word' id='word_1_625' title='bbox 2526 4064 2604 4120; x_wconf 86' lang='lat' dir='ltr'><strong>eis</strong></span> <span class='ocrx_word' id='word_1_626' title='bbox 2637 4066 2954 4123; x_wconf 80' lang='lat' dir='ltr'><strong>collocanda</strong></span> <span class='ocrx_word' id='word_1_627' title='bbox 3004 4069 3207 4129; x_wconf 78' lang='lat' dir='ltr'><strong>familia</strong></span> <span class='ocrx_word' id='word_1_628' title='bbox 3239 4075 3533 4150; x_wconf 76' lang='lat' dir='ltr'><strong>plurimum</strong></span> 
     </span>
    </p>
   </div>
   <div class='ocr_carea' id='block_1_100' title="bbox 1892 4155 3537 4235">
    <p class='ocr_par' dir='ltr' id='par_1_100' title="bbox 1892 4155 3537 4235">
     <span class='ocr_line' id='line_1_100' title="bbox 1892 4155 3537 4235; baseline 0.017 -34"><span class='ocrx_word' id='word_1_629' title='bbox 1892 4183 1899 4191; x_wconf 70' lang='grc' dir='ltr'><strong><em>ο</em></strong></span> <span class='ocrx_word' id='word_1_630' title='bbox 1957 4155 2279 4210; x_wconf 61' lang='lat' dir='ltr'><strong>necessariae</strong></span> <span class='ocrx_word' id='word_1_631' title='bbox 2316 4157 2605 4228; x_wconf 83' lang='lat' dir='ltr'><strong>exsistant,</strong></span> <span class='ocrx_word' id='word_1_632' title='bbox 2654 4160 2881 4231; x_wconf 80' lang='lat' dir='ltr'><strong>ipseque</strong></span> <span class='ocrx_word' id='word_1_633' title='bbox 2916 4165 3215 4235; x_wconf 83' lang='lat' dir='ltr'><strong>cardinalis</strong></span> <span class='ocrx_word' id='word_1_634' title='bbox 3242 4168 3288 4225; x_wconf 81' lang='lat' dir='ltr'><strong>si</strong></span> <span class='ocrx_word' id='word_1_635' title='bbox 3323 4170 3537 4229; x_wconf 81' lang='lat' dir='ltr'><strong>habita-</strong></span> 
     </span>
    </p>
   </div>
   <div class='ocr_carea' id='block_1_101' title="bbox 1956 4244 3533 4335">
    <p class='ocr_par' dir='ltr' id='par_1_101' title="bbox 1956 4244 3533 4335">
     <span class='ocr_line' id='line_1_101' title="bbox 1956 4244 3533 4335; baseline 0.012 -35"><span class='ocrx_word' id='word_1_636' title='bbox 1956 4244 2133 4321; x_wconf 87' lang='lat' dir='ltr'><strong>tiones</strong></span> <span class='ocrx_word' id='word_1_637' title='bbox 2156 4256 2210 4303; x_wconf 89' lang='lat' dir='ltr'><strong>ct</strong></span> <span class='ocrx_word' id='word_1_638' title='bbox 2238 4249 2475 4321; x_wconf 87' lang='lat' dir='ltr'><strong>quinque</strong></span> <span class='ocrx_word' id='word_1_639' title='bbox 2497 4251 2692 4310; x_wconf 90' lang='lat' dir='ltr'><strong>domus</strong></span> <span class='ocrx_word' id='word_1_640' title='bbox 2720 4255 3026 4325; x_wconf 75' lang='lat' dir='ltr'><strong>hujusniodi</strong></span> <span class='ocrx_word' id='word_1_641' title='bbox 3050 4262 3100 4315; x_wconf 89' lang='lat' dir='ltr'><strong>ei</strong></span> <span class='ocrx_word' id='word_1_642' title='bbox 3136 4264 3533 4335; x_wconf 85' lang='lat' dir='ltr'><strong>concedantur,</strong></span> 
     </span>
    </p>
   </div>
   <div class='ocr_carea' id='block_1_102' title="bbox 1954 4350 3531 4418">
    <p class='ocr_par' dir='ltr' id='par_1_102' title="bbox 1954 4350 3531 4418">
     <span class='ocr_line' id='line_1_102' title="bbox 1954 4350 3531 4418; baseline 0.016 -25"><span class='ocrx_word' id='word_1_643' title='bbox 1954 4350 2049 4394; x_wconf 83' lang='lat' dir='ltr'><strong>eas</strong></span> <span class='ocrx_word' id='word_1_644' title='bbox 2096 4354 2257 4410; x_wconf 87' lang='lat' dir='ltr'><strong>posse</strong></span> <span class='ocrx_word' id='word_1_645' title='bbox 2303 4350 2465 4399; x_wconf 85' lang='lat' dir='ltr'><strong>tenus</strong></span> <span class='ocrx_word' id='word_1_646' title='bbox 2521 4360 2778 4416; x_wconf 77' lang='lat' dir='ltr'><strong>reparare</strong></span> <span class='ocrx_word' id='word_1_647' title='bbox 2804 4357 2861 4405; x_wconf 86' lang='lat' dir='ltr'><strong>et</strong></span> <span class='ocrx_word' id='word_1_648' title='bbox 2895 4362 3206 4411; x_wconf 85' lang='lat' dir='ltr'><strong>restaurare</strong></span> <span class='ocrx_word' id='word_1_649' title='bbox 3230 4355 3481 4417; x_wconf 85' lang='lat' dir='ltr'><strong>intendat</strong></span> <span class='ocrx_word' id='word_1_650' title='bbox 3514 4381 3531 4418; x_wconf 88' lang='lat'><strong>:</strong></span> 
     </span>
    </p>
   </div>
   <div class='ocr_carea' id='block_1_103' title="bbox 1953 4432 3533 4525">
    <p class='ocr_par' dir='ltr' id='par_1_103' title="bbox 1953 4432 3533 4525">
     <span class='ocr_line' id='line_1_103' title="bbox 1953 4432 3533 4525; baseline 0.015 -38"><span class='ocrx_word' id='word_1_651' title='bbox 1953 4446 2055 4488; x_wconf 86' lang='lat' dir='ltr'><strong>nos</strong></span> <span class='ocrx_word' id='word_1_652' title='bbox 2082 4432 2279 4502; x_wconf 92' lang='lat' dir='ltr'><strong>quibus</strong></span> <span class='ocrx_word' id='word_1_653' title='bbox 2310 4450 2433 4491; x_wconf 84' lang='lat' dir='ltr'><strong>ven.</strong></span> <span class='ocrx_word' id='word_1_654' title='bbox 2470 4435 2642 4494; x_wconf 80' lang='lat' dir='ltr'><strong>frater</strong></span> <span class='ocrx_word' id='word_1_655' title='bbox 2669 4451 2855 4499; x_wconf 89' lang='lat' dir='ltr'><strong>noster</strong></span> <span class='ocrx_word' id='word_1_656' title='bbox 2882 4441 3215 4505; x_wconf 83' lang='lat' dir='ltr'><strong>Franciscus</strong></span> <span class='ocrx_word' id='word_1_657' title='bbox 3244 4451 3533 4525; x_wconf 86' lang='lat' dir='ltr'><strong>episcopus</strong></span> 
     </span>
    </p>
   </div>
   <div class='ocr_carea' id='block_1_104' title="bbox 1954 4523 3532 4610">
    <p class='ocr_par' dir='ltr' id='par_1_104' title="bbox 1954 4523 3532 4610">
     <span class='ocr_line' id='line_1_104' title="bbox 1954 4523 3532 4610; baseline 0.015 -29"><span class='ocrx_word' id='word_1_658' title='bbox 1954 4523 2290 4597; x_wconf 84' lang='lat' dir='ltr'><strong>Portucnsis,</strong></span> <span class='ocrx_word' id='word_1_659' title='bbox 2349 4527 2409 4584; x_wconf 88' lang='lat' dir='ltr'><strong>S.</strong></span> <span class='ocrx_word' id='word_1_660' title='bbox 2473 4528 2633 4588; x_wconf 81' lang='lat' dir='ltr'><strong>Rom.</strong></span> <span class='ocrx_word' id='word_1_661' title='bbox 2682 4532 2829 4590; x_wconf 82' lang='lat' dir='ltr'><strong>Eccl.</strong></span> <span class='ocrx_word' id='word_1_662' title='bbox 2869 4539 3391 4610; x_wconf 80' lang='lat' dir='ltr'><strong>vicecaitceliarius,</strong></span> <span class='ocrx_word' id='word_1_663' title='bbox 3434 4523 3532 4605; x_wconf 77' lang='lat' dir='ltr'><strong>cui</strong></span> 
     </span>
    </p>
   </div>
   <div class='ocr_carea' id='block_1_105' title="bbox 1953 4615 3529 4709">
    <p class='ocr_par' dir='ltr' id='par_1_105' title="bbox 1953 4615 3529 4709">
     <span class='ocr_line' id='line_1_105' title="bbox 1953 4615 3529 4709; baseline 0.013 -36"><span class='ocrx_word' id='word_1_664' title='bbox 1953 4628 2012 4673; x_wconf 89' lang='lat' dir='ltr'><strong>ut</strong></span> <span class='ocrx_word' id='word_1_665' title='bbox 2082 4633 2145 4676; x_wconf 89' lang='lat' dir='ltr'><strong>se</strong></span> <span class='ocrx_word' id='word_1_666' title='bbox 2181 4634 2348 4692; x_wconf 89' lang='lat' dir='ltr'><strong>super</strong></span> <span class='ocrx_word' id='word_1_667' title='bbox 2399 4621 2699 4694; x_wconf 72' lang='lat' dir='ltr'><strong>przemissis</strong></span> <span class='ocrx_word' id='word_1_668' title='bbox 2758 4615 3529 4709; x_wconf 22' lang='lat' dir='ltr'><strong>informaret;commisimus,</strong></span> 
     </span>
    </p>
   </div>
   <div class='ocr_carea' id='block_1_106' title="bbox 1952 4708 3531 4794">
    <p class='ocr_par' dir='ltr' id='par_1_106' title="bbox 1952 4708 3531 4794">
     <span class='ocr_line' id='line_1_106' title="bbox 1952 4708 3531 4794; baseline 0.01 -29"><span class='ocrx_word' id='word_1_669' title='bbox 1952 4708 2269 4766; x_wconf 80' lang='lat' dir='ltr'><strong>relationem</strong></span> <span class='ocrx_word' id='word_1_670' title='bbox 2304 4710 2438 4768; x_wconf 80' lang='lat' dir='ltr'><strong>fecit</strong></span> <span class='ocrx_word' id='word_1_671' title='bbox 2476 4713 2712 4785; x_wconf 75' lang='lat' dir='ltr'><strong>fidelem,</strong></span> <span class='ocrx_word' id='word_1_672' title='bbox 2740 4720 2942 4791; x_wconf 85' lang='lat' dir='ltr'><strong>quique</strong></span> <span class='ocrx_word' id='word_1_673' title='bbox 2977 4708 3415 4794; x_wconf 79' lang='lat' dir='ltr'><strong>perbnjusmodi</strong></span> <span class='ocrx_word' id='word_1_674' title='bbox 3449 4726 3531 4781; x_wconf 91' lang='lat' dir='ltr'><strong>in-</strong></span> 
     </span>
    </p>
   </div>
   <div class='ocr_carea' id='block_1_107' title="bbox 1949 4801 3533 4891">
    <p class='ocr_par' dir='ltr' id='par_1_107' title="bbox 1949 4801 3533 4891">
     <span class='ocr_line' id='line_1_107' title="bbox 1949 4801 3533 4891; baseline 0.012 -34"><span class='ocrx_word' id='word_1_675' title='bbox 1949 4801 2330 4859; x_wconf 79' lang='lat' dir='ltr'><strong>{ormationem</strong></span> <span class='ocrx_word' id='word_1_676' title='bbox 2361 4806 2437 4861; x_wconf 86' lang='lat' dir='ltr'><strong>ita</strong></span> <span class='ocrx_word' id='word_1_677' title='bbox 2463 4821 2607 4875; x_wconf 86' lang='lat' dir='ltr'><strong>esse,</strong></span> <span class='ocrx_word' id='word_1_678' title='bbox 2631 4824 2684 4865; x_wconf 85' lang='lat' dir='ltr'><strong>et</strong></span> <span class='ocrx_word' id='word_1_679' title='bbox 2714 4815 2857 4881; x_wconf 89' lang='lat' dir='ltr'><strong>quod</strong></span> <span class='ocrx_word' id='word_1_680' title='bbox 2888 4813 2941 4867; x_wconf 92' lang='lat' dir='ltr'><strong>in</strong></span> <span class='ocrx_word' id='word_1_681' title='bbox 2996 4816 3083 4871; x_wconf 84' lang='lat' dir='ltr'><strong>bis</strong></span> <span class='ocrx_word' id='word_1_682' title='bbox 3102 4820 3355 4886; x_wconf 12' lang='lat' dir='ltr'><strong>{ipsorum</strong></span> <span class='ocrx_word' id='word_1_683' title='bbox 3384 4822 3533 4891; x_wconf 83' lang='lat' dir='ltr'><strong>prio-</strong></span> 
     </span>
    </p>
   </div>
   <div class='ocr_carea' id='block_1_108' title="bbox 1950 4895 3526 4986">
    <p class='ocr_par' dir='ltr' id='par_1_108' title="bbox 1950 4895 3526 4986">
     <span class='ocr_line' id='line_1_108' title="bbox 1950 4895 3526 4986; baseline 0.012 -35"><span class='ocrx_word' id='word_1_684' title='bbox 1950 4910 2072 4952; x_wconf 87' lang='lat' dir='ltr'><strong>rum</strong></span> <span class='ocrx_word' id='word_1_685' title='bbox 2100 4906 2156 4952; x_wconf 92' lang='lat' dir='ltr'><strong>et</strong></span> <span class='ocrx_word' id='word_1_686' title='bbox 2197 4895 2428 4955; x_wconf 78' lang='lat' dir='ltr'><strong>fratrum</strong></span> <span class='ocrx_word' id='word_1_687' title='bbox 2460 4916 2754 4986; x_wconf 83' lang='lat' dir='ltr'><strong>expressus</strong></span> <span class='ocrx_word' id='word_1_688' title='bbox 2785 4910 3024 4965; x_wconf 75' lang='lat' dir='ltr'><strong>accessit</strong></span> <span class='ocrx_word' id='word_1_689' title='bbox 3054 4925 3332 4978; x_wconf 82' lang='lat' dir='ltr'><strong>assensus,</strong></span> <span class='ocrx_word' id='word_1_690' title='bbox 3368 4916 3526 4970; x_wconf 56' lang='lat' dir='ltr'><strong>iure.</strong></span> 
     </span>
    </p>
   </div>
   <div class='ocr_carea' id='block_1_109' title="bbox 1949 4989 3531 5074">
    <p class='ocr_par' dir='ltr' id='par_1_109' title="bbox 1949 4989 3531 5074">
     <span class='ocr_line' id='line_1_109' title="bbox 1949 4989 3531 5074; baseline 0.013 -31"><span class='ocrx_word' id='word_1_691' title='bbox 1949 4989 2153 5059; x_wconf 79' lang='lat' dir='ltr'><strong>nimus,</strong></span> <span class='ocrx_word' id='word_1_692' title='bbox 2189 4989 2358 5063; x_wconf 83' lang='lat' dir='ltr'><strong>ipsius</strong></span> <span class='ocrx_word' id='word_1_693' title='bbox 2407 4992 2701 5053; x_wconf 86' lang='lat' dir='ltr'><strong>cardinaiis</strong></span> <span class='ocrx_word' id='word_1_694' title='bbox 2730 4998 2786 5053; x_wconf 90' lang='lat' dir='ltr'><strong>iu</strong></span> <span class='ocrx_word' id='word_1_695' title='bbox 2814 5000 2917 5055; x_wconf 85' lang='lat' dir='ltr'><strong>itac</strong></span> <span class='ocrx_word' id='word_1_696' title='bbox 2964 5011 3121 5071; x_wconf 87' lang='lat' dir='ltr'><strong>parte</strong></span> <span class='ocrx_word' id='word_1_697' title='bbox 3151 5006 3402 5074; x_wconf 87' lang='lat' dir='ltr'><strong>precibus</strong></span> <span class='ocrx_word' id='word_1_698' title='bbox 3444 5006 3531 5063; x_wconf 83' lang='lat' dir='ltr'><strong>in-</strong></span> 
     </span>
    </p>
   </div>
   <div class='ocr_carea' id='block_1_110' title="bbox 1948 5083 3527 5171">
    <p class='ocr_par' dir='ltr' id='par_1_110' title="bbox 1948 5083 3527 5171">
     <span class='ocr_line' id='line_1_110' title="bbox 1948 5083 3527 5171; baseline 0.013 -34"><span class='ocrx_word' id='word_1_699' title='bbox 1948 5083 2160 5150; x_wconf 90' lang='lat' dir='ltr'><strong>clinati,</strong></span> <span class='ocrx_word' id='word_1_700' title='bbox 2206 5086 2512 5157; x_wconf 85' lang='lat' dir='ltr'><strong>bujusntodi</strong></span> <span class='ocrx_word' id='word_1_701' title='bbox 2566 5091 2874 5159; x_wconf 75' lang='lat' dir='ltr'><strong>ecclesiam,</strong></span> <span class='ocrx_word' id='word_1_702' title='bbox 2927 5112 3025 5152; x_wconf 88' lang='lat' dir='ltr'><strong>nec</strong></span> <span class='ocrx_word' id='word_1_703' title='bbox 3078 5113 3191 5154; x_wconf 89' lang='lat' dir='ltr'><strong>non</strong></span> <span class='ocrx_word' id='word_1_704' title='bbox 3250 5102 3527 5171; x_wconf 76' lang='lat' dir='ltr'><strong>quoruiant</strong></span> 
     </span>
    </p>
   </div>
   <div class='ocr_carea' id='block_1_111' title="bbox 1948 5177 3530 5265">
    <p class='ocr_par' dir='ltr' id='par_1_111' title="bbox 1948 5177 3530 5265">
     <span class='ocr_line' id='line_1_111' title="bbox 1948 5177 3530 5265; baseline 0.013 -33"><span class='ocrx_word' id='word_1_705' title='bbox 1948 5177 2316 5236; x_wconf 84' lang='lat' dir='ltr'><strong>habitationes</strong></span> <span class='ocrx_word' id='word_1_706' title='bbox 2357 5183 2698 5251; x_wconf 72' lang='lat' dir='ltr'><strong>muni-alium,</strong></span> <span class='ocrx_word' id='word_1_707' title='bbox 2735 5203 2798 5242; x_wconf 90' lang='lat' dir='ltr'><strong>ac</strong></span> <span class='ocrx_word' id='word_1_708' title='bbox 2852 5189 3097 5262; x_wconf 86' lang='lat' dir='ltr'><strong>quinque</strong></span> <span class='ocrx_word' id='word_1_709' title='bbox 3136 5192 3334 5252; x_wconf 87' lang='lat' dir='ltr'><strong>domus</strong></span> <span class='ocrx_word' id='word_1_710' title='bbox 3384 5212 3530 5265; x_wconf 77' lang='lat' dir='ltr'><strong>pm:-</strong></span> 
     </span>
    </p>
   </div>
   <div class='ocr_carea' id='block_1_112' title="bbox 1947 5272 3529 5360">
    <p class='ocr_par' dir='ltr' id='par_1_112' title="bbox 1947 5272 3529 5360">
     <span class='ocr_line' id='line_1_112' title="bbox 1947 5272 3529 5360; baseline 0.011 -34"><span class='ocrx_word' id='word_1_711' title='bbox 1947 5272 2126 5329; x_wconf 83' lang='lat' dir='ltr'><strong>dictas</strong></span> <span class='ocrx_word' id='word_1_712' title='bbox 2159 5288 2281 5329; x_wconf 89' lang='lat' dir='ltr'><strong>cum</strong></span> <span class='ocrx_word' id='word_1_713' title='bbox 2318 5276 2498 5332; x_wconf 80' lang='lat' dir='ltr'><strong>hortis</strong></span> <span class='ocrx_word' id='word_1_714' title='bbox 2549 5288 2606 5334; x_wconf 85' lang='lat' dir='ltr'><strong>et</strong></span> <span class='ocrx_word' id='word_1_715' title='bbox 2644 5280 2936 5337; x_wconf 84' lang='lat' dir='ltr'><strong>liortalitiis</strong></span> <span class='ocrx_word' id='word_1_716' title='bbox 2967 5300 3032 5340; x_wconf 82' lang='lat' dir='ltr'><strong>ac</strong></span> <span class='ocrx_word' id='word_1_717' title='bbox 3063 5286 3277 5353; x_wconf 78' lang='lat' dir='ltr'><strong>juribus</strong></span> <span class='ocrx_word' id='word_1_718' title='bbox 3310 5298 3368 5345; x_wconf 87' lang='lat' dir='ltr'><strong>et</strong></span> <span class='ocrx_word' id='word_1_719' title='bbox 3405 5307 3529 5360; x_wconf 79' lang='lat' dir='ltr'><strong>per-</strong></span> 
     </span>
    </p>
   </div>
   <div class='ocr_carea' id='block_1_113' title="bbox 1948 5365 3525 5451">
    <p class='ocr_par' dir='ltr' id='par_1_113' title="bbox 1948 5365 3525 5451">
     <span class='ocr_line' id='line_1_113' title="bbox 1948 5365 3525 5451; baseline 0.015 -34"><span class='ocrx_word' id='word_1_720' title='bbox 1948 5365 2194 5422; x_wconf 84' lang='lat' dir='ltr'><strong>tinentiis</strong></span> <span class='ocrx_word' id='word_1_721' title='bbox 2255 5370 2574 5438; x_wconf 64' lang='lat' dir='ltr'><strong>praemissis,</strong></span> <span class='ocrx_word' id='word_1_722' title='bbox 2628 5373 2732 5451; x_wconf 87' lang='lat' dir='ltr'><strong>ipsi</strong></span> <span class='ocrx_word' id='word_1_723' title='bbox 2794 5378 3085 5446; x_wconf 90' lang='lat' dir='ltr'><strong>cardinali,</strong></span> <span class='ocrx_word' id='word_1_724' title='bbox 3136 5383 3317 5450; x_wconf 80' lang='lat' dir='ltr'><strong>quoad</strong></span> <span class='ocrx_word' id='word_1_725' title='bbox 3370 5385 3525 5440; x_wconf 76' lang='lat' dir='ltr'><strong>vixe-</strong></span> 
     </span>
    </p>
   </div>
   <div class='ocr_carea' id='block_1_114' title="bbox 1949 5457 3527 5548">
    <p class='ocr_par' dir='ltr' id='par_1_114' title="bbox 1949 5457 3527 5548">
     <span class='ocr_line' id='line_1_114' title="bbox 1949 5457 3527 5548; baseline 0.014 -37"><span class='ocrx_word' id='word_1_726' title='bbox 1949 5457 2038 5533; x_wconf 78' lang='lat' dir='ltr'><strong>rit,</strong></span> <span class='ocrx_word' id='word_1_727' title='bbox 2084 5470 2139 5514; x_wconf 89' lang='lat' dir='ltr'><strong>et</strong></span> <span class='ocrx_word' id='word_1_728' title='bbox 2188 5473 2311 5527; x_wconf 86' lang='lat' dir='ltr'><strong>post</strong></span> <span class='ocrx_word' id='word_1_729' title='bbox 2356 5464 2475 5534; x_wconf 85' lang='lat' dir='ltr'><strong>ejus</strong></span> <span class='ocrx_word' id='word_1_730' title='bbox 2503 5467 2813 5535; x_wconf 74' lang='lat' dir='ltr'><strong>deceSsunt,</strong></span> <span class='ocrx_word' id='word_1_731' title='bbox 2860 5470 3100 5529; x_wconf 75' lang='lat' dir='ltr'><strong>basilica:</strong></span> <span class='ocrx_word' id='word_1_732' title='bbox 3148 5470 3247 5530; x_wconf 80' lang='lat' dir='ltr'><strong>iiii</strong></span> <span class='ocrx_word' id='word_1_733' title='bbox 3293 5477 3527 5548; x_wconf 61' lang='lat' dir='ltr'><strong>Aposto4</strong></span> 
     </span>
    </p>
   </div>
   <div class='ocr_carea' id='block_1_115' title="bbox 1943 5551 3525 5641">
    <p class='ocr_par' dir='ltr' id='par_1_115' title="bbox 1943 5551 3525 5641">
     <span class='ocr_line' id='line_1_115' title="bbox 1943 5551 3525 5641; baseline 0.013 -37"><span class='ocrx_word' id='word_1_734' title='bbox 1943 5551 2122 5606; x_wconf 88' lang='lat' dir='ltr'><strong>lortnn</strong></span> <span class='ocrx_word' id='word_1_735' title='bbox 2165 5553 2481 5624; x_wconf 77' lang='lat' dir='ltr'><strong>hujusmodi</strong></span> <span class='ocrx_word' id='word_1_736' title='bbox 2528 5562 2856 5619; x_wconf 88' lang='lat' dir='ltr'><strong>auctoritate</strong></span> <span class='ocrx_word' id='word_1_737' title='bbox 2909 5567 3209 5641; x_wconf 88' lang='lat' dir='ltr'><strong>apostolica</strong></span> <span class='ocrx_word' id='word_1_738' title='bbox 3259 5582 3525 5641; x_wconf 85' lang='lat' dir='ltr'><strong>perpetuo</strong></span> 
     </span>
    </p>
   </div>
   <div class='ocr_carea' id='block_1_116' title="bbox 1943 5647 3526 5735">
    <p class='ocr_par' dir='ltr' id='par_1_116' title="bbox 1943 5647 3526 5735">
     <span class='ocr_line' id='line_1_116' title="bbox 1943 5647 3526 5735; baseline 0.013 -38"><span class='ocrx_word' id='word_1_739' title='bbox 1943 5647 2299 5716; x_wconf 83' lang='lat' dir='ltr'><strong>applicamus,</strong></span> <span class='ocrx_word' id='word_1_740' title='bbox 2329 5654 2765 5724; x_wconf 81' lang='lat' dir='ltr'><strong>appropriatnus,</strong></span> <span class='ocrx_word' id='word_1_741' title='bbox 2813 5657 3140 5728; x_wconf 82' lang='lat' dir='ltr'><strong>deputamus</strong></span> <span class='ocrx_word' id='word_1_742' title='bbox 3170 5671 3225 5719; x_wconf 90' lang='lat' dir='ltr'><strong>et</strong></span> <span class='ocrx_word' id='word_1_743' title='bbox 3276 5664 3526 5735; x_wconf 75' lang='lat' dir='ltr'><strong>assigna-</strong></span> 
     </span>
    </p>
   </div>
   <div class='ocr_carea' id='block_1_117' title="bbox 1946 5734 3524 5827">
    <p class='ocr_par' dir='ltr' id='par_1_117' title="bbox 1946 5734 3524 5827">
     <span class='ocr_line' id='line_1_117' title="bbox 1946 5734 3524 5827; baseline 0.013 -38"><span class='ocrx_word' id='word_1_744' title='bbox 1946 5752 2104 5805; x_wconf 83' lang='lat' dir='ltr'><strong>tnus;</strong></span> <span class='ocrx_word' id='word_1_745' title='bbox 2154 5739 2228 5795; x_wconf 84' lang='lat' dir='ltr'><strong>ita</strong></span> <span class='ocrx_word' id='word_1_746' title='bbox 2262 5734 2405 5813; x_wconf 82' lang='lat' dir='ltr'><strong>quod</strong></span> <span class='ocrx_word' id='word_1_747' title='bbox 2442 5744 2602 5803; x_wconf 88' lang='lat' dir='ltr'><strong>liceat</strong></span> <span class='ocrx_word' id='word_1_748' title='bbox 2631 5763 2698 5804; x_wconf 73' lang='lat' dir='ltr'><strong>ex</strong></span> <span class='ocrx_word' id='word_1_749' title='bbox 2751 5765 2898 5807; x_wconf 85' lang='lat' dir='ltr'><strong>nunc</strong></span> <span class='ocrx_word' id='word_1_750' title='bbox 2952 5754 3211 5809; x_wconf 84' lang='lat' dir='ltr'><strong>cardinali</strong></span> <span class='ocrx_word' id='word_1_751' title='bbox 3263 5734 3524 5827; x_wconf 65' lang='lat' dir='ltr'><strong>prxtlicto</strong></span> 
     </span>
    </p>
   </div>
   <div class='ocr_carea' id='block_1_118' title="bbox 1949 5837 3524 5913">
    <p class='ocr_par' dir='ltr' id='par_1_118' title="bbox 1949 5837 3524 5913">
     <span class='ocr_line' id='line_1_118' title="bbox 1949 5837 3524 5913; baseline 0.011 -25"><span class='ocrx_word' id='word_1_752' title='bbox 1949 5849 2041 5903; x_wconf 80' lang='lat' dir='ltr'><strong>per</strong></span> <span class='ocrx_word' id='word_1_753' title='bbox 2079 5850 2135 5891; x_wconf 83' lang='lat' dir='ltr'><strong>sc</strong></span> <span class='ocrx_word' id='word_1_754' title='bbox 2158 5837 2246 5913; x_wconf 69' lang='lat' dir='ltr'><strong>a&#39;el</strong></span> <span class='ocrx_word' id='word_1_755' title='bbox 2287 5854 2384 5911; x_wconf 84' lang='lat' dir='ltr'><strong>per</strong></span> <span class='ocrx_word' id='word_1_756' title='bbox 2418 5837 2586 5897; x_wconf 82' lang='lat' dir='ltr'><strong>alium</strong></span> <span class='ocrx_word' id='word_1_757' title='bbox 2628 5856 2726 5899; x_wconf 93' lang='lat' dir='ltr'><strong>seu</strong></span> <span class='ocrx_word' id='word_1_758' title='bbox 2784 5846 2941 5911; x_wconf 88' lang='lat' dir='ltr'><strong>alios,</strong></span> <span class='ocrx_word' id='word_1_759' title='bbox 2974 5848 3265 5906; x_wconf 81' lang='lat' dir='ltr'><strong>ecclesiam</strong></span> <span class='ocrx_word' id='word_1_760' title='bbox 3309 5848 3524 5905; x_wconf 79' lang='lat' dir='ltr'><strong>habita-</strong></span> 
     </span>
    </p>
   </div>
  </div>
