3972 6164
433 281 564 329 LXXI

436 390 614 443 tiones
651 397 704 441 et
765 388 1009 460 quinque
1069 390 1264 446 dooms
1323 392 1577 460 praelatas
1630 408 1754 449 eum
1814 397 2011 461 hortis,

433 480 726 536 hortalitiis
756 493 809 535 et
849 481 970 536 a’iis
1037 499 1200 552 supra
1251 485 1412 539 dictis
1446 487 1771 540 auctoritate
1803 492 2017 557 propria

433 571 1044 642 libere'apprehendere
1077 591 1138 628 ac
1171 576 1292 631 illas
1333 578 1638 632 inhabitare
1682 595 1776 633 seu
1806 580 2019 634 inhabi-

433 668 538 722 tari
571 665 770 732 facere,
800 667 1047 737 aliasque
1089 670 1153 724 de
1184 671 1263 725 eis
1298 671 1591 738 disponere
1623 683 1676 727 et
1727 673 2010 736 Ordinare,

432 762 663 828 alicujus
690 777 853 829 super
895 763 994 816 hoc
1026 763 1242 816 licentia
1305 762 1532 823 minime
1566 765 1824 833 requisita
1858 781 1872 818 :
1911 782 2015 819 non

430 853 775 908 obstantibus
807 853 1004 907 litteris
1035 858 1252 908 uniouis
1283 860 1616 912 monasterio
1640 857 1696 910 S.
1721 858 2015 913 Cletnt-n'is

433 943 586 998 facta:
623 945 934 1016 hujusmodi
987 962 1051 1001 ac
1106 950 1160 1002 in
1202 947 1279 1002 eis
1321 949 1619 1016 contentis,
1653 966 1715 1003 ac
1743 953 2015 1004 constitu-

434 1038 670 1094 tionibus
729 1040 1043 1108 apostolicis
1119 1043 1441 1112 (ueterisque
1497 1042 1791 1100 centrariis
1856 1045 2013 1116 127

429 1132 868 1200 quibuscunque.

501 1223 643 1278 Nulli
671 1238 798 1295 ergo
827 1224 1106 1278 hominum
1144 1225 1304 1280 liceat
1362 1227 1502 1280 hanc
1529 1228 1781 1298 paginam
1819 1241 2015 1284 nostra:

429 1317 830 1386 applicatldnis,
889 1319 1376 1388 appropriatiouis,
1413 1322 1784 1389 deputationis
1830 1331 1882 1375 et
1923 1337 2012 1375 as-

430 1410 755 1479 signationis
801 1410 1102 1482 infringere
1135 1411 1217 1465 vel
1276 1413 1322 1465 ei
1361 1428 1494 1466 ausu
1543 1414 1837 1466 temerario
1888 1431 2017 1468 con-

430 1504 616 1557 traire.
651 1503 706 1559 Si
742 1506 862 1573 quis
897 1513 1077 1558 autem
1121 1504 1223 1559 hoc
1275 1513 1604 1574 attemptare
1643 1522 2009 1576 praesumpse-

428 1598 519 1667 rit,
556 1599 981 1668 indignationem
1024 1598 1414 1667 omnipotentis
1466 1599 1557 1653 Dei
1588 1607 1642 1653 et
1707 1598 1808 1653 BB.
1865 1599 2007 1655 Petri

426 1701 476 1745 et
517 1692 668 1746 Pauli
702 1692 1076 1763 apostolorum
1106 1692 1222 1762 ejus
1251 1707 1310 1746 se
1367 1693 1580 1747 noverit
1637 1695 2012 1749 incursurutu.

500 1784 694 1838 Datum
749 1786 935 1840 Roma
987 1786 1128 1854 apud
1186 1785 1245 1839 S.
1279 1784 1499 1840 Petrum
1537 1802 1679 1839 anno
1739 1789 2010 1841 incarnat.

425 1873 644 1930 Domini
692 1876 853 1941 “46,
895 1891 988 1932 vnt
1028 1874 1140 1932 Ital.
1199 1885 1348 1948 Sept.
1384 1918 1398 1942 ,
1431 1876 1776 1946 pontiﬁcatus
1841 1876 2012 1933 nostri
2077 1891 2080 1894 '

429 1980 574 2022 anno
608 1980 714 2019 Σνι.

1182 2081 1271 2139 IV.

426 2202 590 2259 Bulla
622 2199 985 2254 exstinctlom's
1014 2197 1364 2252 clericatum
1394 2198 1452 2254 S.
1484 2198 1674 2254 Maria‘
1699 2199 1754 2253 in
1783 2200 2004 2265 Campo,

498 2274 556 2328 S.
593 2270 803 2325 Nicolai
831 2273 894 2324 de
922 2269 1204 2333 Columna,
1239 2288 1299 2322 ac
1328 2267 1388 2323 S.
1426 2269 1680 2340 Sylvestrt'
1714 2273 1778 2324 de
1813 2274 2008 2326 Arcio-

496 2347 660 2406 ninia,
687 2353 735 2396 et
770 2343 1058 2411 applicatio
1113 2340 1381 2404 fructuum
1410 2343 1692 2396 rectoribus
1715 2355 1762 2396 et
1789 2360 2009 2411 repara-

496 2415 628 2469 tioni
666 2416 931 2468 dictarunt
972 2412 1342 2466 ecclesiarum.

494 2534 752 2590 Nicolaus
779 2531 1087 2601 episcopus,
1114 2543 1307 2584 servus
1349 2544 1630 2585 scrvorum
1670 2529 1783 2594 Dei,
1814 2530 2013 2586 dilecto

426 2629 540 2684 ﬁlio
563 2625 797 2682 Johanni
829 2624 1148 2679 Gundisalvi
1184 2624 1252 2678 de
1304 2623 1468 2688 Deza,
1517 2625 1902 2679 archidiacouo
1946 2625 2014 2679 de

426 2721 744 2779 Bamncelle
786 2721 838 2774 iu
870 2717 1106 2774 ecclesia
1136 2718 1360 2774 Aurien.
1394 2754 1409 2782 ,
1447 2718 1678 2772 salutem
1708 2726 1763 2771 et
1793 2729 2012 2787 aposm-

425 2819 586 2874 licam
613 2813 1076 2870 benedictionem.

489 2906 778 2974 Quoniam,
804 2905 927 2958 dum
948 2901 1303 2958 ecclesiarum
1323 2909 1374 2957 et
1394 2900 1878 2956 ecclesiasticarum
1896 2918 2018 2971 per-

425 3016 682 3060 sonarum
702 2996 1143 3069 opportunitates
1161 2998 1511 3051 etcommoda
1532 2997 1912 3066 temporalium
1934 3012 2016 3053 re-

427 3111 545 3150 rum
575 3094 807 3148 tenuitas
831 3090 1042 3155 minuit,
1075 3087 1285 3160 illarum
1307 3089 1774 3144 vilescitdecentia
1801 3095 1854 3142 et
1877 3089 2015 3143 divi-

426 3206 527 3243 nus
539 3187 712 3243 cultus
729 3184 782 3240 in
802 3186 962 3239 domo
980 3181 1188 3237 Domini
1208 3181 1682 3244 desiuitexerccri,
1705 3182 2016 3252 apostolicae

423 3284 490 3336 ad
521 3284 625 3337 hoc
672 3295 778 3335 non
811 3277 1030 3348 indigne
1069 3259 1381 3331 extenditur
1411 3275 1729 3343 provisionis
1753 3290 1936 3343 opera,
1959 3285 2017 3330 ut

425 3369 1049 3445 hujusntodidispendiis
1084 3385 1178 3437 per
1209 3369 1446 3423 remedia
1477 3368 1686 3422 occurri
1725 3371 1899 3424 valeat
1921 3386 2016 3441 op-
2053 3383 2080 3391 ν’

423 3466 877 3541 portuna.Nuper
906 3461 1173 3532 siquidem
1203 3463 1432 3516 dilectus
1461 3460 1600 3514 ﬁlius
1627 3473 1804 3517 noster
1828 3462 2015 3519 Bessa-

363 3587 372 3593 ·
423 3565 567 3632 rion,
591 3564 674 3618 tit.
711 3561 946 3616 basilica:
965 3557 1063 3612 SS.
1083 3555 1175 3612 Xll
1196 3559 1386 3629 Apost.
1410 3557 1591 3627 presb.
1629 3558 1802 3622 card.,
1827 3574 2011 3615 coram

422 3658 581 3713 nobis
596 3653 849 3725 exposuit
874 3653 1036 3722 quod,
1061 3651 1185 3705 licet
1206 3652 1256 3704 itt
1286 3650 1700 3720 quampluribns
1721 3653 2009 3720 parochia-

422 3751 566 3807 libus
599 3748 848 3805 ecclesiis
879 3746 944 3802 de
971 3745 1119 3801 Urbe
1147 3745 1214 3800 ab
1255 3745 1494 3814 ipsarum
1537 3744 1856 3802 fuudatione
1913 3763 2013 3818 pro

421 3844 590 3900 divini
620 3843 800 3898 cultus
827 3839 1241 3895 honoriﬁcentia
1298 3847 1352 3894 et
1412 3849 1704 3908 augmento
1753 3842 2024 3896 nonnulla-

421 3947 680 4011 perpetua
711 3934 997 4000 beneﬁcia,
1030 3932 1320 3987 clericatus
1366 3943 1702 3999 nuncupata,
1739 3947 1835 4001 pro
1871 3951 2008 3989 non-

419 4033 585 4089 nullis
617 4031 833 4087 clericis
859 4030 948 4101 qui
981 4029 1289 4085 rectorilms
1322 4043 1513 4083 earum
1544 4043 1641 4099 pro
1682 4038 1926 4098 tempore
1952 4031 2005 4085 in

417 4127 620 4184 divinis
655 4124 861 4181 Ofﬁciis
891 4133 945 4179 et
963 4122 1145 4178 Missis
1174 4123 1472 4190 deservire,
1535 4122 1754 4192 pulsare
1789 4137 2010 4193 campa-

415 4238 539 4289 nas,
566 4219 819 4276 claudere
857 4227 908 4274 et
927 4217 1142 4288 aperire
1169 4215 1430 4272 ecclesias
1456 4227 1513 4272 et
1545 4216 1648 4271 alia
1683 4217 1764 4272 eis
1792 4217 2008 4274 incum-

415 4315 602 4388 bentia
646 4319 971 4382 supportare
1008 4311 1292 4375 deberent,
1336 4311 1539 4381 quique
1565 4311 1736 4378 aquis
1801 4312 2006 4381 portio-

416 4414 576 4464 nibus
609 4423 733 4463 cutn
771 4404 1077 4462 rectoribus
1104 4405 1375 4460 dictarem
1411 4405 2004 4461 ecclesiarumillarum

415 4507 652 4569 tinctus,
707 4500 910 4556 reditus
965 4507 1023 4555 et
1077 4508 1374 4570 proventus
1424 4499 1691 4569 praedicti,
1742 4513 2003 4556 causante

417 4609 719 4664 temporum
752 4592 976 4661 malitia,
1017 4594 1150 4646 adeo
1178 4590 1358 4649 eﬁ'ecti
1394 4601 1522 4646 sunt
1589 4599 1778 4647 tenues
1805 4601 1859 4646 et
1888 4592 2006 4649 exi-

409 4689 514 4754 les,
543 4687 688 4757 quod
718 4693 937 4756 propter
986 4687 1228 4757 ipsorum
1263 4684 1615 4754 exiguitatem
1649 4694 1890 4742 rectores
1944 4694 2002 4740 et

409 4781 592 4838 cterici
632 4779 843 4852 praefati
879 4794 941 4835 se
969 4794 1036 4835 ex
1092 4779 1200 4859 illis
1230 4777 1520 4834 commode
1579 4787 1891 4833 sustentare
1943 4785 2000 4833 et

341 4869 345 4872 ’
407 4878 512 4930 alia
541 4876 622 4932 eis
649 4889 749 4946 pro
779 4884 1027 4945 tempore
1058 4871 1427 4928 incuntbentia
1477 4863 1641 4926 onera
1673 4882 1997 4942 supportare

406 4970 691 5039 commode
726 4983 832 5022 non
859 4976 1120 5038 possunt;
1149 4983 1212 5020 ae
1234 4965 1364 5021 dicti
1393 4967 1575 5023 clerici
1611 4967 1702 5038 qui
1733 4968 1788 5022 in
1833 4967 1994 5023 exhi-

405 5048 613 5117 bitione
645 5059 934 5115 ministerii
964 5070 1020 5115 et
1063 5061 1409 5115 servitiorum
1441 5061 1604 5132 128
1669 5060 1991 5132 bujusmodi

403 5173 462 5211 se
493 5155 727 5212 reddunt
775 5153 1067 5226 plurimum
1103 5153 1456 5225 negligentes,
1511 5156 1739 5218 fructus.
1786 5155 1993 5211 reditus

390 5277 445 5320 ει
468 5246 765 5335 “menius
817 5249 1105 5321 praedictos
1140 5251 1320 5304 minus
1342 5250 1524 5305 debite
1552 5250 1716 5304 ctiam
1749 5264 1856 5304 non
1894 5254 1989 5303 de-

390 5355 684 5413 serviendo
708 5343 1045 5422 percipiunt,
1076 5341 1262 5413 sicque
1292 5342 1437 5396 cedit
1469 5341 1523 5396 in
1575 5341 1773 5397 divina:
1821 5342 1993 5412 maje-

391 5451 553 5510 statis
579 5447 842 5505 oﬂ‘ensam
872 5438 1015 5508 quod
1049 5434 1116 5491 ad
1140 5437 1261 5508 ejus
1284 5436 1499 5492 laudent
1523 5448 1577 5492 et
1604 5436 1871 5492 dictarum
1900 5452 1991 5492 et:-

332 5589 336 5593 .
394 5547 684 5605 clesiarutn
711 5542 962 5598 decorem
1003 5531 1182 5588 fuerat
1228 5531 1479 5601 primitus
1521 5530 1853 5587 institutum.
1918 5529 1990 5586 Et

396 5643 541 5699 sicut
573 5639 713 5694 idem
746 5630 1040 5690 cardinalis
1077 5625 1243 5681 nobis
1273 5625 1438 5680 etiam
1503 5637 1776 5694 exponere
1825 5639 1988 5681 cura-

397 5735 495 5802 vit,
525 5733 569 5788 si
598 5732 652 5788 in
675 5727 907 5800 singulis
939 5716 996 5780 S.
1024 5718 1209 5779 Mariae
1237 5715 1291 5772 in
1325 5717 1546 5789 Campo,
1586 5718 1741 5787 cujus
1770 5719 1977 5788 decem;

401 5831 458 5888 S.
481 5825 682 5884 Nicolai
713 5825 777 5884 de
801 5820 1091 5889 Columna,
1118 5813 1274 5887 cujus
1300 5811 1556 5872 similiter
1581 5811 1791 5882 decem,
1816 5828 1883 5870 ac
1917 5809 1977 5871 δ’.

1276 275 1376 336 DE
1413 277 1593 366 VlTA
1639 278 1736 337 ΕΤ
1780 278 2036 339 REBUS
2075 277 2354 343 GESTIS
2404 280 2922 346 BESSAHIONIS

3573 283 3724 331 υκη

2132 397 2391 470 Sylvestri
2428 400 2493 454 de
2527 399 2838 456 Arctoninis
2868 393 3274 468 parochialibus
3298 391 3548 453 ecclesiis
3577 404 3633 451 et
3653 395 3725 451 de

2131 493 2280 550 Urbe
2312 495 2552 562 praztatte
2587 493 2824 549 basilice
2878 486 3192 546 immediate
3245 486 3534 556 subjectis,
3570 488 3728 555 cujus

2125 587 2436 657 quindecim
2470 585 2593 642 ﬁer.
2615 589 2733 640 auri
2754 586 2821 639 de
2843 597 3061 639 camera
3095 582 3432 653 singularum
3457 579 3722 635 videlicet

2127 691 2372 734 rectores
2407 690 2459 731 et
2494 679 2724 734 clericos
2749 680 2990 747 ipsarum
3021 690 3120 746 pro
3146 682 3396 742 tempore
3443 672 3724 728 exsisten-

2130 783 2210 825 tes
2270 770 2700 841 contiugcntium
2757 768 3064 838 porticuum
3131 764 3362 827 fructus,
3426 762 3636 816 reditus
3667 772 3724 818 et

2126 874 2444 934 proventus,
2474 865 2767 920 secundum
2797 877 3143 920 communem
3166 860 3605 920 :esdmationem,
3627 872 3727 910 va-

2126 965 2292 1018 lerem
2323 980 2584 1026 annuum,
2620 973 2679 1017 ut
2716 964 3004 1028 asseritur,
3033 974 3146 1015 non
3178 959 3468 1022 excedunt,
3503 953 3719 1026 singula

2126 1068 2384 1128 perpetua
2435 1057 2699 1110 beneﬁcia
2735 1057 3024 1111 clericatus
3055 1060 3361 1120 nuncupata
3402 1048 3720 1118 huiusmodi

2126 1159 2286 1218 prout
2320 1152 2371 1202 in
2407 1148 2679 1203 nonnullis
2705 1149 2828 1201 aliis
2850 1145 3257 1218 parochialibus
3279 1143 3531 1199 ecclesiis
3555 1141 3720 1195 dicta:

2125 1241 2277 1296 urbis
2311 1257 2402 1311 per
2435 1243 2698 1310 quosdam
2733 1241 3006 1294 Botuanos
3033 1238 3321 1308 pontiﬁces
3346 1236 3725 1303 praedecesso-

2125 1351 2211 1389 res
2247 1344 2462 1389 nostros
2497 1350 2593 1404 pro
2622 1333 2831 1388 salubri
2891 1331 3139 1402 ipsarum
3173 1329 3539 1384 ecclesiarum
3571 1334 3722 1381 statu

2125 1427 2326 1483 factum
2382 1427 2554 1482 fuisse
2589 1415 2952 1498 dignoscitur,
3009 1422 3486 1496 snpprimerentur
3516 1432 3573 1475 et
3622 1415 3722 1474 ex:-

2123 1523 2550 1592 stinguerentur,
2587 1536 2653 1576 ac
2688 1521 2837 1591 ipsos
2868 1521 3100 1574 clericos
3121 1515 3562 1587 contingentium
3592 1527 3722 1582 por-

2125 1616 2332 1670 tionnm
2386 1614 2622 1680 fructus,
2686 1614 2911 1680 reditus,
2968 1619 3286 1682 proventus,
3331 1607 3722 1678 possessiones

2121 1717 2180 1763 et
2206 1708 2345 1764 bona
2393 1707 2735 1779 portionibus
2770 1718 3008 1762 rectores
3038 1705 3292 1777 praefatos
3348 1700 3742 1772 contingenti-'

2124 1802 2226 1856 bus
2281 1810 2544 1871 perpetuo
2605 1800 3038 1869 applicarentur,
3106 1798 3590 1866 incorporarentur
3662 1801 3723 1847 et

2122 1904 2570 1958 annecterentnr,
2608 1894 2663 1946 id
2688 1893 2740 1947 in
2769 1907 2875 1946 non
2910 1891 3183 1946 modicum
3223 1889 3596 1960 subjectarum
3629 1899 3723 1938 ec—

2122 1985 2413 2038 ctesiarum
2449 1991 2503 2038 et
2525 1991 2800 2036 rectorum
2838 1981 2892 2035 in
2945 1979 3242 2050 prtemissis
3301 1978 3520 2034 cederet
3573 1976 3723 2032 leva-

2123 2091 2269 2129 men.
2818 2078 2821 2080 ’

2190 2168 2368 2232 Quare
2399 2180 2495 2235 pro
2529 2174 2680 2233 parte
2709 2164 2836 2220 dicti
2877 2164 3215 2221 Bessariouis
3266 2156 3590 2231 cardinalis,
3620 2178 3717 2218 as-

2131 2262 2367 2316 serentis
2394 2276 2452 2315 se
2489 2259 2693 2316 dictam
2742 2258 3043 2327 basilicam,
3088 2275 3207 2329 quae
3232 2260 3423 2313 titulus
3456 2259 3538 2315 sui
3592 2272 3719 2312 car-

2122 2353 2398 2408 dinalatns‘
2421 2352 2652 2415 exsistit,
2701 2368 2800 2420 pro
2835 2359 2985 2421 parte
3009 2351 3362 2416 reformasse,
3398 2351 3452 2404 in
3485 2364 3550 2405 ea
3581 2350 3720 2404 divi-

2124 2462 2248 2500 num
2297 2446 2498 2500 cultum
2538 2448 2769 2500 auxisse
2823 2453 2876 2498 et
2936 2459 3036 2514 pro
3081 2459 3240 2513 posse
3285 2443 3577 2515 adaugere,
3614 2457 3716 2497 nec

2124 2553 2227 2592 non
2264 2538 2518 2607 praefatas
2559 2537 2835 2608 subjectas
2882 2536 3147 2593 ecclesias
3189 2535 3489 2591 reformare
3540 2535 3718 2590 inten-

2121 2633 2196 2686 sis
2225 2632 2508 2686 desideriis
2541 2629 2820 2694 all'eclare,
2849 2631 3008 2686 nobis
3051 2629 3153 2683 fuit
3188 2628 3468 2682 humiliter
3506 2627 3726 2697 simpli--

2121 2731 2302 2778 calum
2341 2733 2397 2777 ut
2436 2737 2599 2791 super
2636 2719 2719 2777 his
2777 2729 3084 2788 opportune
3120 2720 3402 2789 providere
3445 2719 3513 2774 de
3562 2704 3716 2774 beni-

2128 2817 2335 2887 gnitate
2383 2815 2682 2885 apostolica
2731 2815 3101 2883 dignarentur.
3147 2814 3255 2870 Nos
3293 2813 3479 2884 igitur,
3514 2814 3608 2885 qtti
3645 2814 3715 2869 de

2121 2900 2416 2979 prmmiSSis
2460 2923 2666 2963 certam
2717 2907 2968 2963 notitiam
3027 2924 3136 2962 non
3192 2906 3482 2972 habemus,
3528 2905 3712 2978 hujus-

2123 3007 2266 3059 ntodi
2330 3003 2822 3075 Supplicationibns
2884 3002 3171 3067 inclinati,
3235 3003 3549 3058 discretioni
3606 3011 3713 3056 tua!

2124 3113 2217 3168 per
2257 3099 2554 3168 apostolica
2601 3101 2803 3166 scripta
2868 3098 3189 3152 mandamus
3242 3090 3514 3168 quatenus
3547 3100 3616 3164 si,
3657 3107 3712 3153 et

2124 3202 2627 3264 postquam,super
2658 3208 2764 3263 quo
2792 3203 2939 3246 tuam
2971 3189 3361 3247 conscientiam
3387 3206 3705 3256 oneramus,

2124 3289 2310 3344 tibide
2356 3288 2652 3357 prtemissis
2704 3287 2942 3357 legitime
2991 3287 3336 3354 constiterit,
3383 3287 3710 3342 auctoritate

2122 3377 2420 3448 apostolica
2469 3388 2681 3434 statuas
2719 3387 2776 3433 et
2811 3378 3080 3434 decernas
3111 3380 3256 3449 quod
3296 3379 3478 3434 omnia
3512 3391 3566 3434 et
3596 3382 3711 3434 sin-

2122 3472 2241 3543 gula
2298 3471 2623 3537 oblationes,
2683 3469 2971 3535 l‘uneralia,
3020 3469 3377 3528 obveutioues
3412 3481 3465 3526 et
3495 3473 3708 3528 eu-olu-

2123 3573 2303 3618 menta
2335 3566 2386 3617 in
2413 3565 2576 3618 dictis
2621 3564 2884 3635 subjectis
2919 3565 3168 3620 ecclesiis
3193 3580 3291 3634 pro
3328 3574 3572 3633 tempore
3609 3567 3707 3621 ob-

2124 3658 2417 3720 vcnientia,
2449 3672 2548 3712 nec
2577 3674 2686 3712 non
2719 3673 2822 3712 una
2855 3673 2921 3714 ex
2951 3668 3100 3724 tunc,
3137 3659 3240 3712 alia
3273 3672 3402 3714 vero
3435 3661 3706 3714 medietas

2122 3760 2364 3807 omnium
2412 3761 2466 3807 et
2537 3751 2873 3821 singularum
2949 3752 3261 3821 portionum
3323 3752 3704 3821 prmdietaruut

2121 3847 2339 3901 eosdem
2373 3845 2602 3902 clericos
2655 3846 3081 3916 contingentium
3107 3887 3121 3908 ,
3173 3860 3334 3916 quam
3371 3845 3608 3916 primum
3640 3847 3705 3899 il-

2123 3939 2293 3992 lorum
2323 3939 2584 3995 beneﬁcia
2619 3939 2931 4008 ltujusmodi
2978 3953 3076 4007 per
3103 3939 3344 4007 ipsorum
3372 3938 3700 3993 clericorum

2119 4048 2307 4089 cessus
2355 4036 2437 4087 vel
2479 4036 2766 4099 decessus,
2817 4043 2912 4086 aut
2948 4032 3181 4103 alicujus
3220 4032 3469 4088 beneﬁcii
3523 4039 3702 4090 ecc'e-

2118 4128 2326 4183 siastici
2372 4143 2465 4182 seu
2501 4129 2804 4196 aliquorum
2854 4126 3243 4181 beneﬁciorum
3301 4126 3699 4183 ecclesiastico-

2119 4234 2238 4273 rum
2276 4219 2637 4282 assecutione,
2675 4217 2833 4287 cujus
2863 4233 2960 4272 seu
2992 4232 3225 4288 quorum
3273 4216 3504 4294 fructus,
3561 4220 3699 4274 redi-

2117 4323 2202 4367 tas
2250 4328 2314 4367 ac
2369 4320 2663 4381 proventus
2721 4314 3086 4379 aequivaleant
3147 4311 3462 4377 fructibus,
3540 4313 3698 4383 129

2115 4407 2379 4462 reditibus
2438 4417 2492 4461 et
2554 4406 2910 4476 proventibus
2984 4405 3292 4474 portionem
3370 4405 3700 4461 clericorum

2111 4503 2514 4572 praedictorum,
2565 4515 2685 4572 qua:
2761 4500 2962 4555 fuerint
3027 4499 3248 4570 paciﬁce
3292 4501 3552 4568 assecuti,
3586 4493 3694 4556 ἐι-ιι

2111 4597 2308 4667 aliquis
2349 4612 2536 4652 eorum
2593 4596 2759 4651 fuerit
2805 4595 3030 4665 paciﬁce
3083 4593 3368 4650 assecutus
3395 4611 3488 4665 per
3532 4611 3696 4664 quas-

2107 4706 2325 4761 cunque
2369 4691 2768 4759 assecutiones,
2823 4689 3080 4746 beuelicia
3122 4689 3431 4760 hujusmodi
3461 4694 3696 4751 auctori-

2105 4794 2216 4841 tatc
2246 4784 2466 4856 prrelata
2505 4796 2691 4842 tenore
2723 4786 3070 4854 praesentium
3100 4799 3297 4839 vacare
3326 4785 3694 4852 decernimus,

2104 4898 2198 4937 seu
2257 4883 2391 4936 alias
2441 4883 2663 4949 quasvis
2712 4878 3061 4934 dimissiones
3106 4893 3307 4934 vacare
3375 4883 3687 4948 contigerit,

2105 4983 2263 5046 prout
2293 4975 2405 5045 ipsa
2446 4974 2705 5028 beneﬁcia
2737 4973 3004 5027 vacabunt
3030 4988 3094 5026 ex
3125 4982 3253 5026 tunc
3277 4971 3328 5027 in
3370 4982 3529 5026 antea
3563 4987 3686 5041 per-

2105 5068 2283 5140 petuis
2328 5068 2687 5140 temporibus,
2717 5066 3058 5136 portionibus
3090 5077 3360 5122 rectorum
3391 5065 3691 5135 praedicto-

2105 5179 2222 5218 rum
2255 5163 2616 5234 applicentur,
2659 5161 2914 5215 uniantur
2947 5169 3002 5214 et
3039 5160 3203 5213 etiam
3243 5159 3690 5225 incorporentur,

2102 5259 2176 5315 ita
2230 5259 2373 5329 quod
2433 5257 2594 5311 liccat
2666 5254 2906 5325 praefatis
2979 5251 3284 5308 rectoribus
3333 5251 3577 5304 omnium
3636 5261 3748 5306 es.

2104 5352 2442 5422 singulorum
2493 5350 2850 5413 oblationum,
2896 5347 3246 5408 lttneralium,
3298 5341 3687 5400 oliventionutu

2104 5456 2158 5501 et
2209 5444 2722 5509 emolumentorum,
2772 5457 2872 5496 nec
2926 5457 3030 5496 non
3085 5442 3444 5496 medietatutu
3483 5441 3688 5511 portio-

2103 5553 2229 5593 ntnn
2292 5535 2613 5591 clericorum
2669 5533 3052 5606 praedictorum
3126 5534 3568 5603 quamprimum,
3627 5541 3688 5588 ut

2080 5627 2468 5700 praemittitur,
2497 5641 2595 5697 per
2629 5641 2815 5682 cessus
2841 5625 2921 5680 vel
2969 5626 3250 5687 decessus,
3285 5633 3376 5678 aut
3409 5625 3683 5682 asseruit:-

2102 5735 2198 5774 ues
2234 5718 2544 5788 lmjusrnodi
2572 5718 2654 5774 vel
2690 5718 2850 5772 aliter
2877 5731 3073 5772 vacare
3103 5717 3416 5786 contigerit,
3449 5717 3677 5785 fruetus,

2093 5815 2308 5897 reditus
2340 5823 2394 5897 et
2442 5825 2734 5886 proventus
2763 5814 3061 5884 percipere,
3108 5820 3160 5868 et
3197 5809 3318 5867 illos
3352 5810 3549 5888 irrsuis
3586 5824 3686 5884 pro
