3972 6164
262 252 448 316 tum

275 669 470 727 pressa
506 669 561 714 et
597 663 866 720 exstincta
887 667 995 722 sint
1017 677 1072 723 et
1105 686 1231 728 esse
1256 675 1476 743 penitus
1505 691 1881 735 censeantur:

279 765 389 808 non
435 752 780 812 obstantibus
844 761 1330 822 constitutionibus
1366 780 1419 822 et
1443 770 1887 832 ordinationibus

276 841 598 912 apostolicis
657 853 998 924 casterisque-
1061 861 1361 916 contrariis
1423 864 1870 939 quibuscunqne.

275 935 390 988 Aut
412 938 464 992 si
497 939 664 1011 aliqui
701 957 866 1014 super
907 950 1316 1016 prorisionibus
1365 958 1469 1013 sibi
1505 935 1773 1020 faciendis
1808 969 1877 1023 de

278 1028 597 1100 huiusmodi
636 1038 718 1091 vel
749 1040 871 1095 aliis
904 1044 1193 1102 beneﬁciis
1233 1051 1627 1112 ecclesiasticis
1671 1059 1723 1114 itt
1769 1061 1879 1119 illis

273 1129 529 1192 partibus
558 1128 850 1202 speciales
899 1139 980 1192 vel
1033 1145 1318 1208 generales
1375 1151 1689 1218 apostolica:
1732 1156 1915 1213 sedis

276 1218 365 1275 vel
421 1221 724 1292 legatorum
775 1229 892 1300 ejus
945 1232 1619 1310 litterasimpetraverint,
1649 1249 1870 1306 etiamsi

275 1332 378 1384 per
409 1332 502 1374 eas
531 1320 597 1371 ad
623 1319 999 1391 inltibitioues,
1032 1333 1456 1390 reservationem
1481 1349 1533 1392 et
1557 1340 1860 1408 decretum,

276 1409 368 1463 vel
403 1411 539 1467 alias
566 1417 977 1484 quomodolibet
1005 1423 1076 1475 sit
1105 1439 1445 1495 processum,
1482 1445 1619 1500 quas
1645 1435 1866 1502 quidem

276 1504 494 1560 litteras
543 1517 597 1562 et
644 1525 936 1578 processus
986 1518 1152 1572 etiam
1216 1513 1316 1591 pro
1366 1534 1612 1598 tempore
1660 1530 1878 1588 habitas

278 1614 382 1668 per
428 1603 670 1667 easdem,
720 1617 774 1662 ct
833 1624 1176 1683 quacunque
1222 1615 1349 1670 inde
1378 1627 1586 1688 secuta,
1637 1623 1704 1679 ad
1731 1621 1873 1678 dicta

275 1695 546 1751 beneﬁcia
615 1698 868 1774 volumus
918 1721 1026 1759 non
1083 1710 1333 1775 extendi,
1386 1713 1479 1768 sed
1537 1716 1740 1772 nullum
1780 1735 1876 1788 per

277 1783 386 1839 hoc
410 1784 493 1840 eis
523 1790 702 1856 quoad
737 1794 1142 1852 assecutionein
1193 1800 1422 1856 aliorum
1483 1804 1873 1866 beneﬁciorum

272 1879 654 1946 przejudieium
713 1889 1010 1957 generari,
1047 1900 1101 1945 et
1152 1894 1487 1962 quibuslibet
1540 1903 1868 1973 privilegiis,

274 1972 634 2043 indulgentiis
665 1992 731 2034 ac
779 1980 976 2038 litteris
1023 1989 1348 2055 apostolicis
1410 1998 1872 2062 generalibus-vel

272 2066 633 2135 Specialibus,
666 2060 1134 2149 quorumcunque-
1177 2093 1426 2138 teucrum
1459 2091 1744 2157 exsistant,
1778 2110 1873 2161 per

270 2179 394 2232 qua:
427 2169 786 2240 prmsentibus
810 2188 918 2228 non
954 2191 1210 2245 expressa
1249 2181 1329 2235 vel
1388 2183 1624 2240 totaliter
1654 2203 1758 2242 non
1793 2189 1874 2243 in-

269 2268 420 2314 serta
454 2261 682 2320 eﬂ'ectus
707 2280 898 2322 earum
950 2271 1197 2341 impediri
1233 2275 1410 2330 valeat
1435 2281 1868 2347 quomodolébet,

273 2353 360 2408 vel
395 2353 627 2425 diﬁcrri,
650 2369 705 2415 et
733 2360 802 2417 de
833 2363 1031 2434 quibus
1060 2383 1404 2438 quorumque
1426 2372 1553 2427 totis
1586 2377 1866 2432 tenoribus

274 2450 347 2503 de
381 2451 551 2506 verbo
592 2454 659 2507 ad
703 2455 932 2512 verbum
971 2459 1219 2516 habenda
1250 2465 1321 2519 sit
1359 2465 1410 2519 in
1446 2470 1646 2521 ttOSlriS
1678 2469 1871 2526 litteris

270 2542 481 2598 mentio
499 2548 774 2614 specialis.
799 2549 1058 2608 Volumus
1097 2568 1273 2611 autem
1309 2561 1452 2629 qttod
1487 2575 1550 2615 ex
1587 2577 1730 2618 nunc
1756 2565 1870 2618 sin-

265 2637 377 2705 guli
430 2637 700 2696 dicturum
765 2645 1137 2716 subiectarum
1210 2651 1567 2709 ecclesiarum
1629 2665 1866 2714 rectores

272 2747 444 2788 ntmm
480 2735 736 2793 clericum
763 2741 852 2810 qui
882 2742 990 2798 illis
1014 2742 1066 2798 in
1094 2745 1272 2802 missis
1295 2756 1349 2802 et
1382 2747 1503 2804 aliis
1527 2750 1723 2806 divinis
1755 2753 1872 2808 om-

268 2827 698 2897 ci‘tsrdeserviat,
729 2845 994 2906 perpetuo
1029 2841 1266 2895 retinere
1312 2856 1376 2895 ac
1405 2845 1454 2898 ei
1490 2843 1613 2898 vita:
1640 2861 1868 2903 necessa

273 2918 352 2972 ria
392 2923 705 2980 ministrare
726 2906 1035 2985 teneantur.
1056 2929 1166 2988 Nos
1197 2936 1340 2988 enim
1367 2951 1432 2990 ex
1472 2954 1613 2993 nunc
1647 2941 1867 2996 irritum

265 3016 619 3075 decernimus
675 3032 730 3077 et
788 3024 970 3093 inane,
1031 3025 1078 3082 si
1135 3043 1298 3083 secus
1356 3047 1521 3101 super
1556 3034 1699 3090 bisa
1735 3053 1870 3107 quo-

265 3129 434 3179 quam
473 3117 676 3185 .quavis
729 3121 1057 3180 auctoritate
1113 3124 1352 3181 scienter
1414 3129 1498 3182 vel
1552 3129 1870 3200 ignoranter

271 3207 570 3280 contigerit
597 3213 937 3281 attemptari.

298 3300 533 3356 "Datum
585 3304 768 3362 Roma:
827 3311 967 3378 apud
1011 3310 1066 3365 S.
1110 3311 1351 3382 Petrum,
1397 3332 1541 3374 anno
1588 3319 1864 3377 incarnat.

266 3392 782 3463 Donum-“47,”.
816 3387 1018 3472 Martii,
1058 3409 1406 3477 pontificatus
1450 3416 1622 3468 nostri
1646 3430 1789 3471 anno
1822 3433 1865 3472 ι.

931 3544 1092 3617 130
1131 3548 1197 3604 V-

264 3626 552 3720 BulquPi‘i
581 3630 665 3717 Il,
695 3642 1113 3720 qturAcormu‘t‘uit
1140 3641 1368 3720 Nicolao
1403 3648 1548 3700 arclt.
1581 3650 1864 3720 Siponh’no

338 3701 754 3784 ςά-ξιιιιςυυίαὶῃ
778 3707 931 3761 card.
963 3709 1323 3779 Bessarionis,
1351 3729 1406 3770 ut
1446 3701 1862 3784 basilicum-$3:

337 3769 458 3864 4!"
519 3776 926 3864 vApplslolot'um,
992 3785 1191 3864 amotis
1238 3769 1861 3864 ὀιιάέῖαηονιὶεἱῃυᾶῃ

340 3842 570 3900 Fratres
605 3848 894 3904 Mmoritas
915 3842 1250 3924 transferat.
1509 3842 1543 3844 Α

337 3959 469 4017 Pius
505 3965 816 4037 episcopus,
873 3985 1063 4026 servus
1117 3987 1404 4033 servorum
1441 3978 1560 4048 Dt-i,
1584 3997 1709 4038 ven.
1743 3984 1856 4040 fra-

262 4053 338 4110 tri
393 4052 639 4122 Nicolao,
699 4061 1117 4135 archiepiscopo
1167 4069 1478 4139 Sipontino,
1530 4075 1763 4132 salutem
1807 4090 1861 4136 et

264 4148 629 4216 apostolicam
667 4154 1127 4217 benedictionem.
1864 4220 1866 4223 .

333 4245 498 4304 Sedis
526 4251 835 4318 apostolica:
871 4254 1210 4335 providentia
1266 4260 1692 4335 circumspecta,
1751 4270 1856 4325 Ec-

259 4339 556 4396 clesiarum
604 4346 868 4403 omnium
896 4331 1134 4403 debitam
1165 4369 1350 4409 curam
1388 4373 1605 4427 gerens,
1637 4364 1858 4420 assidue

257 4435 453 4507 vigilat
486 4449 539 4493 et
582 4455 642 4495 se
694 4443 953 4499 continue
1005 4447 1185 4525 reddit
1218 4442 1484 4507 atteniam
1521 4465 1577 4511 ut
1610 4461 1857 4517 ερςιιείεε

259 4533 418 4603 ipsae,
447 4548 567 4604 quae
608 4534 803 4592 domus
849 4549 997 4595 sunt'
1027 4545 1294 4600 orationis
1331 4546 1382 4601 in
1421 4549 1604 4619 terris,
1637 4569 1732 4623 per
1773 4555 1859 4610 tli-

249 4628 516 4707 -vinorttm
567 4628 870 4688 ciliciorum
918 4629 1324 4694 observantiam
1375 4643 1534 4716 digna
1569 4648 1859 4706 devotione

257 4731 314 4777 et
382 4725 505 4780 fidei
553 4730 859 4785 reverentia
911 4746 940 4784 a
989 4731 1450 4800 Cbristifidelibus
1506 4754 1852 4813 venerentur,

259 4828 314 4870 et
347 4818 549 4887 quibus
584 4818 834 4877 subtrahi
883 4827 1149 4896 conspicit
1187 4829 1425 4884 divinum
1485 4836 1686 4888 cultum
1710 4878 1724 4899 ,
1752 4839 1858 4894 bne

257 4910 549 4964 brachium
587 4915 874 4981 potestatis
923 4919 1170 4974 extendit
1222 4929 1278 4975 ut
1313 4923 1379 4976 ad
1425 4925 1518 4978 Dei
1555 4925 1772 4982 laudent
1805 4940 1858 4986 et

256 5003 504 5059 ﬁdelium
537 5008 841 5062 animarum
874 5013 1101 5067 salutem
1130 5016 1183 5071 in
1209 5016 1587 5087 spiritualiltus
1619 5027 1857 5082 maxime

257 5098 417 5168 dirigi
462 5100 683 5156 valeant
741 5113 792 5156 et
835 5108 1044 5175 augeri.
1098 5108 1241 5164 Sane
1303 5128 1476 5180 nuper
1531 5132 1648 5172 vett.
1691 5120 1858 5179 frater

255 5193 579 5262 Bessarion,
610 5199 906 5270 episcopus
933 5200 1294 5266 Tusculanus.
1320 5207 1560 5267 basilicae
1595 5211 1685 5268 XI:
1711 5215 1860 5286 Apo-

255 5292 524 5348 stolorum
545 5293 611 5349 de
633 5292 776 5350 Urbe
798 5308 1089 5368 perpetuus
1115 5299 1299 5356 admin
1324 5312 1549 5372 strator,
1571 5313 1639 5362 ab
1661 5313 1855 5368 eadem

255 5385 386 5441 sede
410 5388 903 5457 deputatus,nobis
922 5396 1173 5464 exposuit
1192 5400 1332 5465 quod
1359 5398 1580 5474 praefata
1606 5403 1854 5475 basilica,

257 5494 422 5548 quam
485 5478 575 5536 diu
632 5492 925 5552 antequam
975 5487 1041 5540 ad
1080 5488 1452 5558 cpiscottatum
1505 5509 1853 5565 promovere—

261 5588 347 5629 tur
380 5577 434 5630 in
486 5578 569 5630 sui
624 5577 993 5635 eardinalatus
1030 5582 1395 5649 parceltialem
1434 5587 1652 5647 tistlum
1706 5595 1850 5649 obii-

257 5677 473 5734 nuerst,
509 5685 652 5726 nunc
684 5686 816 5726 vero
845 5673 902 5728 in
933 5674 1315 5732 commendant
1362 5683 1591 5748 obtinet,
1629 5701 1851 5756 propter

256 5761 604 5827 devotionem
633 5765 897 5836 fidelium,
932 5780 1040 5826 tam
1081 5773 1280 5829 civium
1314 5791 1478 5849 quam
1518 5779 1839 5852 forensium,

251 5868 359 5916 non
392 5873 588 5928 parum
625 5859 786 5919 habet
818 5862 1100 5924 hominum
1133 5883 1486 5939 concursum,
1517 5876 1605 5946 qui
1642 5878 1830 5937 basili-

963 263 1270 334 ALOYSII
1316 277 1676 344 BANDINII‘
1711 282 2356 367 COMMENTARIUS.
2397 328 2467 345 --
2494 308 2904 377 APPENDIX.

278 365 484 433 tribus,
507 379 562 424 et
589 386 688 442 pro
718 389 912 446 quarta
941 386 1192 452 partibus
1244 390 1298 446 in
1338 395 1604 453 dictarunt
1633 400 1900 455 ecclesia-

280 473 404 531 mm
462 469 810 535 reparatione
862 490 1204 552 convertere,
1241 487 1616 561 cujuscunque
1668 493 1886 550 licentia

278 559 516 630 desuper
544 563 854 634 nullatenus
887 575 1171 643 requisita,
1198 579 1454 650 dictaque
1479 559 1742 639 beneficia
1760 602 1889 657 sup-

3418 333 3598 390 ustr-

2008 420 2126 466 eam
2177 422 2490 487 praedictam
2535 427 2759 487 visitare
2810 441 2864 487 et
2911 434 3108 498 missas
3153 452 3214 492 ac
3261 438 3365 496 alia
3404 441 3584 498 divina

1996 507 2169 567 cilicia
2205 515 2339 571 inibi
2373 522 2564 578 audire
2599 529 3029 598 consueverunt,
3065 535 3290 603 etquod
3324 534 3450 592 licet
3479 553 3584 592 nu-

1991 620 2175 662 merus
2209 613 2598 673 canonicorum
2632 621 2808 691 ipsius
2859 627 3133 693 ecclesias,
3171 629 3259 697 qui
3295 629 3429 686 olim
3458 643 3584 686 orto

1987 712 2111 756 esse
2145 701 2568 774 consueverant,
2597 715 2703 780 per'
2722 714 2814 771 fel.
2847 731 2958 772 rec.
2993 717 3294 790 Eugenium
3323 721 3413 788 IV,
3443 740 3582 793 pra:-

1989 792 2331 853 decessorem
2374 811 2649 871 nostrum,
2697 807 2765 862 ad
2809 809 2982 879 ipsius
3011 813 3257 884 episcopi
3299 819 3577 888 supplica-

1989 889 2214 962 tionem,
2277 898 2345 952 atl
2399 915 2686 957 numerum
2743 917 2987 974 quatuor
3040 910 3428 969 eaucnicorutn
3480 929 3577 982 per

1982 997 2200 1041 cessum
2259 991 2343 1046 vel
2391 984 2679 1052 decessum
2735 998 2993 1058 reductus
3037 1000 3220 1070 fuerit,
3271 1005 3338 1060 ad
3385 1004 3578 1062 bocnt

1984 1080 2230 1149 predicti
2295 1093 2533 1156 quatuor
2594 1091 2845 1147 canonici
2900 1092 3118 1151 facilius
3153 1111 3216 1151 se
3263 1106 3576 1154 sustentare

1981 1183 2035 1229 et
2074 1175 2127 1228 in
2159 1175 2304 1232 dicta
2346 1177 2567 1238 basilica
2602 1183 2955 1241 residentiam
3011 1187 3192 1244 facere
3221 1204 3284 1244 ac
3307 1191 3357 1246 ei
3395 1190 3449 1245 in
3491 1192 3578 1245 di-

1988 1267 2131 1324 vinis
2187 1273 2448 1328 continue
2515 1274 2795 1334 deservire
2851 1291 3088 1349 possent.
3124 1279 3260 1337 Cum
3293 1293 3476 1340 autem
3515 1285 3575 1342 id

1981 1367 2196 1429 tempus
2244 1366 2423 1421 nullus
2477 1382 2541 1423 ex
2603 1372 2885 1428 canonicis
2940 1377 2990 1428 in
3041 1390 3103 1430 ea
3167 1378 3451 1449 resideret,
3513 1396 3578 1435 ac

1983 1469 2128 1512 unus
2170 1468 2378 1513 tantum
2415 1463 2734 1532 capellanns
2769 1469 2990 1525 nomine
3047 1473 3291 1526 omnium
3328 1474 3574 1544 ipsorum

1977 1551 2368 1608 canonicomm
2429 1557 2479 1609 in
2530 1574 2594 1612 ea
2648 1561 2973 1628 deserviret,
3036 1563 3415 1628 nihilominus,
3465 1584 3572 1624 non

1977 1641 2229 1701 obstante
2257 1647 2574 1705 reduetione
2597 1651 2905 1722 hujusmodi
2936 1665 2989 1712 et
3016 1656 3137 1712 aliis
3164 1661 3421 1715 remediis
3448 1678 3570 1732 qua:

1979 1735 2092 1804 ipse
2127 1738 2415 1810 episcopus
2448 1743 2708 1802 adbibere
2737 1749 2994 1807 continue
3028 1762 3260 1807 conatus
3286 1752 3410 1815 fuit.
3452 1772 3572 1808 uto—

1976 1823 2134 1881 dicus
2165 1830 2247 1883 vel
2269 1832 2424 1898 quasi
2457 1833 2644 1891 nullus
2671 1835 2724 1891 in
2759 1853 2822 1893 ea
2846 1849 3096 1896 servatur
3124 1843 3307 1912 cultus
3333 1845 3580 1914 divinus;

1975 1927 2030 1971 et
2051 1919 2140 1974 vix
2173 1921 2283 1977 duo
2311 1939 2379 1978 es
2413 1925 2576 1981 dictis
2615 1931 2898 1987 canonicis
2955 1935 3047 2002 qui
3088 1952 3230 1993 nunc
3262 1937 3328 1995 ad
3377 1955 3572 1995 unme-

1978 2027 2094 2069 rttm
2125 2029 2220 2070 sex
2250 2020 2463 2075 reducti
2492 2031 2642 2086 sunt,
2680 2023 2813 2080 inibi
2851 2029 3092 2082 resident
3117 2070 3133 2096 ,
3160 2030 3374 2101 ipsique
3402 2048 3570 2115 canu-

1977 2108 2081 2164 niei
2115 2111 2182 2165 ad
2225 2111 2466 2168 divinum
2503 2116 2737 2174 oliicium
2784 2120 3118 2179 sullicientes
3170 2135 3264 2182 aut
3317 2112 3570 2197 dispositi

1975 2217 2082 2257 non
2111 2204 2405 2272 exsistunt,
2465 2207 2581 2278 ipsa
2616 2227 2837 2283 quoque
2885 2216 3111 2273 basilica
3150 2219 3208 2273 in
3239 2221 3353 2276 suis
3392 2222 3564 2278 aedili-

1975 2297 2073 2351 eiis
2108 2298 2336 2356 nimium
2390 2303 2544 2376 131
2595 2316 2676 2362 est
2710 2309 2948 2380 collapsa
2981 2321 3034 2365 et
3083 2313 3247 2369 etiam
3291 2317 3512 2373 ruinosa
3549 2334 3565 2384 ;

1973 2393 2230 2464 quodque
2289 2397 2432 2454 idem
2486 2402 2779 2474 episcopus
2835 2407 3461 2474 praedictambasilieam
3491 2412 3565 2468 ad

1974 2488 2258 2559 religiosos
2319 2494 2626 2561 transferri,
2677 2507 2733 2554 et
2780 2498 2831 2553 in
2889 2515 2949 2556 ea
2997 2511 3076 2557 tot
3121 2503 3322 2560 fratres
3356 2506 3565 2560 ordinis

1972 2578 2266 2650 blinorum,
2296 2602 2529 2655 quorum
2562 2607 2700 2646 unus
2740 2593 2814 2648 sit
2848 2595 3203 2664 guardianus,
3237 2600 3327 2669 qui
3369 2615 3554 2656 curam

1971 2676 2207 2735 aliorum
2257 2681 2488 2738 fratrum
2546 2684 2763 2756 habeat,
2819 2699 2873 2746 et
2915 2692 2980 2746 ad
3035 2706 3222 2748 curam
3253 2695 3559 2750 animarum

1974 2772 2028 2827 in
2074 2773 2215 2829 dicta
2264 2776 2489 2833 basilica
2540 2782 2778 2852 aliquem
2819 2785 3195 2858 presbyterum
3245 2790 3563 2846 saecularem

1971 2866 2038 2921 de
2093 2885 2362 2928 consensu
2425 2877 2748 2944 cardinalis,
2795 2879 2887 2949 qui
2944 2896 3041 2948 pro
3092 2890 3334 2952 tempore
3381 2884 3569 2950 fuerit,

1971 2963 2235 3032 deputare
2283 2970 2474 3038 possit,
2526 2973 2702 3026 creari
2754 2984 2808 3027 et
2857 2975 3066 3031 institui
3130 2986 3260 3046 quot
3303 2990 3566 3050 poterunt

1970 3074 2035 3114 ex
2088 3059 2259 3128 ipsius
2310 3064 2555 3120 ecclesia:
2618 3067 2890 3125 fructibus
2942 3087 3182 3143 congrue
3238 3077 3562 3140 sustentari,

1970 3152 2244 3211 desiderat
2274 3167 2327 3213 et
2352 3158 2590 3217 allectat.
2625 3161 2805 3230 Quare
2826 3181 2921 3235 pro
2948 3175 3100 3236 parte
3151 3167 3281 3223 dicti
3320 3169 3564 3237 episcopi

1971 3247 2130 3305 nobis
2157 3249 2260 3306 fuit
2287 3253 2567 3310 humiliter
2589 3258 2952 3328 supplicatum
2985 3269 3061 3327 ιιι,
3095 3277 3217 3317 cum
3244 3274 3562 3332 procurator

1969 3344 2240 3412 generalis
2296 3347 2428 3402 dict.
2483 3347 2712 3403 fratrum
2765 3351 2817 3406 in
2849 3352 2992 3407 dicta
3028 3356 3162 3411 urbe
3196 3359 3258 3410 sit
3295 3373 3561 3428 praisens,

1967 3443 2023 3490 et
2061 3437 2127 3490 ad
2163 3439 2527 3509 receptiouem
2576 3442 2737 3498 dictae
2765 3446 3013 3503 ecclesiae
3055 3459 3302 3518 paratum
3335 3467 3392 3508 se
3420 3453 3561 3508 offe-

1968 3539 2073 3594 rat,
2096 3531 2388 3604 pluresque
2411 3538 2754 3605 parccbiales
2791 3540 3052 3597 ecclesias
3070 3542 3136 3597 de
3155 3544 3292 3598 dicta
3313 3546 3446 3600 urbe
3465 3562 3563 3613 per

1970 3610 2287 3697 bujnsmodi
2323 3630 2612 3702 religiosos
2645 3631 2755 3687 sint
2787 3635 2960 3688 solita:
3007 3638 3325 3707 gubernari,
3352 3641 3556 3696 dictum

1968 3718 2247 3789 basilicam
2311 3723 2379 3777 ad
2426 3724 2736 3798 bujnsutodi
2791 3728 3081 3797 religiosos
3133 3733 3447 3800 transferri,
3500 3744 3558 3792 et

1968 3813 2166 3870 ibidem
2211 3815 2409 3873 fratres
2437 3823 2613 3877 creari
2637 3831 2689 3877 et
2717 3823 2924 3878 institui
2957 3827 3270 3895 praedictos,
3306 3830 3383 3884 ita
3410 3832 3554 3901 quod

1967 3906 2176 3963 fruetus
2199 3918 2252 3966 et
2280 3923 2575 3977 proventus
2600 3917 2958 3972 canonicatus
3003 3927 3054 3973 et
3089 3921 3392 3986 prmbenilte
3421 3920 3563 3994 quos

1965 4001 2082 4070 ipse
2135 4004 2424 4075 episcopus
2469 4017 2523 4063 et
2577 4007 2994 4068 administrator
3038 4015 3273 4083 obtinet,
3326 4032 3392 4072 se
3450 4019 3548 4078 alii

1963 4096 2205 4166 ejusdem
2249 4098 2492 4155 basilicae
2508 4104 2825 4172 cardinales
2847 4107 3097 4161 obtinere
3126 4124 3552 4179 consueverunt,

1964 4205 2066 4243 nec.
2118 4205 2223 4245 non
2275 4193 2483 4250 fructus
2523 4205 2577 4250 et
2615 4196 2822 4261 reditus
2859 4201 3179 4256 communes
3228 4203 3294 4258 ad
3350 4204 3550 4260 dictum

1964 4283 2656 4361 basilicam'provenientes
2686 4306 2748 4345 ex
2787 4309 2955 4360 nunc,
2985 4296 3302 4354 cedentibus
3339 4315 3471 4354 vero
3501 4311 3563 4357 et

1960 4375 2353 4435 decedentibus
2383 4381 2516 4449 ipsis
2543 4382 2706 4440 dictis
2734 4401 2826 4441 sex
2867 4388 3148 4445 canonicis
3183 4401 3238 4448 et
3272 4393 3392 4449 aliis
3428 4410 3558 4463 prc-

1960 4472 2219 4546 sbyteris,
2272 4486 2327 4530 et
2357 4476 2593 4548 clericis,
2627 4483 2899 4552 perpetuis
2947 4486 3306 4546 beneficiariis
3366 4492 3417 4545 iu
3457 4507 3554 4548 ea.

1959 4572 2083 4646 dem
2111 4571 2357 4638 basilica,
2392 4571 2472 4627 vel
2508 4588 2642 4630 suos
2675 4578 3028 4635 canonicatus
3056 4592 3107 4636 et
3144 4586 3464 4652 praebendas
3483 4603 3548 4645 ac

1960 4642 2222 4721 beneficia
2257 4667 2666 4738 quomodclibet
2712 4670 3134 4743 dimittentibus,
3187 4679 3377 4749 reliqui
3429 4696 3545 4736 om-

1962 4775 2058 4814 nes
2092 4758 2322 4830 fruetus,
2363 4763 2571 4818 reditus
2599 4772 2653 4818 et
2700 4776 2994 4834 proventus
3037 4770 3348 4841 ltnjusmodi
3382 4791 3547 4830 cattu-

1963 4855 2266 4925 nicatuum,
2311 4855 2722 4924 prabendarunt
2755 4869 2808 4913 et
2844 4861 3254 4931 beneficiorum,
3282 4883 3346 4923 ac
3380 4873 3542 4926 etiam

1961 4952 2339 5019 possessiones
2368 4961 2420 5006 et
2451 4952 2589 5007 bona
2623 4968 2961 5025 quaecunque
2995 4959 3062 5013 ad
3095 4960 3268 5017 dictos
3317 4971 3546 5021 canoni-

1963 5057 2055 5096 ros
2084 5053 2136 5096 et
2180 5036 2470 5113 perpetuos
2498 5047 2852 5104 beneficiatos
2887 5052 3095 5107 ratione
3124 5069 3345 5110 suorum
3379 5075 3542 5115 cano-

1963 5135 2244 5190 nieatuum
2277 5145 2330 5191 et
2372 5138 2787 5207 prmbendarum
2827 5157 2892 5198 ac
2936 5144 3324 5203 beneﬁciorum
3359 5153 3578 5223 ltujus—,

1962 5227 2103 5280 ntcdi
2148 5229 2471 5297 pertinentia
2521 5235 2793 5301 piaetlietis
2830 5235 3091 5298 fratribus
3124 5255 3177 5300 et
3223 5258 3411 5302 eorum
3460 5266 3551 5303 ur-

1959 5318 2071 5372 dini
2110 5321 2472 5390 applicentur.
2506 5326 2571 5381 de
2610 5326 2946 5399 benignitate
2992 5339 3293 5406 apostolica
3328 5343 3547 5400 manda«

1962 5429 2163 5470 ωαψς.

2027 5507 2136 5564 Nos
2174 5509 2377 5581 itaque,
2417 5514 2728 5586 ltujusntodi
2761 5523 3250 5591 supplicationibus
3279 5531 3544 5604 inclinati,

1954 5602 2278 5659 fraternitati
2326 5617 2428 5662 tuac
2453 5623 2548 5676 per
2592 5613 2887 5681 apostolica
2939 5620 3140 5691 scripta
3197 5602 3543 5694 mandamus,

1951 5709 2226 5765 quatenus
2279 5701 2485 5757 dictam
2529 5705 2807 5763 basilicam
2860 5715 3189 5772 auctoritate
3241 5721 3542 5784 apostolica

1949 5791 2040 5844 ad-
2072 5791 2383 5862 bnjusmodi
2435 5797 2720 5865 religiosos
2767 5802 3097 5871 transferas,
3140 5818 3193 5862 et
3231 5809 3428 5865 ibidem
3463 5823 3539 5868 tot

1958 5901 2021 5940 ex
2060 5885 2374 5959 bujusmcdi
2402 5889 2668 5950 fratribus
2695 5893 2998 5968 Minorum,
3042 5916 3270 5972 quorum
3303 5920 3437 5961 unus
3470 5909 3545 5963 sit.
