3970 6148
463 220 604 273 txitv

459 334 813 403 guardianus,
846 338 937 409 qui
973 354 1139 397 unum
1192 347 1568 419 praetulerunt
1616 353 1929 410 saecularem
1964 355 2029 411 ad

457 434 645 483 curam
683 432 986 489 animarum
1017 436 1083 491 dc
1130 450 1401 495 consensu
1442 442 1734 500 cardinalis
1782 443 2040 516 deputare

457 523 631 587 rossit
663 531 714 578 ct
770 526 982 591 valeat,
1022 529 1115 598 qui
1165 535 1518 602 parocltianis
1552 538 1825 594 ministret
1861 542 2036 596 eccle-

454 616 674 671 siaStiea
704 630 1068 687 sacramenta,
1104 623 1302 705 ibidem
1329 624 1616 696 lnstituas,
1643 643 1772 698 quot
1799 648 1864 689 ex
1895 633 2041 688 frue-

451 708 597 765 tibus
632 712 906 779 praedictis
935 723 1186 782 poterunt
1220 731 1457 790 congrue
1487 726 1798 790 sustentari,
1826 740 1887 781 ac
1916 734 2030 779 sta-

456 812 578 861 tuas
606 810 935 864 anetoritatc
968 812 1228 880 praedicta
1260 824 1314 869 et
1342 816 1585 880 ordines,
1614 816 1761 886 quod
1799 820 2060 888 fructum,

451 898 658 951 reditus
705 906 758 953 et
806 910 1104 968 proventus
1149 917 1213 957 ac
1259 906 1635 973 possessiones
1690 917 1745 961 et
1797 910 1932 963 bona
1964 912 2031 965 ad

446 991 833 1046 canonicatunt
908 1001 962 1047 et
1034 993 1377 1062 prmbendant
1420 999 1629 1068 prmfati
1680 999 1917 1070 epis-cepi
1976 1011 2032 1057 et

448 1086 923 1153 commendatarii,
958 1101 1055 1142 seu
1096 1089 1392 1145 cardinalis
1444 1106 1543 1160 pro
1591 1102 1835 1162 tempore
1882 1095 2028 1151 exsi-

440 1182 659 1245 stetttis,
724 1193 824 1235 nec
887 1196 993 1236 non
1053 1182 1286 1246 fructus,
1347 1183 1552 1239 reditus
1602 1193 1657 1239 ct
1711 1198 2028 1255 proventus,

444 1272 812 1328 communiter
851 1275 920 1327 ad
956 1275 1156 1330 dictam
1207 1274 1485 1331 basilicam
1537 1278 1920 1348 provenientes
1961 1296 2029 1335 ex

445 1376 611 1431 nunc,
649 1366 963 1423 cedentibus
996 1383 1120 1423 vero
1145 1378 1199 1423 et
1234 1370 1641 1427 decedentibus
1675 1371 1831 1445 132
1862 1389 2029 1429 cano-

441 1458 582 1515 nicis
610 1467 665 1513 et
705 1460 1039 1517 betteliciatis
1075 1461 1369 1533 prazdietis,
1405 1465 1487 1519 vel
1515 1479 1643 1523 suos
1673 1466 2027 1523 canonicatns

439 1562 496 1609 et
537 1554 857 1625 praebendas
884 1566 955 1629 et
998 1556 1261 1612 beneﬁcia
1319 1562 1635 1631 supradicta
1682 1562 2027 1631 quomodoli-

440 1641 532 1704 bet
582 1649 998 1719 dimittentibus,
1042 1652 1284 1721 reliquos
1329 1668 1521 1712 omnes
1571 1654 1840 1728 fructus,
1883 1657 2030 1713 redi-

440 1760 529 1819 ius
556 1754 609 1799 et
640 1754 940 1816 proventus
972 1762 1039 1803 ac
1068 1750 1441 1818 possessiones
1487 1760 1541 1807 et
1591 1753 1732 1808 bona
1767 1752 1833 1808 ad
1856 1768 2029 1810 eano-

442 1838 593 1896 nicos
634 1853 689 1896 et
740 1839 1093 1898 beneﬂciatos
1142 1840 1431 1914 praedictos
1480 1844 1690 1900 ratione
1722 1845 2017 1902 canonica-

441 1934 593 1985 tttum
620 1942 674 1987 et
703 1931 1113 2003 praebendartnn
1178 1942 1233 1991 et
1273 1935 1662 1993 beneﬁciorum
1714 1937 2020 2006 huiusmodi

440 2025 787 2095 pertinentia,
844 2038 904 2081 ut
960 2026 1267 2099 prafertttr.
1327 2030 1541 2086 etimnsi
1594 2033 1694 2101 ipsi
1732 2034 2024 2089 canonicos

443 2114 534 2177 ιιιὲ
559 2130 613 2176 et
642 2120 947 2192 praebenda:
986 2138 1049 2175 ac
1078 2124 1338 2179 benelieia
1364 2127 1472 2180 sint
1516 2127 1863 2198 dispositioni
1891 2142 2025 2199 apo-

441 2211 648 2268 stolica:
690 2214 1097 2283 quomodollbet
1148 2225 1440 2281 reservata,
1497 2221 1700 2275 eisdem
1765 2220 2023 2277 fratribus

440 2319 497 2364 et
526 2324 717 2365 eorum
751 2310 928 2365 ordini
974 2311 1319 2381 applicentur
1356 2327 1420 2367 eo
1469 2311 1603 2384 ipso.
1640 2314 1718 2369 Ae
1746 2315 2023 2369 nihilomi-

442 2414 545 2456 nus
594 2402 798 2458 eisdem
843 2401 1143 2471 guardiano
1182 2412 1235 2456 et
1282 2401 1563 2472 fratribus,
1613 2414 1898 2478 postquam
1967 2408 2020 2464 in

438 2497 582 2555 dicta
612 2497 835 2551 basilica
871 2497 1038 2552 creati
1069 2502 1123 2550 et
1175 2497 1404 2554 instituti
1459 2498 1682 2568 fuerint,
1716 2501 1930 2558 locandi
1969 2514 2026 2559 et

441 2592 764 2647 arrendantll
817 2591 1045 2656 fructus,
1096 2594 1301 2647 reditus
1338 2604 1394 2649 et
1454 2608 1774 2665 proventus,
1817 2597 1939 2667 iura
1966 2608 2023 2654 et

440 2687 793 2753 obventiones
839 2688 1253 2742 cztnonicatnum
1290 2697 1341 2744 et
1388 2694 1795 2758 pl‘mbcmlal‘ttttt
1829 2708 1892 2747 ac
1928 2696 2014 2749 bu-

442 2779 763 2835 neliciorutn
795 2781 1202 2849 praedictorum,
1235 2796 1264 2833 a
1289 2782 1569 2836 canmticis
1593 2793 1648 2837 et
1682 2782 2018 2841 betteliciatis

441 2872 719 2943 praedictis
770 2872 1137 2927 obtinentibus
1197 2874 1309 2937 illa,
1344 2877 1586 2944 quantiitt
1636 2876 1739 2946 ipsi
1768 2880 2018 2934 canonici

440 2983 502 3019 ca
540 2964 896 3029 obtinuerint,
926 2979 1035 3031 .pro
1068 2974 1219 3019 certo
1255 2968 1430 3036 pretio
1476 2968 1681 3025 eisdem
1738 2973 2016 3029 canetticis

438 3068 496 3113 et
527 3056 866 3112 bettelieiatis
897 3057 1176 3111 annuatim
1204 3062 1580 3128 persolvendo,
1615 3063 1660 3117 si
1694 3067 1758 3119 de
1795 3065 1899 3121 ltoc
1930 3066 2018 3121 in-

441 3163 526 3211 ter
557 3167 618 3207 se
653 3155 1028 3221 convenerint,
1079 3152 1402 3209 auctoritate
1437 3158 1694 3227 praedicta
1741 3159 2016 3215 licentiam

438 3242 714 3318 largiaris,
745 3247 1174 3302 contradictores
1214 3263 1311 3317 per
1353 3261 1645 3305 censuram
1683 3252 2017 3309 ecclesiasti-

436 3351 573 3408 tam,
629 3339 989 3410 appellatione
1046 3343 1376 3410 postposita,
1416 3345 1813 3412 compescendo
1857 3364 1871 3401 :
1910 3362 2014 3400 non

441 3434 791 3491 obstantibus
842 3433 1260 3504 quibuscuuque
1303 3436 1786 3493 constitutionibus
1816 3454 1879 3493 ac
1909 3441 2018 3508 pri-

441 3526 652 3597 vilegiis
697 3538 752 3582 et
794 3526 992 3583 litteris
1043 3528 1392 3596 apostolicis,
1445 3545 1544 3586 nec
1585 3547 1690 3585 non
1720 3533 1939 3589 statutis
1962 3542 2016 3589 et

437 3620 923 3683 consuetudinibus
991 3620 1228 3679 basilicae
1268 3633 1318 3677 et
1378 3622 1587 3679 ordinis
1641 3628 2015 3694 irtedictorntn

436 3714 754 3778 contrariis,
779 3712 1119 3782 iuramento,
1151 3714 1563 3774 conﬁrmatione
1603 3720 1901 3788 apostolica
1933 3723 2016 3778 vel

438 3820 761 3875 quacunque
794 3806 1047 3863 ﬁrmitate
1079 3810 1366 3864 roboratis.

455 3938 459 3942 »
513 3904 620 3955 Aut
644 3901 687 3954 si
720 3900 908 3972 aliqui,
946 3902 1247 3981 apostolica,
1295 3899 1375 3957 vel
1414 3904 1516 3958 alia
1549 3908 1743 3975 quavis
1768 3908 2014 3964 auctoris

437 4002 546 4051 tate
596 3998 650 4050 in
680 3996 870 4052 eadem
904 3996 1129 4052 basilica
1184 3997 1236 4050 in
1278 4000 1570 4055 canonicos
1622 4001 1734 4055 sint
1786 4005 2011 4072 recepti,

433 4086 520 4143 vel
563 4099 619 4142 ιιι
647 4088 979 4159 recipiantur
1027 4088 1310 4157 insisntnt;
1342 4105 1439 4147 seu
1480 4090 1526 4147 si
1555 4107 1717 4163 super
1748 4096 2010 4164 provisio-

436 4180 598 4237 nibus
634 4180 741 4237 sibi
772 4179 1035 4236 faciendis
1065 4182 1133 4237 de
1167 4182 1476 4252 huiusmodi
1507 4186 1920 4242 canonicatibus
1958 4196 2015 4244 et

434 4275 741 4342 prehendis
773 4275 940 4343 ipsius
987 4275 1225 4331 basilica:
1257 4265 1543 4347 speciales,
1594 4278 1676 4334 vel
1702 4279 1820 4335 aliis
1847 4280 2015 4338 bene-

436 4364 579 4420 iiciis
608 4364 999 4421 ecclesiasticis
1027 4365 1079 4419 in
1112 4365 1217 4423 illis
1238 4367 1485 4439 partibus
1500 4370 1784 4440 generales
1797 4381 2014 4443 apostoc

432 4457 554 4514 licte
584 4461 732 4515 sedis
767 4460 850 4516 vel
889 4461 1188 4531 legatorum
1218 4462 1338 4533 eius
1386 4462 1600 4521 litteras
1646 4465 2012 4538 impetrarim,

433 4557 651 4611 etiamsi
698 4572 795 4627 per
847 4572 941 4612 eas
972 4557 1040 4612 ad
1084 4557 1470 4616 inbibitionem
1508 4567 1564 4616 et
1591 4560 1894 4628 decretum,
1930 4562 2015 4621 vel

433 4650 571 4706 tilias
614 4650 1024 4721 quomodoltbet
1068 4654 1140 4708 sit
1190 4669 1503 4723 processum
1544 4672 1563 4712 :
1598 4669 1736 4727 quas
1791 4660 2013 4729 quidem

432 4741 643 4797 litteras
672 4752 726 4798 et
760 4757 1052 4812 processus
1097 4743 1312 4799 habitos
1359 4760 1455 4816 per
1485 4750 1727 4818 easdem,
1778 4758 1834 4806 et
1866 4765 2016 4822 quae-

433 4849 651 4904 cunque
688 4836 813 4891 inde
862 4847 1052 4892 secuta
1101 4837 1169 4892 ad
1221 4838 1532 4909 huiusmodi
1574 4844 1941 4899 canonicatus
1959 4853 2015 4900 et

436 4934 756 5001 praebendas
786 4945 841 4989 et
873 4934 978 4989 alia
1003 4936 1266 4993 beneﬁcia
1301 4940 1470 5009 ipsius
1493 4939 1737 4999 basilica:
1761 4943 2015 5001 volumus

432 5033 543 5082 non
572 5028 817 5093 extendi,
847 5032 942 5086 sed
970 5031 1181 5085 nulinm
1214 5045 1310 5103 per
1340 5034 1443 5088 IIOC
1473 5035 1553 5091 eis
1582 5037 1763 5105 quoad
1795 5051 2017 5093 assecuc

434 5119 635 5175 tionem
684 5124 1106 5179 canonicatuum
1142 5132 1198 5179 et
1252 5125 1661 5194 praebendorum
1700 5144 1765 5185 ac
1806 5128 2011 5185 beneli-

430 5214 641 5269 ciorum
668 5216 896 5271 oliorum
925 5218 1295 5287 praeiudicium
1331 5222 1601 5290 generari.
1650 5222 1757 5277 Seu
1790 5223 2014 5294 quibus-

434 5324 653 5379 cunque
699 5311 1018 5383 privilegiis,
1042 5314 1389 5385 indulgentiis
1442 5328 1497 5371 et
1529 5317 1727 5373 litteris
1753 5320 2010 5387 apostoli-

435 5400 515 5455 cis
546 5404 893 5472 generalibss
925 5406 1007 5462 vel
1053 5408 1380 5477 specialibus
1406 5449 1421 5473 ,
1455 5408 1825 5478 cujuscunque
1856 5420 2011 5466 teno-

439 5496 518 5550 iis
559 5496 847 5566 exsistant,
898 5513 993 5569 per
1045 5516 1165 5569 qua:
1202 5501 1561 5571 praesentibus
1599 5517 1702 5555 non
1752 5518 2006 5572 expressa

441 5588 526 5642 νει
569 5589 804 5645 totaliter
838 5607 940 5646 non
975 5592 1197 5656 inserta,
1248 5593 1473 5649 eliectus
1507 5610 1693 5649 eorum
1753 5595 2005 5669 impediri

432 5678 620 5740 Valeat
650 5684 1055 5754 quomodolibet
1081 5685 1164 5741 vel
1201 5684 1433 5751 diﬂerri,
1464 5695 1517 5741 et
1546 5689 1613 5742 de
1646 5687 1851 5758 quibus
1876 5703 2009 5757 quo-

434 5778 663 5846 hunqtte
711 5778 839 5836 totis
878 5779 1159 5838 tortoribus
1204 5780 1271 5837 de
1302 5780 1466 5838 verbo
1515 5780 1580 5837 ad
1624 5781 1849 5837 verbum
1905 5782 2003 5839 ita;

1293 226 1392 295 DE
1432 226 1612 295 νιΤΑ
1651 238 1744 299 ET
1789 234 2057 307 REBU‘S
2102 243 2382 311 GESTIS
2416 247 2925 319 BESSARIONIS

3563 269 3725 313 ιικνι

2156 360 2329 417 bendo
2359 363 2434 419 sit
2470 366 2524 420 in
2559 367 2767 422 nostris
2811 366 3014 424 litteris
3080 360 3281 427 mentio
3309 372 3590 442 specialis;
3628 390 3731 430 nos

2148 454 2294 508 enim
2326 456 2473 512 dicto
2534 460 2797 531 episcopo
2823 470 2879 516 et
2911 462 3281 520 cardinalibus
3313 466 3367 519 in
3395 465 3541 522 dicta
3585 466 3731 521 basi-

2149 545 2248 602 lica
2284 546 2722 618 successoribus,
2770 554 2824 608 in
2867 550 3025 626 133
3053 558 3167 626 ipsa
3196 551 3441 613 basilica
3473 571 3729 627 πριιιι-

2146 640 2311 696 diano
2366 654 2421 700 et
2469 642 2732 702 fratribus
2774 648 2849 703 ibi
2894 652 3383 717 commorantibns,
3429 653 3555 707 dum
3589 654 3726 708 inibi

2148 733 2371 801 iuerint,
2405 750 2507 792 nec
2537 753 2648 794 non
2681 740 3027 806 parocbianis
3055 743 3213 799 dictae
3238 745 3469 801 basilica:
3503 757 3723 802 omnem

2143 830 2562 898 correctionem,
2598 834 3035 902 iurisdictionem
3070 854 3135 895 ac
3171 840 3435 910 justitiam
3479 857 3723 897 reservata-

2143 935 2282 989 mus,
2303 938 2465 993 quam
2485 925 2537 978 in
2564 928 2843 985 canonicis
2865 940 2920 986 et
2944 932 3277 988 beneﬁciatis
3293 949 3356 988 ac
3370 934 3723 1006 paroeliianis

2140 1012 2300 1070 dicta:
2344 1018 2588 1075 ecclesiae
2635 1020 2807 1092 ipsius
2853 1022 3089 1095 episcopi
3131 1027 3563 1097 prmdecessores
3606 1031 3745 1082 dir-r

2142 1112 2248 1171 tam
2283 1108 2558 1166 basilicam
2590 1113 2896 1171 obtinentes
2926 1117 3233 1175 habuerunt
3252 1130 3309 1176 et
3338 1120 3480 1176 idem
3508 1122 3723 1191 episeo-
3748 1146 3749 1149 η

2140 1213 2239 1267 pus
2292 1203 2535 1257 noscitur
2586 1204 2789 1263 habere
2840 1206 2909 1263 de
2960 1210 3239 1277 prmsenti.
3289 1211 3621 1281 Et’ittsupel‘,
3647 1229 3716 1267 ex

2140 1308 2282 1363 nunc
2316 1294 2528 1351 irritum
2561 1297 2904 1359 decernimus
2951 1312 3007 1357 ct
3052 1304 3213 1359 inane
3263 1307 3308 1359 si
3359 1320 3519 1360 secus
3554 1308 3720 1376 super

2140 1382 2227 1439 Itis
2262 1402 2291 1439 a
2323 1402 2592 1458 quoquam
2648 1395 2846 1463 quavis
2908 1398 3279 1467 auctoritate,
3340 1400 3578 1457 scienter
3634 1400 3716 1455 vel

2138 1474 2473 1547 iguoranter,
2510 1485 2800 1555 contigerit
2824 1492 3159 1558 attemptari.

2214 1571 2405 1629 Datum
2450 1574 2632 1633 Romae
2664 1580 2807 1649 apud
2863 1580 2921 1635 S.
2960 1582 3200 1653 Petrum,
3245 1601 3391 1642 anno
3434 1584 3711 1651 incarnat.

2138 1663 2352 1721 Dotnini
2402 1666 2561 1737 H63,
2594 1672 2767 1742 pridie
2802 1669 2916 1729 ltai.
2952 1668 3099 1744 Julii,
3158 1677 3506 1752 pontiﬁcatus
3538 1680 3710 1736 nostri

2137 1766 2283 1812 anno
2316 1768 2374 1816 ν.

2830 1883 2957 1949 ‘Vl

2135 1986 2297 2049 Bulla
2320 2010 2423 2064 qua
2446 1990 2576 2053 Pius
2596 1992 2664 2056 11
2684 2004 2833 2057 card.
2850 2002 3158 2063 Beudi-icui
3172 2003 3409 2063 concedit
3431 2020 3488 2064 ut
3510 2007 3571 2066 S.
3600 2011 3711 2064 Eu.

2205 2070 2376 2137 genite
2403 2070 2664 2145 sacellum
2713 2083 3035 2145 restaurare,
3069 2080 3400 2135 sacellammt
3444 2082 3713 2138 instituere

2208 2150 2365 2225 atque
2391 2140 2857 2225 eligere,_illndquc
2876 2149 2932 2204 in
2950 2140 3213 2219 posterum
3236 2151 3362 2222 jure
3393 2163 3711 2223 patrouatns

2205 2207 2439 2266 obtinere
2459 2207 2650 2283 possit.

2209 2318 2333 2383 l‘ius
2364 2328 2676 2401 episcopus,
2723 2346 2912 2391 servus
2956 2352 3239 2394 servorum
3286 2338 3403 2406 Dei,
3438 2343 3707 2403 venerati.

2135 2415 2289 2474 fratri
2315 2418 2650 2488 Bessarioni,
2678 2428 2933 2497 episcopo
2959 2424 3290 2497 Tusculano,
3322 2433 3585 2489 cardinali
3615 2428 3709 2493 Ni.

2132 2525 2304 2578 cinno,
2341 2515 2571 2571 salutem
2605 2526 2658 2574 et
2684 2517 3035 2589 apostolicam
3064 2526 3519 2583 benedictionem.

2202 2598 2498 2677 Personam
2528 2618 2705 2675 tuam.
2738 2614 2892 2670 nobis
2941 2625 3005 2671 et,
3040 2621 3351 2688 apostolica
3379 2622 3495 2678 sedi
3543 2624 3710 2678 devo-

2133 2704 2264 2764 tam,
2320 2699 2431 2755 tuis
2451 2702 2792 2773 exigentibus
2826 2708 3055 2773 met-itis,
3081 2720 3301 2781 paterna
3333 2713 3708 2772 benedictione
3774 2736 3777 2738 ·

2129 2800 2545 2860 prosequentes,
2594 2805 2715 2849 vola
2769 2805 2859 2851 tua
2898 2812 3259 2873 quaecunque.
3311 2808 3608 2873 praesertim
3638 2823 3705 2862 es

2128 2879 2323 2950 quibus
2354 2882 2524 2938 divini
2562 2887 2741 2942 cultus
2785 2903 3138 2960 augmentum
3176 2905 3231 2949 et
3278 2898 3427 2952 salus
3454 2909 3708 2968 speratur

2129 2969 2454 3044 animarum,
2485 2978 2554 3031 ad
2588 2980 2954 3043 exauditionis
2983 2983 3211 3053 gratiam
3237 2986 3470 3044 libentur
3498 2991 3699 3047 admits

2127 3065 2316 3136 timus,
2343 3080 2395 3123 et
2430 3077 2489 3124 ut
2519 3080 2764 3139 optatum
2809 3076 3112 3133 sortiantur
3140 3079 3421 3144 effectum.
3455 3099 3618 3155 opem
3649 3096 3706 3143 et

2127 3175 2343 3230 operam
2386 3164 2745 3229 impartimnr.
2780 3168 2922 3224 Sane
2958 3187 3053 3240 pro
3096 3184 3250 3242 parte
3284 3186 3372 3231 tua
3402 3176 3562 3243 nobis
3595 3194 3703 3234 uu-

2127 3267 2222 3319 per
2254 3252 2495 3313 exhibita
2530 3260 2716 3326 petitio
2736 3262 3045 3318 continebat
3074 3266 3215 3335 quod
3243 3276 3299 3322 tu
3323 3269 3705 3338 capellatnsub

2127 3342 2469 3402 invocatione
2497 3346 2557 3403 S.
2589 3349 2839 3420 Eugcnize
2867 3353 2916 3406 in
2948 3352 3168 3409 basilica
3200 3353 3294 3411 Xll
3324 3358 3701 3426 Apostolorum

2126 3435 2191 3490 de
2223 3433 2367 3494 Utbe
2416 3439 2598 3504 sitam.
2632 3457 2751 3512 quae
2783 3445 3021 3501 indctata
3072 3449 3289 3505 exsistit
3317 3460 3381 3506 et-
3426 3462 3705 3508 restaura-

2128 3530 2270 3585 tionc
2304 3531 2531 3605 indiget,
2567 3550 2663 3605 pro
2697 3545 2803 3592 tute
2828 3547 2882 3593 et
2911 3548 3124 3595 tuorum
3155 3544 3559 3615 progenito‘rtim
3586 3544 3707 3600 anl-

2127 3634 2343 3679 tnarum'
2392 3629 2573 3683 salute
2622 3630 2726 3685 sub
2774 3630 3117 3691 invocatione
3151 3632 3251 3697 SS.
3303 3635 3584 3694 Michaelis
3612 3655 3707 3695 ar—

2122 3720 2369 3791 changeli
2428 3729 2485 3778 et
2527 3720 2753 3781 Joannis
2809 3724 3089 3796 Baptistae,
3131 3734 3479 3795 restaurare,
3523 3731 3707 3801 libris,

2125 3810 2461 3879 parantentis
2496 3823 2549 3869 et
2577 3813 2700 3871 aliis
2726 3816 3113 3875 ecclesiasticis
3153 3823 3491 3885 ornamentis
3516 3824 3589 3876 ad
3611 3823 3704 3878 dia

2125 3903 2306 3979 vinum
2336 3907 2543 3963 cultum
2565 3894 2894 3967 necessariis
2928 3911 3140 3980 fulcire,
3170 3929 3235 3971 ac
3270 3915 3705 3986 competentibus

2125 4013 2223 4069 pro
2261 4015 2370 4055 uno
2410 4001 2749 4075 presbytero.
2783 4005 2875 4073 qui
2904 4003 3035 4060 inibi
3076 4007 3270 4063 missas
3301 4018 3358 4063 et
3376 4008 3485 4064 alia
3518 4010 3704 4065 divina

2121 4088 2296 4143 cilicia
2328 4076 2589 4159 celebret,
2639 4093 2903 4150 reditibus
2945 4097 3013 4154 de
3051 4097 3213 4155 bonis
3262 4102 3366 4154 tuis
3401 4101 3567 4159 etiam
3608 4095 3704 4173 per

2125 4184 2423 4242 Ecclesiam
2451 4188 2735 4259 acquisitis
2768 4190 2954 4246 dotare
2978 4193 3256 4261 proponis,
3280 4191 3541 4253 aﬂectans
3554 4200 3704 4267 quod

2119 4279 2209 4349 ius
2237 4290 2558 4351 patronatus
2586 4282 2748 4337 dictae
2784 4284 3003 4351 capella:
3030 4285 3119 4340 tibi
3159 4296 3213 4342 et
3244 4298 3363 4363 post
3389 4301 3438 4343 te
3477 4293 3705 4347 nomin

2126 4381 2231 4435 tuo,
2256 4373 2545 4430 abbatibus
2606 4373 2664 4430 S.
2724 4375 2872 4431 Pauli
2920 4377 2988 4431 de
3036 4375 3181 4435 Urbe
3224 4380 3281 4434 S.
3319 4380 3594 4437 Benedicti
3645 4395 3705 4438 ct

2123 4468 2288 4540 priori
2320 4466 2379 4524 S.
2414 4468 2596 4525 Maria:
2626 4473 2688 4527 de
2714 4470 2921 4544 Populo
2950 4473 3008 4530 S.
3041 4476 3327 4546 Augustini
3356 4478 3608 4553 ordinum
3646 4480 3701 4533 in

2123 4567 2455 4635 perpetuum
2475 4576 2726 4622 servetur
2752 4576 2769 4625 :
2816 4579 2869 4623 et
2900 4580 3186 4638 eapropter
3217 4571 3374 4627 nobis
3413 4571 3570 4645 135
3602 4575 3704 4627 Ιιιια

2124 4659 2327 4718 nillitcr
2361 4659 2677 4731 supplicasti
2709 4669 2767 4715 ut
2799 4672 2891 4717 tuo
2927 4665 3204 4734 proposito
3252 4674 3308 4721 et
3341 4666 3556 4723 aii‘ectui
3594 4669 3700 4723 hu-

2118 4751 2356 4821 iusmodi
2380 4767 2621 4810 aunuere
2645 4752 2712 4809 de
2747 4752 2988 4811 bonitate
3005 4757 3299 4828 apostolica
3326 4760 3697 4830 diguaremur.

2120 4842 2230 4901 Nos
2276 4847 2463 4919 igitur,
2496 4848 2585 4918 qui
2622 4849 2828 4903 cultum
2874 4848 3054 4918 ipsum
3096 4850 3340 4906 divinum
3381 4853 3563 4925 augeri
3616 4854 3702 4907 in-

2124 4939 2296 4996 tensis
2330 4941 2701 4999 desideramus
2733 4941 3039 5009 all'ectibus,
3065 4942 3269 4997 dictum
3299 4952 3448 4997 tuum
3498 4959 3700 5013 propo-

2121 5033 2287 5088 situm
2322 5030 2374 5087 in
2400 5032 2633 5089 Domino
2662 5033 2951 5103 plurimum
2981 5036 3445 5102 commendantes,
3488 5038 3703 5108 tuisque

2122 5120 2457 5198 huiusmodi,
2482 5128 2572 5199 qui
2607 5128 2775 5199 etiam
2802 5127 3113 5197 praedictam
3156 5124 3434 5185 basilicam
3463 5130 3520 5187 in
3550 5147 3703 5187 coms

2122 5224 2372 5279 mendam
2406 5221 2641 5287 obtines,
2665 5237 2764 5290 pro
2787 5222 2955 5292 ipsius
2978 5222 3216 5278 basilica:
3233 5224 3507 5281 decoreiet
3522 5228 3701 5285 cultus

2122 5317 2362 5388 praedicti
2412 5317 2465 5371 in
2524 5332 2587 5372 ea
2621 5325 2911 5387 augmento
2955 5318 3167 5373 tlevmis
3200 5319 3699 5390 supplicationibus

2121 5411 2386 5476 inclinati,
2420 5410 2514 5465 tibi
2553 5409 2818 5482 capellam
2853 5410 3160 5481 praedictam
3190 5414 3513 5481 restaurari,
3537 5431 3697 5483 repa-

2119 5504 2224 5557 rari
2252 5502 2508 5566 faciendi,
2541 5501 2716 5569 libris,
2752 5503 3082 5574 paramentis
3121 5511 3175 5560 et
3195 5505 3530 5560 ornamentis
3560 5521 3701 5575 prte-

2114 5597 2273 5654 dictis
2331 5582 2610 5663 iniciendi,
2648 5613 2747 5653 nec
2790 5613 2898 5654 non
2933 5595 3232 5665 reditibus,
3282 5608 3341 5653 ut
3385 5598 3696 5670 prtefertur,

2115 5695 2182 5745 de
2220 5690 2382 5746 bonis
2429 5691 2535 5746 luis
2581 5692 2744 5746 etiam
2788 5707 2886 5761 per
2938 5689 3233 5749 Ecclesiam
3282 5694 3567 5762 acquisitis
3598 5694 3695 5749 do-

2123 5782 2293 5853 tandi,
2350 5782 2669 5839 auctoritate
2744 5781 3045 5853 apostolica
3102 5791 3291 5841 tenore
3341 5786 3693 5855 praise-utinm
