3970 6148
321 275 501 319 ιιινιι

325 383 639 440 facultatem
668 387 1072 456 concedimus;
1107 405 1170 444 ac
1193 402 1478 460 postquam
1519 390 1668 446 illam
1705 403 1916 447 restau-

327 477 438 531 rari
479 475 683 535 feceris
709 489 767 534 et
790 480 1087 547 dotaveris,
1119 491 1176 536 ut
1218 482 1525 552 pra-fertur,
1561 483 1655 538 tibi
1701 493 1750 537 et
1801 491 1919 551 post

330 577 385 624 te
408 569 629 628 nomine
669 582 782 640 tuo,
822 574 1004 630 abbati
1033 583 1087 630 et
1115 577 1284 646 priori
1322 575 1594 647 praediolis
1636 577 1688 629 in
1725 592 1919 645 perpe~

335 671 510 725 tuum,
575 665 659 719 νει
713 667 758 720 si
815 667 976 721 aliter
1023 677 1151 723 ante
1200 680 1429 724 mortem
1464 679 1610 723 tuam
1660 670 1919 739 disponas

325 755 818 824 j‘urispatronatas,
852 766 906 814 et
941 761 1303 829 przesentaudi
1348 775 1632 830 personam
1669 761 1916 813 idoneam

327 851 396 904 ad
427 851 634 904 dictam
687 852 948 922 capellam
1007 854 1109 909 hac
1140 855 1313 922 prima
1363 855 1481 911 vice
1525 866 1578 909 et
1605 855 1816 923 quoties
1868 855 1917 907 in

327 953 492 998 antea
525 944 676 1000 illam
704 960 898 1001 vacare
931 945 1242 1017 contigerit,
1293 949 1615 1018 presbytero
1653 947 1917 1001 cardinali

328 1036 490 1091 dicta:
524 1036 784 1095 Ecclesia:
813 1055 913 1111 pro
940 1052 1180 1111 tempore
1208 1043 1486 1096 exsistenti
1519 1039 1921 1096 dicta‘auetori-

329 1137 440 1182 tate
471 1144 846 1198 reservamus,
897 1133 1249 1188 decernentes
1296 1135 1556 1204 capellam
1602 1134 1772 1202 ipsam
1820 1133 1920 1186 sill)

330 1225 690 1281 invocatione
723 1225 1040 1282 eorutndem
1076 1228 1178 1283 SS.
1221 1228 1498 1283 Michaelis
1528 1227 1838 1299 archangeli
1866 1237 1919 1283 et

324 1315 561 1371 Joannis
603 1315 878 1387 Baptista,
899 1329 958 1374 et
980 1329 1183 1375 sancta:
1216 1320 1493 1389 Eugeniae,
1513 1320 1578 1373 de
1599 1301 1796 1374 ca-tero
1828 1333 1926 1372 no-

335 1411 536 1464 ininari
581 1411 798 1476 debere,
827 1411 954 1481 jure
1002 1421 1182 1468 tamen
1238 1413 1408 1484 ipsius
1450 1413 1686 1468 basilica:
1721 1412 1772 1467 in
1801 1428 1922 1468 oni-

331 1504 500 1557 uilius
531 1518 751 1576 semper
789 1506 962 1561 salvo.

408 1597 549 1653 Nulli
577 1615 705 1669 ergo
732 1601 960 1655 o-nnino
987 1600 1270 1655 hominum
1316 1599 1477 1655 liceat
1507 1599 1646 1654 hanc
1671 1599 1920 1668 paginam

333 1704 542 1746 nostrze
559 1693 954 1758 concessionis,
990 1693 1373 1748 reservatioois
1402 1703 1459 1746 et
1493 1691 1920 1752 constitutionis,

332 1784 659 1852 infringere,
693 1787 775 1840 vel
799 1789 849 1841 ei
878 1801 1018 1842 ausu
1048 1784 1346 1841 temerario
1379 1786 1677 1838 contraire.
1709 1784 1764 1837 Si
1801 1785 1923 1853 quis

325 1886 516 1932 autem
550 1875 654 1934 huc
674 1889 1004 1950 attemptare
1033 1882 1464 1950 praesumpserit,
1498 1877 1921 1946 indignationem

326 1972 725 2041 omnipotentis
755 1973 848 2028 Dei
873 1984 928 2029 et
961 1975 1242 2028 beatorum
1268 1973 1412 2028 Petri
1446 1983 1500 2027 et
1524 1970 1677 2026 Pauli
1707 1981 1926 2043 aposto-

326 2065 516 2119 lorum
546 2065 663 2135 ejus
689 2083 746 2121 se
773 2070 984 2122 noverit
1016 2071 1382 2124 incursurum.

414 2160 607 2215 Datum
646 2160 834 2218 Roma:
873 2165 1012 2232 apud
1070 2163 1128 2218 S.
1177 2164 1418 2226 l'etrmn,
1451 2179 1598 2219 anno
1653 2164 1922 2218 inearnat.

333 2256 559 2311 Doinin.
597 2255 759 2322 “65,
797 2258 974 2326 pridie
1015 2257 1126 2313 kal.
1159 2257 1308 2324 laii,
1358 2257 1708 2329 pontificatus
1753 2257 1924 2310 nostri

327 2367 482 2408 anno
515 2367 566 2408 Vo

1095 2466 1181 2528 ΠΙ

333 2585 634 2661 Dispositio
686 2593 1084 2663 testamentariis
1131 2608 1235 2663 qua
1267 2590 1413 2663 card.
1446 2587 1757 2663 [ignotiora
1779 2587 1928 2663 coria

409 2655 512 2716 sim
542 2665 676 2717 borea
701 2665 900 2718 sacello
935 2663 997 2718 S.
1039 2655 1287 2732 Eng'rnirr
1316 2663 1369 2714 in
1389 2661 1611 2714 basilica
1640 2655 1757 2732 ΧΗ
1785 2661 1923 2732 Αροέ

409 2735 675 2818 statarii-in
713 2739 902 2800 donat,
929 2750 992 2788 ac
1022 2734 1076 2788 in
1124 2730 1186 2787 eo
1232 2740 1624 2788 monumentum
1656 2731 1758 2785 sibi
1804 2730 1928 2800 poni

411 2815 673 2876 praecipit.

411 2923 473 2979 in
528 2923 749 2980 nomine
805 2922 1042 2978 Domini.
1089 2922 1286 2978 Anien.
1351 2921 1510 2977 Anno
1557 2935 1586 2974 a
1645 2917 1931 2974 nativitate

330 3017 587 3090 ejusdem
644 3016 936 3073 millesimo
997 3014 1536 3085 quadringentesimo
1586 3008 1930 3080 sexagesimo

333 3123 564 3185 quarto,
623 3110 817 3166 indict.
873 3125 971 3173 an,
1017 3109 1110 3164 die
1157 3124 1286 3162 vero
1341 3103 1567 3160 Veneris
1601 3103 1665 3158 l1
1727 3100 1930 3157 mensis

338 3206 654 3272 Februarii,
694 3202 1039 3277 pontificatus
1073 3202 1186 3258 sini
1225 3200 1386 3272 135
1416 3201 1466 3253 in
1497 3197 1718 3254 Christo
1747 3196 1925 3252 Patris

333 3312 397 3360 et
423 3301 631 3357 domini
667 3296 835 3354 nostri
863 3296 924 3350 D.
957 3296 1060 3364 Pii,
1107 3297 1289 3350 divina
1319 3292 1656 3365 providentia
1705 3306 1857 3363 papre
1884 3287 1929 3343 ii

335 3411 490 3452 anno
524 3404 699 3458 sexto,
734 3392 786 3448 in
810 3391 912 3447 mei
941 3391 1136 3446 notarii
1164 3389 1364 3459 publici
1396 3389 1730 3454 testiumque
1759 3385 1927 3439 infra-

335 3490 696 3562 scriptorum,
723 3486 790 3539 ad
819 3485 919 3540 hoc
946 3483 1260 3555 specialiter
1285 3488 1603 3537 vocatorum
1636 3488 1683 3534 et
1715 3489 1932 3549 rogato-

337 3599 498 3650 rum,
530 3579 838 3654 praesentia,
873 3577 1239 3651 personaliter
1279 3577 1610 3632 constitutus
1654 3575 1826 3630 limus
1874 3575 1928 3628 in

336 3677 574 3735 Christo
616 3675 779 3731 Pater
824 3683 891 3737 et
924 3673 1064 3729 duos
1111 3671 1172 3726 ι).
1207 3670 1520 3741 Bessarion,
1562 3669 1931 3724 'niiseratione

334 3775 530 3829 divina
557 3770 848 3842 episcopus
877 3767 1218 3823 Tusculanus
1262 3773 1316 3821 et
1368 3765 1629 3820 Romana:
1675 3763 1932 3819 Ecclesiae

334 3866 667 3929 cardinalis,
690 3863 1004 3934 patriarcha
1034 3860 1696 3930 Constantinopolitantis,
1716 3869 1771 3913 et
1804 3874 1934 3928 apo-

334 3964 553 4021 stolicae
583 3960 730 4017 sedis
765 3960 969 4031 legalus
1002 3960 1066 4012 de
1095 3957 1289 4022 latere,
1322 3971 1489 4010 sanus
1513 3945 1568 4010 et
1595 3964 1787 4022 potens
1811 3968 1931 4008 eor-

337 4073 474 4130 pore
497 4065 554 4110 et
591 4064 793 4120 mente,
823 4051 1009 4108 volens
1044 4065 1284 4121 quoque,
1335 4057 1394 4103 ut
1441 4050 1697 4113 asseruit,
1740 4050 1807 4101 de
1841 4064 1930 4102 Cn-

337 4150 483 4220 pclla
532 4157 811 4220 perpetua,
879 4161 1039 4216 quain
1089 4144 1223 4199 alias
1266 4159 1333 4198 ex
1395 4140 1651 4196 facultate
1681 4139 1784 4196 sibi
1840 4157 1934 4211 per

335 4242 630 4315 praefatum
679 4241 954 4296 dominum
1003 4248 1254 4295 nostrum
1283 4253 1544 4291 Concessa
1579 4235 1820 4290 fundavit
1879 4236 1932 4290 in

336 4335 585 4394 ecclesia
637 4333 738 4390 SS.
790 4333 1170 4403 Apostolorum
1206 4331 1275 4387 de
1324 4329 1486 4394 Urbe,
1520 4332 1622 4387 Sttb
1669 4328 1932 4383 vocabulo

335 4444 442 4484 seu
490 4426 839 4483 invocatione
873 4423 974 4479 BD.
1005 4423 1286 4478 Michaelis
1336 4422 1675 4492 archangeli,
1711 4420 1935 4475 Joannis

338 4522 609 4593 Baptista:
666 4529 724 4578 et
780 4522 838 4576 S.
892 4519 1168 4592 Eugeniae,
1204 4527 1258 4574 et
1303 4521 1448 4573 circa
1485 4517 1629 4571 illam
1669 4532 1791 4586 qua:
1823 4532 1933 4571 sua:

339 4617 646 4690 volpntatis
701 4614 942 4687 suggerit
1004 4613 1254 4675 allectus,
1301 4612 1475 4668 donec
1539 4611 1591 4665 in
1655 4609 1936 4679 corporeis

340 4712 610 4780 membris
642 4711 796 4781 quies
823 4709 968 4780 viget
998 4720 1054 4765 et
1101 4708 1243 4764 ratio
1297 4711 1536 4762 mentem
1588 4705 1748 4776 regit,
1786 4706 1935 4761 salu-

342 4803 525 4860 briter
557 4802 856 4872 providere,
909 4800 1167 4856 ordinare
1218 4808 1274 4853 et
1328 4800 1624 4869 diSponere
1666 4798 1846 4853 omnia
1883 4809 1938 4852 et

341 4896 558 4968 singula
600 4898 656 4951 in
691 4895 830 4951 infra
880 4895 1123 4950 seriatint
1157 4895 1378 4950 insertis
1422 4893 1697 4962 capitulis,
1731 4902 1932 4963 sponte

341 5007 412 5046 ac
463 4990 634 5046 libere
684 4989 975 5058 ordinavit,
1018 4988 1326 5059 disposuit,
1379 4987 1632 5052 instituit,
1666 4987 1936 5053 donavit,

342 5083 564 5139 dimisit
614 5091 777 5151 alone
815 5081 964 5146 fecit,
999 5093 1156 5152 prout
1197 5083 1249 5136 in
1287 5082 1489 5137 eisdem
1519 5081 1774 5149 capitulis
1829 5082 1938 5134 alta

343 5189 396 5234 et
425 5175 757 5247 intelligibili
796 5190 929 5230 voce
977 5191 1070 5244 per
1099 5174 1520 5230 dominationem
1558 5189 1710 5227 suam
1746 5173 1939 5229 limam

343 5256 538 5328 coram
581 5286 668 5325 uie
695 5270 911 5326 notario
949 5279 1005 5324 et
1046 5271 1276 5326 testibus
1326 5267 1713 5338 infrascriptis,
1764 5267 1940 5335 lectis,

342 5380 581 5440 quorum
620 5372 776 5419 tenor
795 5363 860 5417 de
892 5364 1058 5418 verbo
1091 5363 1159 5418 ad
1194 5363 1415 5418 verbum
1454 5362 1572 5417 talis
1604 5373 1681 5416 est
1715 5375 1728 5414 :

412 5474 447 5532 _C
494 5452 773 5527 inprimis
802 5455 1026 5510 instituo
1076 5457 1128 5509 in
1161 5457 1472 5526 capellanos
1515 5455 1733 5521 capolim
1787 5470 1942 5517 meze,

349 5567 370 5600 ι
421 5547 474 5602 in
512 5559 836 5619 perpetuum
872 5547 1106 5603 fundata:
1135 5549 1236 5604 sub
1255 5549 1514 5603 vocabulo
1545 5546 1647 5602 BB.
1671 5548 1946 5604 Michaelis

349 5663 372 5696 ι
422 5643 779 5710 archangeli,
843 5641 1072 5697 Joannis
1125 5642 1378 5712 Baptista:
1434 5659 1495 5696 ac
1553 5640 1613 5697 S.
1668 5643 1940 5713 Eugeniae,

357 5758 378 5792 ι
430 5737 553 5792 εἵως
594 5740 648 5793 in
681 5737 917 5792 ecclesia
961 5733 1070 5791 SS.
1114 5737 1494 5807 ApOstolotum
1521 5739 1588 5790 de
1615 5734 1781 5801 Urbe,
1819 5739 1946 5789 teli-

354 5853 372 5892 t
419 5832 602 5905 giosos
636 5832 781 5892 viros
809 5833 1010 5889 fratres
1030 5843 1082 5888 et
1112 5831 1432 5889 Lomentum
1465 5829 1670 5887 ordinis
1692 5831 1748 5886 S.
1781 5829 1949 5884 l’ran-

1026 270 1328 336 ALOYSll
1369 271 1724 335 BANDlNii
1765 270 2404 334 COMMENTARiUS.
2469 293 2518 306 -
2558 255 2964 331 APPBNDIX.

3404 275 3605 321 ικιτιιι

2034 406 2051 440 ι
2099 390 2228 443 risci
2261 389 2314 443 in
2339 389 2528 443 eadem
2558 387 2785 443 ecclesia
2834 387 2936 441 SS.
2985 385 3359 454 Apostolorum
3393 385 3608 440 inhabi-

2031 503 2048 534 ι
2101 494 2311 548 tantes,
2380 497 2708 552 quacunque
2775 482 3120 536 ordinatione
3173 496 3268 550 per
3322 494 3420 533 nos
3473 480 3611 533 Ilias

2031 596 2050 628 ‹
2100 593 2260 644 super
2287 577 2409 632 inde
2439 577 2579 631 facta
2613 594 2720 631 non
2754 576 3039 639 obstante;
3093 587 3144 628 et
3181 574 3374 629 ordino
3407 590 3468 627 ae
3496 573 3614 628 dis-

2033 689 2051 722 ι
2099 686 2238 738 pono
2291 681 2349 726 tit
2398 671 2450 724 in
2492 672 2681 724 eadem
2719 670 2922 740 capel'a
2972 670 3165 723 faciant
3206 669 3333 722 dicti
3367 667 3609 735 prtedieti

2031 779 2050 814 ι
2102 762 2300 816 fratres
2335 762 2482 816 omni
2511 762 2600 818 die
2638 779 2800 816 unam
2835 764 3079 826 missam,
3104 761 3296 815 diebus
3336 759 3610 822 Mercurii,

2031 875 2050 907 ι
2101 855 2328 911 Veneris
2356 866 2410 909 et
2443 856 2687 920 Sabbati,
2719 857 2936 909 missam
2968 871 3064 924 pro
3084 853 3374 915 defunctis,
3429 852 3611 905 Dnnti-

2033 969 2050 1002 ι
2099 951 2215 1006 nica
2279 966 2406 1005 vero
2444 949 2534 1004 die
2583 950 2803 1003 missam
2852 957 3200 1013 currentem;
3257 946 3346 1000 die
3401 943 3609 1002 Lunm.

2033 1062 2052 1094 ι
2096 1041 2154 1097 8.
2191 1043 2420 1112 Angeli;
2489 1045 2572 1096 die
2609 1043 2813 1107 Martis,
2850 1042 2910 1096 S.
2951 1036 3176 1096 JOannis
3213 1039 3493 1108 Baptism;
3521 1037 3609 1091 ditt

2034 1152 2052 1185 ι
2099 1133 2267 1200 lovis,
2296 1133 2353 1188 S.
2383 1132 2689 1197 Trinitatis,
2733 1148 2855 1188 cum
2886 1131 3108 1185 collecta
3144 1132 3195 1184 in
3239 1130 3478 1198 qualibet
3512 1143 3610 1196 pro

2033 1244 2053 1280 ι
2099 1226 2389 1294 defunctis,
2425 1226 2710 1282 referendo
2746 1243 2842 1295 pro
2875 1227 3013 1281 vivis
3045 1241 3238 1279 nomen
3280 1239 3481 1284 meum,
3510 1238 3607 1292 pro

2038 1337 2055 1370 ι
2107 1321 2332 1374 momnis
2369 1331 2489 1390 post
2543 1333 2771 1376 mortem
2824 1337 3018 1376 numen
3065 1334 3239 1373 meum
3271 1357 3285 1383 ,
3324 1315 3511 1372 Isidnri
3560 1325 3614 1370 ct

2036 1431 2056 1465 ς
2104 1414 2358 1469 Dorothci
2389 1413 2812 1485 episcOporum;
2864 1418 2988 1468 item
3024 1413 3295 1466 Theodori
3340 1423 3395 1465 et
3438 1409 3615 1464 Theo-

2031 1526 2052 1560 ι
2103 1509 2267 1574 done,
2297 1519 2347 1566 et
2380 1509 2676 1573 Michaelis,
2713 1525 2774 1563 ac
2802 1509 3030 1564 aliorum
3058 1522 3195 1576 quos
3226 1508 3275 1559 iu
3309 1505 3614 1560 intentimic

2036 1621 2052 1652 r
2102 1619 2216 1658 inea
2249 1604 2440 1657 habeo.
2462 1602 2518 1657 Si
2543 1611 2721 1657 tamen
2755 1618 2886 1657 casu
2921 1605 3101 1672 aliquo
3132 1602 3331 1657 fratres
3362 1597 3608 1670 praedicti

2039 1717 2057 1749 ‹
2101 1713 2128 1749 a
2165 1697 2280 1752 loco
2328 1697 2597 1765 praedices.
2641 1697 2885 1752 ecclesia:
2924 1696 3268 1757 recederent,
3305 1705 3358 1749 et
3383 1689 3612 1748 ecclesia

2037 1812 2056 1844 ‹
2107 1793 2154 1845 ἰιι
2193 1794 2479 1860 pristinum
2515 1805 2716 1848 statum
2751 1793 2974 1847 reducta
3015 1790 3203 1855 fuerit,
3239 1801 3366 1844 tono
3409 1787 3529 1840 volo
3559 1798 3616 1841 et

2037 1902 2057 1936 ι
2105 1884 2298 1938 ordino
2340 1895 2396 1938 ιιι
2444 1885 2537 1955 jus
2572 1884 2803 1952 eligendi
2842 1885 2920 1936 vel
2945 1899 3109 1935 unum
3144 1890 3350 1934 tantum
3379 1877 3616 1948 capi-lla-

2039 1999 2056 2032 ι
2108 1997 2256 2042 Ιιιιιιι,
2296 1979 2340 2058 si
2401 1981 2606 2034 reditus
2647 1978 2819 2049 ipsius
2867 1978 3086 2047 capella:
3134 1977 3354 2044 triginta
3386 1973 3616 2029 ducatos

2039 2091 2058 2125 ι
2105 2073 2222 2127 auri
2246 2073 2312 2128 de
2337 2088 2552 2128 camera
2605 2089 2714 2127 non
2746 2081 3119 2138 exeeSserint,
3152 2070 3235 2124 vel
3266 2069 3420 2130 duos,
3451 2066 3497 2120 si
3547 2065 3615 2119 ad

2039 2187 2058 2220 ι
2104 2167 2382 2237 semginta
2417 2168 2735 2231 ascendant,
2781 2175 3059 2220 remaneat
3085 2162 3262 2218 abbati
3297 2160 3356 2216 S.
3383 2157 3534 2215 Pauli
3561 2169 3620 2213 et

2042 2283 2060 2314 ι
2109 2263 2272 2332 priori
2323 2262 2383 2318 Β.
2437 2261 2623 2317 Maria:
2675 2261 2745 2316 de
2793 2260 3016 2330 Populo,
3049 2258 3505 2313 monasteriorum
3551 2255 3620 2310 de

2041 2377 2059 2408 ι
2110 2358 2269 2423 Urbe,
2299 2358 2389 2425 qui
2419 2358 2604 2413 dicant
2651 2357 2894 2426 quinque
2944 2355 3143 2410 missas
3186 2353 3238 2406 in
3272 2351 3513 2421 Qualibet
3537 2365 3621 2406 se-

2042 2473 2061 2506 i
2108 2453 2386 2522 ptimana,
2431 2459 2541 2506 tres
2587 2467 2686 2518 pro
2742 2449 3013 2505 defunctis
3066 2458 3121 2504 et
3167 2447 3327 2518 136
3371 2449 3504 2501 duas
3549 2445 3621 2501 de

2044 2565 2062 2596 ι
2109 2546 2337 2611 sanctis,
2371 2546 2623 2601 videlicet
2655 2546 2721 2598 de
2765 2543 2827 2599 S.
2869 2542 3197 2614 arehangelo
3227 2553 3282 2596 et
3322 2541 3381 2596 S.
3411 2539 3624 2596 Joanne

2044 2661 2060 2693 ι
2112 2642 2374 2713 Baptista,
2403 2651 2455 2694 nt
2482 2639 2734 2709 superius
2761 2640 3073 2693 ordinatum
3104 2646 3208 2692 est.
3237 2634 3369 2691 item
3415 2635 3537 2689 volo
3567 2642 3624 2689 et

2043 2757 2062 2789 ι
2108 2727 2304 2791 erdino
2330 2747 2386 2789 ut
2421 2734 2651 2806 singulis
2679 2736 2862 2799 annis,
2888 2734 3099 2787 decima
3130 2733 3219 2787 die
3255 2731 3456 2786 mensis
3482 2730 3621 2798 Sep-

2043 2851 2062 2884 t
2111 2830 2355 2895 tenibris,
2380 2827 2627 2900 praedicti
2663 2825 2858 2881 fratres
2885 2836 3112 2881 cantent
3138 2824 3352 2898 vigiliis
3375 2835 3620 2879 mortuo-

2044 2942 2064 2975 ι
2109 2938 2230 2978 rum
2273 2932 2328 2977 et
2373 2921 2595 2975 missam
2644 2919 2943 2974 solemnem
2999 2935 3098 2990 pro
3147 2916 3423 2974 defunctis
3478 2915 3617 2970 meis

2043 3037 2062 3070 ι
2111 3015 2549 3086 prtenominatis,
2581 3011 2664 3066 vel
2690 3011 2957 3082 capellani
2991 3011 3346 3068 stecnlaresin
3371 3009 3626 3066 absentia-

2042 3130 2062 3162 ι
2114 3109 2338 3164 fratrum
2366 3107 2550 3162 dicant
2575 3113 2745 3161 totum
2785 3104 3022 3161 oﬂicium
3050 3103 3298 3175 legendo.
3336 3103 3470 3158 item
3501 3102 3625 3157 volo

2043 3225 2062 3257 ‹
2111 3215 2168 3259 ιιι
2203 3207 2320 3258 dure
2351 3206 2524 3257 vinea:
2556 3216 2694 3272 quas
2722 3199 3049 3257 donavimus
3102 3199 3324 3270 capella:
3357 3197 3627 3268 prmdiotze

2045 3318 2064 3349 ι
2114 3314 2208 3367 pro
2239 3297 2362 3353 dote
2396 3313 2518 3360 sua,
2553 3297 2863 3352 vendantur
2887 3296 3006 3364 plus
3037 3293 3312 3367 offerenti,
3337 3301 3393 3347 et
3418 3293 3622 3348 eisdem

2044 3411 2064 3445 ι
2111 3391 2355 3462 pecuniis
2386 3402 2638 3446 eniantur
2679 3405 2776 3461 pro
2815 3387 2944 3443 dote
2984 3388 3228 3460 ejusdem
3279 3386 3521 3458 capellis,
3569 3386 3624 3442 in

2045 3507 2062 3537 ι
2107 3485 2242 3540 locis
2271 3483 2448 3549 bonis,
2476 3482 2660 3538 liberis
2692 3493 2743 3536 et
2776 3464 2999 3536 utilibus
3026 3523 3042 3548 ,
3091 3483 3482 3550 responsiones
3513 3477 3622 3532 vini

2047 3601 2066 3632 ‹
2112 3580 2413 3636 secundum
2449 3577 2905 3634 consuetudinem
2945 3590 3064 3646 quae
3097 3573 3214 3630 fieri
3247 3573 3384 3629 solet
3414 3572 3622 3627 llonne.

2045 3693 2065 3727 ι
2109 3673 2366 3730 Concedo
2412 3681 2593 3727 autem
2639 3671 2856 3740 plenam
2920 3667 3236 3723 facultatem
3289 3674 3343 3721 et
3400 3664 3623 3720 liberam

2045 3787 2064 3822 ι
2114 3766 2384 3823 vendendi
2417 3766 2605 3821 vineas
2634 3763 2925 3836 prasdictas
2959 3763 3093 3817 liev.
3129 3760 3272 3816 Patri
3327 3759 3391 3813 D.
3432 3758 3626 3814 Joanni

2051 3880 2069 3914 ι
2119 3861 2277 3929 Bapt.
2305 3861 2373 3913 de
2421 3857 2675 3922 Sabellis,
2709 3849 3020 3926 apostolica:
3052 3854 3200 3910 sedis
3230 3850 3624 3923 protonotario,

2047 3974 2066 4007 ι
2111 3971 2173 4009 ae
2213 3954 2274 4009 D.
2304 3951 2598 4005 Laurentio
2647 3950 2714 4005 de
2755 3947 3018 4012 Venetiis,
3046 3947 3311 4003 canonico
3360 3944 3629 4013 Principis

2049 4069 2068 4101 ς
2114 4048 2490 4121 apostolorum
2526 4046 2594 4102 de
2622 4043 2791 4109 Urbe,
2822 4053 2878 4099 et
2911 4043 2972 4098 D.
3005 4043 3248 4097 Simeoni
3280 4041 3345 4096 de
3381 4040 3630 4103 Pellinis,

2046 4163 2065 4196 ι
2115 4143 2343 4198 auditori
2388 4150 2602 4206 nostro,
2658 4140 2999 4197 subdiacono
3028 4137 3351 4207 apostolico,
3385 4146 3439 4190 et
3470 4135 3629 4190 Petro

2049 4256 2067 4289 ι
2114 4241 2178 4292 de
2201 4235 2406 4292 Rubeis
2435 4236 2504 4292 de
2530 4232 2792 4302 Velletro,
2807 4233 2888 4289 vel
2907 4231 3098 4302 majori
3127 4231 3263 4301 parti
3286 4227 3624 4293 eorumdem,

2050 4352 2065 4386 ι
2114 4331 2207 4402 qui
2236 4334 2509 4402 depOnant
2539 4330 2800 4399 pecunias
2847 4329 3132 4402 praedictas
3163 4327 3214 4381 in
3244 4325 3424 4394 aliquo
3453 4322 3630 4378 banro

2049 4444 2068 4478 ι
2115 4441 2308 4481 securo
2357 4428 2448 4481 ubi
2504 4422 2910 4491 custodiantur,
2935 4437 3038 4479 nec
3091 4422 3288 4492 aliquis
3313 4435 3408 4476 eas
3441 4427 3630 4488 tangat

2050 4537 2070 4570 ι
2114 4519 2288 4574 donec
2340 4529 2591 4575 curantur
2637 4518 3026 4590 responsiones
3071 4517 3364 4589 priedictre.
3416 4513 3522 4569 Sed
3561 4527 3631 4566 ne

2050 4633 2069 4667 ι
2116 4613 2208 4669 diu
2241 4614 2446 4683 eapclla
2476 4621 2584 4668 stet
2622 4614 2743 4668 sine
2779 4611 2955 4669 fructu
2988 4612 3131 4667 dotis
3181 4625 3314 4678 sine,
3345 4616 3634 4668 conentur,

2050 4728 2069 4761 ι
2116 4708 2160 4762 si
2196 4707 2451 4776 possibile
2483 4708 2666 4774 fuerit,
2693 4709 2854 4763 simul
2888 4717 2942 4764 et
2973 4706 3142 4762 semel
3193 4705 3300 4761 hoc
3326 4704 3536 4770 facere,
3579 4711 3637 4757 et

2051 4823 2070 4856 ι
2119 4804 2354 4859 vendere
2392 4804 2577 4860 vineas
2609 4813 2665 4859 et
2687 4818 2875 4858 emere
2908 4802 3316 4874 responsiones.

2124 4917 2141 4949 ι
2192 4897 2324 4951 Item
2363 4897 2506 4953 dono
2531 4914 2593 4954 ex
2640 4914 2786 4954 nunc
2821 4899 2873 4951 in
2904 4906 3224 4967 perpetuum
3258 4895 3477 4967 capella:
3498 4910 3637 4964 pne-

2055 5006 2072 5040 ι
2120 4988 2277 5043 dictae
2304 4999 2616 5058 paramenta
2641 4998 2696 5043 et
2729 4989 2927 5058 jocalia
2959 4988 3592 5060 infrascripta,videlicet
3620 5004 3635 5042 :

2054 5101 2072 5135 ι
2121 5098 2288 5137 unum
2332 5093 2706 5152 paramentum
2743 5099 2840 5152 pro
2879 5082 3197 5153 quotidiana
3259 5085 3485 5139 servitio
3539 5098 3636 5138 co-

2055 5197 2074 5230 ι
2124 5177 2256 5233 loris
2281 5177 2388 5232 albi
2407 5185 2475 5232 de
2501 5181 2672 5248 drapo
2707 5179 3061 5244 damaseino;
3089 5177 3232 5232 aliud
3263 5177 3464 5233 coloris
3487 5177 3633 5250 bysei

2056 5291 2076 5325 ι
2123 5272 2378 5327 similiter
2408 5274 2472 5327 de
2505 5271 2825 5328 damascino
2856 5274 3039 5342 plano,
3073 5283 3126 5328 et
3159 5273 3348 5339 stolas,
3369 5270 3643 5341 manipula

2061 5382 2080 5415 ‹
2124 5373 2173 5417 el
2203 5364 2436 5419 camises
2463 5380 2478 5428 ;
2511 5363 2644 5419 item
2673 5363 2934 5433 plum-alia
2968 5363 3089 5430 tria,
3126 5360 3398 5426 videlicet,
3431 5359 3638 5418 album.

2065 5475 2086 5509 ι
2133 5457 2420 5512 brocatnm
2453 5455 2522 5512 de
2558 5472 2713 5521 auro,
2757 5465 2812 5509 ct
2843 5455 2985 5511 aliud
3021 5455 3409 5525 pavonatzium
3454 5455 3518 5508 de
3546 5452 3646 5506 da-

2060 5568 2081 5604 ι
2126 5549 2370 5605 masciuo
2399 5548 2628 5617 simplici
2670 5565 2793 5603 eum
2828 5552 2997 5604 armis
3029 5550 3186 5613 meis,
3208 5557 3388 5617 empta
3424 5547 3493 5600 ab
3535 5547 3645 5600 ha:-

2063 5660 2084 5697 ι
2132 5642 2365 5697 reditate
2397 5640 2528 5696 bon.
2560 5657 2727 5698 mem.
2747 5639 2871 5695 limi
2902 5640 3002 5696 Dni
3030 5642 3181 5696 card.
3210 5645 3274 5696 de
3307 5640 3608 5708 Coluinpna
3627 5648 3646 5706 ;

2062 5754 2082 5788 ι
2128 5747 2182 5791 et
2212 5737 2482 5804 quoddam
2516 5735 2661 5790 aliud
2696 5738 2908 5805 nigrum
2945 5737 3012 5791 de
3045 5737 3378 5800 dainascino,
3400 5743 3644 5802 emptum

2067 5849 2084 5884 ι
2131 5832 2195 5886 ab
2220 5829 2539 5886 hzereditate
2577 5828 2700 5885 [inti
2739 5829 2837 5886 Dni
2887 5829 3177 5886 enrdinalis
3212 5828 3446 5884 llalheni
3492 5830 3643 5883 bonae
