3972 6164
367 259 533 302 lu“
1181 246 1279 314 DE
1321 245 1502 310 VITA
1544 246 1641 308 ET
1681 245 1934 309 REBUS
1974 241 2244 306 GESTIS
2282 242 2798 324 BESSARIONIS
2923 283 2928 288 -
3488 254 3633 297 un.

367 379 393 413 ο
441 375 631 428 mem.;
671 359 852 416 omnia
893 374 1016 416 cum
1057 360 1296 430 pulchris
1347 360 1722 431 frigiispitem
1777 373 1941 414 unum
2054 378 2074 411 ‹
2120 363 2311 414 contra
2349 357 2543 424 altane,
2581 359 2902 426 depingatur
2954 357 3217 414 Dominus
3254 368 3438 438 noster
3467 359 3626 418 Jcsua

368 473 389 506 s
438 455 706 524 planetam
747 456 813 508 de
848 454 1165 510 damaselno
1216 455 1573 524 pavonatzio,
1602 461 1838 523 emptam
1873 467 1942 508 ex
2049 470 2070 504 ι
2119 452 2318 508 sedens
2350 453 2404 506 in
2429 454 2576 518 sede,
2615 456 2709 508 cui
2751 454 3020 510 assistant
3062 453 3122 509 Β.
3151 456 3336 524 Virgo,
3367 454 3628 523 SAexe-

367 566 390 599 ι
434 547 690 615 ρτπιιίοιε
718 546 1033 601 haereditate
1072 546 1169 601 Dni
1208 551 1356 604 card.
1397 547 1459 602 de
1487 545 1786 616 Columpua
1820 560 1941 601 cum
2049 563 2067 596 ε
2115 543 2220 610 lus,
2246 541 2568 600 S.Juannes
2602 543 2846 616 Baptista
2882 555 2936 602 et
2977 546 3032 600 S.
3074 545 3337 616 Eugenia,
3363 555 3417 602 et
3449 546 3625 615 imago

370 659 388 691 ι
437 639 598 710 [τίετο
637 640 701 694 tle
734 639 883 694 foleis
910 641 1092 694 aureis
1124 640 1444 704 rf‘cnltmlls;
1477 640 1604 693 item
1637 639 1861 693 calicem
1889 643 1944 692 et
2047 653 2068 688 ‹
2117 652 2239 693 mea
2289 635 2571 708 genuﬂexa
2622 651 2751 694 ante
2804 640 2968 710 pedes
2996 639 3224 706 Christi,
3273 649 3326 695 et
3373 641 3474 696 sub
3539 654 3648 707 me,

369 751 387 785 ι
437 743 711 801 patenam,
764 733 900 787 duas
936 733 1202 802 ampullas
1239 741 1546 802 argenteas,
1586 746 1723 800 quas
1761 741 1945 800 porta-
2049 753 2070 788 ι
2115 750 2265 789 arma
2293 751 2448 802 mea;
2479 736 2628 802 item,
2662 737 2784 794 istis
2821 737 2985 794 factis
3009 738 3132 795 volo
3166 745 3228 793 ut
3253 738 3546 806 adsptetur
3572 746 3624 791 et

369 842 390 877 ι
435 825 617 881 vimus
651 825 718 879 de
748 824 955 880 Vienna
980 840 996 888 ;
1025 825 1153 878 item
1179 826 1245 879 de
1276 822 1486 878 duobus
1511 825 1664 877 novis
1681 822 1942 877 calicibus
2047 845 2068 880 r
2114 828 2434 898 suppleatur
2462 829 2510 884 si
2545 827 2678 901 quid
2697 830 2880 885 deficit
2911 829 2962 884 in
2993 831 3304 898 pavimento
3330 831 3474 884 inter
3493 845 3630 886 can-

368 936 388 971 ι
436 934 573 988 quos
610 917 736 973 fecit
769 933 914 972 nunc
963 918 1094 972 mihi
1124 917 1385 990 magister
1427 917 1649 971 Simeon
1707 915 1940 980 aurifex,
2046 939 2067 975 ι
2112 921 2313 988 culos;
2369 921 2500 977 item
2531 931 2805 992 ponantur
2841 923 2894 977 tn
2929 925 3168 979 canceuo
3190 925 3494 994 εοιυιηρηω
3542 921 3623 976 at-

370 1031 390 1066 ε
438 1029 604 1067 unum
633 1029 754 1067 cum
789 1023 980 1081 patena
1012 1028 1108 1066 sua
1138 1028 1153 1077 ;
1197 1014 1322 1066 item
1367 1025 1582 1064 crucem
1627 1023 1786 1062 unam
1821 1021 1943 1076 quae
2047 1031 2067 1066 ι
2113 1015 2302 1080 tiores,
2331 1015 2672 1084 pulchriores
2697 1024 2753 1071 et
2779 1018 3038 1086 aequales,
3061 1025 3116 1073 et
3145 1019 3292 1072 trabs
3321 1031 3626 1071 marmorea

367 1123 388 1158 ι
437 1116 565 1160 ante
599 1121 682 1160 me
710 1105 988 1160 ferebatur
1023 1106 1075 1158 in
1110 1104 1492 1174 legationibus,
1525 1102 1720 1157 factam
1762 1100 1944 1156 Booo-
2049 1125 2068 1160 ι
2115 1107 2343 1176 pulchra
2392 1123 2560 1178 super
2593 1108 2936 1177 columpnis,
2984 1110 3113 1164 item
3147 1118 3436 1178 parapecta
3479 1124 3625 1161 mar-

369 1218 390 1254 ι
435 1201 581 1264 nim;
620 1199 748 1253 item
807 1203 994 1253 thecas
1031 1195 1390 1267 corporalium
1419 1196 1574 1258 duas,
1603 1209 1706 1248 una
1745 1193 1800 1247 in
1833 1206 1941 1264 qua
2050 1216 2072 1251 ‹
2118 1215 2302 1256 morea
2350 1211 2618 1256 ornentur
2651 1200 2814 1272 138
2854 1201 3085 1269 melius;
3143 1200 3337 1254 deinde
3385 1199 3619 1268 spatium

369 1312 390 1345 ι
434 1305 520 1348 est
560 1309 759 1349 nomen
808 1291 932 1347 Jesu
984 1306 1106 1348 eum
1161 1289 1349 1359 perlis.
1385 1297 1442 1343 et
1471 1304 1635 1342 unam
1680 1287 1838 1341 aliam
1871 1283 1960 1342 de
2047 1311 2069 1346 ς
2116 1306 2344 1347 vacuum
2397 1293 2542 1348 inter
2590 1302 2882 1364 parapecta
2939 1303 2992 1350 et
3035 1295 3241 1349 trabem
3287 1293 3620 1360 superiorem

367 1408 390 1439 ε
436 1387 616 1442 veluto
651 1389 818 1441 rubeo
849 1402 968 1439 cum
1004 1383 1378 1454 corporalibus
1411 1383 1562 1445 suis;
1595 1381 1722 1436 item
1753 1394 1943 1451 super-
2048 1404 2068 1438 ε
2115 1387 2405 1442 claudatur
2431 1388 2671 1444 cratibus
2704 1387 2898 1444 [εει-είς
2930 1403 3051 1457 qua
3091 1388 3143 1442 in
3186 1389 3500 1443 summitate
3529 1389 3625 1440 ha-
3663 1440 3666 1442 γ

369 1501 389 1538 ι
437 1481 659 1552 pelticea
717 1490 983 1548 quatuor;
1032 1478 1159 1532 item
1221 1477 1286 1531 de
1346 1475 1657 1545 panniculis
1700 1474 1944 1544 pulchris
2053 1498 2070 1530 ι
2120 1480 2282 1535 beant
2312 1481 2462 1545 folia,
2497 1481 2639 1537 sicut
2684 1481 2860 1537 solent
2901 1481 3041 1549 fieri,
3072 1491 3127 1536 et
3171 1482 3332 1536 sicuti
3368 1483 3420 1536 in
3459 1481 3617 1537 altari

368 1593 390 1627 ε
435 1575 648 1628 ornatis
681 1577 857 1628 serico
888 1588 984 1640 pro
1021 1570 1381 1641 couperiendo
1414 1569 1582 1624 calice
1616 1568 1786 1633 duos;
1809 1567 1938 1621 item
2047 1587 2068 1622 ι
2117 1569 2173 1625 S.
2214 1571 2380 1638 Petri,
2404 1586 2524 1640 qum
2571 1572 2841 1644 attingant
2872 1574 3080 1629 trabem
3121 1575 3452 1644 superiorem
3477 1613 3492 1636 ,
3544 1574 3616 1626 ita

367 1688 388 1722 ι
435 1668 679 1723 tobalcas
733 1667 968 1736 majores
1007 1664 1075 1719 ad
1121 1663 1537 1731 cooperiendunt
1573 1661 1745 1716 altare
1783 1658 1942 1731 137
2052 1682 2072 1717 ι
2121 1673 2180 1719 ut
2206 1665 2389 1722 nullus
2413 1665 2583 1734 possit
2635 1666 2743 1722 illic
2808 1666 3036 1721 intrare.
3090 1664 3210 1720 Fiat
3262 1665 3425 1720 ctiam
3469 1677 3621 1734 porta

367 1783 387 1817 ι
436 1774 671 1834 quatuor
700 1764 765 1818 de
798 1761 1140 1826 melioribus;
1189 1759 1315 1813 item
1351 1766 1588 1826 tapetum
1639 1773 1806 1813 unum
1843 1757 1943 1812 bo-
2046 1778 2065 1811 ι
2109 1758 2281 1815 ferrea
2322 1760 2551 1831 pulchra
2583 1775 2710 1815 cum
2754 1762 2896 1817 bona
2930 1771 3200 1816 seratura.
3247 1758 3419 1828 Supra
3442 1769 3619 1812 autem

368 1878 388 1911 ι
436 1874 565 1912 nttm
613 1859 676 1911 atl
734 1855 1039 1927 ponendum
1076 1866 1200 1909 ante
1231 1855 1428 1918 altare;
1461 1853 1587 1906 item
1621 1867 1784 1906 unum
1815 1852 1942 1906 mis-
2049 1873 2069 1906 ‹
2120 1853 2326 1910 trabem
2378 1869 2737 1910 marmoream
2778 1854 3012 1926 figantur
3052 1853 3378 1910 candelabra
3413 1868 3508 1909 sex
3553 1856 3621 1908 de

368 1972 388 2004 ι
436 1951 547 2006 sale
575 1967 867 2021 magnum,
903 1957 1144 2020 emptum
1193 1948 1262 2002 ab
1304 1946 1618 2001 haereditate
1666 1943 1727 1998 D.
1760 1945 1944 1999 cardi-
2045 1965 2063 1998 ι
2115 1945 2262 2002 ferro
2295 1949 2544 2018 pulchro,
2582 1957 2740 2019 prout
2796 1951 2848 2004 in
2896 1949 3098 2019 capella
3150 1950 3331 2018 palatii
3369 1964 3466 2017 pro
3511 1958 3621 2002 tnr-

369 2065 389 2098 s
435 2045 573 2101 nalis
598 2043 836 2098 Rutheni
866 2043 1130 2112 praedicti.
1735 2065 1743 2074 ο
2049 2062 2070 2097 r
2118 2045 2282 2099 liciis.
2318 2043 2445 2100 ltern
2497 2047 2550 2101 in
2583 2047 2740 2101 altari
2789 2045 2841 2101 in
2875 2048 3074 2116 angulo
3105 2048 3310 2101 dextra:
3336 2047 3507 2115 partis
3535 2045 3621 2098 in-

439 2156 459 2189 ι
509 2137 640 2192 item
679 2136 824 2192 dono
861 2134 1040 2190 eidem
1086 2133 1306 2202 capella:
1340 2148 1403 2188 ex
1442 2148 1587 2188 nunc
1616 2134 1757 2188 inter
1793 2133 1950 2189 vivos
2047 2157 2066 2191 ι
2115 2142 2307 2196 traudo
2341 2155 2507 2211 prope
2547 2140 2816 2196 cancellos
2867 2142 2957 2197 flat
3004 2141 3313 2210 sepulcrum
3352 2153 3527 2192 meum
3563 2138 3618 2191 in

368 2249 389 2282 ι
437 2229 810 2299 infrascriptas
839 2243 920 2282 res
956 2242 1182 2294 quarum
1221 2242 1375 2282 usum
1407 2227 1537 2279 mihi
1574 2240 1789 2281 reservo
1815 2225 1939 2280 dum
2048 2250 2066 2282 ι
2115 2231 2260 2286 hunc
2316 2233 2560 2287 modum.
2609 2233 2867 2288 Fodiatur
2917 2233 2971 2287 in
3026 2233 3242 2302 longum
3301 2240 3358 2287 et
3411 2231 3621 2301 largum

369 2340 389 2375 ε
436 2323 614 2378 vivam
643 2338 657 2375 :
690 2321 899 2376 scilicet
935 2320 1270 2375 thuribulum
1304 2320 1442 2388 quod
1473 2334 1614 2376 uttnc
1654 2317 1940 2385 habemus,
2047 2344 2067 2376 ‹
2114 2334 2377 2393 quantum
2412 2324 2644 2379 sufficiat
2685 2325 2749 2378 ad
2793 2323 3216 2393 profunditatem
3246 2333 3369 2379 octo
3399 2323 3622 2390 pedum,

367 2434 387 2468 α
434 2415 753 2490 navicellam
777 2424 830 2468 ct
859 2428 954 2467 vas
985 2429 1083 2482 pro
1113 2428 1251 2481 aqua
1279 2423 1465 2467 saneta
1487 2427 1608 2466 cum
1634 2427 1730 2466 suo
1754 2427 1942 2479 asper-
2048 2437 2064 2468 ε
2109 2427 2163 2472 et
2203 2430 2488 2473 uterentur
2525 2434 2716 2474 omnes
2749 2425 2983 2488 quatuor
3009 2419 3267 2486 parietes,
3306 2416 3507 2473 solario
3535 2417 3621 2470 di-

370 2529 389 2562 ε
437 2512 750 2580 sorio,qure
787 2523 928 2563 nunc
959 2509 1086 2562 fecit
1127 2506 1284 2562 nobis
1330 2506 1539 2560 aurifex
1576 2508 1938 2576 supradictus,
2047 2528 2066 2561 ι
2116 2511 2283 2565 misso
2310 2514 2428 2567 sine
2463 2528 2635 2578 muro,
2665 2524 2718 2567 et
2749 2513 2798 2566 in
2845 2504 3128 2567 altitudine
3157 2513 3385 2566 duorum
3425 2510 3619 2580 pedum

369 2621 388 2654 α
434 2602 610 2658 etdno
645 2601 968 2657 candelabra
995 2604 1059 2655 de
1089 2600 1291 2669 capella
1312 2613 1493 2653 nostra
1523 2600 1716 2667 quibus
1741 2601 1944 2652 utimur
2047 2622 2064 2656 ι
2115 2603 2308 2674 ﬁgatur
2338 2606 2481 2660 inter
2528 2623 2761 2669 murum,
2797 2609 2922 2660 dum
2975 2607 3032 2660 fit
3064 2620 3274 2670 murus,
3315 2616 3419 2659 una
3452 2604 3623 2659 crati-

367 2714 388 2748 ι
435 2698 488 2752 in
524 2696 749 2762 eadem;
786 2697 913 2751 item
953 2710 1187 2765 pannum
1227 2693 1292 2748 de
1345 2692 1519 2748 velutu
1575 2693 1941 2777 Alexandrino
2047 2716 2065 2747 ι
2112 2696 2235 2751 cula
2293 2697 2491 2762 ferrea,
2523 2700 2614 2754 ubi
2657 2699 2863 2768 jaeebit
2907 2703 3158 2757 cadaver.
3201 2697 3403 2752 Deinde
3453 2713 3620 2766 supra

369 2809 387 2843 σ
434 2805 544 2856 quo
591 2790 794 2844 utimur
846 2789 896 2843 in
954 2788 1158 2856 capella
1215 2798 1424 2849 nostra.
1477 2799 1531 2841 et
1586 2794 1713 2840 ante
1771 2786 1941 2840 altare
2047 2805 2064 2838 σ
2111 2789 2426 2842 craticulam
2459 2791 2523 2843 ad
2551 2791 2682 2844 duos
2713 2791 2875 2857 pedes
2899 2807 3088 2844 murus
3121 2790 3312 2844 habeat
3339 2791 3622 2851 .iucastra-

371 2903 388 2933 ι
439 2897 601 2953 super
632 2883 822 2943 alium,
853 2898 914 2937 ac
947 2881 1275 2937 breviarium
1307 2896 1578 2950 magnum,
1606 2890 1842 2950 entptum
1875 2880 1957 2955 ab
2047 2902 2064 2933 ι
2117 2895 2289 2937 turam
2311 2882 2688 2946 circumcirca,
2724 2893 2782 2938 ut
2807 2893 3202 2954 superponatur
3231 2898 3395 2952 supra
3421 2895 3619 2950 corpus

367 2996 387 3030 s
442 2975 758 3031 luereditate
795 2972 916 3028 Ruti
971 2973 1034 3028 D.
1069 2975 1219 3028 card.
1265 2971 1500 3027 Rutheni
1548 2975 1647 3042 piae
1687 2987 1852 3026 mem.
1888 2982 1943 3026 et
2047 2990 2219 3040 tuna
2261 2976 2438 3029 tabula
2491 2989 2819 3033 marmorea.
2878 2975 3083 3031 Deinde
3133 2975 3201 3029 ad
3252 2977 3615 3043 arqttalitatem
3658 3043 3662 3050 ’

328 3074 385 3122 “-ι
435 3071 540 3124 duo
595 3069 836 3125 baucalia
888 3067 954 3124 de
1009 3082 1190 3137 panno
1232 3069 1300 3124 de
1349 3068 1522 3138 ratgia
1576 3084 1694 3137 quae
1740 3065 1941 3120 habent
2049 3068 2408 3136 «pavimenti
2439 3068 2660 3138 capellae
2684 3068 2785 3139 alia
2816 3068 2995 3122 tabula
3038 3083 3364 3134 marmorea,
3400 3083 3521 3137 qua:
3555 3083 3619 3120 cx
3657 3051 3660 3054 ’

368 3183 385 3215 α
435 3161 531 3219 SS.
564 3163 864 3231 apostolos,
901 3171 955 3216 et
990 3163 1126 3216 alios
1164 3172 1396 3231 quatuor
1430 3175 1638 3230 pannos
1675 3159 1743 3214 de
1769 3160 1938 3228 ratgia
2049 3179 2069 3214 ι
2115 3176 2258 3215 nunc
2288 3163 2456 3230 possit
2483 3155 2656 3229 parati
2687 3173 2742 3217 et
2759 3161 2904 3229 ,ροιιί
2945 3161 3035 3214 tali
3083 3162 3241 3217 modo
3269 3163 3412 3231 quod
3449 3162 3623 3230 possit

368 3273 388 3306 ι
436 3270 652 3326 parvos,
699 3269 930 3324 quorum
993 3261 1102 3307 tres
1155 3253 1362 3306 habent
1414 3250 1940 3311 Annuntiationent,
2048 3272 2066 3305 ι
2111 3255 2322 3309 extrahi
2362 3266 2418 3310 et
2450 3255 2615 3323 poni;
2675 3249 2795 3325 post
2839 3255 2954 3310 haec
3011 3270 3173 3326 super
3207 3255 3348 3310 illam
3384 3254 3619 3316 tabulam

369 3367 389 3399 ε
439 3359 661 3416 quartus
693 3363 818 3400 vero
848 3345 1214 3406 Crut-ilixum;
1252 3344 1379 3397 item
1405 3353 1619 3412 lapetos
1645 3342 1940 3407 tres;item
2048 3367 2066 3399 ι
2117 3365 2184 3403 ex
2220 3349 2394 3404 tribus
2429 3349 2696 3418 partibus,
2727 3365 2852 3404 nam
2883 3357 3073 3418 quarta
3110 3350 3214 3404 erit
3237 3364 3425 3404 murus
3450 3340 3622 3403 tribu-

368 3461 388 3494 s
435 3443 546 3498 duo
573 3439 900 3496 candelabra
938 3454 1130 3509 magna
1168 3437 1378 3501 ferrea;
1435 3436 1563 3490 item
1600 3451 1941 3504 muecunque
2051 3458 2069 3492 ι
2120 3442 2280 3504 nalis,
2307 3443 2586 3512 erigantur
2619 3453 2728 3500 tres
2747 3457 3065 3497 marmoreae
3095 3439 3288 3497 tabulae
3318 3439 3621 3496 altitudinis

372 3557 389 3589 ι
438 3544 754 3608 paramenta
791 3534 1009 3603 capella:
1066 3541 1294 3595 nostrae,
1336 3531 1556 3599 jocalia,
1611 3540 1664 3584 ct
1725 3530 1943 3584 miss:tle
2049 3552 2068 3586 ί
2113 3535 2350 3604 quinque
2384 3537 2704 3603 palmarum,
2732 3549 2783 3590 et
2808 3551 2970 3604 supra
2994 3550 3089 3589 eas
3119 3543 3474 3609 ponaturuna
3499 3534 3622 3604 pul-

368 3653 387 3685 σ
436 3645 625 3691 unum,
674 3628 871 3699 quibus
905 3640 1028 3681 utor
1058 3625 1203 3681 domi
1255 3634 1458 3693 etquae
1506 3633 1635 3678 tunc
1665 3624 1941 3679 invenien-
2051 3645 2069 3678 ι
2117 3627 2247 3684 chra
2277 3643 2580 3684 marmorea
2621 3629 2821 3684 tabula.
2858 3629 2911 3684 lu
2946 3629 3066 3682 istis
3112 3639 3290 3682 autem
3337 3628 3506 3686 tribus
3535 3637 3619 3680 Ia-

368 3746 388 3778 s
434 3734 556 3787 tur;
593 3725 718 3778 item
741 3705 902 3776 unum
936 3719 1267 3774 thuribulum
1299 3716 1543 3773 Graeum
1573 3717 1791 3785 planum
1813 3735 1936 3772 cum
2022 3767 2025 3769 _
2051 3740 2068 3772 s
2114 3721 2255 3779 bulis
2285 3723 2486 3777 erectis
2514 3721 2605 3776 ﬁat
2633 3717 2825 3790 ntiquis
2849 3721 3176 3787 οτιιειιιιςιίη
3203 3736 3431 3789 quntum
3463 3730 3617 3774 ante.

369 3840 388 3873 ο
436 3819 683 3884 manica;
723 3818 846 3871 item
881 3814 988 3870 duo
1021 3830 1120 3869 ova
1161 3815 1226 3869 de
1271 3812 1487 3867 Struzio
1513 3822 1704 3867 ornata
1741 3814 1805 3869 de
1849 3829 1939 3866 ar-
2049 3835 2066 3867 ι
2116 3817 2240 3871 riori
2277 3814 2589 3870 scvibantur
2619 3815 2699 3869 hze
2727 3815 2922 3873 littera
2960 3831 2975 3869 :
3011 3810 3312 3877 Bessarion,
3349 3815 3618 3883 cpiscopus

368 3935 389 3968 ι
436 3922 639 3986 genta;
688 3911 817 3967 item
851 3909 991 3981 legia
1027 3908 1180 3976 duo;
1221 3893 1347 3988 item
1401 3906 1761 3963 faldistorium
1811 3923 1936 3978 pon-
2048 3929 2066 3963 ‹
2118 3910 2473 3972 Tusculanus,
2505 3907 2563 3962 S.
2599 3905 2848 3960 Romana:
2881 3905 3136 3962 Ecclesiae
3167 3907 3495 3972 cardiualir,
3524 3924 3617 3977 pa-

368 4025 386 4058 ι
434 4004 650 4060 titionle.
2052 4023 2069 4055 ο
2117 4005 2348 4058 triarcha
2391 4001 3040 4070 Constantinopolitanus,
3089 4000 3192 4056 sibi
3229 4001 3400 4072 vivpns
3443 4003 3618 4070 posuit

440 4117 460 4150 ι
505 4096 640 4152 Item
669 4095 790 4151 volo
833 4101 891 4149 ut
922 4109 1023 4164 pro
1053 4107 1196 4148 nunc
1244 4092 1336 4148 fiat
1367 4107 1472 4147 una
1517 4108 1676 4164 capsa
1715 4094 1937 4164 pulchra
2051 4117 2068 4150 ι
2118 4113 2256 4150 anno
2296 4096 2508 4162 salutis,
2561 4104 2692 4162 etc.,
2745 4111 2870 4149 cum
2925 4095 3304 4164 designatione
3355 4110 3618 4150 annorum

369 4211 389 4245 ι
438 4194 489 4246 in
549 4207 656 4259 qua
695 4189 891 4259 deponi
943 4187 1181 4242 debeant
1235 4187 1337 4242 ista
1395 4186 1578 4242 omnia
1627 4199 1941 4258 paramenta
2047 4210 2066 4244 ι
2117 4183 2327 4246 Domini
2364 4199 2490 4243 tunc
2515 4185 3076 4243 occurrentium.lloc
3098 4198 3277 4243 autem
3309 4188 3387 4244 sic
3422 4187 3618 4242 factum

369 4267 389 4341 ἔ
441 4293 624 4340 nostra
681 4291 736 4338 et
781 4279 1040 4336 custodiri
1101 4280 1152 4334 in
1190 4282 1440 4337 sacristia
1475 4284 1728 4349 praesenti
1771 4284 1944 4340 donec
2051 4304 2069 4338 ι
2116 4284 2399 4339 redtflcium
2434 4283 2540 4338 erit
2581 4283 2881 4347 credentia,
2907 4283 2948 4336 si
2983 4283 3199 4352 quando
3238 4281 3476 4353 pontifex
3523 4282 3619 4336 ali-

369 4398 391 4432 ι
438 4378 548 4434 Dea
578 4377 739 4432 dante
769 4374 1028 4429 faciemus
1068 4374 1372 4430 sacristiam
1407 4371 1462 4430 in.
1512 4376 1629 4431 loco
1661 4379 1942 4450 designato
2047 4401 2066 4434 ‹
2108 4380 2230 4448 quis
2263 4383 2311 4434 in
2340 4378 2537 4446 capella
2565 4377 2947 4444 celebraverit;
2974 4385 3026 4430 ct
3057 4378 3173 4432 ideo
3202 4390 3430 4447 ponatur
3455 4394 3618 4448 supe-

370 4495 389 4526 ι
434 4489 526 4543 per
555 4466 970 4530 nos.ltcm'vulo
1001 4477 1054 4522 ct
1078 4467 1271 4542 ordino
1291 4470 1592 4524 utomnino
1619 4473 1943 4543 depingatur
2047 4493 2066 4526 ι
2116 4475 2226 4528 rius
2260 4488 2364 4526 una
2402 4472 2624 4541 pulchra
2653 4469 2833 4524 tabula
2877 4486 3206 4525 marmorea.
3259 4473 3388 4527 Item
3414 4474 3536 4527 vqu
3562 4483 3648 4548 ut.

372 4590 390 4621 ‹
438 4566 643 4638 capella
670 4580 736 4621 eo
778 4566 938 4620 modo
966 4573 1124 4633 prout
1170 4565 1398 4619 conveni
1449 4576 1502 4620 et
1531 4566 1773 4621 ordinari
1817 4583 1940 4624 cum
2051 4586 2069 4619 ι
2112 4578 2237 4637 p05t
2277 4567 2391 4620 haec
2415 4565 2683 4632 completa
2725 4565 3009 4634 adaptetur
3046 4574 3214 4619 totum
3253 4555 3617 4634 pavimentum

2049 4681 2069 4714 ί
2119 4662 2313 4732 quadri
2346 4661 2656 4725 exterioris,
2702 4662 2782 4714 vel
2823 4660 3206 4725 marmoribus,
3242 4660 3286 4715 si
3342 4662 3620 4733 reperian-

2050 4777 2068 4809 ι
2124 4769 2229 4822 tur,
2256 4755 2338 4810 vel
2375 4756 2679 4810 matonibus
2708 4757 2880 4824 magis
2917 4753 3138 4825 quadris
3167 4736 3463 4810 secundum
3508 4748 3618 4811 fer-

2051 4866 2070 4899 ι
2118 4863 2260 4901 tuam
2294 4847 2640 4916 antiquorum
2685 4856 2990 4911 matonem,
3043 4846 3123 4900 vel
3179 4845 3354 4915 aliqua
3399 4847 3620 4900 materia

373 4683 390 4714 ι
441 4661 735 4731 magistro;
766 4657 918 4718 item,
950 4647 1238 4726 postquam
1277 4657 1489 4728 depicta
1528 4659 1687 4714 fuerit
1716 4661 1944 4728 capella,

372 4777 390 4808 ι
440 4755 616 4826 primo
661 4736 753 4805 iiat
798 4744 1218 4807 subtustectum
1273 4753 1508 4824 ligneum
1559 4757 1701 4824 quod
1756 4766 1840 4810 est
1889 4757 1941 4811 iu

375 4868 393 4924 ᾳ
443 4848 654 4918 quadro
715 4847 972 4901 exteriori
1025 4862 1189 4900 unum
1236 4833 1591 4917 supercilium
1629 4849 1939 4916 pulchrum,

377 4963 396 4996 ι
443 4953 498 4996 et
527 4955 689 5011 super
720 4940 901 4994 trabes
948 4941 1072 4994 tecti
1121 4941 1476 5010 imponantur
1511 4943 1706 5012 aliqua!
1749 4944 1947 5017 tabulae
2052 4961 2070 4994 ι
2118 4941 2502 5007 convenienti;
2539 4950 2594 4996 et
2627 4941 2878 4995 similiter
2917 4941 3079 4994 etiam
3113 4940 3400 5010 pulpitum.

372 5028 394 5086 ι
441 5048 642 5117 gressa:
695 5046 786 5101 per
833 5034 1049 5085 modum
1089 5032 1289 5103 pontis,
1336 5041 1394 5085 ut
1449 5033 1662 5102 possint
1717 5033 1937 5087 transiri
2123 5053 2142 5087 ι
2179 5035 2325 5106 Item
2351 5031 2470 5087 volo
2495 5042 2552 5086 ut
2585 5034 2779 5087 domus
2813 5047 2930 5099 quae
2968 5040 3082 5085 erat
3133 5034 3404 5100 quondam
3437 5022 3620 5087 Basilii

375 5147 393 5179 ι
445 5141 539 5196 per
588 5125 975 5196 longitudinem
1026 5127 1092 5179 de
1147 5141 1252 5178 una
1313 5134 1467 5194 parte
1531 5128 1596 5180 ad
1659 5125 1849 5194 aliam;
1893 5136 1947 5182 et
2051 5149 2070 5183 ι
2118 5130 2184 5183 de
2223 5126 2588 5198 Episcopiuis,
2635 5124 2880 5181 scutifuri
2935 5134 2993 5178 et
3031 5124 3314 5179 familiaris
3359 5127 3480 5188 mei,
3518 5124 3617 5180 sita

373 5239 396 5273 ι
445 5222 771 5274 claudantur
835 5221 970 5274 bene
1027 5218 1292 5272 foramina
1361 5218 1536 5284 muri;
1584 5229 1637 5271 et
1699 5234 1728 5272 a
1795 5230 1948 5289 parte
2054 5241 2072 5276 ι
2119 5222 2304 5277 Roma:
2332 5221 2384 5274 iu
2418 5220 2636 5291 regione
2659 5219 2992 5287 (lohnnpnaz,
3034 5233 3154 5274 cum
3191 5221 3442 5274 omnibus
3474 5221 3619 5300 attjao

365 5303 397 5366 ἐ
444 5313 692 5369 orientali
724 5314 813 5366 illa
851 5327 1040 5383 magna
1081 5320 1330 5379 apertnra
1377 5313 1428 5366 in
1462 5329 1565 5381 qua
1611 5315 1944 5383 dimietatur,
2055 5335 2073 5365 ι
2121 5313 2317 5369 centiis
2347 5312 2462 5368 suis
2509 5321 2565 5367 et
2595 5311 2973 5382 pertinentiis,
3005 5313 3270 5366 vendatur
3323 5313 3441 5380 plus
3487 5311 3621 5367 offe-

378 5428 398 5460 s
443 5417 688 5477 apertum
725 5417 934 5460 tantum
966 5412 1228 5473 quantum
1255 5403 1481 5459 sufﬁciet
1519 5407 1609 5460 uni
1641 5408 1844 5462 homini
1881 5409 1945 5464 ad
2056 5426 2074 5459 ι
2103 5400 2284 5471 renti,
2316 5417 2370 5462 et
2408 5422 2474 5462 ex
2515 5407 2719 5460 eisdem
2774 5406 3018 5476 pecuniis
3052 5420 3306 5482 eruantur
3347 5422 3446 5475 pro
3497 5408 3624 5461 dote

374 5520 396 5555 ε
445 5487 793 5566 intrandum;
826 5508 880 5552 et
907 5496 1032 5551 illud
1076 5498 1237 5553 etiam
1287 5499 1571 5556 claudatur
1593 5501 1738 5557 ostio
1772 5501 1947 5570 ligneo
2054 5513 2072 5546 ι
2120 5495 2362 5565 ejusdem
2396 5495 2614 5563 capella:
2655 5496 2706 5548 in
2741 5496 2877 5550 locis
2904 5495 3058 5550 bouis
3083 5506 3136 5549 et
3167 5497 3353 5552 liberis
3389 5513 3451 5552 ac
3481 5498 3625 5552 utili-

378 5613 398 5649 ι
442 5609 567 5649 cum
600 5591 774 5656 clavi;
825 5590 954 5644 item
1006 5601 1124 5660 post
1183 5593 1532 5663 supercilium
1590 5605 1763 5650 ιοιιιιιι
1814 5597 1945 5652 illud
2055 5610 2072 5642 ι
2122 5589 2224 5643 bus
2263 5588 2645 5657 respOusioncs
2677 5588 2784 5642 vini
2829 5590 3127 5643 secundum
3174 5592 3620 5647 consuetudinem

377 5705 395 5739 ι
444 5684 709 5755 quadrum
742 5683 980 5738 exterius
1009 5683 1277 5739 incoletur
1309 5693 1365 5741 et
1405 5687 1681 5743 dealbctur
1713 5688 1870 5755 bene,
1897 5700 1950 5744 ct
2053 5703 2072 5737 ι
2123 5698 2242 5752 quae
2276 5683 2391 5736 fieri
2425 5681 2561 5737 solet
2591 5682 2797 5738 Rouue.
2827 5682 3080 5740 Concedo
3107 5696 3284 5741 autem
3323 5687 3622 5755 plenariam

381 5794 400 5828 ς
446 5777 500 5832 in
535 5772 672 5830 facie
706 5772 924 5845 majori,
955 5775 1200 5832 videlicet
1233 5779 1664 5849 septentrionali.
1711 5796 1826 5850 qua:
1864 5792 1944 5836 Cal
2051 5798 2068 5833 ι
2120 5777 2438 5835 facultatem
2480 5785 2533 5834 et
2578 5774 2803 5834 liberam
2855 5776 3116 5834 vendendi
3151 5779 3368 5837 domum
3402 5781 3626 5841 prmdic—
