3972 6164
291 292 464 336 ι’(ΧΧΙ

288 420 308 452 ι
359 410 470 457 tam
532 395 760 472 prmfato
808 403 874 460 D.
928 406 1174 464 Simeoni
1216 407 1286 464 de
1335 403 1575 470 Pellinis,
1637 409 1875 464 auditori

291 514 313 581 ᾳ
359 505 552 552 nostra
577 505 632 552 et
653 498 987 555 subdiacouo
1024 502 1344 573 apostolico,
1370 503 1544 556 solum
1583 512 1638 557 et
1666 503 1720 555 in
1751 503 1884 556 soli-

294 605 314 668 ς
363 588 515 653 dum,
551 590 644 660 qui
693 592 930 663 deponat
977 594 1242 664 pecunias
1286 596 1573 666 prmdit-tas
1609 595 1662 646 in
1711 594 1884 648 banco

290 695 317 732 σ
364 681 549 752 aliquo
583 684 744 756 139
767 701 961 742 securo
988 687 1076 741 ubi
1113 689 1528 751 custodiantur,
1561 702 1659 742 nec
1689 685 1883 753 aliquis

299 790 322 825 ι
369 789 465 830 eas
499 785 684 847 tangat
715 779 888 834 donec
913 791 1163 834 emantur
1183 780 1566 849 responsiones
1593 780 1884 848 praedictae.

293 885 314 918 σ
363 869 507 923 sicut
539 870 935 940 prtedixiutus;
978 874 1114 928 bene
1147 883 1200 928 et
1234 873 1524 942 diligenter
1554 874 1797 927 atteodat
1832 880 1890 925 ut

294 978 314 1011 ι
336 986 344 992 -
365 963 750 1031 responsiones
774 965 883 1019 sint
915 966 1069 1020 boote
1092 976 1146 1020 et
1182 980 1387 1020 secura:
1409 974 1464 1020 et
1496 967 1548 1018 in
1577 965 1757 1033 bouis,
1790 980 1883 1018 se-

296 1073 316 1107 t
366 1057 516 1110 ruris
538 1067 701 1126 atque
731 1059 864 1111 tutis
894 1061 1194 1113 consistant
1229 1058 1416 1113 locis.)
1681 1051 1690 1056 ’

369 1148 503 1215 Quae
531 1149 716 1204 omnia
747 1161 801 1203 et
842 1152 1053 1219 singula
1096 1152 1352 1221 praefatus
1385 1150 1556 1205 Rtnus
1590 1151 1654 1205 D.
1690 1149 1886 1202 Bessa-

249 1254 252 1256 ·
297 1243 448 1307 rion,
480 1243 788 1311 episcopus,
831 1229 1160 1306 cardiualis,
1215 1244 1523 1309 patriarcha
1560 1249 1617 1296 et
1661 1240 1887 1311 legatus,

295 1338 555 1393 erunibus
577 1338 896 1393 melioribus
915 1339 1094 1405 modo,
1124 1338 1231 1404 via,
1249 1339 1394 1408 iure,
1417 1353 1579 1392 causa
1612 1348 1665 1391 et
1688 1339 1888 1401 forma,

295 1429 507 1499 quibus
550 1429 745 1487 melius
775 1440 830 1484 et
864 1428 1140 1484 efﬁcacius
1192 1430 1364 1499 patuit
1397 1436 1450 1483 et
1478 1429 1686 1492 debuit,
1742 1429 1893 1494 fecit,

299 1523 606 1590 ordinavit,
660 1524 920 1589 instituit,
977 1530 1033 1577 et
1077 1523 1286 1576 dimisit
1344 1524 1550 1587 volens,
1597 1523 1895 1590 praemissis

291 1616 558 1684 amnibus
591 1625 645 1669 et
683 1615 933 1685 singulis,
969 1631 1111 1669 nunc
1148 1624 1202 1669 et
1237 1614 1288 1667 itt
1333 1626 1656 1684 perpetuum
1697 1622 1805 1667 tant
1832 1617 1887 1666 in

301 1708 506 1775 judicio
539 1723 700 1778 quam
728 1717 880 1762 extra
932 1716 986 1761 et
1021 1709 1221 1778 ubique
1255 1707 1497 1763 locorum
1531 1706 1687 1761 ﬁdem
1732 1706 1895 1760 indu-

305 1796 454 1851 biam
508 1797 776 1853 adhiberi.
805 1797 980 1866 Super
1030 1799 1225 1868 quibus
1255 1800 1511 1855 omnibus
1558 1808 1612 1854 et
1667 1800 1893 1868 singulis

305 1890 453 1958 idem
495 1889 663 1945 Rmus
688 1890 746 1946 D.
780 1891 1067 1947 Bessarion
1107 1891 1208 1947 sibi
1239 1907 1266 1944 a
1305 1907 1392 1946 me
1435 1895 1647 1946 notario
1682 1894 1897 1961 publico

310 1985 664 2052 intrascripto
718 1999 905 2049 unum,
974 1985 1060 2038 vel
1115 1985 1292 2054 plura,
1349 1984 1618 2052 publicum
1655 2001 1748 2040 seu
1799 2001 1901 2054 pu—

310 2078 456 2142 blica
489 2076 606 2131 ﬁeri
633 2084 688 2131 et
709 2077 901 2132 conﬁci
944 2078 1112 2133 voluit
1162 2079 1585 2135 instrumentum
1613 2085 1668 2133 et
1697 2079 1898 2133 instru-

308 2179 518 2228 menta.

384 2267 519 2320 Acta
553 2265 770 2329 fuerunt
792 2274 847 2320 et
882 2275 1014 2333 sunt
1041 2265 1158 2320 hac
1194 2262 1435 2319 Venetiis
1476 2266 1527 2320 in
1562 2266 1908 2322 monasterio

309 2358 370 2415 S.
399 2356 620 2427 Georgii
649 2358 889 2426 Maioris,
915 2358 1017 2413 sub
1047 2373 1210 2423 anno,
1239 2357 1554 2424 indictione,
1581 2362 1688 2427 die,
1714 2374 1904 2416 mense

309 2464 369 2509 et
388 2453 704 2521 pontiﬁcatu
731 2454 928 2522 quibus
956 2466 1143 2522 supra,
1161 2454 1522 2522 praesentibus
1541 2454 1741 2509 ibidem
1765 2452 1904 2509 R.no

311 2547 370 2602 in
410 2545 631 2602 Christo
661 2544 823 2601 Patre
860 2554 913 2600 et
946 2544 1060 2600 Dno
1113 2544 1352 2615 Nicolao,
1393 2547 1485 2602 Dei
1511 2557 1565 2601 et
1592 2547 1906 2617 apostolica:

313 2641 464 2694 sedis
490 2640 664 2710 gratia
699 2639 1115 2706 archiepiscopo
1143 2637 1453 2715 Sipontino,
1477 2655 1542 2695 ac
1576 2642 1908 2696 venerabili—

316 2733 423 2789 bus
461 2733 591 2799 viris
627 2730 761 2787 Dnis
793 2731 1032 2804 Eugenio
1062 2732 1409 2800 Mauroceuo,
1439 2737 1781 2809 decretorum
1808 2736 1906 2789 do-

313 2836 493 2891 ctore,
527 2841 592 2881 ac
641 2825 899 2881 Hattbaeo
929 2827 995 2881 de
1026 2826 1252 2894 Narnia,
1288 2828 1526 2898 prmiatis
1575 2829 1911 2902 presbyteris

315 2919 616 2990 capellaois
645 2920 855 2990 praelati
886 2920 1009 2975 [ἰίηί
1034 2920 1098 2976 D.
1127 2921 1491 2990 Bessarionis,
1516 2924 1755 2994 episcopi
1784 2941 1908 2978 car-

319 3014 547 3083 dinalis,
565 3016 796 3071 testibus
815 3015 879 3070 ad
908 3015 1194 3087 prmmissa
1215 3017 1424 3073 vocatis
1453 3017 1735 3088 speciatim
1753 3026 1915 3087 atque

322 3108 554 3180 rogatis.

399 3203 468 3258 Et
497 3219 600 3275 ego
623 3203 866 3262 Joannes
903 3205 972 3261 de
1014 3204 1339 3272 licesboem,
1380 3203 1614 3259 clericus
1639 3202 1915 3260 Camera—

321 3297 507 3356 censis
536 3299 813 3364 ditecesis,
863 3299 1108 3368 publicus
1137 3313 1294 3353 sacra
1342 3297 1555 3366 imperii
1592 3299 1920 3354 auctoritate

327 3391 597 3455 notarius,
635 3391 761 3460 quia
798 3390 1098 3459 praemissis
1149 3388 1505 3454 ortlinationi,
1545 3389 1916 3460 dispositioni,

329 3483 690 3550 institutioni,
734 3482 1017 3537 donationi
1064 3495 1118 3536 et.
1155 3483 1482 3548 dimissioni,
1511 3499 1575 3538 ac
1631 3485 1918 3550 voluntati,

325 3577 696 3645 omnibusque
723 3575 862 3638 aliis,
893 3588 1057 3642 prout
1108 3575 1174 3628 itr
1193 3575 1356 3628 dictis
1394 3575 1646 3644 capitulis
1673 3576 1922 3629 contine-

328 3682 443 3734 tur,
503 3679 554 3724 et
585 3670 838 3739 singulis,
871 3669 1000 3723 dum
1035 3668 1115 3724 sic
1147 3679 1205 3723 ut
1241 3670 1610 3738 praemittitur,
1661 3685 1756 3739 per
1787 3686 1924 3738 pra:-

329 3766 732 3823 iatum-Rtnum
783 3764 846 3819 D.
881 3763 1260 3819 Bessarionem
1316 3764 1632 3833 episcopum
1665 3768 1918 3820 cardina-

333 3861 466 3928 letn,
500 3858 862 3928 patriarchatn
913 3867 968 3911 et
1020 3857 1257 3926 legatum
1295 3857 1484 3912 tierent
1515 3868 1569 3912 et
1605 3874 1922 3931 agerentur,

329 3971 438 4010 una
479 3969 600 4010 cum
652 3956 1058 4024 prmnominatis
1100 3957 1329 4011 testibus
1367 3974 1608 4028 przescns
1650 3961 1869 4016 interfui
1904 4002 1920 4027 ,

328 4067 504 4121 eaque
539 4051 618 4110 sic
642 4051 756 4104 ﬁeri
786 4051 888 4104 vidi
920 4059 970 4105 et
1000 4052 1204 4126 audivi,
1242 4052 1362 4106 ideo
1416 4052 1520 4108 hoc
1551 4069 1792 4123 praesens
1825 4073 1924 4123 pit-

333 4147 539 4201 blicum
588 4146 1010 4199 instrumentum
1061 4140 1257 4198 exinde
1300 4145 1508 4200 confeci
1542 4157 1595 4201 et
1655 4149 1706 4204 in
1742 4159 1921 4204 notam

331 4241 555 4310 scripsi,
593 4241 921 4310 subscripsi,
956 4239 1260 4309 publicavi,
1289 4249 1343 4294 et
1371 4243 1423 4294 in
1460 4240 1602 4294 hanc
1655 4242 1922 4312 publicam

335 4337 581 4395 formant
602 4337 807 4410 redegi,
841 4337 1103 4408 signoque
1134 4342 1188 4389 et
1240 4335 1463 4391 nomine
1498 4337 1633 4391 meis
1664 4338 1839 4394 solitis
1871 4349 1926 4394 et

334 4431 615 4486 consuetis
647 4429 882 4503 signavi.
905 4429 958 4483 ltt
988 4428 1145 4483 ﬁdem
1184 4439 1237 4483 et
1272 4431 1645 4484 testimonimn
1685 4430 1925 4485 onmiunt

336 4535 394 4582 et
416 4525 751 4596 singulorum
787 4525 1194 4594 praemissorum
1245 4534 1462 4596 regatus
1519 4533 1575 4578 et
1633 4525 1928 4594 requisitos

335 4635 440 4688 ego
474 4619 618 4674 idem
660 4619 925 4681 netarius,
962 4619 1056 4688 qui
1092 4616 1329 4684 approbo
1385 4632 1546 4686 supra
1605 4627 1658 4672 et
1711 4629 1930 4681 constat
1974 4627 1976 4629 ’

339 4714 476 4768 mihi
505 4714 570 4768 de
610 4713 790 4767 verbis
823 4711 965 4768 rasis
1007 4711 1057 4766 in
1093 4711 1280 4766 ultima
1310 4709 1455 4765 linea
1499 4712 1675 4765 ultimi
1703 4712 1928 4782 capituli

341 4806 667 4877 prminserti,
728 4806 958 4870 scilicet,
999 4804 1116 4871 sed,
1163 4811 1217 4859 ut
1269 4805 1639 4875 prmdiximus,
1682 4806 1820 4860 bene
1875 4820 1930 4862 et

342 4902 635 4974 diligenter
669 4901 916 4955 attendat
948 4907 1007 4953 ut
1033 4899 1411 4968 responsiones
1443 4899 1554 4952 sint
1579 4898 1732 4954 bona:
1757 4910 1810 4953 et
1841 4916 1930 4955 se-

343 4998 513 5060 curas,
540 5002 595 5050 et
622 4994 674 5048 in
705 4994 885 5058 bonis,
916 4995 1122 5048 securis
1170 5007 1232 5045 ac
1266 4991 1399 5046 tutis
1438 4990 1571 5046 locis
1600 4994 1930 5059 consistant,

345 5089 494 5160 quod
527 5084 799 5157 protestor
831 5103 992 5140 manu
1028 5087 1247 5157 propria
1279 5101 1377 5154 ego
1409 5085 1548 5140 idem
1577 5082 1820 5141 Joannes
1865 5090 1932 5141 de

333 5177 668 5249 ilcesboent,
699 5179 932 5236 clericus
970 5187 1024 5236 et
1060 5178 1322 5235 notarius.

992 5317 1153 5390 uo
1180 5316 1288 5373 vut

347 5416 682 5476 Bcuariom'a
710 5414 967 5485 diploma,
1002 5415 1196 5485 ironice
1227 5414 1290 5485 ab
1325 5429 1385 5468 eo
1416 5414 1693 5481 scriptum,
1721 5413 1773 5467 in
1806 5431 1933 5485 gm-

421 5492 550 5544 tt'am
582 5484 832 5554 poetastri
862 5485 1022 5538 Pauli
1056 5486 1119 5538 de
1157 5484 1358 5549 Codit's,
1379 5489 1468 5553 qui
1491 5489 1561 5538 ab
1595 5502 1652 5538 co
1685 5484 1932 5541 σοι-ωηινὶ

418 5561 680 5627 potuerat.
743 5557 826 5612 Ea:
861 5558 1036 5610 codice
1080 5555 1332 5611 Vaticano
1387 5556 1642 5624 Urbinate
1701 5576 1755 5613 tt.
1805 5559 1932 5625 093,

424 5636 740 5695 mentorum,
775 5630 932 5693 iit-4',
961 5645 1014 5698 μ.
1060 5628 1156 5683 187
1185 5645 1297 5699 sqq.

427 5747 497 5803 ιη’
519 5748 757 5814 nomine,
795 5757 902 5802 etc.
930 5745 1039 5800 Nos
1068 5744 1378 5814 Bessarion,
1427 5746 1516 5801 Dei
1546 5755 1596 5802 et
1625 5746 1934 5815 apostolica).

353 5843 501 5911 sedis
531 5835 699 5915 gratia
727 5842 1015 5915 episcopus
1046 5839 1384 5897 Tusculanus
1411 5861 1469 5897 ar
1513 5840 1808 5898 cat'dinulis
1841 5840 1926 5896 Ni-

955 242 1264 354 ALorsu
1307 289 1660 351 BANDINII
1705 290 2344 354 COMMENTARIUS.
2388 316 2457 329 -——
2487 274 2906 358 APPEN‘DIX,

3389 277 3581 343 meri

1990 428 2198 478 ca‘nus,
2232 410 2505 466 universis
2551 419 2606 465 et
2634 409 2859 479 singulis
2893 406 3344 462 Christiﬁtlelibus
3371 415 3426 461 et
3453 408 3583 463 aliis

1986 506 2404 575 quibuscunque
2445 505 2511 558 atl
2549 517 2686 572 quos
2727 511 3019 573 priesentes
3055 502 3394 566 advenerim,
3427 502 3575 574 sa'u-

1987 606 2094 654 tem
2128 597 2183 650 in
2213 597 2464 652 Domino.

2065 686 2137 742 Ut
2169 687 2372 743 clarius
2417 688 2722 742 innotescat
2754 687 2991 754 qualiter
3037 687 3102 742 ad
3148 696 3386 740 nostram
3439 685 3577 740 noti-

1990 784 2118 836 tiam
2156 784 2396 851 pervenit
2423 798 2486 837 ex
2523 783 2625 836 nde
2661 782 2835 852 dignis
2864 781 3157 852 privilegiis
3180 781 3334 834 nobis
3360 778 3574 844 ili-latis,

1988 876 2130 942 quod
2162 874 2399 928 eximius
2427 875 2620 927 artium
2649 868 2935 926 medicinm
2961 874 3300 938 aliarumque
3332 868 3577 921 omnium
3662 875 3668 879 '

1989 965 2292 1024 HlteRaIium
2314 966 2510 1018 artium
2537 965 2725 1018 doctor
2750 962 2809 1017 D.
2833 961 3088 1030 magister
3110 959 3307 1014 Paulus
3332 956 3573 1009 Joannes

1990 1061 2056 1112 de
2083 1058 2289 1122 Godiis,
2317 1057 2678 1127 Pergulantts,
2709 1058 2779 1111 ob
2809 1057 2927 1127 ejus
2962 1056 3223 1125 plurimas
3253 1061 3306 1104 et
3340 1052 3574 1102 inimen-

1993 1166 2082 1207 sas
2109 1151 2335 1206 virtutes
2361 1168 2388 1204 a
2417 1152 2691 1206 nonnullis
2719 1149 3053 1220 principibus
3082 1142 3579 1202 et--marcbiottibtts

1992 1253 2224 1315 quatuor
2257 1244 2532 1300 laureatos
2562 1259 2626 1299 ac
2663 1248 2859 1299 aureas
2910 1255 3143 1298 coronas
3179 1241 3231 1294 in
3274 1239 3447 1308 capite
3481 1251 3583 1290 suo

1992 1337 2153 1406 digne
2180 1347 2344 1406 atque
2371 1337 2690 1409 dignissime
2741 1335 3057 1407 acquisivit,
3096 1343 3150 1389 et
3193 1334 3321 1387 visis
3352 1331 3584 1401 publicis

1993 1431 2453 1500 disputationibus
2471 1447 2655 1487 coram
2679 1430 2838 1484 ttohis
2861 1430 3067 1500 sparsis
3091 1444 3212 1484 cum
3249 1423 3584 1498 argumentis

1993 1524 2435 1592 sophistnaticis,
2480 1524 2954 1595 pbilosophando,
3015 1522 3359 1584 musieando.
3413 1520 3587 1590 tripu-

1994 1615 2195 1671 diando
2227 1633 2350 1670 cum
2381 1618 2563 1686 puutis
2596 1618 2791 1686 pedum
2828 1616 3128 1671 novissimo
3161 1614 3267 1668 ritu
3300 1630 3423 1668 cum
3463 1629 3582 1666 ina-

1997 1706 2143 1762 xima
2177 1707 2540 1763 delectatione
2588 1707 3096 1774 circumstantium,
3154 1705 3359 1776 Spiritu
3404 1703 3589 1758 divino

1998 1803 2277 1865 commoti,
2302 1811 2358 1855 itt
2393 1802 2532 1857 idem
2567 1802 2714 1856 dom.
2753 1809 2806 1855 et
2840 1801 3100 1870 magister
3132 1798 3450 1868 praelibatus
3473 1797 3590 1866 glo-

2003 1895 2345 1957 t‘iarivaleat
2392 1895 2722 1950 abundantia
2763 1894 3109 1964 dignitatum,
3161 1892 3409 1946 inanibus
3457 1906 3590 1959 pro-

2005 1991 2157 2060 priis,
2195 1988 2521 2044 auctoritate
2547 2004 2654 2057 qua
2690 1986 2965 2056 fungimur
2989 2030 3004 2050 ,
3034 1987 3210 2056 ipsum
3253 1984 3596 2040 decrevimus

2003 2083 2270 2138 laureare.
2325 2082 2390 2137 Et
2420 2081 2584 2136 veluti
2645 2081 2734 2136 ille
2783 2089 2940 2149 pater
2984 2081 3241 2148 antiquus
3292 2077 3505 2149 Moyses
3561 2090 3591 2127 α

2001 2175 2266 2233 Creatore
2299 2185 2487 2232 nostro
2523 2177 2574 2230 in
2613 2176 2724 2231 alto
2772 2185 2954 2230 monte
2996 2175 3146 2228 Sinai
3179 2174 3349 2244 legem
3385 2185 3598 2225 assum-

2005 2272 2133 2344 psit,
2172 2271 2244 2326 ita
2277 2280 2330 2324 et
2361 2286 2459 2324 nos
2489 2270 2539 2322 in
2584 2268 2850 2322 altissimo
2892 2276 3076 2322 monte
3107 2267 3293 2321 Italico
3336 2265 3596 2322 Catriauo

2006 2381 2128 2420 eum
2153 2363 2345 2420 cannis
2378 2373 2432 2416 et
2468 2361 2614 2416 foliis
2637 2361 2773 2415 lauri
2815 2361 2921 2414 nati
2965 2361 3017 2414 in
3046 2361 3360 2414 summitate
3398 2361 3596 2412 montis

2008 2458 2152 2513 illius
2181 2458 2234 2510 in
2255 2453 2505 2525 capite-et
2528 2455 2594 2508 ad
2628 2453 2880 2521 tentplas,
2913 2469 3062 2508 more
3095 2463 3403 2523 poetarum,
3439 2468 3597 2506 eunt-

2008 2553 2130 2606 detn
2169 2549 2230 2604 D.
2265 2561 2318 2606 et
2353 2551 2673 2622 magistrum
2718 2548 2943 2603 Paulum
2985 2535 3308 2618 praesentem
3346 2557 3400 2602 et
3447 2547 3598 2601 ﬂexis

2011 2648 2241 2717 genibus
2296 2639 2536 2716 precli-va
2608 2645 2900 2699 devotione
2983 2652 3296 2712 poscentem
3356 2643 3595 2710 legitime

2012 2744 2401 2806 laureavimus,
2446 2739 2689 2794 volentes
2736 2746 2794 2792 ut
2818 2737 2877 2791 in
2927 2748 3212 2805 posterum
3272 2737 3602 2789 auctoritate

2013 2844 2204 2890 nostra
2253 2834 2434 2889 valeat
2482 2848 2576 2903 per
2611 2846 2803 2888 omnes
2832 2842 3020 2900 partes
3069 2829 3280 2884 Italicas
3335 2837 3390 2882 et
3446 2835 3600 2882 extra

2015 2926 2248 2993 Italiam,
2283 2928 2336 2982 in
2376 2927 2659 2991 Achaiam,
2684 2924 3029 2989 Corinthum,
3062 2915 3340 2987 Athenas,
3375 2923 3427 2975 itt
3455 2938 3603 2975 mare

2019 3021 2240 3092 Abydos
2265 3035 2436 3089 usque
2473 3018 3004 3088 Constantinopolim
3044 3027 3098 3073 et
3137 3017 3273 3071 citra
3307 3031 3453 3070 mare
3492 3015 3607 3069 Ma-

2015 3131 2181 3186 gnum
2231 3114 2377 3185 quod
2435 3113 2720 3169 Ponticum
2778 3111 3021 3177 dicitur,
3101 3111 3457 3165 discurrendo
3511 3126 3606 3176 per

2019 3209 2234 3265 Latiam
2263 3208 2562 3278 regionem,
2601 3205 2971 3267 Antiochiam,
3008 3203 3310 3260 Czrsaream
3350 3203 3605 3271 Philippi,

2016 3304 2299 3366 Achaiam,
2328 3301 2692 3363 Palaestinam,
2733 3299 2928 3355 Latam
2954 3298 3216 3362 Graecam,
3242 3297 3604 3359 Asciiloniam,

2020 3396 2311 3453 Feniceam
2359 3408 2413 3449 et.
2459 3385 2763 3460 Albaniam,
2807 3408 2902 3463 per
2937 3391 3319 3447 Alexandriam
3347 3398 3400 3445 et
3433 3401 3605 3444 totum

2023 3505 2172 3544 mare
2207 3486 2664 3541 Mediterraneum
2714 3499 2886 3555 usque
2924 3487 2990 3539 ad
3034 3493 3271 3538 montem
3317 3483 3607 3537 Cathaior-
3674 3536 3679 3540 ,

2023 3591 2158 3649 met,
2205 3593 2258 3637 et
2305 3596 2399 3652 per
2429 3578 2606 3636 Sittes
2658 3580 2916 3651 majores,
2951 3591 3000 3634 et
3031 3559 3318 3648 prrtotam
3364 3577 3606 3631 Africani

2027 3690 2194 3748 atque
2228 3691 2323 3747 per
2347 3684 2516 3732 totam
2567 3673 2961 3745 Tripolitanant
2992 3675 3268 3746 regionem
3316 3687 3487 3739 usque
3541 3675 3609 3725 ad

2027 3773 2201 3827 Sirtes
2245 3768 2503 3831 minores,
2527 3774 2580 3823 et
2613 3781 2710 3837 per
2753 3775 2923 3820 totum
2967 3781 3195 3836 regnum
3218 3763 3610 3830 Carthaginen—

2024 3864 2192 3927 sium,
2230 3872 2287 3916 et
2322 3876 2419 3931 per
2446 3861 2694 3932 regiones
2725 3858 3044 3930 Bysantium
3079 3857 3351 3913 Numidia:
3380 3858 3614 3912 ctGetu-

2028 3957 2225 4022 lorum,
2259 3963 2313 4008 et
2345 3953 2485 4007 ultra
2509 3950 2704 4005 ﬂumen
2731 3950 3032 4004 Nulcanutn
3061 3950 3150 4019 qui
3175 3949 3342 4003 intrat
3364 3950 3413 4001 in
3437 3962 3608 4013 mare,

2027 4060 2080 4103 et
2113 4063 2209 4118 per
2247 4055 2415 4100 imam
2465 4043 2839 4098 Mauritaniam
2872 4042 3265 4098 Caesariensem
3299 4042 3612 4097 discurren-

2029 4147 2097 4201 do
2144 4161 2266 4200 cnnt
2321 4145 2537 4199 lettuna
2575 4159 2669 4210 per
2719 4151 2886 4197 totum
2938 4155 3088 4196 mare
3139 4140 3418 4196 Oceanum
3477 4141 3612 4195 inci-

2029 4241 2223 4307 piendo
2268 4238 2336 4291 ab
2365 4235 2661 4292 Occidente
2694 4250 2789 4303 per
2845 4233 3280 4303 Septentrionem
3332 4248 3504 4302 usque
3556 4233 3611 4287 iti

2029 4331 2308 4388 Orientem
2355 4330 2491 4384 ultra
2524 4327 2677 4401 141
2706 4325 3038 4397 Hispaniain,
3074 4327 3308 4383 Scotiaut
3336 4367 3351 4391 ,
3402 4326 3614 4381 Britan-

2030 4427 2199 4489 niam,
2237 4421 2490 4487 Galliam,
2527 4422 2935 4487 Normandiam,
2971 4417 3305 4483 Flandriam,
3337 4435 3503 4485 ttsque
3542 4421 3610 4474 ad

2032 4521 2280 4576 Rhenum
2309 4515 2530 4582 ﬂumen,
2572 4525 2626 4569 et
2675 4514 2814 4568 ultra
2845 4528 3016 4581 usque
3042 4515 3108 4568 ad
3141 4524 3355 4568 montes
3408 4512 3612 4578 llifeos,

2029 4624 2083 4668 et
2118 4622 2301 4683 postea
2335 4611 2387 4665 in
2431 4609 2654 4662 civitate
2683 4597 2971 4662 Jansbona:
2998 4615 3052 4660 ct
3080 4621 3175 4676 per
3215 4614 3381 4658 letam
3406 4604 3612 4660 Barba-

1984 4754 1986 4756 .
2036 4710 2194 4771 riam,
2228 4714 2280 4760 et
2310 4718 2405 4775 per
2437 4689 2787 4758 Gc-tmaniam
2817 4699 3154 4770 superiorem
3193 4710 3245 4750 et
3279 4698 3612 4761 inferiorem,

2037 4799 2306 4860 Svctiatn,
2347 4794 2592 4860 Daciam,
2629 4791 2840 4865 Syriam
2876 4805 2930 4848 et
2962 4808 3134 4860 usque
3166 4791 3366 4845 ﬂumen
3416 4790 3618 4844 Tanais

2033 4898 2124 4962 qui
2164 4894 2332 4945 intrat
2380 4891 2433 4944 in
2481 4905 2632 4943 mare
2663 4888 2967 4951 Ponticum,
3018 4896 3072 4941 et
3119 4886 3256 4939 ultra
3312 4886 3615 4939 Danubium

2034 5006 2129 5061 per
2166 4998 2333 5042 totam
2367 4985 2697 5054 llungariam
2730 4997 2899 5050 usque
2933 4988 2998 5035 ait
3047 4979 3241 5035 Paleos
3286 4994 3498 5043 montes
3535 4996 3620 5035 re-

2039 5081 2375 5138 trucwleudo
2404 5080 2455 5132 itt
2486 5077 2823 5132 Pannonium
2860 5086 2914 5130 et
2968 5074 3338 5130 Macedoniam
3371 5083 3424 5128 et
3447 5074 3620 5128 'l‘hra-

2034 5177 2197 5240 ciam,
2252 5185 2306 5229 et
2357 5188 2453 5244 per
2493 5188 2644 5226 mare
2700 5164 2945 5226 llubeunt
2992 5185 3163 5240 usque
3220 5169 3285 5224 ad
3341 5169 3622 5224 columnas

2037 5269 2285 5324 Hercitlis
2319 5265 2712 5322 circumeundo
2743 5278 2934 5318 omnes
2982 5264 3116 5318 alias
3152 5265 3401 5334 regiones
3447 5271 3622 5332 usque

2036 5361 2457 5420 ad-l’aradisutn
2482 5345 2836 5422 deliciarum;
2869 5368 2924 5412 ct
2977 5373 3071 5427 per
3107 5359 3296 5413 Asiam
3331 5355 3621 5424 Minorem,

2036 5461 2168 5517 etin
2203 5458 2290 5512 illa
2332 5454 2671 5518 nobilissima
2722 5453 2941 5507 civitate
2995 5453 3189 5517 Assur,
3219 5459 3274 5504 et
3319 5465 3416 5521 per
3467 5449 3625 5505 Chal-

2039 5557 2208 5609 tiazam
2254 5563 2309 5607 et
2351 5550 2703 5624 Babylonium
2755 5559 2919 5604 telam
2961 5547 3316 5606 discurrendo
3352 5546 3405 5599 itt
3446 5544 3628 5599 ﬂumi-

2041 5650 2198 5704 nibus
2215 5649 2396 5717 Tigris
2430 5656 2482 5700 ct
2507 5645 2817 5716 Euphratis,
2848 5658 2911 5697 ac
2939 5642 3198 5696 Arabiam
3217 5649 3269 5698 ct
3300 5639 3625 5695 Damascum

2039 5755 2091 5800 ct
2132 5758 2301 5812 usque
2325 5742 2391 5797 ad
2420 5752 2628 5797 montes
2662 5739 2850 5795 Libani
2883 5738 2951 5802 ad
2987 5735 3141 5806 cujus
3197 5734 3410 5789 radices
3446 5736 3628 5789 tiasci~

2041 5849 2126 5892 tur
2154 5836 2445 5906 Jorduncs,
2471 5845 2522 5892 ct
2560 5836 2696 5892 ultra
2726 5832 3018 5889 Jordancm
3029 5846 3126 5904 per
3155 5830 3428 5901 regionem
3468 5832 3617 5895 vitle-
