3970 6148
387 243 595 290 “XXIII
648 217 653 222 .

381 348 510 406 licet
539 349 852 424 ldom:eam,
885 355 1258 429 l’bmniceam,
1285 361 1551 433 Judaeum,
1574 366 1967 428 Jerusaietn‘et

327 521 330 525 ἢ
384 439 682 514 Bethleem,
737 457 792 503 et
831 452 1156 518 generaliter
1183 470 1304 524 per,
1333 464 1504 514 totum
1541 469 1596 515 et
1652 464 1966 522 universum

383 537 644 593 mundum
701 540 951 599 infandas
1000 545 1121 617 ejus
1162 549 1437 607 mirabiles
1471 563 1619 609 artes
1667 553 1966 627 legere.....

380 643 640 687 exercere
669 648 792 689 cum
823 635 994 692 libero
1021 641 1251 698 transitu
1286 653 1392 700 tam
1417 647 1532 717 jper
1554 664 1751 719 aquam
1803 669 1964 723 quam

382 737 479 793 per
511 733 737 787 terram,
763 744 884 784 cum
918 731 1172 788 omnibus
1196 748 1252 790 et
1275 737 1505 809 singulis
1528 744 1965 814 exceptionibus,

381 815 688 871 commodis
713 827 763 872 et
790 818 1151 878 incommodis
1185 827 1252 878 ad
1287 827 1460 896 ipsum
1491 834 1687 887 merito
1718 844 1969 904 spectan-

384 904 529 962 tibus
557 915 611 962 ct
640 908 1046 978 pertinentibus
1079 929 1093 966 :
1137 917 1477 982 mandantes,
1527 930 1794 989 mirantum
1843 939 1970 995 pos-

381 1002 596 1065 sumus,
651 1002 906 1058 omnibus
959 1003 1156 1076 linguis
1202 1010 1634 1078 supradictarum
1686 1016 1967 1084 regionum

381 1099 438 1146 et
470 1091 709 1148 locorum
744 1102 802 1150 ut
837 1111 1136 1164 praesentes
1190 1110 1406 1162 nostras
1435 1101 1646 1165 litteras
1677 1105 1972 1170 observent

383 1184 695 1254 iaciuntque
727 1187 1116 1249 inviolabiliter
1157 1195 1465 1253 observari.

459 1277 515 1331 in
541 1292 773 1349 quorum
803 1280 988 1350 ﬁdem,
1025 1293 1135 1340 etc.

1126 1396 1226 1456 IX.

381 1471 654 1570 Posterior
686 1485 1602 1570 cardin.JBessarionis__dispgsitio,
1629 1513 1736 1566 qua
1771 1498 1972 1570 [ntida-

453 1557 740 1636 tt'ousntgnc
757 1558 1079 1636 licitationem
1103 1564 1285 1636 sacelli
1306 1557 1654 1636 SfEugenite'
1686 1571 1739 1623 in
1771 1557 1961 1626 melius

453 1627 699 1705 mutavit.
746 1629 1176 1705 rrtultu_irtsupcr
1201 1633 1337 1689 bona
1377 1627 1546 1691 cidéin
1597 1641 1863 1705 attribuit,
1906 1657 1970 1696 ac

451 1692 813 1822 ἕνοῖι-ῗε-ιονιι.
867 1692 1138 1756 Minoruiu
1185 1706 1238 1760 in
1286 1723 1348 1761 ea
1388 1692 1970 1779 perpetuosucrellt'mos

475 1781 537 1819 ns
566 1783 583 1819 ι
613 1784 664 1821 ut
695 1806 711 1822 .

475 1781 711 1824 nsmutt.

456 1855 773 1928 Bessarion,
806 1864 1163 1940 miseratione
1212 1871 1394 1927 divina
1435 1874 1720 1947 episcopus
1757 1874 1970 1933 Tuscu-

382 1948 564 2019 lanus,
598 1952 658 2010 S.
694 1954 760 2011 ll.
793 1957 855 2013 E.
889 1961 1188 2017 cardinalis‘
1217 1973 1270 2019 et
1304 1965 1614 2036 patriarcha
1650 1970 1969 2027 Constanti-

382 2046 756 2113 nopolitantts,
783 2051 1052 2108 universis
1083 2063 1139 2109 ct
1167 2053 1422 2127 singulis,
1461 2067 1571 2113 tam
1607 2061 1969 2132 praesentibus

307 2131 310 2133 λ
383 2152 553 2208 quam
605 2140 824 2217 futuris,
862 2147 958 2201 bas
1011 2156 1229 2205 nostras
1288 2151 1498 2210 litteras
1533 2131 1863 2226 inspectoris
1915 2164 1971 2212 et

382 2235 674 2303 auditoris,
711 2236 940 2294 salutent
975 2239 1027 2295 in
1058 2241 1173 2298 ϋηο
1202 2244 1612 2316 sempiternam.

452 2326 534 2384 Ad
590 2329 1197 2391 unirersitatisvestra:
1249 2337 1496 2406 notitiam
1545 2339 1864 2398 deducimus
1913 2349 1970 2397 et

385 2421 580 2477 deduci
622 2411 873 2482 volumus
918 2442 1015 2498 per
1043 2441 1333 2500 prmsentes
1371 2449 1386 2486 :
1423 2431 1566 2502 quod
1601 2448 1701 2490 nos
1747 2433 1967 2504 quidem

385 2515 457 2572 de
513 2528 716 2573 nostra:
769 2529 825 2574 ct
861 2507 1269 2593 progenitorum
1313 2534 1624 2582 nostrorum
1662 2527 1968 2583 animarum

385 2611 563 2668 salute
595 2614 926 2684 cogitantes.
980 2631 1045 2672 ac
1104 2617 1319 2681 laudem
1354 2631 1410 2674 ct
1443 2620 1672 2691 gloriam
1715 2621 1970 2694 omnipo-

388 2704 552 2759 tcntis
585 2705 677 2761 Dei
708 2713 761 2761 ct
816 2704 916 2765 SS.
958 2708 1237 2767 Michaelis
1273 2713 1590 2785 archangeli
1642 2725 1696 2771 ct
1745 2713 1972 2773 Joannis

389 2795 641 2868 Baptistae
667 2809 722 2853 et
755 2791 814 2854 S.
852 2799 1108 2871 Eugeniae
1147 2804 1287 2874 virg.
1335 2815 1389 2858 et
1419 2805 1833 2876 martyris,‘nec
1861 2825 1969 2865 non

386 2903 484 2958 pro
515 2890 683 2945 divini
712 2887 898 2948 cultus“
918 2904 1233 2966 augmento,
1277 2895 1434 2969 142
1471 2897 1814 2968 infraseripta
1846 2917 1973 2972 pro-

387 2992 571 3052 pterea
634 2981 812 3040 facere
841 2985 1210 3056 designantes,
1248 2989 1340 3046 fel.
1399 2993 1612 3046 record.
1657 2988 1804 3048 Dnus
1846 2991 1972 3049 Pms

389 3089 526 3143 papa
555 3075 598 3130 ll
631 3077 696 3134 ad
728 3089 970 3135 nostram
996 3080 1447 3150 supplicationem
1479 3085 1658 3152 nobis,
1687 3085 1778 3152 qui
1826 3087 1974 3141 basi-

390 3165 551 3222 licam
603 3166 701 3224 Xil
745 3168 1131 3240 Apostolorum
1173 3171 1244 3229 de
1293 3171 1439 3230 Urbe
1485 3173 1542 3228 in
1594 3178 1970 3232 commendant

391 3271 522 3318 tunc
541 3262 923 3321 obtinebamus
958 3275 1118 3336 prout
1147 3267 1456 3325 obtinemus
1491 3270 1559 3325 de
1582 3272 1972 3343 prtescuti,pro

395 3357 564 3423 ipsius
610 3356 849 3414 basilicae
881 3357 1077 3414 decore
1099 3369 1156 3415 et
1199 3362 1378 3418 cultus
1411 3364 1578 3432 prted.
1610 3365 1664 3418 in
1718 3380 1783 3421 ea
1838 3380 1975 3437 aug-

394 3457 579 3504 mento
598 3448 880 3521 soluteque
908 3451 1233 3519 animarum,
1255 3454 1592 3524 utcapeliam
1631 3459 1683 3510 in
1713 3457 1858 3512 dicta
1881 3457 1974 3512 ba-

391 3539 543 3596 silica
575 3543 761 3609 sitam,
793 3558 912 3614 quae
938 3554 1068 3600 tunc
1112 3548 1213 3602 sub
1249 3547 1590 3602 invocatione
1619 3546 1678 3607 S.
1722 3550 1976 3620 Eugeniae

392 3636 658 3693 duntaxat
680 3639 956 3695 nominato
988 3649 1044 3694 et
1091 3640 1335 3696 indotata
1362 3651 1504 3709 erat,
1537 3657 1602 3698 ac
1633 3646 1976 3714 reparatione

395 3715 693 3804 indigebat,
741 3733 810 3788 ad
831 3733 1222 3804 omnipotentis
1266 3733 1361 3791 Dei
1409 3733 1622 3792 laudem
1659 3747 1715 3793 et
1743 3738 1976 3809 gloriam

394 3824 654 3893 reparare
679 3841 744 3882 ac
780 3829 882 3882 sub
921 3827 1263 3902 invocatione
1301 3829 1568 3886 dictorum
1608 3831 1708 3888 SS.
1737 3831 1973 3890 Michae-

397 3919 467 3976 lis
514 3921 824 3992 arcltangeli
873 3929 930 3976 et
963 3919 1194 3978 Joannis
1236 3921 1491 3992 Baptistae
1536 3939 1599 3980 ac
1633 3925 1692 3982 S.
1723 3925 1978 3998 Eugeniae

401 4016 699 4082 intitularc,
727 4032 957 4072 necnon
989 4016 1162 4082 libris,
1200 4003 1533 4085 paramentis
1561 4029 1619 4088 et
1643 4020 1766 4076 aliis
1791 4022 1976 4078 eccle-

399 4110 638 4167 siasticis
674 4110 1016 4167 ornamentis
1045 4111 1114 4165 ad
1145 4111 1391 4168 divinum
1420 4113 1622 4170 cultum
1654 4117 1978 4172 necessariis

401 4203 618 4270 fulcire,
640 4219 706 4258 se
727 4204 1162 4276 competentibus
1196 4221 1294 4276 pro
1314 4220 1423 4260 uno
1441 4206 1755 4277 presbytero
1782 4208 1977 4266 missas

400 4306 459 4352 et
491 4297 597 4353 alia
634 4298 816 4354 divina
839 4298 1014 4354 cilicia
1049 4301 1414 4370 celebratum,
1432 4302 1695 4360 reditibus
1722 4304 1790 4359 de
1815 4301 1977 4360 bonis

402 4394 612 4450 nostris
633 4393 796 4450 etiam
831 4408 925 4463 per
971 4393 1268 4452 Ecclesiam
1315 4385 1602 4470 acquisitis
1632 4401 1822 4456 dotare
1853 4416 1975 4472 posp

401 4502 606 4554 scmus,
658 4487 933 4544 licentiam
976 4499 1027 4544 et
1087 4489 1402 4547 facultatem
1444 4507 1540 4561 per
1591 4508 1718 4550 suas
1767 4493 1978 4551 litteras

293 4657 302 4663 η
397 4583 694 4648 concessit,
719 4596 782 4638 ac
833 4582 1006 4655 ipsius
1034 4585 1254 4654 capella:
1281 4585 1370 4658 jus
1411 4595 1726 4656 patrouatus
1755 4597 1810 4644 et
1843 4605 1978 4660 prac-

401 4679 654 4738 sentandi
717 4677 1027 4750 presbytero
1079 4680 1341 4736 eardinail
1371 4681 1532 4739 dictae
1583 4683 1825 4740 basilicae
1881 4699 1980 4754 pro

405 4781 650 4844 tempore
666 4771 950 4828 exsistenti
970 4787 1256 4844 personam
1295 4775 1543 4834 idoneam
1599 4779 1663 4835 ad
1689 4779 1834 4834 illam
1869 4785 1976 4833 tam

404 4867 582 4937 prima
639 4866 758 4922 vice
802 4881 964 4938 quam
1025 4870 1240 4940 quaties
1279 4886 1474 4927 vacare
1509 4889 1629 4928 eam
1669 4874 1976 4944 contigerit,

404 4960 563 5014 nobis
590 4968 646 5016 et
680 4967 800 5031 post
831 4976 933 5017 nos
960 4963 1140 5017 abbati
1178 4963 1236 5018 S.
1270 4963 1420 5019 Pauli
1468 4975 1623 5019 extra
1659 4981 1846 5020 muros
1879 4964 1982 5022 Ur-

404 5056 512 5122 bis,
550 5064 601 5111 et
634 5055 802 5127 priori
829 5057 1021 5112 domus
1047 5057 1104 5112 S.
1136 5057 1325 5113 Mariae
1361 5057 1428 5113 de
1459 5057 1664 5128 Pepuio
1693 5058 1760 5112 de
1791 5057 1977 5113 eadem

406 5149 558 5212 urbe,
589 5146 646 5202 Β.
675 5146 946 5205 Benedicti
975 5157 1031 5204 et
1071 5147 1432 5205 Eremitarnm
1478 5149 1540 5205 S.
1583 5150 1867 5222 Augustini
1894 5166 1983 5206 or-

403 5237 620 5305 dinum,
653 5242 816 5295 etiam
854 5256 953 5311 pro
990 5252 1231 5311 tempore
1271 5242 1665 5297 exsistentibus
1704 5243 1756 5297 in
1791 5239 1983 5317 perpe-

409 5344 585 5399 tuum,
623 5333 728 5388 nisi
773 5331 928 5389 aliter
959 5344 1085 5389 ante
1111 5344 1339 5388 mortem
1386 5344 1630 5389 nostram
1666 5335 1983 5406 disponere-

406 5438 553 5486 titus,
590 5423 732 5478 idem
777 5421 866 5492 jus
899 5432 1216 5492 patronatns
1245 5434 1302 5479 et
1351 5425 1709 5494 praesentandi
1753 5425 1888 5480 limo
1914 5425 1978 5480 Β.

406 5515 669 5570 cardinalt
701 5515 858 5571 dictae
889 5516 1142 5572 basilicae
1173 5532 1270 5586 pro
1308 5525 1549 5588 tempore
1575 5518 1860 5575 exsistenti
1899 5536 1983 5575 reo

349 5610 351 5612 ’
405 5609 668 5674 servavit,
691 5609 993 5666 decernens
1023 5609 1279 5679 capriiuttt
1306 5610 1480 5679 ipsam
1511 5611 1613 5667 sub
1638 5612 1984 5669 invocatione

409 5703 723 5759 conlaudent
783 5703 883 5757 SS.
925 5702 1227 5766 Michaelis,
1257 5699 1481 5758 Joannis
1513 5702 1765 5773 Baptista:
1822 5716 1872 5762 et
1919 5706 1977 5760 S.

476 5819 546 5884 (l)
582 5819 710 5872 Julii
731 5823 779 5871 in
802 5818 938 5871 bulla
957 5819 1048 5872 .l‘ii
1085 5819 1148 5880 li,
1175 5831 1323 5880 supra
1351 5817 1444 5868 col.
1474 5832 1637 5871 txxvt.

1208 246 1307 324 DE
1338 253 1512 316 rm
1554 255 1652 317 ar
1712 254 1967 322 annos
2022 261 2296 336 GESTIS
2336 223 2838 334 Bassmtonrs

3463 293 3661 334 ικςκιν

2075 375 2329 451 Eugeniae
2357 397 2427 438 ex
2481 391 2610 439 tunc
2659 383 2714 438 in
2746 391 2907 440 antea
2935 384 3205 443 nominari
3245 390 3464 458 debere,
3497 403 3662 458 prout

2079 471 2134 525 in
2173 474 2351 543 ipsius
2383 473 2590 528 domini
2645 473 2721 530 Pii
2768 489 2920 545 papae
2968 476 3166 534 litteris
3195 479 3296 534 sub
3328 480 3442 536 dat.
3475 480 3670 538 Romae

2075 566 2217 636 apud
2246 566 2306 622 5.
2343 567 2567 622 Petrum
2599 583 2744 623 anno
2787 566 3054 625 incarnat.
3087 569 3302 627 Domin.
3333 572 3493 638 1465,
3516 573 3663 642 prid.

2075 655 2182 712 kal.
2207 657 2330 715 Maii
2352 659 2453 731 (l),
2472 660 2714 730 pontific.
2755 661 2840 718 sui
2868 676 3012 719 anno
3039 679 3092 729 ν,
3113 665 3344 736 desuper
3371 654 3666 734 confectis,

2081 751 2290 822 plenius
2319 755 2650 808 continetur.
2749 801 2751 803 .

2155 841 2221 896 Et
2251 853 2536 914 postquam
2580 860 2678 902 nos
2711 847 2958 904 eamdem
3017 849 3282 920 capellam
3320 858 3582 922 reparare
3606 858 3663 907 et
3733 852 3738 855 ’

2075 951 2272 991 ornare
2300 939 2598 1008 coepimus,
2631 955 2697 996 ac
2727 941 2775 996 ei
2810 956 2906 1012 pro
2949 941 3078 998 dote
3111 944 3367 1000 nonnulla
3405 956 3537 1001 tunc
3559 960 3658 1001 ειν
3702 958 3706 962 ’

2077 1043 2270 1099 pressa
2304 1030 2441 1085 bona
2469 1033 2702 1087 emimus
2728 1041 2888 1103 atque
2916 1035 3260 1100 donavimus,
3282 1037 3538 1112 praefatus
3564 1038 3660 1096 fel.

2077 1121 2289 1177 record.
2323 1121 2387 1176 D.
2423 1121 2550 1179 Pius
2577 1139 2716 1195 papa
2769 1123 2837 1190 ll,
2873 1125 3060 1183 multis
3099 1127 3259 1184 bonis
3301 1131 3664 1200 respectibus,

2076 1225 2141 1266 ex
2171 1229 2239 1267 eo
2268 1214 2565 1282 pratsertim
2591 1215 2732 1286 quod
2783 1216 2837 1270 in
2873 1215 3380 1286 basiliea‘praedicta
3412 1260 3431 1288 ,
3465 1219 3520 1274 in
3552 1235 3659 1293 qua

2078 1305 2321 1360 nonnulli
2353 1305 2541 1363 clerici
2563 1307 2854 1366 saeculares
2875 1309 3123 1366 canonici
3150 1309 3507 1383 prabendarl‘i
3528 1321 3663 1370 tunc

2077 1397 2458 1455 deserviebant
2485 1416 2502 1467 ;
2541 1412 2827 1470 propterea
2869 1403 3014 1474 quod
3041 1404 3255 1462 reditus
3281 1417 3335 1462 et
3365 1414 3661 1477 proventus

2080 1492 2354 1556 dictorum
2386 1495 2776 1550 canonicorum
2800 1496 2953 1553 valde
2980 1498 3158 1570 exigui
3178 1508 3233 1554 et
3263 1507 3460 1556 tenues
3477 1514 3660 1565 erant.

2080 1582 2366 1640 manifeste
2413 1593 2469 1641 et
2511 1594 2701 1654 aperto
2759 1586 3038 1658 neglectus
3067 1598 3122 1643 et
3149 1577 3303 1644 valde
3337 1582 3662 1647 imminutus

2077 1674 2296 1732 divinus
2325 1676 2503 1734 cultus
2534 1686 2678 1746 erat,
2735 1678 2789 1734 in
2836 1678 3060 1734 honoris
3090 1679 3192 1736 Dei.
3225 1681 3650 1738 diminutionem

2078 1778 2133 1825 et
2166 1769 2360 1826 salutis
2395 1772 2699 1826 animarum
2724 1773 3183 1838 parochianorum
3208 1774 3451 1846 ejusdem
3479 1774 3661 1832 eccle-

2077 1859 2172 1912 sia:
2207 1856 2576 1928 prrejudicium
2600 1876 2708 1916 non
2727 1875 2951 1932 parvum
2991 1872 3046 1919 ct
3068 1863 3492 1935 detrimentum;
3525 1865 3658 1922 item

2076 1948 2308 2005 aedilicia
2333 1950 2511 2006 omnia
2543 1952 2698 2022 quasi
2746 1952 2990 2009 ultimam
3032 1955 3383 2014 minabantur
3421 1959 3658 2026 ruinam,

2076 2042 2567 2114 supplicationibus
2603 2044 2762 2118 143
2815 2049 3019 2105 nostris
3064 2049 3379 2120 inclinatus,
3433 2059 3490 2107 ut
3541 2052 3661 2124 ipsa

2079 2134 2302 2190 basilica
2337 2136 2388 2191 in
2423 2135 2627 2194 divinis
2655 2155 2896 2212 congrue
2925 2140 3251 2210 serviretur,
3284 2142 3430 2200 illam
3462 2142 3530 2200 de
3557 2158 3664 2201 stes

2079 2228 2253 2284 culari
2277 2230 2504 2287 ecclesia
2534 2231 2602 2289 ad
2619 2232 2867 2289 ordinem
2884 2231 3143 2315 Fratrum
3171 2223 3438 2292 Minorem
3469 2237 3654 2294 reduci

2079 2323 2386 2391 intendens,
2431 2339 2527 2394 per
2567 2327 2826 2395 quasdam
2852 2327 2988 2385 alias
3031 2344 3158 2384 suas
3186 2330 3396 2388 litteras
3425 2329 3556 2404 Rev.
3589 2330 3656 2389 P.

2079 2413 2196 2471 Dno
2230 2416 2471 2485 .Nicolao
2520 2419 2934 2492 archiepiscopo
2990 2421 3277 2490 Sipontino
3320 2424 3467 2480 dedit
3515 2424 3659 2480 inter

2079 2515 2272 2564 cetera
2314 2511 2368 2568 in
2407 2511 2676 2571 mandatis
2701 2523 2762 2569 ut
2805 2513 2977 2584 ipsam
3019 2507 3658 2588 basilicatu‘prol‘essori-

2078 2601 2351 2659 bus'dicti
2384 2604 2592 2662 ordinis
2634 2605 2886 2670 Fratrum
2928 2607 3200 2667 uiuorum
3232 2598 3558 2667 concederet
3603 2622 3661 2687 et

2080 2695 2136 2751 in
2169 2714 2232 2753 ea
2271 2706 2353 2754 tot
2385 2699 2584 2758 fratres
2636 2687 2948 2760 institueret
2971 2715 3101 2776 quot
3133 2720 3198 2762 ex
3241 2706 3359 2778 ejus
3391 2705 3659 2766 fructibus

2081 2806 2323 2863 congrue
2356 2795 2651 2851 sustentari
2709 2808 2951 2866 possent,
2993 2815 3097 2858 nco
3149 2816 3256 2858 non
3286 2809 3550 2858 statueret
3602 2808 3662 2858 et

2077 2889 2354 2944 ordinaret
2393 2890 2544 2960 quod
2599 2890 2793 2948 omnes
2819 2899 2876 2950 et
2922 2892 3114 2966 singuli
3151 2892 3388 2963 fructus,
3427 2895 3656 2962 reditus,

2068 2991 2373 3052 proventus
2399 3021 2416 3050 ,
2471 2983 2841 3054 possessiones
2892 2995 2949 3042 et
3000 2987 3142 3045 bona
3195 2988 3368 3060 ipsius
3415 2988 3653 3046 basilicas

2081 3073 2410 3140 counnunia,
2443 3090 2506 3132 ac
2532 3075 2620 3133 illa
2646 3091 2766 3148 quae
2793 3077 2860 3133 ad
2890 3078 3272 3135 canonieatum
3327 3088 3381 3137 et
3409 3083 3659 3152 prehen-

2082 3164 2204 3220 dam
2235 3165 2532 3222 cardinalis
2559 3181 2659 3238 pro
2699 3177 2943 3238 tempore
2975 3170 3289 3227 exeistentis
3321 3171 3456 3230 tituli
3499 3172 3662 3229 dicta:

2083 3255 2327 3317 basilicae
2352 3272 2420 3312 ex
2450 3267 2601 3325 tunc,
2625 3256 2734 3314 alia
2761 3273 2891 3316 vero
2907 3275 3029 3330 quae
3050 3260 3116 3316 ad
3141 3260 3276 3319 alios
3303 3263 3660 3320 canonicotus

2080 3347 2469 3418 etprtebendss
2495 3363 2559 3404 ac
2609 3349 2871 3407 lienciicia
2922 3353 3093 3423 ipsius
3142 3353 3378 3413 basilica:
3413 3355 3657 3425 pertine-

2086 3441 2252 3509 bant,
2307 3443 2716 3514 quamprimum
2771 3444 3067 3501 cauonicos
3124 3448 3211 3513 vel
3281 3445 3662 3507 beneficiarios

2065 3535 2325 3606 ejusdem
2353 3535 2592 3592 basilica:
2621 3537 2820 3592 cedere
2851 3537 2935 3592 vel
2963 3537 3229 3595 decedere
3252 3579 3267 3604 ,
3299 3537 3396 3600 aut
3425 3556 3492 3596 es
3519 3541 3660 3600 alias
3762 3577 3768 3580 -

2083 3642 2299 3697 qttoquo
2315 3628 2475 3685 modo
2489 3628 2765 3684 dimittere
2803 3629 3378 3700 contingeret,'eisdem
3401 3632 3663 3694 fratribus

2085 3716 2354 3778 Minorem
2386 3734 2684 3790 eorumque
2709 3718 2886 3776 ordini
2923 3722 3256 3792 applicaret;
3281 3738 3510 3790 quarum
3536 3726 3662 3798 qui-

2083 3813 2205 3868 dem
2235 3814 2598 3883 posteriorum
2627 3814 2934 3874 litterarum
2971 3816 3151 3887 vigore
3176 3817 3434 3887 prafatus
3465 3817 3530 3874 D.
3565 3819 3662 3876 Ni-

2086 3907 2276 3962 colaus
2321 3907 2763 3979 archiepiscopus
2819 3909 3100 3966 basilicam
3157 3910 3334 3980 ipsam
3391 3911 3659 3970 fratribus

2083 4003 2372 4069 concessit,
2402 4016 2465 4056 ac
2497 4003 2684 4058 statuit
2713 4011 2767 4059 et
2799 4002 3094 4072 ordinavit,
3143 4004 3378 4074 fruetus,
3423 4005 3656 4076 reditus,

2085 4107 2400 4166 proventus,
2436 4097 2811 4166 possessiones
2836 4109 2891 4153 et
2909 4097 3050 4156 bona
3104 4101 3356 4176 pradieta
3407 4100 3539 4170 ipsis
3567 4115 3659 4157 eo-

2086 4205 2315 4259 rumque
2344 4190 2521 4249 ordini
2563 4189 2831 4253 Minorom
2864 4193 3151 4262 applicari,
3195 4202 3358 4264 prout
3409 4193 3460 4250 in
3519 4193 3658 4263 ipsis

2075 4286 2481 4356 posterioribus
2521 4285 2621 4342 Dni
2651 4287 2727 4346 Pii
2750 4287 2948 4349 litteris
2971 4297 3028 4344 et
3051 4287 3179 4346 dicti
3205 4286 3409 4344 Nicolai
3443 4287 3658 4342 archie-

2087 4379 2289 4450 piscopi
2319 4392 2573 4449 processu
2592 4379 2822 4450 desuper
2845 4380 3031 4438 habito
3053 4395 3216 4451 super
3243 4381 3365 4437 inde
3396 4379 3660 4438 confectis

2090 4471 2307 4542 plenius
2341 4469 2671 4526 continetur.
2714 4471 2781 4525 Et
2828 4473 3021 4528 deinde
3066 4472 3410 4542 possessione
3431 4470 3653 4540 pacifica

2089 4560 2326 4617 basilica:
2377 4571 2432 4616 et
2485 4561 2891 4631 possessionum
2934 4561 3336 4632 prtedictarum,
3368 4576 3430 4616 ac
3457 4559 3653 4629 iuriam

2086 4669 2153 4709 ac
2209 4653 2658 4724 pertinentiarunt
2713 4656 3028 4711 earumdem
3077 4670 3175 4727 per
3219 4655 3392 4712 dictos
3437 4653 3655 4711 Fratres

2087 4748 2308 4817 adepta,
2345 4761 2447 4803 nos
2468 4747 2526 4803 in
2549 4750 2737 4804 eadem
2775 4748 2975 4818 capella
3005 4754 3244 4802 nostram
3271 4745 3541 4817 elegimus
3561 4761 3653 4810 se-

2092 4842 2362 4913 pulturam
2399 4842 2462 4897 ad
2495 4841 2754 4897 honorem
2793 4849 2850 4898 et
2875 4839 3088 4894 laudem
3127 4838 3514 4909 omnipotentis
3561 4839 3655 4894 Dei

2087 4945 2142 4995 et
2186 4936 2248 4994 Β.
2283 4935 2468 4991 Mariae
2495 4934 2733 5004 Virginis
2757 4974 2773 5002 ,
2813 4931 2935 5002 ejus
2967 4929 3279 4999 Genitricis,
3306 4931 3410 4990 sub
3437 4933 3659 4997 invoca-

2089 5033 2236 5083 tione
2259 5030 2526 5084 dictorum
2558 5025 2659 5083 SS.
2685 5023 2962 5080 Michaelis
2993 5033 3046 5080 et
3063 5022 3290 5082 Joannis
3316 5023 3567 5094 Baptista:
3593 5039 3660 5081 ac

2183 5121 2457 5194 Eugeniar,
2502 5134 2564 5174 ac
2593 5117 2886 5190 cujuslibet
2937 5118 3182 5185 ipsorum
3243 5117 3656 5186 intituiavitmts,

2087 5227 2142 5272 et
2166 5217 2424 5283 deinceps
2458 5212 2726 5268 nominari
2759 5211 3051 5278 volumus;
3093 5221 3384 5282 teneroque
3420 5225 3658 5281 przesen-

2090 5311 2222 5365 tium
2253 5313 2308 5363 et
2335 5306 2662 5362 auctoritate
2693 5303 2990 5371 apostolica
3019 5304 3176 5361 nobis
3206 5304 3263 5358 in
3297 5304 3397 5359 bac
3429 5312 3582 5375 parte
3601 5304 3658 5359 in

2067 5401 2250 5457 'dictis
2279 5399 2550 5471 prioribus
2575 5395 2672 5452 Dni
2717 5396 2798 5452 Pii
2843 5396 3039 5452 litteris
3073 5411 3354 5461 concessa,
3381 5395 3654 5468 eligimus,

2087 5494 2436 5557 dedicamus,
2497 5488 2831 5544 intitulamns
2885 5497 2939 5544 et
2991 5487 3367 5557 nominamus;
3430 5503 3661 5560 qumque

2089 5596 2272 5653 antea,
2300 5586 2554 5640 timentes
2585 5599 2654 5638 ne
2682 5593 2858 5637 morte
2898 5583 3344 5652 prmvenirctmtr,
3380 5599 3477 5654 per
3524 5583 3660 5638 alios

2094 5693 2147 5737 ut
2189 5680 2380 5736 tierent
2417 5675 2788 5733 ordinavitnus
2817 5676 2980 5731 etiam
3029 5675 3081 5734 in
3131 5675 3387 5746 scriptis,
3429 5690 3528 5733 nos
3553 5675 3661 5746 ipsi
