3970 6148
293 294 473 338 ιιςιγ

307 401 402 456 Dei
434 402 854 476 misericordia,
888 409 998 466 vita
1030 414 1186 470 nobis
1211 418 1525 491 prolongata
1546 459 1566 490 ,
1591 423 1677 480 vel
1722 426 1889 494 majo-

305 511 418 551 rem
451 510 659 568 partem
691 518 886 560 eorum
922 509 1351 583 complcvimus;
1386 524 1441 572 et
1479 521 1728 584 quamvis
1763 522 1893 577 olim

306 605 411 658 pro
438 594 565 658 dote
616 597 794 663 ipsius
829 601 1052 671 capelle
1080 606 1320 674 quinque
1370 617 1550 678 partes
1587 626 1652 668 ett
1681 614 1896 670 duode-

305 688 416 743 cim
449 690 699 759 partibus
733 693 1070 765 infrascripti
1107 702 1308 757 casulis
1337 712 1395 758 et
1422 715 1572 760 certa
1625 707 1731 762 alia
1769 718 1897 765 tunc.

307 795 571 852 expressa
605 785 751 841 bona
788 787 943 844 dictat
973 791 1189 861 capellre
1220 794 1624 865 donaverimus,
1653 800 1776 856 ideo
1806 802 1894 857 illa

307 873 610 957 donatione
630 887 686 936 et
710 881 1125 953 quibuscunque
1157 887 1278 942 aliis
1327 890 1698 949 anterioribus
1717 894 1896 948 dona-

309 968 554 1024 tionibus
588 983 639 1026 et
672 973 1050 1034 instrumentis
1077 980 1367 1041 revocatis.
1401 983 1546 1040 banc
1580 985 1898 1056 dispositio-

306 1077 439 1117 nem
476 1074 530 1119 et
553 1066 951 1126 ordinationem
979 1082 1232 1143 tanquam
1274 1074 1619 1135 l'eeundiores
1652 1078 1722 1136 de
1749 1095 1895 1138 novo

307 1156 552 1214 facimus
592 1171 646 1215 ct
683 1163 1018 1221 ordinamus.

387 1251 454 1308 Et
491 1254 544 1308 in
605 1257 822 1328 primis,
873 1265 1121 1329 personis
1159 1266 1210 1321 in
1267 1268 1410 1325 dicta
1441 1269 1692 1333 basilica.
1754 1272 1894 1327 sicut

304 1349 629 1412 prmfcrtur,
663 1353 885 1408 mutatis
913 1363 968 1408 et
1011 1357 1259 1425 ampliori
1304 1361 1571 1416 bonorum
1613 1362 1774 1435 144
1812 1362 1893 1418 fa-

305 1447 517 1504 unitate
537 1451 704 1518 nobis
727 1470 756 1509 a
787 1455 894 1511 Deo
930 1463 1206 1517 concessa,
1243 1463 1462 1525 propter
1495 1471 1656 1526 quam
1692 1459 1894 1516 delibe-

302 1544 560 1599 rarimus
593 1547 789 1604 dictam
817 1552 1079 1620 capellam
1113 1555 1305 1626 majori
1340 1567 1386 1608 et
1435 1555 1734 1614 fecundiori
1768 1559 1895 1614 dote

305 1651 483 1706 quam
515 1640 666 1710 prius
715 1642 962 1711 fecimus,
1003 1647 1214 1715 dotare,
1237 1649 1381 1706 unde
1413 1660 1464 1707 et
1517 1654 1736 1709 Fratres
1765 1655 1890 1710 dicti

301 1731 523 1790 ordinis
553 1733 1020 1810 Minorum,qnos
1059 1741 1112 1798 in
1156 1741 1268 1808 ipsa
1314 1745 1518 1814 capella
1548 1748 1684 1804 infra
1731 1748 1892 1806 insti-

303 1827 541 1898 tuimus,
588 1845 655 1887 ex
709 1848 770 1887 ea
817 1843 874 1887 et
919 1850 1018 1902 pro
1055 1837 1175 1906 ejus
1225 1839 1487 1896 oneribus
1528 1841 1893 1910 inirascriptis

304 1923 753 1982 commoditatem
799 1927 1035 1999 aliquam
1086 1931 1138 1987 in
1183 1945 1504 2005 perpetuum
1553 1939 1890 2007 suscipiant;

301 2017 395 2073 vel
429 2018 477 2074 si
525 2035 634 2090 quo
683 2037 809 2078 cast:
861 2025 1151 2094 aliquando
1177 2028 1522 2099 contingeret
1561 2031 1704 2100 quod
1765 2033 1892 2087 dicti

308 2112 544 2170 Fratres
585 2117 651 2168 ab
681 2116 867 2172 eadem
911 2119 1136 2175 basilica
1163 2121 1492 2179 decederent
1523 2139 1752 2196 eamque
1805 2125 1889 2180 di-

307 2206 622 2274 mitterent,
659 2224 722 2264 ae
755 2211 869 2280 ipsa
917 2213 982 2268 ad
1014 2213 1335 2271 clericorum
1385 2217 1715 2288 regularium
1747 2219 1896 2289 regi-

302 2316 437 2358 men
478 2304 853 2372 reduceretur,
885 2316 945 2361 ut
989 2319 1114 2364 tunc
1141 2319 1194 2364 ct
1227 2323 1293 2364 eo
1322 2325 1450 2366 casu
1490 2311 1600 2368 duo
1629 2313 1890 2383 capellani

303 2394 364 2450 in
395 2411 460 2451 ea
501 2393 654 2462 juxta
688 2397 1082 2453 ordinationem
1111 2399 1510 2474 infrascriptam
1553 2403 1889 2475 instituendi,

302 2474 552 2542 habeant
584 2493 727 2543 unde
751 2489 1010 2547 decenter
1039 2492 1222 2550 vivere
1249 2506 1303 2550 et
1335 2511 1396 2553 se
1434 2508 1740 2554 sustentare
1767 2513 1893 2568 pos-

304 2583 422 2637 sint
459 2593 515 2638 et
548 2585 784 2652 valeant,
836 2588 1160 2645 volumus-et
1184 2591 1633 2660 tle-liberavimus,
1661 2593 1711 2649 id
1749 2595 1892 2662 quod

303 2677 472 2745 longe
506 2685 749 2747 tempore
798 2696 1010 2736 summe
1055 2684 1514 2752 desideravimus,
1562 2689 1789 2758 exsequi
1837 2698 1894 2746 ct

302 2770 567 2840 implere,
613 2773 864 2831 videlicet
896 2776 1067 2844 ipsam
1102 2779 1367 2846 capellam
1421 2781 1579 2838 nobis
1613 2783 1792 2838 adhuc
1839 2784 1893 2838 iu

303 2865 570 2920 immanis
603 2867 892 2938 agentibus
944 2869 1276 2939 sulﬁcienter
1312 2888 1413 2944 pro
1458 2875 1896 2934 deservientibus

300 2956 490 3011 cidem
520 2958 710 3015 dotare
743 2975 805 3017 ac
848 2963 1128 3033 calicibus,
1151 2965 1325 3030 libris,
1357 2969 1687 3036 paramentis
1704 2980 1756 3025 et
1775 2969 1895 3028 aliis

299 3049 709 3109 ceclesiasdcis
761 3059 1100 3113 ornamentis
1157 3059 1338 3117 divino
1388 3061 1556 3118 cultui
1608 3066 1750 3134 aptis
1799 3065 1896 3121 deo

304 3153 508 3198 center
525 3143 716 3202 fulcire
737 3156 793 3204 et
823 3165 1044 3206 ornare.

382 3237 750 3309 Quapropter,
809 3252 1154 3310 revocantes,
1193 3254 1254 3302 ttt
1280 3249 1596 3318 praedictum
1633 3260 1735 3315 est.
1772 3267 1895 3307 om-

303 3345 412 3388 nes
434 3344 488 3387 et
517 3333 761 3404 singulas
790 3337 1184 3404 ordinationes,
1219 3340 1531 3398 delationes
1571 3353 1624 3399 et
1669 3358 1896 3401 conces-

308 3427 529 3494 siones,
561 3439 764 3498 przetcr
791 3430 1174 3501 lnirascriptas
1201 3449 1299 3506 per
1323 3451 1421 3492 nos
1455 3437 1599 3492 circa
1629 3439 1808 3494 dotem
1841 3447 1894 3495 et

305 3521 458 3575 bona
496 3535 837 3593 qtuecunque
877 3524 1097 3579 mobilia
1128 3536 1180 3581 et
1211 3527 1513 3584 immobilia
1542 3530 1647 3601 ipsi
1677 3531 1898 3602 capella

302 3615 724 3681 quomodolibet
751 3615 947 3684 factas,
991 3619 1060 3674 de
1089 3619 1290 3688 quibus
1339 3638 1484 3678 nunc
1511 3633 1566 3678 et
1610 3622 1664 3679 in
1713 3634 1894 3695 poste-

305 3725 434 3764 rum
466 3706 700 3765 fortasse
737 3723 958 3780 quoque
987 3711 1150 3768 modo
1167 3725 1418 3770 constare
1453 3725 1655 3786 posset,
1687 3726 1896 3773 attento

307 3804 624 3873 prasertim
681 3807 824 3875 quod
878 3805 1038 3861 nobis
1092 3817 1422 3879 potestatem
1478 3810 1604 3865 talia
1660 3812 1798 3866 bona
1841 3815 1892 3868 iu

299 3895 533 3949 utiliora
571 3906 627 3950 et
675 3894 1040 3953 fructuosiora
1083 3902 1457 3956 commutandi
1503 3903 1586 3957 vel
1622 3905 1893 3961 alienandi

305 4001 532 4056 semper
575 3989 998 4056 reservas-imus,
1039 3991 1122 4044 vel
1174 3993 1366 4048 saltem
1407 3992 1527 4049 abice
1579 4005 1766 4050 nostra
1807 3995 1896 4051 iu-

311 4081 488 4138 leutio
519 4080 707 4142 fuerit,
734 4083 990 4154 quodque
1024 4083 1078 4138 in
1113 4083 1306 4141 melius
1327 4095 1377 4139 et
1411 4084 1779 4142 abundantius
1802 4103 1897 4159 per

309 4174 412 4229 Dei
441 4174 674 4246 gratiam
715 4175 898 4230 omnia
944 4174 1207 4246 disposita
1249 4184 1304 4231 ct
1330 4177 1580 4232 ordinata
1617 4186 1766 4245 sunt,
1819 4190 1898 4235 te-

308 4282 452 4326 nore
478 4267 828 4338 praesentium
863 4285 927 4324 ex
968 4285 1133 4336 nunc,
1159 4285 1235 4326 ex
1273 4280 1455 4326 nostra
1491 4286 1639 4327 mera
1665 4274 1894 4330 scicntia

294 4371 362 4416 et
406 4360 730 4418 liberalitate
749 4375 814 4415 ac
838 4370 1136 4428 spontanee
1181 4362 1478 4428 voluntate,
1508 4365 1574 4417 ad
1612 4364 1896 4432 honorem,

304 4454 541 4523 gloriam
597 4462 653 4509 et
697 4452 911 4508 laudem
959 4455 1350 4521 outntpoteutis
1402 4455 1531 4520 Dei,
1593 4455 1656 4512 Β.
1714 4457 1898 4515 Maria:

310 4547 575 4619 Virginis,
610 4547 728 4616 ejus
761 4548 1076 4613 Geuitrieis,
1108 4547 1210 4606 SS.
1246 4546 1524 4606 Michaelis
1547 4559 1608 4607 et
1670 4551 1898 4610 Joannis

307 4640 591 4704 Baptistae,
660 4648 725 4696 ac
782 4641 840 4698 S.
908 4643 1198 4712 Eugeniae,
1245 4643 1507 4701 omnibus
1557 4645 1892 4710 melioribus,

306 4733 498 4796 modo,
525 4733 632 4801 via,
669 4732 807 4802 jure,
842 4750 1006 4790 causa
1041 4743 1098 4790 et
1139 4735 1345 4800 forma,
1382 4739 1585 4808 quibus
1619 4738 1812 4798 melius
1843 4748 1895 4793 et

307 4826 589 4883 etiieacius
617 4842 907 4896 possumus
953 4839 1009 4883 et
1035 4828 1318 4897 debemus,
1344 4829 1612 4900 capellam
1656 4831 1896 4901 praedic-

309 4933 425 4974 tam
441 4921 907 4988 possessionibus,
942 4921 1100 4995 bonis
1141 4931 1197 4976 et
1228 4921 1392 4978 rebus
1428 4922 1796 4995 iit-trascriptls
1823 4939 1894 4980 ex

310 5030 459 5070 nunc
486 5021 548 5070 et
603 5015 656 5068 in
712 5023 1026 5084 perpetuum
1052 4991 1346 5082 donamus,
1380 5030 1582 5085 easque
1618 5027 1671 5071 et
1718 5032 1779 5072 ea
1804 5031 1898 5072 ea-

310 5106 467 5175 pella:
496 5106 764 5175 praedictae
789 5105 846 5160 in
879 5109 1057 5161 dotem
1109 5116 1424 5177 perpetuam
1460 5123 1617 5178 pure,
1654 5109 1823 5164 libere
1840 5117 1898 5164 et

307 5195 636 5266 simpliciter
664 5203 730 5254 ex
764 5213 912 5254 nunc
946 5197 1232 5265 donamus,
1267 5199 1649 5274 transierimus
1673 5209 1725 5256 et
1761 5201 1898 5256 assi-

308 5304 568 5360 gnamus.
599 5290 654 5345 ln
687 5289 878 5359 primis
900 5301 1078 5346 autem
1114 5291 1380 5348 donamus
1402 5291 1598 5347 dictam
1633 5295 1895 5362 capellam

307 5391 368 5438 et
397 5383 448 5438 ei
483 5381 537 5437 in
573 5382 752 5437 dotem
785 5390 1097 5454 perpetuam
1131 5385 1339 5449 damus,
1357 5391 1412 5438 et
1432 5399 1495 5439 ex
1517 5400 1658 5439 nunc
1687 5389 1896 5441 consti-

309 5474 518 5544 tuimus
549 5483 721 5530 totum
745 5475 1016 5546 integrum
1050 5475 1234 5531 casale
1261 5483 1512 5530 vocatum
1549 5474 1707 5531 delia.
1741 5477 1895 5533 Cico-

305 5572 473 5643 gnola
503 5587 638 5627 non
665 5579 721 5626 et
758 5570 878 5640 ejus
902 5581 1076 5627 totum
1123 5581 1184 5627 et
1217 5573 1484 5642 integrum
1515 5572 1890 5640 tenimen-tum,

308 5662 460 5735 quod
489 5674 703 5719 constat
737 5677 806 5718 ex
837 5661 1120 5717 duodecim
1144 5663 1318 5718 unciis
1353 5663 1747 5734 principalibus
1771 5681 1898 5736 par-

305 5755 458 5813 tibus
503 5757 674 5829 ipsius
704 5755 903 5814 casalis
933 5767 988 5812 et
1015 5755 1138 5827 ejus
1162 5757 1448 5813 tenimenti
1495 5770 1722 5828 pernos
1768 5773 1895 5814 suc-

308 5847 519 5918 cessive
546 5849 748 5920 emptis
802 5864 834 5905 a
882 5847 1116 5907 diversis
1165 5848 1434 5918 personis,
1487 5859 1546 5906 ut
1598 5851 1886 5917 sequitur:

1027 300 1328 371 ALOYSII
1363 306 1716 375 BANDINII
1757 313 2394 390 COMMENTARIUS.
2441 353 2511 365 -
2544 329 2947 400 APPENDIX.

3379 352 3580 400 LXXXV!

2003 428 2244 491 Emimus
2291 438 2436 492 enim
2476 456 2638 497 unam
2693 448 2910 502 tertiam
2946 455 3152 518 partem
3198 454 3439 527 quinque
3475 475 3582 514 un-

2005 531 2216 585 ciarum
2248 530 2421 602 ipsius
2444 537 2640 594 casulis
2666 548 2720 592 ct
2758 541 2876 610 ejus
2919 545 3202 600 teuimenti
3229 559 3258 602 a
3286 548 3404 605 Dea”
3445 546 3580 608 Bar-

1998 621 2294 684 tltolomea,
2345 629 2453 682 lilia
2505 633 2778 700 quondam
2837 633 3032 692 Palutii
3080 636 3319 707 (iactate,
3350 651 3407 697 ct
3443 643 3580 700 duas

2001 716 2136 771 alias
2169 719 2328 792 155
2359 735 2544 793 partes
2578 730 2892 783 earumdem
2925 726 3161 801 quinque
3203 736 3486 792 unciatim
3511 719 3597 794 ab-

2000 810 2226 868 honesta
2258 811 2371 869 Dua
2399 815 2658 888 Jenepra,
2695 821 2888 878 relicta
2919 828 3193 892 quondam
3223 827 3443 884 Tltouue
3477 829 3582 886 Ceo

1997 913 2114 959 sate
2162 906 2228 960 de
2262 905 2471 973 l-‘mcis,
2512 921 2688 969 matre
2714 923 2773 970 ct
2802 917 2994 972 tntricc
3017 916 3274 976 Marianae
3301 931 3350 974 et
3382 918 3584 980 Catlrttb~

1998 997 2153 1065 ritur,
2182 999 2413 1057 ﬁliarum
2447 1003 2576 1058 dicti
2608 1003 2863 1073 Thomas;
2921 1025 2983 1066 ac
3026 1018 3159 1072 duas
3194 1015 3328 1070 alias
3382 1017 3578 1075 uncias

1997 1099 2051 1143 et
2099 1094 2329 1149 mediam
2390 1111 2418 1150 a
2484 1099 2706 1167 praefata
2769 1099 3105 1173 Camerina,
3171 1108 3278 1165 lilia
3334 1111 3577 1176 praedicti

2000 1181 2245 1249 Tboutm,
2278 1197 2334 1242 et
2375 1185 2709 1264 Hieronymo
2741 1209 2798 1262 q.
2833 1193 3108 1252 Laurentii
3137 1196 3292 1255 Pauli
3337 1203 3577 1274 ejusdem

1996 1277 2306 1335 Catberiute
2332 1283 2553 1347 marito,
2581 1285 2747 1352 'pront
2783 1287 2836 1342 in
2872 1291 3047 1344 tribus
3083 1292 3459 1351 insuumcutis
3479 1305 3580 1365 pu-

1997 1371 2155 1427 blicis
2203 1372 2437 1446 desuper
2499 1378 2760 1436 confectis
2808 1393 2859 1437 et
2897 1397 2994 1450 per
3040 1384 3339 1442 discretum
3399 1389 3575 1444 virum

1999 1457 2216 1516 Petrum
2274 1465 2344 1520 de
2409 1465 2651 1537 Milliuis,
2697 1454 2970 1527 notarium
3002 1475 3277 1544 publicum
3305 1480 3370 1536 de
3430 1477 3580 1536 Urbe

1996 1553 2342 1626 subscriptis,
2401 1561 2703 1630 rcspective
2756 1565 2973 1633 plenius
3046 1569 3379 1628 continetur.
3443 1571 3577 1629 item

1994 1646 2227 1703 emimus
2263 1648 2428 1704 etiam
2467 1651 2601 1707 duas
2633 1653 2769 1709 alias
2804 1658 2995 1712 uncias
3020 1668 3074 1715 et
3096 1661 3333 1717 mediam
3358 1679 3385 1716 a
3409 1662 3582 1718 Fran-

1995 1742 2142 1796 cisco
2189 1740 2412 1796 Abbatis
2459 1739 2686 1798 Joannis
2719 1747 2783 1799 de
2837 1744 3268 1816 Framapanibns
3320 1751 3389 1805 de
3436 1752 3577 1806 Bra-
3633 1771 3635 1773 ί

1996 1834 2214 1900 cbiano,
2242 1834 2438 1887 marito
2469 1834 2626 1889 dictu:
2660 1834 2934 1901 Marinum,
2959 1852 3024 1892 ac
3056 1840 3192 1894 duas
3231 1839 3365 1894 alias
3390 1839 3580 1896 uncias

1994 1926 2065 1982 ab
2094 1927 2324 1982 benesto
2341 1927 2458 1983 viro
2477 1925 2645 1983 Paulo
2667 1931 2731 1984 de
2751 1930 2961 1999 Fascis,
2989 1931 3105 1986 cive
3135 1929 3400 1998 Romano,
3415 1942 3582 2004 prout

1995 2023 2047 2078 in
2075 2025 2284 2080 duobus
2305 2023 2686 2081 instrumentis
2712 2023 2942 2095 publicis
2965 2039 3062 2095 per
3087 2025 3381 2092 diserettnn
3400 2025 3578 2082 tirum

1993 2117 2215 2171 Petrum
2245 2117 2310 2171 de
2337 2116 2695 2188 Caputgallis,
2725 2120 2995 2173 notarium
3029 2119 3300 2188 publicum
3314 2119 3385 2174 de
3404 2119 3578 2186 Urbe,

1995 2210 2340 2282 subscriptis,
2373 2212 2536 2266 etiam
2581 2212 2880 2282 respective
2906 2213 3121 2282 plenius
3152 2215 3484 2271 continetur.
3514 2215 3579 2272 Et

1996 2301 2050 2358 in
2079 2303 2424 2359 venditiones
2455 2305 2740 2373 praedictas
2789 2320 2818 2359 a
2846 2306 3090 2376 “prmlato
3146 2307 3446 2364 Francisco
3473 2323 3579 2379 pro

1993 2397 2204 2452 duabus
2237 2407 2289 2451 ct
2332 2398 2531 2463 media,
2561 2407 2617 2453 et
2651 2415 2679 2452 a
2735 2400 2896 2454 dictis
2927 2397 3257 2472 Hieronymo
3285 2409 3339 2456 et
3377 2401 3578 2457 Catbe~

1995 2493 2113 2545 rina
2151 2506 2248 2562 pro
2271 2492 2394 2547 aliis
2425 2492 2632 2547 duabus
2678 2502 2732 2547 et
2777 2491 2950 2548 media
2985 2494 3162 2549 unciis
3199 2494 3373 2550 factas
3416 2495 3580 2551 dictae

1995 2581 2242 2656 Jenepra:
2272 2598 2336 2640 ac
2357 2583 2623 2640 dietorum
2651 2583 2928 2640 Fraucisci
2951 2625 2967 2651 ,
2994 2584 3308 2658 llicrouymi
3328 2628 3345 2654 ,
3373 2585 3580 2641 Catlteo

1996 2678 2128 2733 rium
2153 2687 2206 2732 et
2243 2677 2518 2740 Marianae,
2550 2693 2782 2748 quarum
2809 2679 2978 2734 altera
3002 2679 3158 2734 alteri
3185 2682 3237 2735 lu
3263 2681 3418 2738 bouis
3451 2688 3578 2752 post

1996 2779 2224 2825 mortem
2266 2772 2530 2836 succedit,
2589 2780 2809 2826 mutuus
2840 2785 3134 2842 expressus
3174 2790 3475 2832 consensus
3519 2785 3578 2832 et

1996 2863 2292 2919 ratiﬁeatio
2322 2874 2693 2930 accesserunt,
2717 2879 2877 2936 prout
2911 2881 2974 2922 ex
3001 2867 3176 2923 tribus
3197 2869 3583 2928 instrumentis

1995 2958 2227 3029 publicis
2257 2959 2493 3028 desuper
2526 2960 2811 3022 confectis,
2835 2968 2890 3014 et
2913 2975 3010 3031 per
3036 2947 3300 3018 Joannem
3329 2963 3395 3019 de
3410 2963 3578 3020 lices-

1993 3051 2174 3115 boem,
2207 3059 2332 3106 nota
2345 3051 2482 3105 rium
2511 3051 2785 3122 publicum
2806 3051 3580 3125 iutrascriptnm,subscriptis

1994 3146 2295 3216 respemire
2319 3148 2649 3203 continetur.
2683 3146 2751 3203 Et
2808 3151 2876 3204 de
2920 3149 3042 3219 jure
3076 3152 3374 3222 supradicti
3421 3151 3578 3209 Pauli

1995 3241 2062 3298 de
2085 3241 2270 3299 Fuscls
2301 3241 2368 3296 ad
2418 3243 2598 3297 dictas
2625 3241 2757 3296 duas
2793 3244 2986 3299 uncias
3025 3244 3204 3312 nobis,
3245 3254 3304 3300 ut
3351 3245 3578 3316 prmium

1979 3331 2108 3400 'tur,
2141 3351 2236 3404 per
2268 3350 2392 3390 etttn
2419 3351 2517 3389 ven
2542 3335 2662 3390 litas
2690 3343 2903 3391 constat
2927 3337 3085 3407 plene
3120 3353 3184 3394 ex
3211 3341 3574 3398 instrumento

1994 3429 2282 3497 emptionis
2307 3429 2612 3484 earumdem
2646 3430 2926 3486 nnciaruzu
2969 3432 3227 3500 praedicto
3247 3431 3412 3489 Paulo
3431 3444 3487 3490 et
3515 3451 3586 3503 σι.-

1997 3507 2162 3608 Pctrq'
2195 3524 2262 3578 de
2296 3522 2510 3588 Fuscis,
2543 3525 2629 3578 cui
2657 3522 2917 3595 praefatus
2950 3524 3150 3582 Paulus
3175 3528 3235 3581 in
3267 3527 3424 3583 bonis
3449 3543 3575 3583 suc-

1995 3616 2161 3675 cessit
2214 3631 2312 3688 per
2344 3617 2640 3672 discretum
2674 3619 2848 3672 virum
2905 3618 3258 3676 Laurentium
3294 3619 3580 3690 Venantii,

1993 3712 2275 3768 notarium
2327 3710 2394 3766 de
2455 3709 2620 3776 Urbe,
2647 3710 2978 3783 subscripto.
3011 3712 3140 3780 Quae
3165 3728 3354 3771 omnes
3401 3719 3580 3774 uncia

1995 3802 2095 3868 sic,
2126 3814 2187 3858 ut
2210 3805 2516 3872 praefertur,
2544 3820 2638 3872 per
2663 3820 2762 3860 nos
2785 3817 2976 3875 emptae
2997 3807 3338 3862 constituunt
3367 3809 3575 3864 dictum

1993 3894 2178 3951 casale
2210 3895 2262 3948 di
2288 3894 2579 3966 Cicognola
2610 3910 2745 3949 nova
2779 3903 2832 3949 et
2861 3897 2983 3966 ejus
3011 3898 3370 3954 tenimcntum
3403 3909 3578 3956 totum

1989 4001 2051 4050 et
2077 3993 2343 4060 integrum
2372 4005 2470 4060 per
2504 4005 2622 4050 nos.
2659 3999 2718 4045 ut
2747 3991 3092 4059 praemittitur
3114 4030 3130 4058 ,
3163 3991 3216 4044 in
3240 3991 3417 4047 dotem
3449 4009 3576 4064 per-

1993 4096 2211 4156 petuam
2232 4085 2391 4139 dictae
2415 4082 2642 4153 capella:
2661 4084 2869 4136 datum.
2895 4081 3050 4148 Quod
3080 4083 3295 4153 quidem
3321 4085 3499 4140 casale
3517 4097 3574 4141 et

1995 4179 2115 4250 ejus
2152 4179 2509 4232 tenimcntum
2545 4175 2780 4246 positum
2807 4182 2891 4230 est
2936 4175 2990 4230 in
3051 4177 3326 4231 territorio
3383 4177 3571 4244 Urbis.

1994 4282 2148 4327 extra
2182 4279 2390 4339 portant
2420 4270 2668 4340 Appiam,
2705 4268 2758 4324 itt
2817 4268 3063 4338 partibus
3091 4269 3253 4334 Latii,
3288 4270 3427 4326 inter
3470 4272 3594 4338 bos

2000 4366 2178 4420 lines:
2218 4364 2308 4418 cui
2363 4363 2432 4416 ab
2473 4379 2582 4417 uno
2613 4363 2784 4418 latere
2814 4372 2961 4419 tenet
3001 4372 3054 4418 et
3091 4374 3174 4419 est
3220 4365 3575 4423 tenimentum

1993 4457 2194 4514 casalis
2226 4456 2284 4511 S.
2323 4456 2531 4523 Alexii;
2564 4455 2631 4510 ab
2666 4456 2772 4510 alio
2801 4455 3158 4511 tenimentum
3193 4457 3392 4514 casalis
3417 4458 3576 4512 Cico-

1995 4555 2170 4627 μέθεπε
2191 4554 2392 4610 veteris
2423 4553 2528 4620 ;ab
2555 4551 2658 4606 alio
2683 4553 3036 4607 tenimeutum
3067 4552 3264 4607 casalis
3294 4553 3570 4624 Pignotti;

1995 4649 2133 4704 etab
2155 4647 2261 4700 aiio
2290 4655 2440 4701 tenet
2463 4654 2518 4701 et
2539 4652 2622 4700 est
2646 4646 3007 4700 tenimeutum
3038 4645 3237 4701 casalis
3268 4644 3309 4699 ὃ
3347 4644 3574 4702 Joannis

1993 4750 2124 4797 ante
2147 4741 2370 4797 Portam
2404 4739 2649 4793 Latinam
2680 4738 2799 4808 ;\-el
2829 4738 2874 4794 si
2919 4737 3011 4806 qni
3036 4737 3148 4793 sint
3179 4749 3272 4793 aut
3305 4753 3431 4794 esse
3447 4755 3573 4808 pos-

1997 4845 2124 4891 sum
2158 4833 2340 4904 plures
2379 4840 2474 4886 aut
2526 4832 2770 4886 veriores
2804 4829 3048 4885 contines
3081 4829 3290 4900 antiqui
3335 4838 3398 4886 et
3454 4847 3574 4887 uto-

1995 4926 2151 4980 derni
2213 4926 2276 4980 ad
2331 4922 2611 4995 pra'l'atum
2642 4921 2822 4977 casale
2878 4923 2946 4977 de
2985 4921 3276 4988 Cicognola
3306 4937 3464 4990 nova,
3517 4935 3572 4978 et

1995 5019 2115 5087 ejus
2145 5018 2504 5090 tudinemqu
2540 5020 2870 5081 spectantes,
2900 5021 3017 5066 tam
3047 5012 3116 5066 de
3141 5010 3266 5080 jure
3303 5027 3472 5081 (ptum
3504 5015 3572 5068 de

1995 5107 2412 5169 consuetudine,
2447 5103 2849 5158 communibus
2881 5111 2935 5155 et
2965 5102 3191 5172 singulis
3217 5101 3571 5170 terriscultis,

1997 5195 3393 5268 in—cultis,pratis,prataritiis.pascu:triistmontibus,
3415 5196 3574 5252 colli-

1997 5297 2116 5360 bus,
2135 5291 2423 5361 stirpartis,
2460 5291 2636 5359 aquis,
2660 5288 2820 5362 ιω
2852 5288 3088 5343 fontiluts
3117 5298 3172 5342 et
3195 5303 3457 5356 aquarum
3477 5289 3575 5346 dea.»

1987 5387 2244 5442 cursibus
2263 5385 2579 5452 czeterisque
2592 5382 2808 5450 juribtts
2841 5389 2895 5434 et
2919 5379 3258 5449 pertinentiis
3283 5378 3570 5436 universis.

2065 5477 2083 5532 l
2110 5493 2195 5532 cm
2228 5475 2481 5530 similiter
2518 5473 2572 5528 iu
2602 5473 2783 5527 dotem
2832 5480 3150 5540 perpetuam
3181 5485 3248 5525 ex
3301 5486 3444 5525 nunc
3472 5471 3570 5525 do-

1994 5585 2190 5626 namus
2217 5577 2266 5624 et
2311 5566 2694 5623 constituimus
2729 5563 2885 5631 dicta:
2916 5563 3136 5633 capellae
3166 5562 3459 5635 quamdnn
3494 5561 3576 5617 vi~

1995 5678 2155 5721 beam
2193 5673 2399 5733 septem
2433 5658 2702 5728 petieram
2739 5656 2861 5727 plus
2887 5655 2972 5711 vel
3023 5655 3204 5711 minus
3231 5666 3433 5726 quanta
3468 5664 3574 5722 est,

1999 5755 2254 5813 videlicet
2305 5753 2495 5808 vitium
2554 5761 2609 5808 et
2664 5749 2922 5806 arborum
2977 5748 3144 5820 ipsius
3201 5764 3324 5804 cum
3375 5763 3575 5814 vasca,

2003 5848 2222 5914 vascali,
2265 5845 2398 5914 tino,
2428 5843 2593 5901 statio
2627 5854 2680 5900 et
2708 5850 2874 5912 puteo
2911 5839 3177 5922 intratae,
3207 5849 3261 5898 et
3295 5841 3414 5898 aliis
3446 5841 3569 5908 ejus
