3970 6148
326 317 548 364 txvxm

326 416 542 485 jur'lms
590 421 645 467 et
680 410 1079 480 'pertinentiis;
1129 422 1294 481 quam
1336 408 1555 461 vineam
1603 404 1837 458 emimus
1886 415 1914 453 a

252 572 257 577 _
338 510 449 563 Dna
478 509 638 568 Cilla,
669 507 772 560 ﬁlia
804 506 1074 571 quondam
1122 501 1364 568 magistri
1417 497 1647 555 Joannis
1674 492 1917 551 Barberii

333 601 407 660 de
436 600 656 672 regione
679 599 886 660 Poetis,
920 606 1048 653 tunc
1076 610 1250 651 uxore
1270 592 1504 648 Nanuini
1536 586 1918 644 Bartbolotnaei

334 694 403 748 de
455 693 693 750 Chechis
748 694 813 747 de
858 691 1124 756 Bononia,
1178 704 1303 745 cum
1349 678 1621 743 consensu
1675 681 1921 751 ejusdem

335 786 600 851 Nannini,
632 798 792 857 prout
823 788 876 840 in
910 786 1274 840 instrumento
1324 782 1556 847 desuper
1582 776 1839 832 confecto
1868 781 1924 828 et

339 894 438 949 per
486 878 713 933 Paulum
746 877 973 933 Joannis
1032 875 1249 929 Antonii
1299 874 1365 928 de
1398 868 1705 940 Capitibus,
1762 873 1921 920 nota-

339 972 477 1026 rium
512 970 841 1053 ἰιηριιιέξηῑεεη
881 972 946 1024 de
972 969 1133 1031 Urbe.
1172 964 1499 1033 subscripta,
1545 962 1759 1035 plenius
1793 974 1927 1014 eon-

344 1065 570 1117 tinetur.
613 1064 681 1118 Et
704 1077 822 1130 quae
851 1063 1007 1116 vinea
1039 1062 1213 1132 posita
1252 1066 1335 1114 est
1358 1056 1499 1112 infra
1524 1056 1724 1110 rumpia
1754 1052 1924 1115 urbis,

344 1158 400 1212 in
432 1157 551 1213 loco
607 1156 701 1226 qui
736 1156 938 1211 dicitur
966 1153 1024 1209 S.
1073 1154 1292 1209 Caesarii
1360 1153 1413 1206 in
1446 1150 1630 1213 Turri,
1665 1147 1764 1204 sub
1802 1159 1930 1216 pro.

346 1252 578 1320 prietate
608 1251 853 1321 ejusdem
887 1249 1201 1302 monasterii
1261 1246 1317 1300 S.
1352 1243 1573 1299 Caesarii
1602 1230 1928 1309 atl-respon-

347 1345 587 1400 dendum
640 1346 815 1399 eidem
867 1344 1029 1398 annis
1068 1342 1301 1411 singulis
1339 1350 1581 1407 tempore
1631 1334 1931 1390 vindemia-

350 1452 468 1491 rum
504 1438 641 1493 duas
666 1436 960 1493 caballatas
980 1451 1104 1489 cum
1133 1435 1355 1489 dimidia
1385 1432 1546 1486 musti
1571 1429 1756 1484 mundi
1786 1428 1932 1497 quod

352 1532 659 1587 excreverit
688 1546 753 1586 ex
786 1530 930 1585 dicta
958 1530 1139 1595 vinea,
1162 1538 1214 1583 et
1244 1543 1405 1583 unam
1432 1534 1681 1595 quartam
1707 1536 1932 1576 uvarum

260 1668 271 1683 κ
356 1639 508 1679 more
534 1624 780 1680 Romano
811 1625 954 1680 inter
980 1624 1080 1678 bos
1109 1620 1279 1686 lines;
1320 1620 1407 1676 cui
1436 1621 1503 1674 ab
1526 1634 1633 1673 uno
1666 1619 1832 1671 latere
1851 1622 1935 1669 est

358 1720 564 1771 dictum
599 1720 1033 1784 monasterium;
1075 1724 1200 1769 ante
1249 1724 1331 1769 est
1371 1721 1543 1768 strata
1591 1710 1838 1780 publica;
1873 1707 1941 1761 ab

362 1812 470 1867 alio
502 1813 672 1866 latere
723 1823 863 1867 tenet
912 1818 966 1866 et
1016 1820 1141 1865 sunt
1182 1825 1265 1863 res
1312 1808 1587 1863 societatis
1623 1805 1941 1860 Fraticello-

365 1924 486 1964 rutn
548 1907 689 1961 tertii
749 1906 965 1970 ordinis
1002 1903 1062 1959 S.
1105 1903 1365 1958 Dominici
1399 1903 1463 1957 de
1500 1910 1682 1956 monte
1726 1898 1945 1969 Magna-

368 2004 583 2073 napoli;
636 2003 702 2055 ab
731 2003 840 2056 alio
889 2002 1055 2054 latere
1092 2007 1321 2054 tenetct
1368 2006 1497 2052 sunt
1544 2011 1629 2049 res
1665 1993 1942 2049 Thomasii

364 2096 430 2148 de
452 2093 732 2148 Cesariuis
752 2110 767 2158 ;
786 2091 865 2148 vel
893 2091 938 2147 si
969 2091 1062 2163 qui
1092 2099 1219 2145 sunt
1240 2096 1333 2143 aut
1361 2101 1483 2143 esse
1510 2096 1739 2157 possunt
1762 2084 1948 2153 plut-es

363 2188 712 2243 autveriorcs
740 2188 987 2241 contines
1011 2183 1219 2253 antiqui
1262 2183 1350 2239 vel
1383 2179 1628 2237 moderni
1661 2178 1727 2233 ad
1747 2176 1945 2232 dietam

365 2283 580 2338 vineam
639 2289 950 2350 spectantes
1013 2294 1108 2333 seu
1165 2278 1501 2349 pertinentes
1552 2285 1658 2329 tam
1727 2271 1951 2342 de‘jure

371 2379 628 2446 quamde
669 2374 1105 2436 consuetudine;
1145 2388 1270 2427 eum
1316 2371 1575 2428 omnibus
1618 2379 1675 2424 et
1722 2367 1950 2435 singulis

368 2468 703 2536 iutroitibus,
749 2466 1009 2533 exitibus,
1048 2465 1269 2533 usibus,
1321 2462 1678 2525 utilitatibus,
1712 2459 1950 2531 juribus,

372 2568 718 2639 pertinentiis
766 2564 969 2620 casalis
1022 2572 1077 2618 et
1129 2564 1214 2618 sui
1245 2559 1526 2616 tcuimeuti
1563 2560 1627 2614 de
1655 2555 1952 2627 Cicognula

374 2678 535 2727 nova,
568 2644 802 2717 etvinea
853 2656 1318 2729 supradictorum,
1361 2669 1459 2709 seu
1505 2653 1729 2707 alterius
1759 2663 1953 2705 eorum

375 2759 443 2815 ad
472 2772 536 2812 ea
579 2755 761 2812 omnia
815 2762 875 2809 et
919 2751 1132 2822 singula
1174 2766 1203 2805 a
1236 2750 1497 2804 fratribus
1526 2748 1681 2803 dictae
1716 2744 1955 2801 basilicae

377 2868 477 2924 per
519 2866 708 2906 eorum
745 2856 1137 2919 procuratores
1182 2859 1274 2898 seu
1312 2843 1589 2912 syndicos,
1644 2848 1698 2894 et
1742 2838 1797 2893 in
1834 2830 1955 2892 eam

380 2940 867 3001 reintrnductionis
907 2937 1183 3010 pradictae
1202 2952 1231 2990 a
1260 2937 1471 2991 duobus
1496 2931 1793 3004 capellauis
1829 2939 1959 2985 tunc

383 3056 480 3113 pro
506 3051 772 3108 tempore,
803 3042 881 3090 ut‘
903 3032 1210 3106 prrelertur,
1238 3029 1522 3101 eligendis,
1552 3028 1603 3082 ιιι
1637 3032 1957 3096 perpetuum

385 3132 716 3194 habendum,
750 3127 1066 3191 tenendum,
1118 3123 1530 3194 possidendum,
1579 3116 1957 3179 laborandum,

381 3223 849 3286 fructilicandutn,
880 3215 1413 3281 administrandum;
1474 3214 1683 3266 fructus
1724 3222 1957 3280 quoque,

379 3322 590 3379 reditus
625 3326 680 3372 et
719 3321 1013 3385 proventus
1062 3324 1248 3364 eorum
1298 3305 1584 3361 levandum
1628 3313 1684 3358 et
1728 3319 1757 3358 a
1803 3303 1961 3356 dictis

382 3415 667 3471 Fratribus
699 3412 751 3466 itt
783 3424 941 3464 usum
989 3406 1067 3460 eis
1095 3420 1124 3457 a
1163 3401 1291 3457 sede
1321 3398 1615 3468 apostolica
1655 3394 1965 3466 permitten-

386 3512 482 3564 dos
511 3513 565 3561 et
588 3497 1087 3560 concedendoszab
1106 3495 1238 3565 ipsis
1268 3508 1398 3547 vero
1426 3490 1641 3546 duobus
1666 3487 1964 3557 capellanis

387 3602 445 3652 in
475 3609 660 3653 casum
720 3593 1038 3662 pra-dictum
1096 3586 1149 3639 iu
1209 3582 1459 3656 proprios
1510 3583 1767 3635 honestos
1832 3593 1967 3633 usus

388 3689 708 3758 simpliciter
734 3679 1160 3739 convellendum
1216 3692 1343 3733 etsc
1376 3691 1439 3729 ex
1466 3674 1571 3729 illis
1605 3680 1966 3727 manuteueu~

389 3786 516 3840 dum
542 3792 596 3836 et
627 3776 1063 3836 sustentandum.
1094 3771 1162 3826 Et
1205 3786 1303 3841 pro
1351 3768 1644 3839 praemissis
1690 3767 1943 3822 renuntia

394 3892 516 3931 inus
548 3885 602 3930 et
648 3872 888 3944 plenarie
939 3867 1323 3924 transierimus
1365 3880 1432 3920 ex
1466 3879 1614 3919 nunc
1670 3862 1723 3918 in
1770 3864 1970 3918 dictam

391 3971 652 4042 capellam
680 3984 744 4021 ac
780 3963 1000 4019 Fratres
1053 3961 1381 4034 praedictos;
1416 3969 1469 4014 et
1517 3957 1571 4011 in
1606 3972 1792 4013 casum
1822 3960 1972 4011 rein-

394 4061 753 4123 troductionis
779 4058 1051 4129 praedictae
1081 4055 1218 4110 duos
1256 4054 1567 4124 capellanos
1598 4068 1695 4124 pro
1735 4060 1977 4122 tempore

394 4159 695 4230 eligendos,
720 4153 899 4209 omnia
931 4160 982 4205 et
1026 4148 1238 4219 singula
1270 4148 1417 4217 jura,
1438 4147 1679 4214 nomina,
1710 4146 1974 4212 actiones,

400 4253 640 4307 rationes
669 4245 841 4302 realcs
872 4254 924 4298 ct
951 4240 1286 4315 personales,
1333 4239 1513 4302 utiles,
1555 4238 1813 4301 directas,
1855 4238 1981 4292 taci-

402 4359 510 4411 Ias,
542 4355 849 4412 expressas,
872 4338 1313 4408 bypotberarias,
1335 4331 1743 4404 pignoraticias,
1763 4330 1975 4396 mistas,

401 4439 609 4505 civiles,
643 4434 925 4507 praetorias
959 4430 1013 4485 iu
1048 4445 1162 4484 rem
1210 4426 1366 4499 147
1401 4427 1633 4495 scriptas
1663 4435 1716 4480 et
1747 4424 1978 4480 oliicium

401 4531 625 4606 judieis,
664 4543 727 4583 ac
752 4527 1036 4592 interesse,
1070 4537 1211 4592 quas,
1241 4536 1379 4592 quas
1404 4529 1458 4574 et
1491 4520 1634 4590 quod
1671 4518 1727 4573 in
1745 4528 1796 4575 et
1819 4532 1983 4584 super

403 4626 571 4686 caszili
605 4633 661 4679 et
684 4621 801 4691 ejus
838 4616 1236 4673 tenimcnto.de
1265 4612 1559 4684 Cicoguola
1596 4628 1732 4669 nova
1771 4613 1983 4681 integro

405 4738 473 4779 ac
520 4720 682 4776 vinea
734 4714 1077 4786 supradicta,
1132 4711 1398 4776 nobisque
1453 4707 1505 4762 in
1547 4708 1627 4762 eis
1669 4717 1726 4761 et
1778 4707 1844 4761 ad
1892 4721 1987 4762 eas

406 4821 715 4887 competere
764 4816 1062 4881 potuerunt
1102 4820 1249 4859 nunc
1277 4811 1331 4857 et
1369 4800 1777 4873 quomodolibct
1817 4799 1870 4853 in
1907 4799 1989 4854 lu-

411 4923 619 4965 ωηιξη.

479 5002 709 5072 Insuper
735 5000 999 5054 donamus
1020 5010 1089 5052 ex
1117 5008 1262 5049 nune
1284 4989 1605 5062 simpliciter
1634 4998 1687 5045 et
1720 4988 1771 5043 in
1800 5001 1995 5059 perpe-

407 5110 567 5153 tuum
599 5092 819 5164 capellae
848 5089 1173 5159 supradictae
1207 5096 1552 5157 par-amenta,
1581 5082 1804 5154 jocalia,
1838 5096 1923 5137 res
1941 5088 1996 5136 et

417 5193 557 5247 bona
607 5184 1006 5254 inlrascripta:
1060 5181 1331 5247 videlicet,
1399 5194 1565 5233 unum
1614 5187 1991 5247 paramentum

419 5300 517 5354 pro
544 5282 861 5354 quotidiauo
898 5278 1144 5337 servitio.
1186 5275 1384 5331 coloris
1430 5274 1562 5337 albi,
1594 5273 1662 5328 de
1695 5273 1864 5343 drapo
1908 5275 2001 5325 da-

423 5382 706 5448 tnascino;
744 5380 871 5435 item
903 5391 1068 5432 unum
1110 5375 1257 5429 aliud
1297 5371 1494 5428 coloris
1552 5368 1709 5432 bisei,
1750 5367 2005 5422 similiter

423 5475 491 5529 de
511 5472 830 5529 datnascino
862 5470 1045 5540 plano,
1076 5479 1130 5522 et
1151 5467 1338 5531 stolas,
1368 5463 1637 5535 ntanipula
1657 5473 1712 5518 et
1731 5462 2003 5528 camiscs;

428 5569 553 5623 item
578 5564 832 5637 plumalia
869 5563 996 5630 tria,
1024 5561 1186 5617 videl.
1229 5561 1407 5616 album
1455 5560 1737 5613 brneatunt
1771 5557 1840 5612 de
1872 5572 2007 5610 auro

425 5668 483 5714 et
514 5658 681 5712 alium
723 5655 1109 5728 pavonatgium
1144 5653 1213 5708 de
1258 5651 1577 5707 damascino
1617 5649 1852 5719 simplici
1883 5663 2004 5701 cum

429 5754 597 5809 armis
628 5751 855 5816 nostris.
882 5759 937 5806 et
965 5749 1238 5821 quoddam
1274 5746 1417 5802 aliud
1453 5746 1665 5817 nigrum
1696 5746 1762 5799 de
1796 5744 2008 5798 damas-

433 5848 595 5920 cino,
613 5847 797 5908 omnia
832 5860 956 5907 eum
992 5844 1235 5919 pulchris
1260 5843 1474 5917 frigiis;
1518 5842 1647 5898 item
1702 5853 1864 5897 unam
1892 5836 2011 5913 plae

1193 296 1294 357 DE
1336 294 1517 357 \‘lTA
1558 293 1653 354 ET
1698 289 1950 353 REBUS
1987 287 2257 351 GESTIS
2314 283 2816 350 BESSARIONIS

2027 412 2206 457 oetam
2242 402 2309 457 de
2341 402 2493 457 dama
2505 401 2660 456 scine
2691 389 3012 468 pavonatgio
3036 404 3159 447 eum
3181 385 3341 460 lriglo
3370 384 3437 441 de
3457 379 3616 439 Meis

2032 495 2226 549 aureis
2280 494 2622 560 recamatis;
2680 491 2809 547 item
2858 496 3027 543 unum
3081 483 3305 546 calicem
3354 483 3614 549 magnum

2024 596 2077 640 et
2111 601 2271 640 unam
2304 593 2551 654 patenam
2586 594 2865 652 magnam;
2906 580 3035 633 item
3061 590 3229 629 unum
3279 570 3444 627 alium
3476 560 3619 622 ca’ll-

2025 696 2143 735 cem
2171 680 2438 735 minorem
2464 689 2519 734 et
2542 693 2704 732 unam
2732 686 2983 747 patebant
3015 673 3283 727 minorem
3322 662 3622 738 argenteos

2034 774 2381 841 deauratos;
2440 772 2566 826 item
2624 769 2886 839 ampullas
2933 776 3219 838 argenteas
3271 763 3442 828 duas;
3483 756 3618 812 item

2030 885 2245 927 crucem
2304 884 2469 925 unam
2530 866 2811 938 pulchram
2867 871 2921 917 et
2968 872 3216 927 magnam
3269 862 3620 925 argenteam;

2038 967 2163 1021 item
2214 964 2400 1019 thecas
2423 959 2787 1037 corporalium
2827 958 2984 1021 duas,
3006 968 3169 1009 unam
3207 952 3384 1020 inqua
3408 956 3492 1003 est
3521 956 3623 1001 nec

2036 1076 2156 1117 men
2185 1059 2313 1115 Jcsu
2346 1073 2469 1112 eum
2503 1056 2693 1127 perlis,
2725 1062 2779 1108 et
2804 1052 2964 1107 aliam
2999 1051 3067 1104 de
3104 1048 3282 1103 veluto
3301 1043 3469 1115 rubeo
3494 1054 3621 1095 cum

2039 1152 2420 1224 corporalibus
2461 1151 2612 1219 suis;
2644 1150 2769 1202 item
2798 1142 3172 1217 supcrpellieia
3201 1148 3430 1211 quatuor
3450 1152 3474 1201 ;.
3489 1134 3621 1193 item

2036 1250 2101 1304 de
2133 1246 2392 1317 paniculis
2420 1245 2661 1315 pulchris
2684 1241 2894 1296 ornatis
2925 1239 3102 1295 serico
3125 1250 3223 1303 pro
3260 1225 3627 1301 eoopericndo

2039 1343 2205 1399 calice
2228 1341 2396 1405 duos;
2427 1340 2553 1393 item
2583 1337 2817 1392 tobalias
2847 1332 3081 1401 majores
3108 1329 3174 1384 ad
3196 1323 3625 1394 cooperieudmn

2039 1438 2211 1492 altare
2259 1434 2513 1503 pulchras
2555 1432 2778 1496 decent;
2837 1430 2973 1503 item
3036 1434 3276 1495 tapetum
3320 1417 3521 1474 bonum
3558 1414 3627 1467 ad

2041 1529 2347 1602 ponendum
2382 1536 2507 1582 ante
2539 1524 2890 1589 altare;item
2926 1535 3091 1574 unum
3122 1516 3339 1571 missal'e
3368 1521 3624 1579 magnum

2042 1624 2340 1688 ethonum;
2362 1622 2487 1675 item
2513 1633 2678 1671 unum
2708 1615 3029 1670 breviarium
3057 1605 3627 1680 iuagnttmethonum,

2045 1725 2361 1787 coopertum
2398 1712 2601 1771 tabulis
2637 1722 2692 1767 et
2720 1711 2871 1766 corio
2902 1708 3071 1764 rubro
3103 1706 3472 1774 antiquaequ
3492 1690 3634 1770 qua-

2048 1822 2174 1878 tuor
2229 1810 2638 1875 seraminibus;
2689 1806 2821 1861 item
2870 1819 3040 1858 unum
3083 1800 3297 1854 dossale
3336 1809 3429 1850 seu
3466 1804 3631 1862 para-

2050 1917 2299 1963 mentum
2331 1923 2431 1977 pro
2459 1908 2614 1961 altari
2640 1902 2881 1975 ejusdem
2915 1897 3135 1967 capella:
3162 1894 3227 1947 de
3258 1891 3441 1946 veluto
3464 1886 3636 1942 ruben

2053 2004 2284 2077 ﬁgurato
2308 2004 2535 2059 ﬂoribus
2566 2017 2664 2057 seu
2714 1999 2902 2067 ﬁguris
2936 1996 3272 2051 diversorum
3300 1988 3561 2049 colorum,
3581 1990 3637 2038 et

2051 2100 2408 2163 subornatum
2435 2095 2791 2150 circumcirca
2832 2094 3039 2146 subena
3072 2083 3369 2143 damaseini
3403 2078 3649 2145 viridis;

2054 2194 2178 2248 item
2221 2190 2364 2245 aliud
2403 2189 2617 2244 dossalc
2667 2186 2732 2241 tle
2787 2181 3101 2239 damasciuo
3156 2177 3326 2233 ruben
3381 2172 3637 2242 ﬁgurato,

2058 2286 2411 2340 suboniatnm
2449 2280 2803 2335 circttmcirca
2841 2275 3043 2331 subena
3085 2266 3382 2325 damascini
3413 2262 3641 2326 viridis;

2060 2381 2189 2435 item
2228 2393 2394 2431 unum
2450 2374 2597 2429 aliud
2630 2371 2855 2429 dossale
2893 2385 2994 2439 pro
3021 2364 3340 2434 quotidiano
3368 2376 3469 2414 usu
3495 2356 3643 2424 ejus-

2056 2472 2177 2527 dem
2219 2471 2441 2540 capella:
2472 2470 2536 2523 de
2565 2467 2738 2523 serico
2769 2462 2971 2521 coloris
3001 2460 3149 2515 rubei
3195 2459 3478 2526 liguratunt
3516 2464 3643 2505 rum

2059 2563 2203 2618 foliis
2234 2562 2419 2619 aureis
2450 2561 2765 2625 antiquum;
2800 2558 2926 2613 item
2958 2569 3121 2610 unam
3147 2551 3439 2621 planetam,
3475 2558 3643 2600 unam

2061 2655 2372 2711 tunieellam
2424 2668 2522 2723 pro
2565 2652 2920 2715 subdiacono,
2967 2662 3128 2701 unam
3157 2642 3503 2698 tlalmaticam
3539 2649 3643 2707 pro

2061 2751 2289 2807 diacono
2311 2750 2378 2803 tle
2405 2748 2574 2818 drapo
2595 2743 2909 2802 dantascino
2935 2740 3058 2795 albo
3076 2738 3143 2792 de
3168 2752 3298 2791 auro
3322 2749 3446 2791 cum
3469 2729 3644 2798 frigiis

2062 2845 2285 2917 quadris
2334 2852 2388 2897 et
2437 2840 2669 2895 manicis
2701 2834 3156 2908 pretiosis;ilem
3192 2829 3361 2885 stolas
3408 2827 3544 2881 duas
3591 2832 3651 2879 et

2062 2934 2371 3005 manipulos
2401 2940 2510 2987 tres
2539 2933 2605 2986 de
2633 2929 2823 2985 eadem
2846 2927 3015 2996 drapo
3036 2928 3101 2980 de
3132 2936 3297 2986 auro;
3326 2919 3452 2974 item
3479 2929 3649 2970 unum

2062 3029 2323 3085 vexillum
2349 3040 2445 3096 pro
2471 3039 2633 3079 cruce
2663 3024 2729 3079 de
2757 3019 3076 3078 damn-scine
3114 3018 3237 3072 albo
3275 3015 3343 3071 de
3371 3028 3504 3068 auro
3525 3026 3646 3065 cum

2064 3141 2169 3181 una
2196 3126 2333 3195 petia
2359 3130 2623 3178 recamata
2654 3122 2719 3175 de
2751 3119 2917 3189 figura
2954 3115 3013 3169 S.
3047 3111 3293 3179 Georgii;
3323 3110 3449 3163 item
3480 3093 3651 3161 unum

2067 3215 2410 3269 thuribulttm
2461 3220 2779 3282 argenteum
2820 3209 3078 3279 ponderis
3122 3205 3385 3258 librarum
3420 3200 3653 3255 duarum

2067 3310 2355 3363 nnciarum
2396 3318 2636 3377 septem;
2668 3305 2800 3359 item
2835 3307 2970 3357 duas
3004 3298 3234 3355 tobalias
3262 3297 3433 3351 bonas
3467 3292 3657 3362 longas

2067 3405 2345 3459 laboratas
2380 3402 2554 3456 serico
2585 3415 2683 3469 pro
2702 3397 3064 3468 cooperientlo
3102 3392 3263 3471 legio.

2146 3498 2429 3551 Postremo
2464 3495 2659 3549 damus
2703 3493 2879 3548 eidem
2921 3487 3142 3557 capella:
3181 3501 3245 3540 ex
3290 3496 3434 3537 nunc
3484 3483 3655 3535 dona-

2073 3593 2220 3646 tione
2254 3604 2375 3658 qua:
2430 3588 2488 3643 tit
2533 3588 2676 3641 inter
2714 3588 2867 3642 vivos
2899 3586 3036 3638 bona
3086 3565 3432 3649 iuit-ascripta
3494 3576 3659 3650 148

2075 3699 2302 3753 quorum
2342 3697 2501 3736 usum
2554 3678 2711 3734 nobis
2740 3689 3088 3733 reservamus
3138 3670 3659 3742 quonsquevixeri:

2076 3793 2220 3843 mus,
2252 3774 2537 3830 videlicet:
2564 3773 2616 3826 in
2653 3772 2845 3843 primis
2872 3770 3136 3823 donamus
3159 3768 3295 3821 inter
3325 3766 3474 3819 viros
3500 3762 3662 3816 dictae

2076 3872 2289 3942 capellis
2309 3869 2624 3925 naviecllam
2655 3876 2707 3922 et
2728 3882 2822 3919 vas
2852 3873 3163 3931 argenteum
3193 3875 3289 3931 pro
3318 3872 3457 3929 aqua
3493 3858 3663 3911 bene-

2079 3968 2221 4024 dicta
2250 3979 2373 4020 cum
2411 3978 2508 4018 suo
2543 3960 2899 4031 asperserio;
2939 3957 3067 4012 item
3111 3954 3215 4010 duo
3248 3951 3574 4009 candelabra
3594 3947 3662 4001 de

2082 4057 2288 4127 capella
2334 4065 2516 4112 nostra
2565 4068 2687 4108 cmn
2730 4049 2896 4106 armis
2936 4049 3159 4113 nostris,
3200 4045 3397 4116 quibus
3456 4039 3663 4117 utimur

2082 4152 2137 4207 in
2162 4151 2348 4205 eadem
2376 4149 2537 4216 gitem
2568 4161 2803 4216 pannum
2830 4145 2897 4201 de
2930 4145 3116 4199 velutn
3140 4138 3530 4204 Alexandrino,
3559 4134 3667 4204 qu‘o

2083 4245 2289 4298 utimur
2318 4243 2371 4297 in
2401 4239 2604 4309 capella
2631 4249 2815 4293 nostra
2866 4246 2997 4292 ante
3027 4235 3221 4303 altare,
3251 4242 3305 4287 et
3341 4230 3665 4303 superpelli-

2085 4352 2273 4402 eeum;
2313 4335 2442 4389 item
2480 4333 2587 4386 duo
2616 4329 2862 4386 banralia
2911 4330 2980 4385 de
3025 4342 3205 4399 panno
3237 4327 3305 4381 de
3340 4326 3512 4396 ratgia
3548 4338 3671 4393 qua:

2095 4430 2302 4487 habent
2333 4424 2438 4482 SS.
2486 4425 2801 4495 Apostolos,
2824 4432 2879 4479 ει
2919 4422 3053 4478 alios
3101 4431 3336 4491 quatuor
3368 4404 3578 4491 pannos
3605 4417 3672 4473 de

2099 4523 2273 4593 ratgia
2308 4534 2521 4591 parvos,
2546 4533 2776 4589 quorum
2797 4525 2907 4572 tres
2938 4514 3139 4569 habent
3164 4510 3673 4572 Annuntiationetn,

2090 4625 2319 4688 quartus
2351 4628 2482 4667 vero
2518 4610 2889 4675 Crucilixum;
2924 4608 3051 4662 item
3100 4615 3312 4676 tapetes
3350 4613 3495 4670 tres;
3542 4601 3673 4657 item

2091 4712 2202 4767 duo
2230 4707 2553 4765 eamlelabra
2595 4719 2787 4773 magna
2840 4702 3048 4767 ferrea;
3086 4701 3214 4755 item
3266 4701 3369 4754 duo
3411 4698 3514 4752 alia
3550 4712 3678 4752 can-

2094 4808 2312 4864 delabra
2349 4802 2553 4873 majora
2581 4808 2635 4855 et
2661 4798 2908 4870 longiora
2934 4799 2999 4851 de
3030 4806 3281 4867 argento;
3316 4795 3453 4849 duos
3481 4792 3679 4859 calices

2096 4914 2154 4958 et
2211 4902 2351 4956 duas
2407 4906 2654 4966 patenas,
2688 4907 2919 4964 quorum
2984 4893 3156 4961 major
3216 4889 3478 4960 ponderat
3512 4874 3681 4941 libras

2098 4995 2273 5059 duas;
2317 4990 2560 5061 planetas
2601 4998 2861 5056 quatuor,
2902 4984 3155 5039 Videlicet
3200 4997 3365 5037 unam
3404 4979 3584 5035 albam
3612 4980 3681 5033 de

2102 5084 2419 5143 damascino
2459 5079 2717 5150 simplici,
2768 5078 2927 5131 aliam
2953 5074 3333 5146 pavonatziam
3365 5072 3432 5127 de
3461 5076 3683 5126 damas-

2072 5180 2227 5235 ‘cinn
2267 5172 2499 5244 simplici
2532 5192 2545 5239 ;
2579 5173 2739 5225 aliam
2773 5168 2990 5225 celestri
3038 5167 3156 5238 (sic)
3193 5166 3391 5221 coloris
3428 5169 3493 5219 de
3531 5174 3680 5231 seta;

2104 5274 2264 5329 aliam
2294 5272 2358 5324 de
2388 5277 2502 5324 seta
2535 5267 2731 5322 coloris
2762 5263 2894 5318 varii
2926 5278 3049 5318 eum
3098 5260 3352 5327 ﬂoribus;
3382 5261 3533 5315 albas
3550 5258 3684 5313 duas

2105 5381 2230 5423 eum
2264 5366 2419 5421 stolis
2450 5372 2502 5417 ct
2536 5358 2828 5430 manipulis
2860 5358 3017 5424 suis;
3073 5356 3332 5427 plumalia
3358 5356 3485 5420 duo,
3512 5367 3681 5407 unum

2107 5462 2317 5526 album,
2368 5457 2516 5513 aliud
2560 5454 2942 5527 pavonatzium
2982 5452 3052 5508 de
3080 5449 3398 5507 damasciuo
3451 5446 3687 5516 simplici

2109 5570 2232 5610 cum
2285 5551 2457 5624 frigiis
2502 5551 2568 5605 de
2599 5548 2766 5619 drapo
2814 5545 3049 5618 Cyprio;
3076 5546 3204 5601 item
3245 5542 3383 5599 alias
3409 5542 3546 5597 duas
3577 5553 3695 5593 atu-

2112 5647 2286 5718 pullas
2340 5656 2394 5701 et
2452 5643 2623 5700 barile
2655 5657 2924 5714 parvum,
2969 5650 3024 5695 et
3072 5638 3292 5695 missale
3343 5650 3508 5690 unum
3537 5673 3551 5698 ,
3583 5648 3696 5703 quo

2116 5741 2289 5796 utitur
2314 5737 2557 5810 quotidie
2593 5735 2905 5808 capellanus
2942 5733 2997 5790 itt
3046 5732 3253 5805 capella
3306 5740 3497 5787 nostra
3519 5746 3535 5798 ;
3559 5728 3694 5783 item

2121 5850 2285 5893 unum
2330 5832 2663 5893 thuribulum
2702 5828 2951 5887 Graecum
3010 5827 3229 5900 planum
3274 5839 3400 5882 cum
3443 5820 3691 5889 manica;
