3972 6164
387 349 598 391 ιχιιικ

386 453 520 507 boni
546 451 652 504 duo
683 463 783 504 ova
811 447 874 503 de
902 449 1109 502 strusio
1151 457 1340 500 ornata
1373 453 1638 512 argento;
1677 439 1804 493 item
1840 435 1978 505 legia

385 535 536 603 duo;
576 540 702 609 item
738 537 1104 593 faidistorium
1146 533 1487 605 pontiﬁcale.

461 632 756 702 (Ia-ternm,
788 631 910 701 quia
944 641 1067 702 post
1089 627 1516 683 ,etuanationem
1557 623 1799 696 priorum
1839 621 1985 676 littc~

388 740 580 781 rarum
635 725 1019 794 praedictarum
1058 723 1192 777 dicti
1242 721 1338 776 Dni
1398 720 1502 786 Pii,
1550 720 1695 774 dicta
1752 715 1974 771 basilica

383 818 635 887 praefatis
665 819 922 872 fratribus
951 815 1160 872 ordinis
1207 814 1488 869 Minorem
1535 825 1793 868 concessa
1823 817 1876 864 et
1909 807 1976 863 ad

383 927 578 969 eorum
607 913 856 966 ordinem
897 914 1113 964 reducta
1149 908 1380 975 exsﬁtit,
1419 915 1478 962 ut
1507 903 1816 976 prafertur,
1853 918 1976 969 nos,

384 1006 765 1076 existimantes
815 1021 910 1075 per
944 1006 1164 1060 eosdem
1208 1002 1402 1059 fratres
1457 1016 1618 1070 posse
1672 997 1835 1054 dicite
1889 1013 1982 1051 ca-

383 1100 541 1170 pellae
581 1084 636 1155 ni
671 1086 876 1155 divinis
903 1098 1316 1155 convenientius
1342 1106 1395 1150 et
1435 1095 1648 1150 facilius
1684 1107 1848 1162 quam
1882 1106 1980 1161 per

379 1195 679 1258 saculares
740 1195 1095 1266 presbyteros
1138 1189 1423 1256 deserviri,
1482 1189 1535 1243 in
1566 1201 1831 1258 personas
1859 1201 1979 1254 quae

379 1278 828 1354 eidem'capellze
892 1285 1172 1342 deservire
1247 1285 1443 1340 debent
1492 1282 1776 1352 religiosos
1831 1281 1979 1337 viros

381 1380 584 1434 fratres
615 1380 744 1433 dicti
785 1379 990 1433 ordinis
1014 1379 1282 1434 Miuorum
1317 1377 1370 1431 in
1406 1377 1546 1432 dicta
1570 1375 1799 1431 basilica
1836 1388 1980 1429 nunc

378 1484 442 1531 et
479 1475 534 1531 in
572 1482 847 1543 posterum
911 1473 1217 1527 habitantes
1253 1472 1304 1525 in
1363 1479 1688 1540 perpetuum
1722 1485 1789 1524 ex
1833 1480 1979 1526 nunc

381 1567 724 1635 instituimus
772 1576 827 1619 et
875 1574 1063 1620 tenore
1114 1563 1462 1634 prmsentium
1503 1576 1604 1631 pro
1650 1562 1913 1616 institutis
1943 1575 1976 1615 a

375 1661 618 1718 nobisin
649 1674 972 1731 perpetuum
1015 1657 1200 1714 haberi
1240 1656 1510 1721 volumus,
1549 1657 1793 1711 volentes
1810 1656 1976 1711 etiam

375 1755 782 1817 etordinuntes
815 1755 960 1824 quod
1019 1751 1118 1821 ipsi
1176 1750 1370 1806 fratres
1401 1747 1844 1820 jurepatronatus
1889 1747 1973 1802 in-

380 1849 545 1906 terim
595 1864 623 1900 a
671 1847 832 1903 dictis
876 1845 1074 1901 abbate
1120 1856 1175 1899 et
1218 1843 1400 1912 priore
1433 1841 1649 1911 penitus
1701 1839 1972 1906 abdicato,

382 1941 666 2012 praefatam
697 1940 956 2010 capellam
989 1946 1042 1994 et
1073 1953 1168 2008 per
1198 1939 1439 2006 ipsorum
1483 1945 1860 2004 procuratores
1891 1934 1976 1989 vel

375 2033 639 2104 syndicos
675 2032 792 2101 ejus
821 2031 977 2100 ,bona
1033 2041 1270 2096 teneant,
1321 2039 1375 2083 et
1423 2028 1475 2083 in
1526 2027 1712 2082 eadem
1767 2026 1975 2097 capella

375 2127 532 2180 omni
568 2127 652 2181 die
675 2141 837 2180 unam
876 2127 1098 2180 missam
1133 2123 1412 2179 celebrent
1469 2121 1550 2176 rel
1597 2121 1858 2177 celebrari
1889 2120 1972 2176 fa-

377 2219 533 2273 ciant
566 2219 666 2273 hoc
702 2219 880 2282 modo,
922 2216 1085 2274 videi,
1121 2215 1314 2270 diebus
1349 2214 1626 2280 Mercurii,
1668 2212 1892 2269 Veneris
1920 2223 1976 2268 et

371 2311 636 2386 sabbati,
669 2312 890 2366 missam
929 2325 1024 2380 pio
1053 2310 1356 2373 defunctis;
1399 2309 1482 2362 die
1513 2323 1640 2363 vero
1671 2305 1972 2372 Dominica,

375 2405 606 2460 missam
646 2411 954 2458 currentem
984 2421 997 2469 ;
1029 2404 1114 2458 die
1149 2401 1332 2468 iniure,
1370 2401 1585 2455 missam
1626 2400 1682 2453 S.
1739 2400 1970 2469 Angeli;

295 2545 302 2549 .
375 2497 472 2552 die
518 2510 648 2551 vero
697 2494 909 2559 Martis,
963 2494 1186 2549 missam
1239 2494 1296 2547 S.
1333 2493 1555 2549 Joannis
1594 2492 1879 2563 BapliSIiBZ
1920 2499 1974 2548 et

372 2590 470 2659 die
505 2589 673 2656 Juvis,
717 2591 938 2646 missam
971 2589 1030 2644 S.
1062 2588 1344 2644 Trinitatis
1393 2604 1515 2643 cum
1578 2601 1974 2643 commemora-

375 2685 531 2738 tione
554 2681 611 2738 S.
644 2682 920 2753 Eugeniae,
957 2694 1008 2738 et
1039 2682 1200 2736 etiam
1226 2697 1348 2735 cum
1387 2681 1612 2736 collecta
1645 2681 1696 2734 itt
1733 2681 1974 2750 qualibet

375 2790 487 2844 pro
542 2775 815 2851 defuiiCtis
852 2776 1137 2829 referendo
1164 2791 1259 2845 pro
1287 2775 1427 2829 vivis
1472 2789 1666 2828 nomen
1701 2783 1971 2836 nostrum,

375 2854 482 2942 pro
541 2869 766 2924 mortuis
797 2868 1110 2940 p05t149
1150 2878 1380 2923 mortem
1439 2883 1634 2922 nomen
1699 2877 1968 2930 nostrum,

373 2959 576 3016 lsidori
627 2968 681 3014 et
717 2959 954 3014 Dositbei
985 2961 1410 3030 episcoporum;
1446 2960 1573 3014 item
1620 2956 1886 3014 Theodori
1912 2969 1973 3014 et

372 3053 700 3119 Theo-torre,
735 3071 797 3108 ac
832 3052 1121 3121 Michaelis
1156 3061 1210 3108 et
1230 3052 1472 3121 Georgii,
1498 3061 1554 3108 et
1580 3051 1808 3108 aliorum
1836 3067 1971 3120 quos

372 3147 435 3202 in
467 3145 765 3203 intentione
817 3157 1005 3203 nostra
1045 3146 1328 3212 habemus,
1363 3161 1466 3201 nec
1507 3162 1612 3200 non
1647 3147 1788 3215 quod
1815 3146 1971 3201 annis

373 3241 626 3312 singulis,
660 3240 869 3294 decima
921 3240 1010 3295 die
1046 3242 1250 3295 mensis
1288 3239 1647 3309 Septembris,
1682 3249 1972 3294 teneantur

375 3329 577 3390 ﬁatres
608 3334 711 3404 ipsi
760 3344 983 3388 cantare
1034 3334 1245 3402 vigilias
1273 3345 1611 3387 mortuorum
1644 3342 1700 3387 et
1748 3334 1968 3393 missam

370 3427 674 3494 solemnem
730 3443 828 3497 pro
861 3428 1128 3483 defunctis
1184 3429 1386 3483 nostris
1444 3429 1866 3498 praenominatis.
1915 3429 1972 3485 Si

376 3532 562 3580 tamen
618 3537 748 3579 casu
780 3505 962 3592 aliquo
1005 3523 1293 3591 aliquando
1348 3521 1702 3592 contingeret,
1731 3533 1788 3577 ut
1836 3537 1972 3592 prae-

373 3615 580 3671 dictum
616 3626 722 3682 est,
763 3616 904 3687 quod
953 3615 1082 3670 dicti
1134 3613 1332 3670 fratres
1373 3613 1640 3670 Minorum
1678 3617 1745 3671 ab
1778 3618 1967 3671 eadem

376 3707 602 3764 basilica
638 3710 956 3764 recrdercnt
1003 3723 1232 3780 eamque
1261 3699 1620 3774 dimitterent,
1645 3724 1710 3764 ac
1751 3707 1866 3777 ipsa
1901 3708 1968 3764 ad

371 3803 702 3859 clericorum
766 3803 1090 3874 regularium
1152 3803 1391 3874 regimen
1430 3803 1812 3868 reduceretur,
1844 3813 1973 3858 tunc

372 3904 431 3953 et
481 3909 548 3950 eo
579 3911 708 3952 casu
744 3897 947 3952 dictum
997 3895 1086 3966 jus
1126 3905 1449 3968 patronatus
1502 3905 1556 3951 et
1606 3896 1972 3965 praesentandi

373 3990 556 4045 locum
616 3991 815 4045 habere
853 3991 1090 4060 illudque
1138 3990 1204 4043 ad
1239 3986 1510 4044 abbatem'
1553 3988 1874 4044 monasterii
1909 3990 1968 4044 S.

374 4080 530 4137 Pauli
578 4093 631 4138 et
684 4084 914 4154 priorem
951 4084 1144 4138 domus
1187 4081 1241 4136 S.
1274 4081 1457 4136 Mariae
1493 4083 1558 4138 de
1593 4081 1796 4152 Populo
1825 4098 1970 4151 prae-

374 4178 556 4233 dictos
597 4178 650 4231 in
693 4186 1012 4247 perpetuum
1050 4175 1326 4245 pertinere
1359 4175 1612 4231 volumus
1641 4184 1696 4228 et
1748 4174 1972 4230 ordina—

377 4287 523 4336 mus,
582 4273 670 4342 qui
731 4271 899 4326 abbas
929 4281 984 4324 et
1017 4270 1164 4340 prior
1212 4284 1309 4339 pro
1344 4279 1588 4338 tempore
1618 4269 1966 4332 exsistentes,

376 4376 586 4420 attento
621 4365 762 4435 quod
816 4365 932 4434 ipsa
984 4363 1192 4433 capella
1234 4377 1334 4432 pro
1378 4377 1520 4416 nune
1571 4378 1602 4417 λ
1666 4362 1822 4417 nobis
1871 4377 1968 4430 pro

376 4464 589 4520 duobus
633 4461 926 4532 capellanis
958 4461 1292 4518 suﬁicienter
1343 4461 1526 4516 dotata
1582 4468 1690 4524 est,
1735 4459 1969 4513 debeant

377 4564 488 4612 tam
538 4559 709 4626 prima
771 4557 888 4611 vice
944 4569 1107 4624 quam
1173 4553 1384 4624 quoties
1437 4568 1602 4609 casus
1664 4553 1966 4609 vacationis

375 4650 522 4707 illius
551 4650 876 4716 oecurrerit,
941 4650 1076 4704 duas
1126 4661 1387 4716 personas
1424 4647 1650 4702 idoneas
1689 4647 1742 4701 in
1778 4662 1960 4702 Sacer-

374 4741 525 4802 dmio
577 4744 898 4818 constitutas
947 4739 1211 4795 cardiuali
1263 4738 1505 4807 ejusdem
1571 4739 1808 4794 basilicae
1869 4755 1967 4810 pro

376 4843 621 4914 tempore
645 4835 925 4891 exsistenti
953 4848 1048 4905 per
1078 4848 1201 4890 eum
1245 4831 1608 4887 instituendas
1637 4844 1968 4903 praesentare

365 4928 526 5000 juxta
556 4926 965 4999 dispositionem
998 4927 1052 4980 in
1082 4925 1246 4980 dictis
1277 4925 1550 4996 prioribus
1587 4927 1682 4978 Dni
1717 4925 1796 4980 Pii
1825 4927 1965 4981 litte-

373 5023 452 5079 ris
495 5021 637 5076 circa
681 5034 846 5075 unum
905 5019 1245 5088 eapellanum
1304 5017 1525 5072 factam.
1579 5017 1684 5083 Qui
1739 5016 1961 5088 quidem

373 5112 634 5182 capellaui
667 5110 906 5181 qualibet
927 5111 1225 5180 septimana
1253 5122 1456 5177 septem
1488 5111 1704 5176 missas,
1735 5113 1964 5182 singulis

372 5205 626 5261 videlicet
659 5205 847 5259 diebus
882 5203 934 5258 in
979 5206 1166 5257 eadem
1224 5203 1431 5270 capella
1469 5201 1737 5267 vicissim,
1799 5205 1963 5260 modo

373 5310 431 5357 et
459 5297 652 5354 ordine
700 5297 953 5368 superius
985 5295 1250 5351 ordinatis
1277 5306 1330 5350 et
1361 5295 1665 5366 expressis,
1711 5307 1763 5350 et
1816 5313 1960 5367 preco

373 5395 514 5452 dicta
575 5392 778 5448 decima
832 5389 920 5446 die
976 5389 1184 5461 vigilias
1237 5396 1580 5444 mortuorum
1627 5399 1683 5446 et
1714 5391 1948 5447 officium

374 5498 545 5543 totum
591 5499 655 5541 ac
684 5483 905 5539 missam
963 5498 1063 5553 pro
1101 5479 1370 5536 defunctis
1421 5485 1608 5552 legere
1644 5492 1961 5538 teneantur.

373 5581 599 5650 Insuper
663 5558 862 5634 casalis
892 5585 948 5630 et
981 5573 1152 5630 vinea:
1191 5587 1256 5628 ac
1307 5573 1539 5628 aliorum
1595 5573 1864 5630 bonorum
1908 5588 1962 5632 ct

369 5676 622 5748 jocalium
658 5671 1038 5744 praedictorum
1073 5667 1177 5741 ipsi
1209 5668 1452 5740 capellae,
1501 5679 1562 5724 ut
1615 5669 1958 5740 przedicitur,

373 5782 466 5838 per
505 5781 602 5821 nos
634 5766 977 5829 donatorum,
1004 5768 1058 5814 et
1096 5773 1549 5829 quorumcunque
1589 5759 1813 5814 aliorum
1848 5761 1957 5816 vita

360 5862 526 5927 nobis
575 5857 778 5919 comite
827 5871 924 5930 per
974 5870 1074 5914 nos
1105 5854 1158 5910 in
1207 5861 1483 5925 posterqu
1543 5853 1948 5928 donandorum,

1104 332 1408 398 ALOYSH
1449 326 1812 392 BANDINII
1843 323 2495 387 COMMENTARIUS.
2534 353 2600 362 -·
2629 326 3044 390 APPENDlX.
3618 341 3680 381 xc

2090 435 2470 492 alienationem
2506 438 2754 510 cujusvis
2806 441 3004 508 speciei
3037 447 3131 493 aut
3163 439 3379 510 generis
3406 446 3514 493 tam
3569 437 3683 497 fra-

2092 529 2266 581 tribus
2323 530 2528 584 ordinis
2571 529 2845 607 Minorem
2877 540 2932 586 et
2975 545 3166 586 eorum
3203 530 3468 602 syndicis,
3517 543 3678 599 quam

2089 622 2144 677 in
2176 638 2361 677 casum
2397 625 2737 694 praemissum
2776 624 3071 694 capellauis
3129 623 3404 692 prmdictis
3449 633 3504 677 et
3558 622 3676 690 qui--

2091 717 2407 786 buscunque
2457 717 2579 772 aliis
2617 717 2774 772 dicta:
2807 717 3028 788 capelle
3047 726 3098 771 et
3127 717 3246 785 ejus
3277 717 3545 771 bonorum
3576 715 3678 767 ad-

2096 809 2561 866 ministrttoribus
2617 815 2881 880 perpetuo
2919 809 3294 864 interdicimus
3325 817 3489 877 atque
3539 819 3676 877 pro-

2089 903 2361 969 bibemus,
2381 904 2624 958 volentes
2655 897 3011 958 alienationes
3040 904 3208 972 ipsas,
3232 900 3276 956 si
3307 915 3427 971 qua
3455 898 3674 965 tierent,

2087 997 2290 1052 nullius
2344 1009 2463 1052 esse
2523 998 2733 1050 roboris
2783 994 2867 1048 vel
2943 994 3225 1058 momenti,
3276 991 3374 1048 sed
3411 981 3675 1047 adversus

2085 1094 2360 1153 etttplores
2390 1095 2484 1138 aut
2533 1084 2668 1139 alios
2699 1083 2936 1153 ipsorum
2977 1084 3196 1149 casulis,
3217 1083 3389 1138 vineas
3417 1091 3473 1136 et
3505 1082 3672 1140 bono-

2092 1190 2210 1229 rum
2241 1190 2564 1244 quocunqne
2621 1177 2775 1230 titulo
2815 1185 3130 1246 receptores
3179 1189 3274 1242 pro
3302 1176 3462 1228 dictis
3487 1169 3672 1228 fratri-

2085 1268 2186 1321 bus
2228 1267 2309 1321 vel
2346 1266 2641 1337 capellauis
2672 1281 2996 1338 quocunque
3032 1273 3285 1337 tempore
3313 1263 3428 1322 fore
3458 1265 3522 1320 ad
3577 1254 3664 1321 illa

2089 1375 2422 1432 regressum.
2444 1377 2446 1379 '

2152 1497 2284 1564 Quae
2307 1498 2491 1552 omnia
2518 1505 2576 1551 et
2610 1495 2824 1568 singula
2876 1499 3255 1570 suprascripta
3303 1509 3358 1553 et
3392 1498 3672 1569 quodlibet

2081 1609 2269 1647 eorum
2320 1608 2420 1646 nos
2458 1591 2752 1646 Bessarion
2813 1592 3124 1662 episcopus,
3158 1591 3451 1646 cardinal’is
3496 1602 3549 1646 et
3583 1584 3674 1660 pa-

2080 1684 2318 1738 triarcha
2341 1673 2659 1752 'pt-mdictus,
2683 1694 2874 1753 sponte
2895 1692 2948 1738 et
2970 1700 3034 1737 ex
3063 1698 3209 1738 mera
3239 1696 3421 1738 nostra
3445 1683 3671 1739 scientia

2091 1793 2155 1833 ac
2206 1777 2554 1840 liberalitate,
2592 1788 2647 1830 ut
2682 1776 3047 1846 praemittitur,
3079 1775 3381 1840 donamus,
3413 1775 3673 1831 concedi-

2083 1887 2227 1938 mus,
2290 1865 2688 1937 renuntiamus,
2727 1870 2984 1936 facimus,
3037 1882 3201 1940 atquo
3265 1884 3426 1924 manu
3485 1877 3671 1923 nostra

2083 1965 2294 2035 pectori
2355 1979 2506 2020 more
2556 1962 2904 2033 praelatorum
2967 1965 3240 2034 apposita,
3299 1964 3670 2033 promittimus

2079 2057 2240 2112 dicta:
2280 2055 2499 2127 capellae
2531 2068 2584 2112 et
2613 2057 2731 2126 ejus
2755 2057 3050 2125 capellauis
3084 2055 3245 2127 150
3286 2053 3672 2124 suprascriptis

2079 2151 2444 2219 omnibusque
2483 2150 2604 2205 aliis
2657 2160 2712 2206 et
2769 2150 3003 2218 singulis
3034 2167 3270 2222 quorum
3320 2154 3548 2209 interest
3589 2154 3672 2211 vel

2080 2245 2344 2298 interesse
2399 2245 2600 2314 poterit
2660 2244 3069 2314 quomodolibet
3103 2246 3154 2299 in
3193 2246 3453 2307 futnrmn,
3480 2262 3542 2303 ac
3577 2263 3673 2302 no-

2079 2335 2222 2390 tario
2277 2335 2502 2404 publico
2554 2333 2948 2406 infrascripto,
3004 2345 3265 2406 tanquam
3333 2337 3567 2408 publica:
3615 2347 3672 2392 et

2077 2429 2406 2484 authenticze
2446 2444 2691 2499 personae
2751 2430 2854 2483 rite
2895 2440 2950 2485 et
3005 2429 3241 2499 legitime
3298 2433 3579 2501 stipulanti
3615 2445 3672 2487 ct

2078 2524 2360 2592 recipienti
2398 2524 2515 2580 vice
2561 2534 2613 2580 et
2656 2525 2879 2579 nomine
2940 2527 3181 2580 omnium
3231 2537 3285 2580 et
3330 2509 3668 2596 singulorum

2083 2618 2512 2686 pmdiclorum,
2569 2625 2832 2686 perpetuo
2889 2617 3173 2672 attendere
3221 2629 3276 2674 et
3328 2620 3672 2676 inviolabiter

2079 2712 2396 2773 observare,
2440 2725 2538 2764 nec
2570 2712 2624 2764 in
2655 2710 2840 2780 aliquo
2878 2711 3087 2766 directe
3136 2710 3215 2767 vel
3269 2712 3532 2768 indirecte
3573 2728 3672 2782 per

2087 2818 2186 2858 nos
2222 2803 2302 2856 vel
2339 2802 2502 2856 alium
2539 2818 2636 2858 seu
2681 2803 2814 2858 alios
2848 2808 3063 2875 qquuo
3098 2807 3257 2860 modo
3289 2808 3669 2863 contravenire

2078 2895 2237 2950 velle.
2277 2895 2331 2948 in
2366 2911 2594 2964 quorum
2640 2899 2884 2952 omnium
2916 2906 2970 2952 et
3024 2898 3364 2966 singulorum
3397 2899 3557 2954 fidem
3615 2909 3671 2955 et

2078 2989 2448 3045 testimonium
2501 2991 2906 3059 praemissnrum
2945 3003 3240 3062 pra-sentes
3280 3003 3494 3048 nostras
3525 2992 3671 3046 litleo

2078 3101 2190 3150 ras,
2224 3086 2341 3137 sive
2387 3099 2622 3151 pt'azsens
2666 3083 2938 3152 publicum
2995 3085 3411 3140 instrumentum
3444 3102 3540 3156 per
3572 3103 3671 3147 ιιο-τ-

2079 3180 2279 3234 tariuin
2326 3177 2740 3245 infraseriptuin
2796 3177 2933 3239 fieri,
2971 3178 3243 3234 stthsi-ribi
3279 3189 3333 3232 et
3375 3181 3664 3248 publicari,

2075 3270 2356 3338 nostrique
2415 3268 2574 3338 sigilli
2628 3269 2899 3338 jussiutus
2961 3278 3015 3323 et
3075 3270 3667 3342 fecimus'appensione

2071 3361 2428 3421 communiri.

2146 3480 2341 3536 Datum
2374 3492 2427 3537 et
2456 3492 2635 3539 actum
2673 3481 2857 3538 Romae
2891 3483 2945 3537 in
2983 3483 3237 3538 domibus
3273 3485 3475 3538 nostris
3512 3484 3660 3554 apud

2079 3576 2184 3632 SS.
2205 3577 2516 3646 Apostolus.
2539 3593 2681 3632 anno
2704 3592 2732 3630 a
2760 3579 2926 3631 nativ.
2948 3576 3160 3632 Domini
3182 3577 3544 3642 1467,ἱηι1ἱνι.
3571 3594 3663 3643 ιν,

2076 3669 2167 3722 die
2207 3682 2335 3722 vero
2368 3666 2593 3721 Veneris
2637 3666 2844 3721 decima
2887 3665 3087 3720 mensis
3138 3666 3352 3732 Aprilis,
3381 3665 3666 3732 potitiiica-

2075 3768 2163 3816 tus
2197 3759 2299 3814 SS.
2343 3760 2396 3813 in
2427 3758 2648 3814 Christo
2688 3759 2860 3813 Patris
2909 3773 2972 3811 ac
3003 3757 3100 3810 Dni
3134 3757 3308 3811 nostri
3360 3756 3459 3810 Dni
3487 3754 3660 3822 Pauli,

2077 3854 2254 3909 divina
2299 3852 2638 3923 providentia
2675 3866 2827 3921 papa:
2866 3851 2934 3914 ll,
2972 3863 3114 3904 anno
3144 3851 3342 3917 tertio;
3375 3851 3660 3918 praesenti-

2077 3948 2178 4003 bus
2235 3947 2436 4001 ibidem
2490 3943 2713 4014 provido
2775 3958 2838 3998 ac
2886 3943 3138 3998 discretis
3194 3943 3329 3997 viris
3397 3943 3661 4013 magistro

2073 4041 2282 4098 Joanne
2307 4037 2492 4110 Knyﬂ’,
2522 4038 2865 4093 decretorum
2911 4037 3155 4102 doctore,
3199 4035 3447 4090 auditore
3486 4045 3539 4090 et
3569 4051 3660 4090 ca-

2073 4136 2319 4205 pellano;
2347 4131 2556 4189 Joanne
2587 4129 2785 4195 Lenss,
2816 4145 3015 4186 canon.
3059 4129 3303 4185 ecclesia:
3338 4129 3396 4184 S.
3429 4129 3660 4185 Andreae

2073 4228 2380 4292 Colonien.,
2413 4225 2624 4282 Joanne
2664 4225 2859 4280 Franc.
2888 4227 2954 4280 de
2993 4223 3412 4294 Benthevogliis,
3453 4224 3660 4278 littera-

2075 4340 2195 4378 rum
2245 4337 2416 4376 sacra:
2465 4319 2894 4375 l’cenitentiariae
2929 4318 3245 4387 apostolica:
3273 4318 3560 4388 scriptore,
3602 4329 3660 4373 et

2073 4417 2348 4488 Raphaele
2407 4413 2655 4478 Baldulo,
2718 4413 2920 4469 clerico
2976 4412 3343 4483 Felginatem,
3386 4413 3658 4468 scutiferis

2073 4513 2297 4572 nostris,
2331 4507 2561 4564 testibus
2594 4508 2659 4562 ad
2691 4507 2968 4578 praemissa
3011 4508 3218 4564 vocatis
3252 4509 3563 4577 Specialiter
3602 4518 3656 4563 et

2073 4603 2296 4673 rogatis.

2145 4738 2209 4794 Et
2237 4754 2336 4807 ego
2375 4738 2615 4795 Joannes
2648 4739 2714 4794 de
2761 4737 3088 4806 Hecshocm,
3114 4738 3346 4794 clericus
3404 4740 3658 4796 Camera-

2069 4836 2248 4890 censis
2268 4835 2546 4899 dimcesis,
2575 4834 2820 4904 publicus
2852 4849 3008 4888 sacra
3041 4833 3307 4902 imperiali
3334 4838 3657 4893 auctoritate

2069 4930 2337 4992 notarius,
2373 4929 2499 4998 quia
2528 4927 2828 4999 praemissis
2879 4927 3130 4983 omnibus
3168 4939 3218 4982 et
3249 4927 3500 5000 singulis,
3531 4931 3654 4987 dum

2066 5022 2166 5084 sic,
2195 5031 2251 5075 ut
2283 5023 2631 5091 praemittitur
2654 5063 2668 5087 ,
2693 5036 2786 5089 per
2821 5020 3102 5090 praefatum
3127 5020 3317 5075 limum
3353 5023 3403 5076 in
3437 5022 3656 5078 Christo

2066 5113 2282 5169 Patrem
2326 5127 2380 5168 et
2435 5116 2498 5172 D.
2533 5115 2935 5182 Bessarionetn,
2977 5116 3289 5186 episcopum
3321 5118 3651 5173 cardinalem

2066 5213 2119 5259 et
2144 5207 2539 5274 patriarcbam,
2581 5207 2770 5261 ﬁerent
2801 5216 2856 5263 et
2888 5223 3198 5278 agerentur,
3231 5225 3334 5262 una
3365 5226 3484 5264 cum
3517 5226 3655 5280 pra:-

2079 5302 2375 5355 nominatis
2425 5303 2654 5358 testibus
2683 5303 2926 5370 interfui,
2957 5319 3127 5373 eaque
3166 5304 3245 5358 sic
3278 5305 3393 5360 fieri
3444 5305 3549 5360 vidi
3599 5314 3654 5361 et

2074 5392 2253 5447 audivi
2282 5412 2295 5460 ;
2332 5394 2452 5448 ideo
2482 5396 2584 5450 hoc
2633 5411 2872 5466 praesens
2925 5397 3195 5465 publicum
3229 5397 3651 5453 insuumentnm

2068 5501 2234 5540 manu
2273 5489 2522 5553 alterius,
2567 5503 2655 5542 me
2691 5489 2814 5542 aliis
2847 5488 3081 5558 legitime
3103 5502 3367 5560 occupato
3398 5493 3652 5559 negotiis,

2069 5579 2301 5634 fideliter
2331 5579 2592 5649 scriptum
2622 5580 2818 5634 exinde
2850 5579 3082 5648 confeci,
3140 5581 3435 5645 subscripsi
3468 5592 3516 5635 et
3554 5597 3651 5650 pu-

2063 5672 2262 5727 blicavi
2313 5681 2368 5727 et
2410 5672 2462 5726 in
2513 5673 2651 5726 hanc
2680 5671 2954 5742 publicam
2981 5672 3208 5726 formam
3253 5673 3454 5744 redegi,
3493 5674 3652 5743 signo

2062 5775 2118 5819 et
2147 5765 2362 5819 nomine
2392 5778 2511 5820 meo
2541 5762 2714 5818 solitis
2744 5773 2798 5819 et
2828 5763 3124 5827 consuetis,
3152 5780 3255 5817 una
3285 5780 3406 5819 cum
3441 5764 3648 5835 praefati

2069 5857 2192 5913 limi
2244 5855 2344 5912 Dni
2396 5854 2692 5914 cardinalis
2738 5854 2898 5927 sigilli
2943 5855 3278 5928 appensioue
3311 5855 3520 5926 signari
3547 5874 3564 5908 ε
3591 5857 3647 5923 in
