3972 6164
307 231 447 273 XCIII

311 341 416 412 ipsi
452 348 680 392 cantare
715 335 925 408 vigilias
953 349 1323 404 mortuorum,
1366 352 1422 394 et
1453 341 1672 395 missam
1707 340 1906 395 sciente

306 448 439 492 nem
476 447 577 503 pro
630 430 911 489 defunctis
969 434 1250 502 expressis
1304 434 1582 503 praedictis
1632 450 1696 488 ac
1737 434 1905 490 voluit

310 527 456 583 idem
493 526 803 583 Bessarion.
837 526 994 595 Quod
1041 528 1088 582 si
1133 543 1241 598 quo
1272 545 1404 585 casu
1448 530 1740 602 aliquando
1776 547 1908 587 con-

309 621 550 691 tingeret
594 622 739 692 quod
768 622 899 676 dicti
948 622 1146 676 fratres
1175 623 1246 677 ab
1271 624 1461 677 eadem
1494 625 1713 678 basilica
1754 638 1908 678 rece-

305 715 508 769 derent
548 728 780 784 eamque
823 714 1186 778 dimitterent,
1243 716 1496 785 dictaque
1551 717 1777 772 basilica
1838 719 1903 772 ait

307 808 582 864 dictorum
612 809 954 863 saecularium
990 808 1230 880 regimen
1292 812 1666 881 reduceretur,
1699 822 1829 869 tunc
1853 823 1910 869 et

307 916 378 958 eo
415 918 544 958 casu
573 902 777 958 dictum
805 904 898 976 jus
927 913 1252 974 patronatus
1285 906 1462 961 locum
1493 905 1715 976 habere,
1753 908 1902 963 illud-

307 1011 423 1067 que
451 998 520 1051 ad
563 997 814 1054 abbatem
874 999 1193 1056 monasterii
1243 999 1306 1054 S.
1339 999 1491 1056 Pauli
1551 1011 1606 1057 et
1660 1003 1903 1073 priorem

309 1091 510 1149 domus
545 1092 605 1149 S.
633 1092 817 1148 Mariae
846 1093 917 1148 de
943 1094 1148 1163 Populo
1177 1097 1564 1164 praedictorum
1600 1102 1898 1170 pertinere.

309 1184 378 1240 Et
403 1187 528 1257 quia
549 1187 666 1257 ipsa
695 1187 900 1257 capella
933 1203 1031 1257 pro
1060 1189 1270 1246 duobus
1303 1190 1600 1260 capellanis
1626 1193 1903 1251 sufficien-

307 1287 400 1331 ter
428 1293 523 1347 per
562 1278 848 1347 praefatum
911 1279 1291 1336 Bessarionem
1361 1284 1549 1338 dotata
1609 1287 1902 1355 est,qnod

307 1378 446 1426 tunc
490 1379 544 1424 et
591 1385 656 1427 eo
715 1385 849 1425 casu
901 1372 1000 1440 ipsi
1048 1373 1218 1427 abbas
1270 1382 1326 1428 et
1385 1373 1555 1442 prior,
1590 1384 1698 1429 tam
1729 1376 1903 1443 prima

307 1465 440 1519 vice
468 1478 630 1532 quam
667 1467 878 1534 quoties
905 1481 1069 1521 casus
1118 1466 1264 1521 illius
1318 1468 1619 1522 vacationis
1649 1483 1908 1524 occurre-

309 1555 410 1621 rit,
438 1557 574 1612 duas
603 1573 869 1628 personas
898 1561 952 1614 in
1003 1561 1314 1618 sacerdotio
1365 1563 1694 1618 constitutas
1725 1564 1906 1617 cardi-

307 1655 424 1710 nali
460 1654 852 1732 ejusbasilicre
895 1670 996 1726 pro
1039 1665 1282 1727 tempore
1323 1658 1608 1713 exsistenti
1652 1673 1754 1728 per
1779 1672 1906 1712 eum

309 1747 687 1804 instituendas
720 1759 1057 1819 prasentare
1105 1749 1342 1807 debeant
1361 1765 1377 1818 ;
1406 1751 1496 1820 qui
1558 1752 1777 1822 quidem
1809 1765 1901 1806 caâ€”

309 1841 516 1914 pellani
544 1837 786 1913 qualibet
817 1844 1126 1913 septimana
1184 1854 1390 1915 septem
1421 1844 1641 1909 missas,
1672 1844 1909 1914 singulis

307 1935 568 1991 videlicet
597 1935 786 1991 diebus
813 1936 1054 2006 singulas
1084 1937 1136 1991 in
1181 1939 1373 1992 eadem
1422 1938 1628 2010 capella
1659 1937 1907 1992 vicissim

309 2030 481 2084 modo
526 2037 580 2083 et
622 2032 816 2085 ordine
863 2032 1120 2098 superius
1169 2033 1478 2104 expressis,
1529 2043 1587 2088 et
1641 2032 1908 2103 praedicta

309 2123 523 2178 decima
556 2122 647 2181 die
680 2126 893 2196 vigilias
953 2139 1292 2182 mortuorum
1345 2137 1404 2184 et
1464 2126 1700 2182 ofiicium
1735 2135 1908 2184 totum

308 2227 369 2272 et
404 2220 626 2274 missam
666 2233 766 2288 pro
810 2217 1084 2276 defunctis
1130 2220 1312 2292 legere
1359 2228 1670 2276 teneantur.
1699 2219 1912 2276 Casalis

307 2323 447 2365 vero
476 2321 531 2366 et
565 2313 736 2368 vinem
763 2322 819 2368 et
841 2313 1069 2369 aliorum
1100 2312 1371 2369 bonorum
1398 2321 1454 2369 et
1475 2313 1736 2385 jocalium
1772 2326 1912 2380 pras-

308 2391 583 2460 dictorum
611 2405 716 2477 ipsi
752 2406 1008 2484 capellas,
1068 2416 1127 2462 ut
1165 2405 1507 2477 pradicitur,
1555 2405 1911 2474 donaturum,

305 2509 370 2554 et
398 2512 853 2570 qunrumcunque
884 2500 1111 2555 aliorum
1146 2500 1220 2566 ei,
1258 2502 1368 2556 vita
1404 2500 1628 2565 comite,
1650 2501 1706 2554 in
1727 2508 1914 2565 poste-

312 2605 438 2647 rum
482 2593 858 2648 donandorum
917 2592 1303 2650 alienationem
1340 2593 1594 2664 "cujusvis
1620 2590 1822 2663 speciei
1848 2605 1912 2644 ac

310 2687 532 2754 generis
561 2687 702 2743 idem
729 2683 1041 2755 Bessarion,
1077 2694 1186 2743 tam
1215 2685 1470 2742 Fratrum
1503 2685 1745 2758 ipsorum
1783 2699 1912 2754 syn-

307 2780 455 2837 dicis
482 2795 644 2852 quam
678 2780 731 2835 in
767 2780 1100 2851 promissum
1160 2790 1411 2836 eventum
1447 2777 1741 2847 capellanis
1770 2792 1910 2846 prac-

309 2873 500 2941 dictis,
534 2882 590 2930 ct
637 2873 1053 2945 qnibuscunque
1095 2873 1218 2928 aliis
1256 2873 1419 2928 dictae
1447 2872 1669 2940 capellae
1705 2881 1756 2927 et
1792 2870 1913 2940 ejus

308 2968 584 3025 bonorum
639 2965 1214 3031 Idntinistratoribus,
1294 2976 1556 3036 perpetuo
1613 2964 1911 3019 'interdixit

312 3073 483 3134 atque
508 3060 807 3133 prohibuit,
835 3060 1023 3117 volens
1052 3057 1214 3133 154
1265 3059 1626 3115 alienationcs
1656 3058 1826 3129 ipsas,
1865 3058 1909 3112 si

311 3172 439 3229 qum
486 3157 540 3213 in
572 3165 686 3213 toto
712 3153 813 3228 vel~
839 3156 891 3211 in
927 3165 1102 3224 parte,
1156 3153 1302 3225 quod
1345 3153 1511 3217 absit,
1544 3153 1761 3214 fierent,
1792 3151 1913 3205 nul-

313 3254 424 3312 lius
453 3267 574 3310 esse
621 3250 836 3308 roboris
875 3250 959 3307 vel
985 3236 1288 3321 inminenti,
1335 3247 1431 3303 sed
1465 3247 1727 3303 adversus
1754 3258 1912 3314 cmp-

310 3354 466 3400 tores
496 3353 590 3398 aut
618 3341 756 3399 alias
791 3344 1035 3413 ipsorum
1089 3341 1309 3405 casalis,
1343 3339 1514 3394 vineae
1552 3347 1608 3394 et
1641 3338 1909 3394 bonorum

305 3451 642 3512 quocunque
685 3436 846 3491 titulo
872 3443 1181 3505 receptores
1214 3434 1494 3505 prmdicris
1529 3433 1795 3490 fratribus
1824 3432 1910 3495 vel

307 3529 610 3601 capellanis
654 3540 979 3600 quocunque
1022 3537 1266 3599 tempore
1324 3526 1440 3584 tore
1475 3529 1543 3584 ad
1574 3528 1665 3584 illa
1700 3545 1912 3604 regreso

307 3638 459 3688 sum,
489 3631 650 3692 prout
677 3631 787 3677 tam
821 3620 874 3675 in
906 3618 1178 3690 praedictis
1208 3619 1408 3676 litteris
1437 3635 1600 3691 quam
1633 3637 1902 3694 processu

311 3730 412 3786 per
444 3716 622 3786 ipsum
655 3713 1128 3784 archiepiscopum
1153 3728 1322 3784 super
1348 3715 1556 3770 eisdem
1588 3719 1913 3784 posteriori-

308 3808 413 3863 bus
439 3807 637 3864 litteris
683 3805 890 3872 habito,
915 3815 970 3863 et
1018 3807 1253 3877 quodam
1297 3806 1517 3878 publico
1548 3811 1909 3866 instrumento

305 3918 479 3974 super
531 3903 831 3959 donatione
878 3911 933 3958 et
987 3901 1040 3956 in
1070 3901 1253 3958 dotem
1307 3901 1724 3970 constitutione,
1769 3905 1910 3959 assi-

308 3999 592 4070 gnatione,
621 3997 926 4063 voluntate,
970 3995 1316 4052 ordinatione
1353 4004 1409 4050 et
1459 3994 1580 4050 aliis
1611 3997 1910 4065 praemissis

308 4090 584 4156 confecw,
609 4106 840 4162 quorum
866 4091 1113 4146 omnium
1148 4098 1366 4146 tenores
1403 4088 1906 4160 diligenterinspici

306 4196 367 4242 et
420 4185 724 4242 examinari
795 4184 1049 4252 fecimus,
1099 4195 1155 4241 et
1190 4198 1286 4242 eos
1325 4199 1390 4239 ac
1449 4185 1498 4240 si
1529 4185 1597 4239 de
1646 4185 1811 4240 verbo
1841 4199 1906 4241 an

309 4281 538 4336 verbum
563 4282 924 4352 praesentibus
984 4282 1374 4347 insererentur,
1435 4282 1625 4340 haberi
1655 4286 1907 4340 volumus

310 4389 413 4446 pro
439 4375 732 4445 expressis,
781 4373 997 4442 plenius
1040 4375 1376 4433 continetur.
1428 4376 1611 4443 Quare
1649 4378 1907 4448 praefatus

313 4466 608 4523 Bessarion
644 4467 801 4522 nobis
831 4469 1115 4524 humiliter
1156 4472 1482 4542 supplicavit
1515 4482 1574 4528 ut
1613 4475 1909 4541 praemissis

310 4560 568 4618 Omnibus
590 4571 646 4617 et
676 4561 905 4632 singulis
934 4578 1030 4634 pro
1063 4562 1276 4618 illorum
1301 4567 1653 4621 subsistentia
1676 4567 1906 4623 firmiori

311 4651 482 4706 robur
529 4653 841 4722 apostolicae
889 4655 1326 4732 continuationis
1376 4657 1614 4728 adjicere
1661 4658 1905 4730 aliasque

311 4760 479 4816 super
514 4746 599 4801 his
628 4757 932 4817 opportune
979 4749 1270 4819 providere
1315 4750 1384 4806 de
1419 4751 1751 4822 benignitate
1775 4770 1908 4824 apo-

311 4836 508 4893 stolica
534 4837 905 4908 dignarentur.

384 4928 495 4985 Nos
533 4930 719 5001 igitur,
757 4934 847 5002 qui
884 4930 1186 5001 huiusmodi
1253 4937 1605 4994 laudabilium
1649 4955 1904 5012 operum,

314 5037 411 5092 per
435 5040 556 5095 qua:
588 5027 806 5081 divinus
835 5029 1014 5084 cultus
1052 5042 1305 5100 augetur,
1361 5034 1721 5089 ecclesiarum
1756 5037 1905 5091 basi-

311 5120 432 5175 licae
489 5121 839 5184 decorantnr,
893 5134 947 5177 et
985 5125 1289 5180 animarum
1335 5134 1450 5200 tam
1500 5128 1900 5185 instituentium

311 5229 476 5285 quam
523 5216 756 5270 aliorum
810 5216 1049 5273 tiJelium
1101 5221 1266 5276 saluti
1320 5223 1544 5292 provide
1573 5225 1902 5290 consolitur,

310 5315 784 5363 cmnmendalorcs
814 5322 978 5380 atque
1002 5311 1245 5368 fautores
1289 5316 1524 5371 libenter
1557 5316 1898 5388 exsistimus,

311 5408 367 5454 et
398 5411 456 5454 ut
485 5411 806 5470 perpetuum
843 5407 1081 5474 vigorem
1116 5405 1374 5476 habeant,
1418 5423 1680 5480 quantum
1712 5425 1900 5468 nostra

311 5494 457 5550 valet
501 5497 738 5565 provisio
769 5539 787 5564 ,
833 5497 1128 5555 efï¬caciter
1190 5517 1524 5570 operemur,
1583 5507 1898 5578 hujnsmodi

309 5588 800 5658 supplicationibus
849 5593 1130 5664 inclinati,
1174 5604 1573 5668 reparationem
1621 5615 1676 5657 ct
1736 5619 1901 5660 orna-

311 5690 550 5733 mentum
582 5681 802 5749 capcllze
833 5678 1117 5752 praedictae,
1149 5689 1353 5743 eisdem
1391 5689 1671 5750 Fratribus
1698 5696 1899 5753 factam

309 5773 718 5830 concessionem
765 5793 1066 5849 eorumque
1118 5781 1168 5835 in
1231 5782 1318 5838 illa
1369 5787 1786 5860 institutionem,
1837 5804 1895 5851 et

793 5879 1058 5934 Î¡Î·Î·Î¿Î¹..
1102 5877 1213 5936 Gn.
1247 5877 1446 5944 CLXI.

1030 222 1333 287 ALOYSll
1372 222 1729 287 BANDlNl'l
1769 225 2402 291 COMMENTAREUS'
2445 253 2512 264 --
2559 227 2972 292 APPENDIX.

3470 233 3596 277 Ï‡ÎµÎ¹Î½

2017 339 2214 394 ca5alis
2260 351 2314 394 et
2357 341 2545 407 vineae,
2583 357 2682 396 nec
2730 357 2835 395 non
2879 337 3140 410 jocalinm
3171 348 3222 392 et
3253 324 3603 406 ornamenti)-

2013 448 2131 486 rum
2165 448 2227 487 ac
2259 435 2523 490 bonorum
2571 437 2951 506 przetlictorum
2990 434 3090 505 ipsi
3136 432 3355 503 capella:
3403 418 3600 488 factam

2011 527 2365 593 posteriorem
2392 529 2761 593 donationem,
2787 545 2850 582 ac
2873 528 2962 596 jus
2999 536 3316 596 patronatus
3341 525 3396 579 in
3421 539 3594 580 even-

2012 630 2125 672 tum
2157 621 2470 689 praedictum
2510 623 2774 676 duntaxat
2823 622 3238 677 concessionem
3297 617 3604 689 priorisque

2012 716 2440 782 revocationem,
2473 731 2570 771 nec
2596 732 2727 788 â€˜non
2767 716 3137 780 interdictum,
3187 720 3240 768 cl
3275 710 3602 784 prohibitio-

2010 825 2135 864 nem
2165 827 2230 866 ac
2263 813 2594 868 voluntatem
2619 821 2673 867 et
2701 811 3101 866 ordinationem
3130 807 3300 880 ipsius
3318 805 3603 862 Bessarioe

2011 912 2094 965 nis
2129 909 2428 964 cardinalis
2480 911 2695 977 aliaque
2754 905 3034 975 praemissa
3090 916 3209 959 rata
3265 902 3527 956 habentes
3550 909 3608 954 et

2009 1012 2187 1075 grata,
2222 1001 2310 1056 illa
2348 1002 2528 1057 omnia
2565 1011 2616 1056 ct
2667 1002 2877 1072 singula
2919 1000 2970 1053 in
3017 999 3213 1052 litteris
3261 1005 3314 1051 et
3346 1005 3602 1064 processu

2011 1112 2074 1153 ac
2107 1097 2475 1152 instrumento
2507 1095 2782 1165 praedictis
2820 1100 3076 1148 contenta
3115 1100 3177 1145 ctâ€˜
3203 1089 3444 1160 qualibet
3478 1086 3605 1141 inde

2010 1199 2198 1246 secuta
2251 1189 2578 1244 auctoritate
2627 1187 2930 1259 aposmlica
2980 1197 3032 1240 et
3072 1201 3136 1241 ex
3182 1193 3334 1238 certa
3373 1181 3603 1236 scientia

2012 1295 2197 1340 tenore
2230 1283 2581 1353 przesentiuin
2617 1282 3008 1337 confirmamus
3035 1288 3092 1334 et
3119 1277 3507 1349 approbemus,
3537 1289 3603 1328 ae

2011 1378 2230 1448 plenum
2257 1377 2426 1434 robur
2451 1378 2701 1434 obtinere
2724 1376 3094 1440 decernimus,
3133 1373 3452 1443 supplentes
3486 1387 3606 1422 oin-

2012 1489 2109 1527 nes
2148 1483 2203 1528 et
2254 1472 2497 1541 singulos
2530 1471 2804 1536 defectus,
2863 1472 2909 1525 si
2939 1469 3029 1539 qui
3057 1467 3240 1523 forsan
3295 1465 3607 1520 intervene-

2012 1567 2123 1620 rint
2186 1567 2238 1620 in
2289 1567 2519 1632 eisdem,
2583 1581 2684 1621 nec
2747 1579 2853 1619 non
2910 1580 3033 1619 cum
3067 1561 3230 1617 dictis
3261 1559 3522 1614 fratribus
3546 1565 3609 1612 ut

2012 1660 2325 1732 praedictam
2380 1660 2668 1729 capellam,
2717 1668 2773 1714 et
2830 1658 2974 1714 illius
3035 1672 3102 1714 ac
3167 1656 3328 1711 dicta:
3366 1653 3603 1710 basilica:

2012 1755 2385 1824 possessiones
2416 1765 2468 1809 et
2495 1753 2601 1809 alia
2644 1752 2784 1808 bona
2810 1752 3069 1822 prmdicta
3103 1765 3201 1821 pro
3235 1748 3600 1820 paramentis,

2012 1847 2192 1910 libris,
2240 1847 2596 1909 ornamentis,
2653 1844 3042 1907 luminaribus,
3102 1856 3224 1898 cera
3270 1850 3322 1898 et
3361 1839 3483 1896 aliis
3514 1854 3606 1895 sa-

2013 1942 2217 1997 cristiae
2242 1941 2415 2012 ipsius
2442 1941 2703 2005 basilicae,
2739 1939 3060 1996 eorumdem
3093 1951 3312 2007 quoque
3344 1933 3599 1991 Fratrum

2015 2036 2452 2097 necessitatibus.
2483 2035 2529 2090 si
2568 2034 2788 2090 aliunde
2824 2035 2949 2088 vita:
2990 2031 3300 2088 necessaria
3342 2027 3604 2098 consequi

2015 2131 2610 2200 nequeant,_retinere,
2643 2143 2708 2184 ac
2739 2128 3114 2196 possessiones
3156 2137 3209 2182 et
3239 2127 3378 2182 bona
3413 2125 3608 2193 hujus-

2014 2225 2160 2281 niodi
2216 2237 2312 2292 per
2363 2237 2708 2280 meonomum
2769 2222 2850 2277 vel
2887 2228 3295 2290 procuratorem
3348 2217 3602 2272 idoneum

2014 2329 2114 2373 antâ€˜
2140 2319 2422 2389 syndicum
2449 2318 2650 2372 laicum
2682 2315 3090 2376 administrare,
3133 2312 3349 2368 illorum
3385 2324 3605 2380 quoque

2016 2413 2221 2468 fructus
2251 2450 2268 2475 ,
2317 2412 2525 2466 reditus
2573 2399 2629 2466 et
2685 2417 2985 2481 proventus
3032 2409 3086 2463 in
3135 2422 3266 2462 usus
3314 2405 3608 2476 praedictos

2014 2516 2335 2563 convertere
2368 2507 2535 2561 libere
2562 2519 2626 2558 ac
2662 2504 2806 2558 licite
2840 2503 3078 2568 valeant,
3106 2501 3432 2556 auctoritate
3462 2516 3606 2570 pra:-

2015 2601 2158 2655 dirta
2187 2611 2372 2658 tenore
2390 2599 2737 2670 prazsentium
2764 2597 2920 2670 155
2943 2598 3011 2652 de
3036 2597 3256 2668 speciali
3285 2597 3457 2668 gratia
3490 2597 3605 2653 dis-

2015 2708 2339 2760 pensamus;
2361 2693 2688 2746 mamiantes
2717 2691 2941 2760 insuper
2971 2693 3294 2763 presbytero
3334 2691 3598 2747 cardinali

2013 2785 2172 2850 dictat
2199 2786 2441 2842 basilica:
2466 2783 2559 2856 qni
2596 2799 2692 2853 pro
2725 2793 2972 2853 tempore
3021 2783 3204 2850 fuerit,
3240 2797 3295 2839 nt.
3325 2783 3604 2855 pragmissa

2010 2881 2196 2936 omnia
2237 2891 2290 2938 et
2332 2879 2542 2949 singula
2577 2879 2746 2935 faciat
2791 2894 2888 2949 per
2917 2878 3140 2934 eosdem
3186 2879 3409 2935 Fratres
3435 2878 3520 2933 vel
3547 2880 3599 2932 in

2013 2975 2329 3046 praedictum
2367 2988 2622 3032 eventum
2669 2977 2984 3047 capt-llanos
3033 2978 3190 3032 dieue
3233 2977 3455 3047 capella:
3508 2971 3605 3043 qui

2014 3086 2112 3142 pro
2149 3084 2392 3143 tempore
2445 3071 2669 3137 fuerint,
2703 3075 2979 3142 perpetuis
3038 3072 3237 3126 futuris
3269 3071 3605 3142 temporilms

2014 3167 2406 3223 inviolabiliter
2453 3166 2757 3234 observari,
2823 3167 3259 3223 contradictores
3285 3183 3382 3236 per
3414 3181 3605 3221 censu-

2013 3279 2132 3318 ram
2189 3261 2648 3328 ecclesiasticam,
2683 3261 3046 3332 appellatione
3098 3265 3424 3332 postposita,
3455 3277 3607 3318 com-

2013 3356 2286 3427 pescenda
2318 3372 2335 3413 :
2367 3372 2475 3412 non
2512 3357 2861 3412 obstantibus
2911 3355 3397 3412 constitutionibus
3431 3366 3486 3411 et
3514 3370 3607 3411 or-

2013 3450 2384 3506 dinationibus
2425 3450 2740 3520 apostolicis
2792 3465 2857 3505 ac
2901 3450 3219 3509 eorumdem
3276 3451 3517 3506 basilica:
3550 3461 3609 3507 et

2011 3544 2223 3600 ordinis
2255 3543 2508 3600 Fratrum
2550 3543 2818 3600 Minorem
2845 3545 3073 3601 statutis
3103 3557 3159 3601 et
3189 3546 3606 3602 cotnsnetuditii-

2013 3635 2133 3699 bus,
2162 3635 2498 3705 iuramento,
2524 3635 2936 3692 confirmatione
2970 3639 3266 3705 apostolica
3295 3639 3376 3692 vel
3415 3639 3606 3708 quaris

2013 3733 2273 3790 firmitate
2300 3733 2404 3788 alia
2446 3733 2740 3800 roboretis,
2797 3734 3094 3789 contrariis
3147 3735 3604 3806 quibuscnnqne;

2013 3840 2105 3883 aut
2140 3829 2183 3884 si
2220 3829 2494 3900 aliquibus
2527 3832 2891 3884 communiter
2912 3828 2992 3883 vel
3033 3830 3247 3885 divisim
3280 3845 3308 3884 a
3338 3831 3595 3900 praedicta

2011 3920 2082 3976 sit
2133 3920 2265 3976 sede
2315 3921 2608 3985 indultum,
2660 3922 2805 3994 quod
2866 3923 3160 3987 interdici,
3208 3924 3466 3993 suspendi
3517 3924 3604 3979 vel

2011 4014 2486 4070 cxcommunicari
2514 4030 2624 4069 non
2647 4015 2860 4087 possint
2907 4030 3004 4083 per
3035 4012 3245 4072 litteras
3277 4017 3606 4085 apostolicae

2011 4123 2122 4162 non
2177 4106 2441 4165 facientes
2481 4107 2694 4176 plenam
2725 4118 2779 4162 et
2817 4123 3137 4180 expressam
3169 4109 3235 4164 de
3259 4109 3466 4165 indultu
3498 4109 3605 4164 lm-

2013 4200 2248 4268 instnodi
2285 4201 2642 4264 mentionem.

2081 4295 2223 4350 Nulli
2255 4311 2384 4366 ergo
2417 4296 2644 4351 omnino
2681 4295 2965 4352 hominum
3000 4299 3183 4364 liceat,
3220 4309 3327 4354 etc.

2087 4387 2278 4444 Datum
2310 4387 2519 4454 Romae,
2548 4389 2690 4460 apud
2741 4390 2800 4446 S.
2849 4389 3114 4456 Marcum,
3150 4407 3292 4444 anno
3329 4391 3600 4447 incarnnt.

2013 4481 2235 4538 Domin.
2259 4482 2423 4548 M67,
2442 4480 2652 4537 xvtkal.
2677 4482 2926 4550 0ctobr.,
2950 4483 3142 4554 poutif.
3165 4484 3335 4540 nostri
3357 4499 3500 4538 anno
3527 4500 3600 4539 tv.

2761 4597 2856 4654 XI.

2011 4691 2173 4747 Breve
2224 4692 2558 4747 Bessarionis
2611 4693 2862 4760 elogium,
2929 4691 2995 4745 ab
3052 4701 3265 4744 auctore
3324 4707 3589 4760 anonymo

2081 4763 2344 4831 eicoaâ€™ro,
2371 4766 2646 4832 scriptum.
2681 4751 2764 4816 Et:
2794 4751 2968 4817 codice
3017 4762 3143 4816 bibl.
3219 4751 3490 4817 l'atirruta?
3539 4780 3595 4816 Î¹Î¹.

2081 4835 2245 4904 362:,
2280 4853 2335 4905 p.
2369 4835 2455 4890 to.

2082 4952 2394 5009 Cardinalis
2417 4951 2730 5020 Bessarton,
2750 4955 3024 5017 Nicmnus,
3058 4962 3301 5024 tempore
3323 4955 3598 5022 pontittcis

2010 5046 2166 5101 Pauli
2196 5046 2237 5101 Il
2270 5045 2510 5102 maxime
2545 5046 2699 5102 ï¬‚oret
2729 5057 2785 5102 ct
2826 5049 2876 5102 in
2911 5049 3086 5118 pretio
3119 5063 3223 5101 non
3255 5063 3420 5116 parvo
3475 5062 3596 5104 esse

2008 5141 2377 5210 pernoscitnr,
2419 5141 2546 5197 licet
2579 5152 2634 5195 et
2659 5151 2819 5195 antea
2853 5142 2992 5196 exsti
3023 5137 3169 5208 erfi;
3221 5158 3321 5196 nec
3361 5143 3597 5196 immeri-

2011 5245 2089 5298 to,
2114 5249 2237 5288 nam
2276 5233 2709 5291 litteratissimus
2741 5243 2846 5300 est,
2879 5248 2934 5289 et
2978 5235 3248 5298 omnibus,
3293 5233 3503 5289 Latinis
3531 5250 3596 5289 ac

2010 5327 2242 5387 Graecis.
2271 5328 2441 5382 multo
2473 5328 2884 5393 dilectissimus,
2927 5341 3284 5399 prmterqnam
3356 5328 3599 5398 Georgio

2009 5420 2397 5492 'l'rapezuntio,
2427 5422 2552 5477 odio
2582 5423 2820 5493 quodam
2864 5428 3098 5496 privato.
3162 5424 3259 5479 llic
3297 5427 3598 5484 cardinalis

2008 5515 2318 5570 litteratura
2347 5532 2567 5585 semper
2594 5515 2923 5581 oblectatur.
2965 5531 3017 5574 ct
3055 5519 3286 5573 lectione
3311 5532 3422 5575 tum
3445 5521 3597 5578 Grae-

2007 5623 2093 5671 ca,
2128 5617 2240 5662 tum
2283 5607 2475 5663 Latina
2495 5625 2715 5679 semper
2749 5611 2956 5683 aliquid
2987 5615 3266 5682 componit
3297 5623 3390 5666 aut
3416 5621 3597 5668 trans-

2008 5703 2136 5762 fert.
2179 5704 2333 5759 Nunc
2364 5714 2447 5759 est
2467 5705 2517 5757 in
2542 5703 2662 5772 ejus
2691 5705 2943 5760 manibus
2969 5721 3110 5775 opus
3134 5705 3212 5758 De
3242 5707 3600 5773 comparatio-

2008 5812 2072 5851 ne
2111 5794 2351 5852 Plutonis
2383 5805 2431 5850 et
2457 5795 2779 5862 Aristotelis,
2807 5796 2858 5850 in
2915 5809 3026 5866 quo
3054 5797 3137 5850 sui
3203 5795 3346 5850 vires
3394 5794 3596 5863 ingenii

3075 5893 3116 5955 á¼€
