3970 6148
282 285 358 330 CV?
1309 282 1858 352 PANEGYRICUS
1885 280 2333 345 .BESSARION
2346 283 2430 347 lS.

281 393 410 452 titur,
447 390 710 447 celebrem
740 393 1012 463 quondam
1046 394 1235 452 urbem
1277 407 1330 454 et
1363 397 1694 459 (laetissimis
1728 396 1826 450 bo-

280 483 490 540 minibus
547 483 965 559 liberalibusque
1021 491 1215 545 stuaiis
1273 489 1602 544 afﬂuentem.
1637 486 1831 543 Gram—

278 576 452 632 matica
503 577 752 635 celeriter
822 583 891 638 ob
948 598 1175 637 acumen
1251 582 1451 653 ingenii
1512 581 1829 653 poeticaque

279 667 517 733 imbutos,
563 672 869 741 posthabita
897 686 1026 730 cura
1073 690 1250 731 rerum
1305 677 1662 731 humanarum
1722 687 1826 742 qua

277 761 498 831 impediri
547 766 932 836 contemplatio
977 766 1284 822 divinarum
1339 768 1496 828 solet.
1536 778 1705 822 totum
1768 780 1829 820 se

278 851 496 930 religioni
524 857 753 915 addixit.
782 858 984 915 Christi
1017 875 1247 928 namque
1283 860 1533 914 militiam
1583 836 1831 922 secutus,

277 955 328 1000 ιιι
349 954 523 1002 veram
567 948 792 1019 gloriam
841 966 1114 1022 verosque
1164 952 1468 1022 triumphos
1504 950 1824 1019 parituram,

277 1038 530 1108 Dositheo,
583 1044 1000 1116 archiepiscopo
1069 1046 1338 1108 Doriensi,
1403 1043 1546 1100 unici
1591 1043 1825 1113 exempli

275 1135 490 1190 moribus
511 1145 563 1190 et
591 1120 886 1194 sanctitate
923 1139 1066 1204 viro,
1092 1139 1145 1192 in
1174 1137 1348 1207 primo
1386 1133 1637 1192 tirocinio
1665 1145 1828 1189 tantae

272 1227 618 1297 expeditionis
651 1217 790 1286 duce
825 1246 956 1286 usus
1009 1236 1132 1286 est:
1167 1219 1330 1301 cujus
1373 1231 1650 1295 virtutem,
1702 1227 1827 1283 reli—

259 1321 486 1390 'gionem,
539 1321 850 1380 doctrinam
901 1325 1037 1380 adeo
1093 1324 1309 1380 imbibit
1361 1333 1430 1380 ut-
1472 1322 1614 1377 idem
1677 1321 1856 1377 brevi.

275 1403 432 1470 factus
457 1405 756 1472 videretur.
790 1409 1133 1485 Bessarionis
1164 1415 1440 1492 ingenium
1495 1425 1550 1470 et
1591 1422 1826 1469 mentem

271 1513 420 1574 prope
441 1505 690 1562 divinam
711 1505 778 1563 ad
795 1506 1158 1582 cognitionem
1191 1523 1374 1563 rerum
1405 1507 1741 1565 occultarum
1773 1513 1838 1562 et‘

270 1599 648 1657 admirabilium
687 1603 770 1657 vir
813 1602 1196 1658 sanctissimus
1230 1599 1658 1670 contemplatus,
1698 1598 1830 1654 ado-

267 1695 535 1750 lescentem
554 1693 728 1764 ipsum
755 1694 1309 1765 adarchiepiscopum
1338 1691 1824 1765 Selymbriensem,

267 1787 427 1842 virum
445 1789 706 1858 optimum
738 1798 902 1860 atque
932 1781 1362 1854 doctissimum,
1393 1788 1559 1855 misit,
1602 1787 1747 1844 unde
1776 1795 1830 1842 et

268 1881 541 1936 oratoriam
578 1891 767 1938 ‘artem
807 1890 862 1937 et
891 1880 1288 1952 philosOphiam
1321 1881 1675 1952 perdisceret,
1728 1879 1828 1934 sub

267 1987 361 2040 quo
382 1969 524 2030 certe
559 1977 777 2029 tantum
807 1962 1037 2040 profecit
1056 1974 1300 2030 adhibita
1330 1972 1482 2040 omni
1513 1973 1578 2026 ad
1613 1956 1841 2026 imitan?

269 2083 379 2121 tum
417 2067 690 2125 hominem
731 2063 1100 2134 cura,’st‘udio
1130 2082 1213 2124 'ac
1260 2061 1560 2138 diligentia,
1592 2075 1650 2120 ut
1692 2064 1833 2136 judi-

268 2158 378 2215 care
408 2151 592 2231 postea
622 2160 904 2219 difﬁcilius
929 2163 1094 2218 fuerit
1135 2161 1398 2218 meliorne
1444 2159 1727 2215 Bessarion
1759 2173 1830 2212 an

267 2258 465 2312 doctior
521 2257 839 2314 haberetur.
898 2258 1186 2312 Postremo
1246 2261 1455 2322 autem,
1513 2267 1580 2307 ne
1629 2252 1831 2324 aliquid

268 2358 401 2404 tanta
456 2351 678 2422 ingenio
731 2353 966 2417 deesset,
1002 2349 1280 2406 Platonem
1333 2345 1456 2420 (leg.
1491 2347 1829 2412 Plethonetn)

266 2459 410 2513 quem
438 2446 525 2500 alii
555 2445 835 2503 Gemiston
868 2456 1093 2512 vocant,
1137 2443 1509 2500 doctissimum
1538 2449 1835 2512 praecepto-

267 2549 364 2588 rem
391 2552 440 2592 et
468 2552 631 2609 quem
663 2555 854 2595 omnes
881 2539 1179 2594 secundum
1227 2552 1256 2592 a
1294 2535 1514 2590 Platone
1534 2543 1752 2599 vocant,
1779 2533 1832 2586 in

268 2632 646 2701 Pezoponneso,
695 2648 803 2702 quo
861 2649 921 2688 se
978 2632 1286 2688 contulerat
1339 2611 1614 2684 doctrina!
1645 2636 1830 2689 causa.

267 2740 461 2792 nactus,
500 2727 910 2782 mathematicis
963 2733 1225 2780 accurate
1269 2723 1548 2777 imbuitur.
1612 2706 1833 2791 Vulgari

266 2828 364 2874 tum
423 2823 642 2876 demum
692 2819 827 2877 tanti
861 2815 1098 2883 hominis
1140 2832 1337 2872 nomen
1369 2825 1452 2871 est
1483 2825 1744 2884 emptum,
1779 2807 1835 2870 ut

265 2932 359 2986 quo
389 2909 830 2987 proﬁcisceretur
875 2913 1079 2971 famam
1138 2913 1498 2982 exspectatio,
1550 2920 1834 2982 exspecta-

263 3013 456 3094 tioaenr
474 3013 604 3084 ejus
647 3006 977 3083 optatissimi
1027 3007 1296 3063 adventus
1353 3006 1644 3060 admiratio
1679 3019 1840 3073 supe-

266 3117 414 3167 raret.
447 3100 856 3163 Existimabam
888 3115 1004 3158 tum
1039 3099 1291 3183 homines
1322 3117 1441 3155 eam
1464 3100 1679 3157 dctuum
1703 3099 1840 3155 civi-

262 3209 412 3258 tatem
470 3205 687 3258 beatam
729 3201 847 3256 fore
895 3196 963 3253 ad
1016 3209 1180 3267 quam
1208 3195 1447 3250 venisset
1497 3193 1839 3249 Bessarionis

265 3285 427 3351 divina
450 3300 666 3361 virtus;
717 3294 866 3349 {tunc
888 3280 1310 3360 itaquebmnes
1346 3287 1599 3348 certatim
1634 3296 1692 3341 ut
1736 3300 1836 3339 eo-

263 3392 503 3459 gnitiouis
538 3401 599 3446 et
629 3386 868 3458 hospitio
915 3387 1140 3457 dignum
1173 3381 1567 3453 suscipiebant,
1614 3374 1841 3436 venera-

265 3488 470 3555 bantur,
498 3485 889 3542 observabant.
915 3477 1243 3542 Concioncs,
1260 3489 1314 3545 et
1336 3479 1554 3551 quidem
1587 3477 1842 3546 frequen-

261 3589 339 3635 tes
368 3576 528 3650 atque
564 3577 868 3650 eiitpntes,
902 3578 968 3632 ad
1015 3581 1245 3646 pupulas
1287 3570 1475 3627 habuit
1503 3571 1630 3638 (has
1661 3563 1841 3627 Graeci

261 3675 505 3736 [minutias
554 3672 985 3744 vocant).tanto
1016 3683 1288 3734 concursu
1345 3681 1404 3722 ut
1463 3667 1663 3734 templa
1725 3668 1869 3734 ipsa,

262 3783 544 3839 permagna
600 3767 807 3820 tantam
858 3762 1260 3835 multitudinem
1299 3759 1378 3814 vix
1424 3768 1702 3828 caperent.
1740 3756 1842 3811 Po-

263 3864 408 3934 pulos
437 3865 504 3920 ad
563 3848 1339 3932 religimtem,'ad'justitiam,
1373 3855 1439 3909 ad
1503 3857 1844 3924 :ttquitalem,

263 3953 326 4016 ad
380 3959 708 4020 modestiam
768 3956 1109 4016 hortabatur,
1162 3951 1322 4029 bonis
1389 3948 1846 4035 prteruiauntalis

262 4069 442 4126 pmuas
471 4054 784 4125 propositas
836 4045 1157 4112 ostendens,
1185 4056 1240 4125 et
1264 4060 1402 4116 quos
1434 4059 1650 4100 movere
1708 4054 1850 4098 tute-

263 4153 452 4217 gritate
500 4150 650 4212 vita,
687 4143 993 4200 rationibus
1041 4151 1098 4215 et
1146 4139 1412 4211 exemplis
1463 4155 1568 4193 non
1611 4148 1842 4209 poterat,

261 4241 472 4300 eosdem
525 4237 1026 4302 obtestationibus.
1085 4232 1339 4301 precibus
1364 4270 1389 4305 ,ι
1444 4229 1724 4302 tacryrnis.
1791 4239 1849 4283 ut

266 4331 422 4407 vagos
451 4347 508 4390 et
530 4341 806 4395 errantes,
839 4329 896 4384 in
927 4328 1070 4382 viam
1103 4323 1292 4380 salutis
1309 4321 1626 4406 reducebat.
1651 4309 1858 4378 Multos

268 4403 402 4486 inter
439 4427 778 4486 secivitibus
821 4432 878 4479 et
923 4419 1201 4477 intestinis
1224 4403 1366 4475 odiis
1397 4417 1726 4475 dissidentes
1755 4426 1848 4471 aut

266 4538 441 4579 coram
473 4517 754 4583 oratione,
788 4528 876 4569 aut
927 4517 1124 4570 absens
1160 4511 1411 4582 epistolis
1445 4509 1848 4579 sapientissime

265 4631 317 4675 et
341 4614 749 4693 elegantissime
795 4610 1017 4682 scriptis
1060 4610 1127 4664 ad
1163 4590 1516 4664 concordiam
1550 4605 1846 4687 revocavit.

337 4713 444 4770 liae
470 4725 625 4767 tanta
663 4706 862 4763 virtute
897 4703 1030 4760 moti
1057 4701 1418 4771 imperatores
1439 4701 1545 4770 duo
1585 4698 1851 4754 Constan-

272 4799 656 4878 tinopolitanus
691 4811 742 4858 et
774 4796 1195 4868 Trapezuntius,
1225 4787 1367 4849 hunc
1413 4795 1554 4847 ultro
1604 4793 1853 4862 citroque

272 4901 494 4973 legatum
555 4901 874 4966 frequenter
923 4893 1238 4955 mittentes,
1291 4887 1575 4958 utriusque
1637 4885 1855 4965 imperii

277 4997 406 5054 vires
449 4989 931 5051 concateuabant,
987 4999 1096 5056 quo
1150 4981 1345 5038 fortius
1403 4990 1459 5034 et
1514 4977 1856 5033 constantius

275 5092 587 5164 propulsare
609 5083 911 5142 Turcorum
946 5082 1180 5151 impetus
1212 5083 1459 5147 possent,
1477 5075 1566 5143 qui
1598 5082 1854 5144 tanquam

277 5160 438 5245 rabidi
456 5185 570 5254 lupi
605 5183 746 5235 inter
767 5191 1059 5246 utrumque
1087 5172 1268 5244 positi,
1291 5166 1633 5226 occasionem
1660 5160 1858 5221 utrius-

275 5299 372 5352 que
407 5248 624 5347 imperii
655 5266 950 5344 diripiend'i
1005 5268 1429 5339 exspectabant,
1465 5261 1609 5334 quod
1668 5248 1855 5328 postea

279 5350 468 5429 accidit
524 5385 652 5426 cum
707 5380 903 5436 magno
951 5366 1116 5419 totius
1173 5355 1483 5426 reipublicae
1537 5350 1862 5431 Christiana:

280 5469 537 5523 dedecore
595 5480 662 5519 ac
716 5449 1064 5517 detrimento.
1119 5449 1360 5510 Sublatis
1435 5450 1580 5504 enim
1647 5444 1868 5500 duobus

283 5563 550 5626 clattstris,
591 5573 734 5613 mine
792 5555 920 5610 sese
967 5549 1022 5607 in
1082 5547 1288 5612 Asiam,
1327 5546 1473 5600 nunc
1501 5542 1556 5597 in
1587 5539 1858 5610 Europam

287 5656 593 5726 gravissima
618 5651 706 5708 illa
737 5651 1042 5707 'l'urcorum
1079 5641 1315 5716 procella
1358 5638 1574 5694 nemine
1609 5637 1863 5691 obstante

287 5724 666 5812 sc'eliundens,
713 5744 874 5814 longe
913 5756 976 5796 ac
1019 5739 1126 5795 late
1169 5735 1350 5805 omnia
1392 5741 1586 5791 vastat.
1639 5724 1860 5788 obterit,

286 5843 555 5901 conculcat
593 5861 608 5895 :
667 5837 1010 5911 diripiuntur
1052 5833 1212 5890 urbes
1255 5825 1603 5893 quantumvis
1634 5835 1862 5893 magum,

3416 293 3517 336 αν)

1937 393 2298 452 incenduntur
2325 396 2485 458 villtr,
2518 405 2782 452 necantur
2829 396 3115 462 homines;
3153 394 3294 466 quod
3341 395 3382 447 si
3407 396 3514 448 aliJ

1930 488 2128 564 quibus
2155 490 2373 548 fortuna
2403 490 2522 546 belli
2551 490 2832 562 pepercit,
2860 492 2904 546 ii
2932 506 3038 548 una
3069 504 3191 546 cum
3225 481 3534 560 pecoribus

1929 592 1994 636 eo
2021 591 2287 638 terrarum
2337 584 2629 654 abiguntur
2661 585 2805 641 unde
2859 600 3131 653 nunquam
3173 585 3226 637 in
3277 581 3517 652 patriam

1929 683 2057 729 sunt
2092 674 2339 733 redituri.
2359 675 2424 732 .0
2451 678 2676 738 miseros
2708 688 2761 734 et
2784 676 3147 734 infortunatos
3178 674 3398 729 Grzecos
3426 672 3445 726 ἒ
3476 688 3519 727 o

1929 759 2174 826 infelices
2191 777 2244 824 et
2277 768 2657 825 calamitosos!
2696 784 2730 826 ο
2770 768 3207 838 etiam-ipsorum
3242 766 3515 837 crudelisé

1928 862 2188 919 simorum
2225 861 2460 917 hostium
2485 863 2740 936 lacrymia
2764 861 3157 934 deplorandos!
3212 860 3520 916 dedistisn'o

1928 955 2182 1010 omnibus
2217 956 2526 1011 nationibus
2555 971 2620 1012 ac
2656 957 2912 1027 gentibus
2948 955 3331 1010 doetriuam'et
3356 951 3515 1022 iuge.

1929 1047 2080 1101 nium
2115 1055 2174 1101 ut
2205 1047 2308 1118 ipsi
2343 1047 2578 1104 consilio
2627 1047 2928 1104 careretis?
2976 1046 3206 1104 dedistis
3250 1053 3512 1099 armant

1927 1141 2134 1226 eisdem
2181 1149 2369 1211 postea
2416 1155 2675 1198 corruere
2740 1141 3053 1197 videamini.
3101 1137 3368 1196 Constans
3428 1146 3521 1193 est

1925 1245 2098 1301 certe,
2152 1237 2412 1302 Quirites,
2441 1236 2685 1292 omnium
2734 1237 2872 1291 bene
2910 1233 3262 1295 sentientium
3305 1231 3509 1300 opinio,

1928 1339 1985 1402 et
2004 1343 2193 1402 eorum
2237 1328 2473 1385 maxime
2496 1329 2590 1399 qui
2626 1343 2727 1383 suo
2755 1325 3012 1398 pericui')‘
3040 1326 3266 1380 istarum
3287 1322 3514 1379 calami—

1929 1431 2099 1479 tatum
2131 1425 2288 1494 gnari
2320 1431 2470 1490 sunt,
2495 1429 2603 1481 duo
2631 1423 2721 1479 illa
2768 1422 3000 1492 imperia
3035 1435 3310 1491 nunquam
3343 1418 3514 1473 fuisse

1927 1517 2232 1589 corruitura
2261 1518 2314 1580 si
2347 1515 2663 1579 Bessarion,
2695 1516 2871 1588 magni
2911 1515 3082 1570 animi
3113 1523 3274 1583 atque
3299 1508 3534 1568 consili't'

1928 1612 2031 1684 vir,
2079 1614 2185 1670 illis
2232 1614 2284 1680 iu
2343 1614 2476 1678 locis
2521 1622 2631 1669 tum
2676 1612 2869 1674 fuisset
2918 1626 3040 1666 cum
3085 1617 3381 1680 tempestas
3422 1607 3512 1661 illa

1928 1717 2262 1782 contramoo
2323 1708 2545 1778 Gnaeos
2597 1718 2831 1774 tantum,
2874 1706 2970 1761 sed
3011 1705 3308 1760 humanum
3344 1717 3515 1774 genus

1933 1810 2122 1855 exorta
2161 1810 2264 1856 est.
2296 1799 2598 1857 Excitasset
2626 1800 2773 1857 enim
2823 1799 2904 1855 vir
2929 1798 3177 1854 omnium
3217 1795 3515 1868 vigilantis.

1931 1892 2110 1971 simus
2135 1892 2497 1960 dormientem
2527 1893 2792 1950 Graeciam
2816 1932 2838 1960 ,.
2885 1891 3184 1947 animasset
3215 1889 3382 1955 nimio
3402 1889 3515 1944 otio

1929 1978 2245 2057 languentes
2266 1988 2521 2053 extimos;
2544 1986 2626 2043 ire
2657 1987 2711 2041 in
2746 1987 2935 2042 hostes
2970 1999 3100 2041 suos
3124 1992 3178 2039 et
3216 1998 3246 2038 a
3286 1982 3537 2044 cervici--

1931 2077 2034 2134 bus
2065 2087 2277 2156 tantam
2330 2078 2696 2136 calamitatem
2746 2087 2999 2134 avertere
3049 2084 3313 2148 quantam.
3367 2077 3517 2144 passi

1931 2180 2081 2239 sunt,
2113 2181 2210 2240 sp‘e
2239 2187 2382 2229 verte
2401 2180 2456 2227 et
2479 2172 2704 2239 integra:
2736 2169 2912 2226 laudis
2951 2168 3255 2240 proposita,
3288 2182 3512 2235 compu-

1931 2264 2106 2321 lisset.
2140 2262 2362 2331 Verum,
2412 2279 2481 2322 eo
2540 2266 2789 2330 absente,
2839 2277 2965 2319 cum
3030 2276 3188 2318 nemo
3239 2268 3387 2317 esset
3422 2275 3519 2329 qm

1934 2357 2235 2423 monendo,
2266 2356 2646 2421 consultando,
2688 2356 2954 2420 docendo,
2982 2354 3319 2411 cohortando
3363 2351 3516 2409 Grie-

1933 2466 2028 2510 cos
2055 2452 2110 2504 in
2143 2449 2326 2506 officio
2358 2452 2686 2517 contineret,
2718 2460 2874 2519 capta
2904 2463 2970 2502 ac
3018 2447 3230 2517 direpta
3256 2462 3290 2499 ea
3319 2445 3518 2499 Turcis

1932 2544 2433 2614 Constantinopolis
2487 2551 2594 2610 est,
2646 2558 2788 2603 caesa
2840 2542 3010 2597 multa
3059 2540 3259 2595 civium
3325 2538 3516 2603 millia,

1931 2634 2290 2688 obtruncatus
2342 2632 2638 2703 imperator
2669 2649 2687 2686 ς
2710 2633 2850 2687 idem
2880 2629 3079 2688 accidit
3113 2629 3524 2698 Trapezuntiis,

1935 2726 2076 2781 idem
2108 2725 2447 2797 Mitylenrcis,
2480 2726 2622 2781 idem
2657 2725 3137 2796 Peloponnesiacis
3181 2725 3520 2794 principibus

1932 2827 1987 2902 et
2024 2818 2418 2902 civibus,.idem
2453 2818 2672 2890 reliquae
2721 2818 2966 2886 Graeciae,
2999 2819 3140 2876 idem
3173 2818 3533 2875 Bossinensim

1937 2916 2058 2981 bus,
2104 2917 2195 2987 qui
2215 2927 2267 2970 et
2293 2931 2474 2986 regem
2499 2924 2554 2972 et
2576 2917 2804 2988 patriam
2827 2925 2881 2972 et
2903 2916 3065 2980 vitam
3095 2930 3204 2971 uno
3232 2915 3518 2971 saevissimi

1938 3011 2177 3066 hominis
2201 3011 2408 3079 impetu
2435 3009 2698 3087 amisere;
2740 3009 3062 3073 Bessarione
3098 3009 3215 3080 ipso
3245 3007 3523 3066 clamante
3550 3045 3557 3053 .

1936 3119 2000 3159 ac
2036 3119 2278 3175 perstcpe
2305 3102 2580 3159 Romanos
2618 3103 2923 3175 poutilices-
2948 3103 3279 3158 admonente
3302 3110 3361 3158 ut
3406 3101 3533 3158 Ma.-

1938 3195 2260 3258 ccttonibus.
2290 3194 2634 3264 Dalmaticis,
2690 3193 2914 3267 lllyriis.
2949 3194 3245 3251 Pannoniis
3282 3193 3522 3250 hostium
3545 3225 3566 3250 ι,

1939 3290 2198 3374 impetum
2227 3305 2369 3360 aegre
2420 3289 2816 3345 sustinentibus
2847 3288 3050 3344 auxilio
3099 3298 3310 3351 essent,
3343 3303 3414 3346 ne
3435 3302 3526 3345 re-
3557 3322 3565 3332 ι

1941 3383 2125 3439 tractis
2154 3383 2408 3450 claustris
2450 3383 2601 3440 illine
2630 3397 2772 3440 saeva
2804 3381 2896 3438 illa
2941 3390 2995 3438 et
3027 3383 3281 3438 immanis
3320 3382 3522 3444 helluo.

1939 3474 2178 3531 Eridano
2198 3463 2504 3540 violentior,
2555 3473 2764 3530 Italiam
2798 3474 3114 3537 inundaret.
3149 3474 3291 3546 quod
3325 3489 3533 3546 prope:

1941 3563 2084 3624 diem
2104 3566 2334 3646 (utinam
2364 3566 2531 3623 falsus
2566 3568 2667 3624 sim
2698 3568 2921 3639 vates!)
2948 3567 3189 3624 futurum
3220 3567 3528 3627 videbimus

1943 3660 2043 3716 nisi
2098 3659 2226 3716 huic
2277 3659 2680 3731 sapietttissimo
2709 3659 2869 3731 viro,
2905 3670 3165 3730 tanquam
3217 3675 3248 3714 e
3300 3661 3528 3730 speculo

1942 3752 2122 3808 omnia
2176 3753 2446 3817 cernenti,
2478 3751 2760 3821 clamanti,
2793 3752 3105 3809 admonenti
3148 3753 3350 3820 instare
3405 3766 3524 3821 tua-

1941 3861 2118 3926 ειιίιιιι⁵
2154 3837 2476 3917 perniciem,
2512 3832 2805 3916 aliquando
2839 3845 3024 3912 fuerit
3070 3845 3530 3919 oluemperatum.
3567 3882 3576 3907 ,η

1944 3941 2173 3998 Multum
2199 3950 2349 3997 certe
2387 3942 2515 3996 huic
2567 3932 2906 4010 amplis‘simo
2938 3933 3100 4004 Patri,
3125 3940 3422 4002 debemus,
3459 3941 3524 4004 ad

1945 4042 2098 4106 cujus
2122 4052 2210 4092 res
2238 4027 2452 4107 egregie
2477 4043 2657 4102 gestas
2687 4049 2754 4088 ne
2781 4033 2840 4087 in
2871 4034 3012 4088 hanc
3043 4031 3418 4086 calamitatem.
3438 4046 3527 4096 vc-

1947 4130 2189 4184 niremus
2224 4128 2456 4182 libenter
2475 4128 2698 4182 accedo.
2756 4123 2810 4181 Is
2846 4125 3014 4192 enim,
3048 4141 3106 4180 re
3138 4124 3533 4180 Constantino—

1947 4213 2189 4292 ptilitana
2229 4223 2467 4279 nondum
2521 4219 2825 4293 proﬂigata,
2852 4219 3184 4276 Orientalem
3232 4216 3529 4273 Ecclesiam

1950 4299 2013 4372 in.
2052 4315 2378 4373 sententiam
2427 4313 2792 4369 Occidentalis
2834 4312 3083 4382 redigere
3122 4318 3367 4374 conatus,
3395 4323 3530 4370 non

1947 4400 2100 4482 prius
2134 4408 2364 4480 destitit,
2395 4408 2673 4475 rogando,
2710 4407 2981 4471 mouendo
3018 4405 3402 4470 imperatorem
3463 4417 3530 4454 ac

1949 4504 2220 4576 principes
2238 4502 2467 4558 Graeciae
2523 4515 2689 4572 quam
2733 4514 2834 4555 eos
2856 4494 3161 4567 impulerit,
3207 4493 3525 4565 gravissima

1950 4594 2199 4652 oratione
2229 4594 2434 4660 habita,
2454 4594 2516 4648 in
2552 4589 2756 4670 Italiam
2786 4590 2850 4644 ad
2887 4589 3187 4657 Eugenium
3221 4586 3538 4655 pontiliceut

1952 4693 2248 4745 maximum
2278 4682 2630 4744 contendere.
2654 4687 2861 4741 Venere
2892 4686 3083 4754 primo.
3102 4681 3357 4738 Venetias
3375 4691 3532 4748 atque

1953 4783 2079 4839 inde
2130 4783 2436 4838 Ferrariatn
2494 4774 2605 4836 ubi~
2641 4779 2883 4850 ponti-fex
2933 4787 3092 4833 erat..
3126 4775 3200 4830 lbi
3233 4758 3450 4847 gravem
3483 4784 3536 4826 ιιι

1953 4879 2265 4957 elegantem
2310 4859 2615 4931 orationem
2665 4872 2955 4928 Bessarion
3009 4870 3076 4925 ad
3135 4883 3266 4925 suos
3323 4866 3554 4930 habuit,-

1952 4987 2048 5028 eos
2077 4971 2398 5026 adhortatus
2432 4980 2512 5031 ut,
2543 4967 2756 5040 cognita
2788 4963 3169 5035 frequentibus
3215 4961 3536 5030 disputatio-

1958 5066 2118 5120 nibus
2164 5063 2556 5126 controversia
2614 5075 2782 5130 causa
2835 5045 2956 5128 qua:
3014 5055 3240 5112 Latinos
3292 5055 3434 5109 inter
3481 5062 3535 5109 rt

1954 5159 2170 5215 Graecos
2202 5150 2508 5230 quingentis
2531 5155 2643 5228 jam
2674 5156 2831 5209 annis
2861 5158 3156 5221 scrpserat,
3189 5150 3360 5219 positu
3387 5149 3535 5229 omni

1958 5256 2232 5310 simultate
2267 5255 2320 5308 in
2351 5252 2596 5307 eamdem
2631 5252 2958 5305 sententiam
3004 5260 3192 5300 omnes
3225 5254 3335 5298 tum
3387 5225 3535 5296 veni-

1959 5357 2099 5403 rent.
2128 5347 2227 5400 hac
2264 5359 2371 5399 una
2401 5343 2607 5396 ratione
2625 5354 2876 5396 asserens
2902 5355 2965 5394 ea
2988 5339 3202 5418 demum
3229 5334 3537 5404 recuperari

1960 5458 2140 5513 posse,
2172 5439 2478 5508 conjunctis
2504 5437 2678 5508 copiis
2713 5435 3012 5504 collataque
3044 5433 3307 5502 impensa,
3341 5443 3461 5499 qum
3484 5436 3539 5481 et

1961 5537 2124 5592 Turei
2159 5534 2433 5604 quondam
2469 5526 2526 5587 et
2559 5528 2819 5586 Saraceni
2856 5536 2910 5583 et
2936 5526 3142 5587 Arabes
3163 5565 3177 5590 ,
3203 5521 3539 5579 Christiano-

1962 5646 2081 5688 rum
2108 5628 2347 5686 dissidiis
2380 5626 2551 5697 magis
2580 5609 2743 5695 quam
2785 5623 2979 5677 animis
3006 5629 3080 5687 ct-_
3109 5619 3275 5672 armis
3303 5613 3539 5686 propriis

1965 5727 2089 5782 freti
2133 5733 2487 5796 occuparant.
2525 5719 2750 5775 Dicebat
2790 5706 2968 5786 enim,
3002 5715 3141 5780 quod
3191 5711 3564 5766 verissimum-

1965 5828 2070 5888 est,
2099 5801 2529 5875 Mabanietanam
2559 5801 2838 5883 perfidiam
2871 5811 2976 5868 late
3001 5809 3234 5866 crevisse
3282 5806 3414 5864 dum
3453 5820 3535 5865 m-
