3972 6164
377 248 485 291 CVII

374 352 597 421 ligionis
624 362 823 408 nostra!
856 354 1033 425 capita“
1065 353 1206 411 inter
1221 368 1281 409 se
1307 352 1599 417 dissident.
1628 354 1959 426 procedatne

380 442 615 515 Spiritus
644 455 871 500 sanctus
910 460 939 500 a
991 447 1149 503 Patre
1192 450 1439 508 tantum.
1473 455 1531 500 ut
1564 443 1764 509 Graeci,
1802 462 1870 500 an
1927 460 1961 501 ι

377 538 541 596 Patre
570 550 625 595 et
660 540 819 606 Filio,
848 550 903 594 ut
929 539 1105 595 Latini
1134 541 1424 608 volebant;
1460 540 1544 596 his
1567 541 1713 597 enim
1743 551 1968 597 contro-

376 633 576 688 versiis
603 630 807 689 factum
836 645 899 689 ut
936 632 1004 687 ad
1044 630 1455 689 Maltontetanos
1487 634 1682 702 partim
1720 634 1797 702 vi,
1842 650 1967 703 paru-

381 726 477 782 tim
512 735 703 798 sponte
733 727 1028 784 deficerent
1056 728 1264 800 populi,
1305 730 1432 783 dum
1472 728 1799 783 Christianae
1837 728 1966 783 reii-

380 820 561 889 gionis
607 820 882 890 principes
917 822 1045 891 quid
1073 820 1422 892 potissimum
1462 830 1679 877 teneant
1725 822 1967 878 incertos

378 912 603 978 vident;
632 912 759 968 hinc
787 915 1045 970 amissam
1086 931 1206 971 esse
1228 915 1620 971 Antiochenam
1642 914 1959 981 Ecclesium,

381 1003 510 1059 ltinc
555 1005 1125 1077 lliernsolymitanatn,
1174 1011 1301 1064 hinc
1343 1009 1789 1074 Alexandrinam,
1837 1006 1966 1061 hinc

381 1097 615 1169 denique
667 1112 888 1153 onmem
944 1099 1117 1155 ferme
1156 1100 1341 1157 Asiam
1392 1112 1449 1155 et
1503 1108 1670 1155 lotam
1723 1098 1965 1154 Africam

380 1190 524 1246 hanc
546 1204 752 1260 pCSlcttl
770 1208 1089 1263 occupasse,
1107 1193 1324 1265 etquod
1359 1195 1578 1266 gravius
1604 1205 1708 1261 est,
1738 1193 1970 1264 Europa

380 1284 649 1352 quasdam
684 1298 870 1355 partes
894 1286 1119 1359 jamjatn
1153 1286 1405 1345 infecisse
1444 1303 1507 1343 ac
1538 1287 1752 1358 longius
1774 1300 1972 1355 evaga-

381 1385 563 1433 turam
594 1379 668 1446 ni,
699 1395 929 1450 prepare
970 1380 1203 1436 sublatis
1232 1391 1343 1436 tam
1395 1380 1722 1451 perniciosis
1753 1388 1969 1435 contro-

382 1471 585 1527 versiis
646 1486 711 1527 ac
768 1472 938 1542 pulsis
992 1473 1318 1529 Christianae
1353 1472 1663 1544 reipublicae
1694 1471 1967 1535 hostibus,

382 1560 438 1611 in
470 1558 870 1626 possessionem
916 1573 1179 1629 veterem,
1232 1563 1440 1627 labore,
1479 1563 1672 1635 vigiliis
1726 1578 1791 1619 ac
1840 1578 1970 1618 san.

382 1650 546 1719 guine
578 1662 875 1724 tuat'tytum
926 1665 1321 1727 comparatam,
1370 1658 1567 1710 annali
1619 1668 1745 1709 cum
1774 1653 1972 1712 vexillo

382 1743 566 1797 crucis
596 1761 679 1814 pm
696 1747 968 1801 venerint.

456 1835 733 1893 Pcrmovit
764 1841 898 1894 tanti
941 1840 1045 1896 viri
1096 1840 1397 1900 auctoritas
1445 1849 1620 1911 totum
1651 1838 1967 1905 concilium,

387 1934 658 2001 permovit
709 1933 985 2003 religionis
1044 1934 1428 1992 honestissima
1475 1949 1673 2001 causa,
1701 1933 1973 2005 permovit

383 2028 552 2083 mium
609 2029 903 2106 imminens
968 2030 1276 2087 cervicibus
1336 2032 1581 2086 omnium
1648 2028 1970 2101 periculum.

387 2120 661 2191 Disputari
722 2131 835 2175 tum
913 2121 1115 2177 acriter
1170 2122 1313 2178 inter
1370 2122 1657 2191 utriusque
1716 2119 1975 2177 Ecclesia

388 2194 670 2287 theolokgos
684 2226 767 2269 est
785 2224 1046 2282 emptum.
1064 2217 1469 2272 Assevcrabant
1499 2214 1695 2283 Gncci,
1720 2218 1976 2285 episcopo

385 2306 682 2378 Ephesiae,
722 2308 948 2365 Platone
982 2308 1285 2381 (Pletltone)
1335 2310 1643 2375 Schoiario,
1691 2311 1972 2381 Dionysio,

384 2404 636 2472 episcopo
664 2399 948 2468 Seniensi,
968 2404 1306 2471 gravissimis
1334 2404 1669 2467 auctoribus,
1704 2403 1973 2472 Spiritum

386 2506 637 2548 unt-tum
672 2510 699 2548 a
725 2491 883 2548 Patre
911 2504 1118 2551 tantum
1156 2496 1499 2566 procedere;
1544 2497 1817 2552 instabant
1843 2512 1977 2552 cou-

387 2598 471 2641 tra
515 2585 611 2641 Lat
636 2588 689 2643 ni
730 2604 760 2639 a
803 2586 938 2642 Filio
995 2605 1213 2660 quoque
1266 2586 1412 2643 idem
1456 2590 1594 2656 ﬁeri,
1652 2591 1977 2647 auctoritate

390 2690 636 2735 veterum
697 2680 1098 2749 theologorum,
1156 2682 1392 2737 maxime
1453 2698 1584 2737 vero
1631 2683 1974 2754 Hieronymi,

390 2774 680 2845 Augustini
710 2782 765 2829 et
793 2773 1077 2831 Athanasii
1113 2775 1164 2830 id
1196 2777 1637 2847 comprobemus.
1679 2775 1760 2832 Re
1789 2788 1975 2834 autem

388 2867 509 2938 ipsa
528 2868 711 2922 adhuc
742 2854 1400 2938 pendente,‘Fiorentiani
1430 2869 1700 2941 proﬁcisci
1729 2870 1978 2941 pontiﬁci

387 2969 445 3017 st
467 2961 633 3018 curiae
651 2960 825 3015 visum
847 2972 950 3017 est.
971 2960 1074 3027 ibi,
1092 2976 1214 3018 eum
1233 2964 1300 3019 de
1327 2978 1386 3018 re
1408 2965 1659 3034 ambigua
1684 2966 1977 3037 aliquando

386 3055 749 3125 disceptatum
802 3063 977 3119 esset,
1028 3070 1228 3111 venere
1266 3058 1479 3111 tandem
1530 3056 1728 3122 Graeci,
1765 3059 1982 3116 ratione

385 3163 455 3206 sc
486 3148 827 3205 Bessarionis
853 3149 1175 3203 auctoritate
1199 3148 1361 3214 moti,
1392 3150 1444 3204 in
1473 3152 1799 3210 sententiam
1828 3149 1979 3207 Lati-

389 3259 611 3299 norum.
646 3241 696 3299 is
744 3244 915 3309 enim,
979 3242 1083 3297 etsi
1133 3241 1335 3298 acriter
1365 3257 1499 3301 suos
1541 3245 1721 3317 primo
1773 3253 1981 3300 tutatus

386 3346 500 3405 est,
549 3338 769 3396 tandem
824 3342 1055 3395 veritate
1110 3338 1471 3400 illucescente.
1513 3340 1568 3395 in
1614 3341 1977 3398 orthodoxam

388 3429 650 3489 Ecclesia:
674 3430 937 3487 Romana:
968 3433 1296 3487 sententiam
1332 3448 1439 3488 non
1472 3432 1651 3490 solum
1676 3433 1982 3500 descendit,

388 3542 580 3583 verum
640 3527 803 3581 etiam
857 3542 992 3583 suos
1021 3536 1082 3581 ut
1129 3526 1274 3583 idem
1331 3527 1578 3584 lacerent
1618 3528 1685 3583 ad
1745 3528 1979 3585 salutem

389 3618 855 3690 disputationibus
909 3630 964 3674 et
1019 3621 1171 3689 gravi
1224 3621 1476 3678 oratione
1522 3620 1847 3678 adhortatus
1872 3631 1981 3679 est.

390 3712 574 3770 linum
608 3712 827 3768 tandem
868 3710 1138 3778 animum,
1170 3727 1333 3767 unam
1360 3725 1595 3769 mentem
1632 3713 1777 3784 idem
1806 3712 1983 3784 Spiri-

390 3813 486 3863 tus
504 3819 752 3872 sanctus,
776 3820 877 3879 pro
899 3820 1011 3877 quo
1056 3804 1485 3877 disceptabatur,
1524 3807 1782 3863 omnibus
1808 3806 1983 3865 dedit.

388 3900 626 3956 Ventum
658 3900 877 3959 tandem
911 3897 967 3954 in
1006 3897 1360 3956 concordiam
1381 3940 1397 3964 .
1439 3911 1493 3958 et
1523 3898 1840 3976 Symbolum
1872 3901 1983 3961 Bu—

388 4004 566 4047 πωπω
614 3988 883 4053 Ecclesia:
933 3987 1004 4046 ab
1047 3986 1318 4046 Orientali
1365 3990 1583 4062 publica
1633 3991 1977 4049 decantatur.

298 4124 301 4127 μ
390 4083 587 4142 Soluto
609 4086 827 4139 demum
856 4081 1096 4139 concilio
1127 4082 1425 4155 imperator
1451 4083 1978 4158 Constantitmpolitn

386 4193 513 4233 cum
546 4177 663 4231 suis
696 4174 1020 4231 revertitur.
1046 4175 1324 4247 Eugenius
1366 4188 1547 4235 autem
1586 4181 1850 4250 pontifex,
1883 4196 1981 4235 eo-

388 4271 542 4340 gnita
572 4268 920 4325 Bessarionis
962 4266 1228 4339 singulari
1261 4268 1465 4326 virtute
1496 4279 1551 4327 et
1584 4274 1858 4341 doctrina,
1884 4276 1985 4329 ho-

387 4362 591 4420 minem
627 4360 754 4416 licet
792 4359 1072 4415 absentem
1114 4376 1184 4415 ex
1216 4364 1493 4419 sententia
1532 4363 1759 4421 fratrum
1792 4369 1843 4423 in
1875 4383 1981 4422 nuo

394 4469 606 4512 merum
633 4451 1000 4509 cardinaiium
1038 4462 1299 4522 cooptat;
1349 4459 1653 4523 accersitur
1682 4460 1739 4516 in
1769 4463 1981 4519 curiam

388 4552 692 4608 Romanam
715 4552 797 4610 vir
818 4556 1210 4625 amplissimus,
1228 4562 1281 4609 ut
1302 4569 1443 4612 unus
1469 4555 1695 4629 aliquis,
1712 4555 1975 4624 Quirites,

390 4645 580 4705 Roma
628 4649 794 4707 etiam
831 4666 862 4704 e
893 4648 1103 4707 Graecia
1152 4650 1498 4722 ingeniorum
1546 4651 1983 4719 altrice,doctri-

390 4755 587 4799 narum
640 4741 950 4798 inventrice
981 4781 998 4807 ,
1048 4757 1215 4814 quem
1271 4742 1733 4813 sdmiraremini,
1776 4743 1983 4816 quique

386 4832 631 4903 vicissim
654 4835 795 4896 hanc
823 4845 1062 4893 vestram
1086 4836 1678 4903 civitatem,dominam
1704 4837 1979 4906 quondam

389 4945 596 4998 rerum,
650 4946 792 4986 nunc
836 4930 1134 5000 collapsam
1182 4944 1380 5000 magna
1418 4944 1486 4986 ex
1528 4942 1687 5003 parte
1720 4943 1777 4987 et
1810 4948 1981 5005 prope

388 5026 626 5080 diro-tam
665 5023 723 5082 in
752 5024 1028 5082 ttteliorem
1058 5025 1290 5081 formam
1321 5008 1613 5096 retligeret,
1640 5025 1803 5084 homo
1832 5042 1982 5086 certe

390 5118 623 5176 Romani
665 5119 906 5175 nominis
932 5117 1375 5174 amantissimus.
1408 5119 1651 5189 Accepto
1685 5131 1869 5178 autem
1910 5126 1979 5181 de

388 5227 543 5269 more
566 5195 773 5282 galero,
804 5211 1023 5280 insigne
1072 5211 1470 5279 cardinalatus,
1512 5212 1585 5266 ita
1621 5214 1771 5269 brevi
1816 5216 1984 5275 homo

389 5305 401 5317 '
429 5306 703 5378 .geniosus
732 5317 786 5361 et
814 5317 1011 5363 acutos
1061 5304 1385 5361 Latinorum
1423 5322 1603 5362 mores
1625 5318 1682 5363 et
1711 5309 1979 5366 litteratu-

388 5414 504 5455 ram
542 5398 777 5465 imbibit,
821 5410 880 5454 ut
919 5415 988 5454 ex
1040 5398 1380 5453 nostratibus
1414 5413 1554 5453 unus
1601 5413 1656 5457 et
1695 5418 1803 5463 non
1847 5404 1978 5461 alibi

386 5502 549 5547 natus
586 5492 887 5549 videretur.
938 5488 1385 5562 Frequentabaut
1428 5500 1560 5547 tunc
1607 5507 1822 5565 quoque
1855 5497 1975 5567 ejus

387 5586 610 5641 domum
650 5585 865 5656 plenam
913 5585 1177 5658 religione
1198 5624 1214 5650 ,
1244 5586 1505 5641 comitate
1534 5598 1589 5643 et
1620 5588 1821 5660 gratia,
1852 5590 1974 5658 ple-

385 5692 515 5734 nam
539 5677 771 5746 ingeniis
804 5688 918 5733 tum
953 5677 1181 5744 Grmcis,
1227 5684 1342 5731 tum
1376 5674 1603 5745 Latinis,
1639 5678 1738 5733 viti
1765 5696 1830 5735 ex
1858 5692 1971 5738 tota

388 5770 861 5832 curiadocﬁssimi
951 5774 1048 5830 hos
1094 5773 1173 5832 vcl
1220 5772 1361 5831 inter
1411 5789 1470 5830 sc
1499 5770 1849 5843 disserentes,
1882 5778 1963 5834 vel

1695 238 1913 303 BAP'I‘.
1941 239 2293 307 ΡιΑτιΝιῑ

3515 241 3650 288 cvm

2069 356 2273 429 aliquid
2329 358 2475 429 quod
2520 356 2591 415 ad
2659 348 3034 431 cognitionem
3074 352 3270 428 lingua
3314 346 3661 425 pertineret.

2072 449 2354 507 laudantes
2384 450 2466 521 (ut
2499 450 2583 522 fit)
2613 449 3019 516 refellentesve,
3058 447 3135 504 ita
3162 453 3371 504 attente
3398 440 3663 498 audiebat

2070 554 2128 602 ut
2156 561 2220 601 ex
2254 544 2587 602 abundantia
2629 543 2834 618 ingenii
2872 543 3150 614 animique
3172 536 3511 611 perspicacia
3543 532 3666 589 dis-

2070 642 2399 711 ceptantium
2430 639 2639 696 arbiter
2671 636 3061 711 propemodum
3118 631 3296 690 fleret.
3327 629 3425 685 llis
3448 626 3665 682 artibus

2070 738 2126 785 et
2149 746 2210 783 ea
2244 730 2544 799 vigilantia,
2590 745 2696 795 qua
2732 726 2968 783 maxime
2998 737 3190 783 omnes
3231 714 3663 781 excellit..brevi

2071 823 2251 879 cllccil
2280 836 2335 877 ut
2369 824 2515 896 quod
2565 825 2759 882 Graece
2786 830 2945 878 antea
2976 820 3031 876 in
3065 817 3262 891 quovis
3294 830 3496 888 genere
3531 811 3668 868 doe-

2074 916 2229 971 trinze
2258 928 2600 987 perceperat,
2635 916 2687 973 id
2717 913 2910 971 Latina
2937 912 3120 987 lingua
3147 918 3296 982 apte,
3315 905 3668 976 diellncleﬁl

2071 1021 2264 1067 ornate
2300 1010 2519 1067 θεῖοι-γει
2546 1027 2609 1068 ac
2629 1011 2917 1067 scriberet.
2940 1005 3041 1064 llis
3074 1002 3273 1061 studiis
3305 999 3669 1056 vehementer

2073 1100 2397 1166 delectatus,
2427 1118 2703 1172 nunquam
2739 1108 2927 1156 tamen
2971 1096 3264 1169 quicquam
3292 1090 3482 1149 omisit
3511 1102 3588 1157 qu
3628 1084 3665 1141 d

2074 1203 2171 1249 aut
2204 1193 2422 1266 publice
2446 1209 2510 1251 ex
2544 1192 2729 1250 ofﬁcio
2771 1199 2867 1248 aut
2910 1189 3168 1264 privatim
3198 1184 3471 1258 agendum
3492 1185 3668 1245 esset,

2071 1285 2142 1344 ad
2191 1290 2373 1347 omnia
2408 1287 2871 1362 promptissimum
2925 1283 3239 1355 ingenium,
3272 1274 3667 1333 dexterrimatn

2073 1397 2312 1444 mentem
2369 1382 2786 1452 circumferens,
2827 1387 2887 1436 ut
2914 1379 2991 1436 nil
3034 1392 3065 1433 a
3093 1375 3238 1432 bono
3270 1366 3672 1445 patrefamilias

2074 1490 2133 1538 et
2167 1481 2236 1537 ab
2260 1480 2468 1549 Optimo
2497 1477 2748 1551 principe
2778 1473 3044 1532 differret.
3076 1468 3193 1525 liae
3232 1478 3413 1523 tamen
3461 1458 3669 1551 insigni

2074 1576 2276 1631 virtute
2302 1548 2361 1631 et
2398 1548 2769 1643 magnitudine
2800 1566 2967 1623 animi
3000 1570 3283 1637 permotus
3308 1555 3566 1613 Nicolaus
3596 1548 3667 1616 ν.

2079 1666 2135 1722 in
2158 1666 2338 1722 locum
2376 1661 2641 1720 demortui
2685 1656 2918 1732 Eugenii
2950 1653 3196 1728 pontifex
3239 1650 3515 1708 maximus
3559 1643 3674 1701 suf-

2078 1759 2272 1825 fectus,
2304 1757 2681 1814 Bcssarionem
2732 1754 2800 1809 ad
2843 1767 2930 1808 res
2967 1747 3207 1822 agendas
3240 1740 3584 1815 aptissimum
3615 1744 3674 1793 et

2078 1850 2148 1908 ad
2200 1850 2386 1907 omnia
2438 1849 2579 1904 maia
2634 1832 2993 1918 praecavenda
3049 1833 3528 1913 vigilantissimum
3563 1829 3670 1885 Bo-

2079 1942 2568 2014 noniensibusjam
2598 1939 2805 2012 pridem
2835 1936 3095 1994 intestino
3123 1931 3265 1990 bello
3295 1925 3677 1987 laborantibus

2063 2038 2314 2110 legatum
2371 2051 2496 2092 cum
2550 2046 2764 2089 sutrma
2821 2028 3149 2086 auctoritate
3200 2023 3449 2098 praeﬁcit.
3502 2020 3557 2077 is
3606 2033 3676 2075 eo

2072 2131 2435 2206 proficiscens
2461 2126 2632 2187 ell‘usa
2661 2127 2881 2182 obviam
2913 2126 3123 2179 urbana
3154 2117 3527 2183 multitudine,
3560 2127 3673 2168 non

2080 2224 2239 2279 aliter
2276 2226 2345 2279 ab
2380 2223 2633 2278 omnibus
2658 2217 2951 2290 inspicitur
2988 2230 3054 2271 ac
3091 2212 3246 2271 sidus
3291 2208 3586 2294 benignum
3617 2214 3676 2263 et

2081 2317 2374 2373 salutarea
2408 2312 2844 2388 periclitantibus
2877 2307 3060 2364 nautis
3103 2313 3159 2362 et
3198 2317 3337 2376 pene
3385 2299 3675 2373 naufragis
3764 2354 3768 2363 ,

2084 2409 2279 2483 inspici
2337 2422 2402 2465 ac
2454 2404 2752 2465 consultari
2807 2402 2967 2461 solet.
3044 2401 3370 2469 Quanquam
3428 2396 3679 2451 hominis

2080 2500 2263 2574 hujus,
2291 2498 2553 2569 Quirites,
2581 2498 2757 2569 major
2786 2495 2857 2550 sit
2888 2493 3011 2549 laus
3042 2506 3204 2562 quant
3253 2487 3455 2546 sideris
3488 2504 3503 2542 :
3539 2485 3689 2544 illud.

2081 2595 2225 2651 enim
2262 2592 2399 2648 duas
2437 2602 2618 2648 tresve
2649 2600 2705 2647 et
2740 2603 2805 2644 eo
2851 2585 3085 2659 amplius
3114 2598 3280 2641 naves
3307 2582 3552 2653 benigno
3586 2580 3678 2666 in-

2084 2689 2224 2744 tuitu
2261 2693 2574 2750 conservat,
2607 2683 2699 2740 bic
2753 2690 2957 2737 tantam
3011 2679 3284 2735 civitatem
3306 2674 3678 2749 ,pr.eclaram.

2083 2779 2363 2854 quondam
2428 2779 2611 2849 populi
2652 2775 2881 2833 Romani
2931 2771 3226 2836 coloniam,
3266 2768 3551 2826 hominum
3604 2763 3679 2821 ad

2083 2888 2235 2931 arma
2280 2881 2339 2930 et
2374 2871 2587 2929 litteras
2622 2870 2892 2935 altricem,
2928 2868 3101 2923 oculis
3134 2865 3318 2921 omnia
3349 2859 3680 2933 circumspi-

2083 2971 2261 3039 ciens,
2315 2979 2503 3025 mente
2533 2968 2839 3040 praevidcns
2893 2980 2956 3019 ac
2998 2963 3320 3034 disponens,
3348 2958 3534 3030 lingua
3578 2954 3680 3012 ad-

2084 3076 2320 3120 monens
2364 3063 2737 3128 deterrcnsve,
2808 3073 2971 3114 manu
3027 3054 3332 3113 insanabile
3384 3047 3588 3107 vulnus
3620 3057 3677 3105 et

2084 3154 2458 3227 contagiosum
2520 3151 2867 3220 abscindens,
2904 3149 2973 3208 ab
3007 3150 3229 3209 interitu
3278 3154 3336 3204 et
3387 3160 3559 3218 prope
3601 3142 3674 3201 ab

2086 3248 2278 3306 inferis
2323 3247 2620 3304 revocavit.

2156 3339 2307 3398 Nota:
2327 3349 2452 3396 sunt
2477 3338 2715 3398 civitatis
2744 3338 2926 3396 clades
2950 3336 3073 3411 plus
3095 3353 3263 3411 quam
3291 3333 3507 3405 civiles,
3535 3335 3671 3391 dum

2087 3434 2254 3492 tactio
2292 3432 2577 3491 Bentivola
2598 3443 2654 3488 et
2685 3430 2961 3490 Cenedula
3004 3430 3073 3487 de
3106 3430 3414 3502 principatu
3441 3436 3676 3487 conten-

2085 3528 2204 3598 dit;
2235 3526 2510 3585 alentibus
2532 3526 2853 3584 seditionem
2882 3524 3010 3581 hinc
3047 3522 3300 3596 Philippo
3326 3521 3671 3590 vioecomite,

2088 3628 2217 3686 hinc
2246 3620 2495 3691 Venetis,
2525 3621 2657 3682 hinc
2708 3618 2954 3693 principe
3000 3616 3373 3684 Ferrariense,
3420 3614 3675 3673 instanti-

2087 3717 2193 3777 bus
2210 3718 2379 3776 etiam
2402 3718 2619 3774 duabus
2634 3714 2961 3773 militaribus
2992 3710 3341 3778 factionibus,
3365 3709 3670 3769 Brachiano

2086 3822 2144 3869 et
2183 3810 2489 3878 Sfortiane,
2513 3825 2639 3882 qua
2665 3807 3007 3866 dominatum
3044 3812 3391 3878 appetentes,
3424 3805 3570 3862 hanc
3595 3802 3673 3861 ci-

2085 3905 2315 3985 vitatem
2337 3902 2502 3961 veluti
2524 3915 2708 3959 arcem
2729 3898 2897 3955 Italian
2915 3911 3190 3971 occupare
3210 3894 3381 3953 armis
3400 3910 3467 3954 ac
3482 3895 3692 3953 fraude-

2086 4000 2333 4071 persaepo
2358 3994 2544 4053 conati
2565 4000 2717 4050 sunt.
2743 3990 2841 4048 His
2861 3990 3007 4049 enim
3025 4004 3089 4049 ac
3108 3998 3381 4048 tantorum
3396 3990 3666 4048 malorum

2086 4088 2404 4148 auctoribus
2427 4088 2496 4143 ad
2530 4086 2584 4145 id
2607 4085 2829 4144 saevitia:
2860 4095 3088 4143 ventum
3111 4092 3197 4142 est
3216 4120 3236 4151 .
3262 4092 3324 4140 ut
3357 4084 3553 4142 eodem
3586 4083 3673 4144 die

2086 4197 2145 4245 et
2181 4183 2412 4241 Annibal
2451 4178 2783 4248 bentivolus
2822 4188 2876 4236 et
2922 4174 3170 4252 Baptista
3198 4176 3509 4236 Cenedulus
3549 4194 3670 4235 cum

2093 4277 2283 4337 multis
2313 4278 2602 4346 utrimque
2658 4270 2918 4329 factionis
2969 4279 3086 4328 tota
3133 4271 3271 4329 urbe
3309 4270 3672 4328 tumultuante

2087 4387 2199 4429 uno
2226 4372 2434 4443 impetu
2464 4368 2825 4437 ccderentnr,
2873 4363 3025 4422 nullo
3060 4379 3172 4421 non
3220 4363 3564 4420 crudelitatis
3582 4378 3671 4436 ge-

2085 4477 2223 4526 nere
2250 4461 2543 4529 adhibito;
2576 4471 2631 4516 et
2662 4474 2731 4516 ne
2755 4456 3035 4529 nllaquiss
3063 4455 3404 4513 calamitosis
3429 4456 3669 4522 daretur,

2087 4570 2455 4630 supervenere
2506 4551 2707 4624 saepius
2754 4551 2970 4608 externi
3025 4551 3213 4608 hostes
3252 4551 3442 4608 urbem
3489 4566 3665 4624 oppu-

2088 4651 2330 4727 gnaturi,
2357 4649 2415 4705 ni
2457 4646 2806 4704 Bessariouis
2847 4642 3142 4718 sipientia,
3173 4645 3326 4701 cives
3357 4645 3427 4701 ad
3448 4660 3672 4702 concor-

2086 4744 2233 4804 diam
2251 4755 2538 4810 revocans,
2548 4750 2834 4799 externum
2852 4737 3067 4799 hostem
3088 4737 3337 4797 rabidum
3349 4746 3405 4796 et
3420 4754 3665 4799 voracem

2087 4854 2124 4896 ι
2144 4834 2455 4897 visceribus
2486 4834 2693 4893 civium
2720 4831 3147 4891 Bononiensium
3177 4832 3542 4907 propulsaret.
3566 4832 3667 4890 lte-

2086 4930 2333 5003 spirante
2380 4928 2575 4986 deinde
2631 4928 2893 4999 paulatim
2948 4928 3186 5000 (tantum
3235 4924 3366 4983 mali
3422 4928 3665 4999 inerat!)

2089 5026 2157 5084 ab
2183 5033 2409 5085 externa
2429 5022 2481 5078 vi
2500 5021 2869 5091 iatestinoque
2891 5020 3036 5076 maio
3062 5019 3321 5085 civitate‘.
3352 5028 3527 5078 totum
3552 5036 3667 5080 sese

2086 5120 2172 5175 vir
2203 5119 2445 5188 optimus
2476 5118 2544 5176 ad
2564 5114 2973 5186 componendos
2994 5113 3200 5171 civium
3224 5126 3427 5179 mores.
3449 5112 3664 5175 licentia

2084 5213 2282 5270 bellica
2307 5221 2594 5280 corruptos
2621 5219 2678 5266 et
2707 5207 3086 5275 labeiactatos,
3115 5210 3314 5279 vertit;
3334 5222 3496 5279 quem
3521 5218 3665 5279 certe

2089 5311 2189 5365 hac
2210 5307 2264 5362 in
2297 5321 2354 5362 re
2377 5306 2514 5362 nihil
2550 5318 2709 5374 aeque
2730 5301 3205 5375 juvitquamejus
3238 5303 3663 5376 religio,pietas,

2082 5399 2316 5474 iustitia,
2346 5398 2679 5462 constantia,
2733 5396 3093 5462 abstinentia,
3142 5395 3386 5469 gravitas
3410 5396 3667 5452 comitate

2083 5494 2326 5553 condita.
2361 5492 2472 5549 Hac
2508 5495 2652 5557 enim
2686 5491 2897 5546 ratione
2920 5492 3041 5546 sine
3073 5489 3180 5549 ulla
3217 5486 3269 5545 vi
3309 5489 3661 5562 quorumdam

2084 5588 2369 5647 hominum
2398 5585 2766 5658 arrogantiam
2792 5584 3076 5654 repressit,
3098 5583 3356 5639 libidines
3382 5583 3659 5647 exstinxit,

2022 5748 2029 5754 _
2082 5684 2410 5755 cupiditates
2443 5680 2759 5749 refrenavit,
2793 5695 2921 5736 cum
2971 5679 3087 5736 lieri
3127 5678 3272 5735 baud
3288 5687 3661 5751 gravate‘cou-

2088 5777 2329 5838 eucvcrit
2359 5788 2418 5834 ut
2449 5792 2540 5837 cos
2584 5791 2765 5835 mores
2806 5774 3074 5833 imbibant
3125 5772 3373 5831 homines
3419 5786 3559 5844 quos
3605 5769 3662 5831 in
