3972 6164
314 319 405 361 GH

314 422 564 497 principe
588 434 850 498 tanquam
871 430 928 488 in
953 433 1181 504 speculo
1197 435 1365 493 totius
1387 437 1628 496 civitatis
1650 439 1908 497 viderint.

316 515 477 575 llunc
502 521 645 577 enim
677 538 871 582 omnes
911 541 1018 583 non
1047 527 1292 598 privatas
1315 534 1908 605 commoditatesquat;

317 621 558 677 rentem.
615 615 712 673 sed
751 616 1152 688 publicas.oon
1186 621 1330 688 otio,
1364 625 1460 680 sed
1507 624 1727 696 negotio
1756 625 1909 681 dedi-

317 712 460 770 tum,
493 720 600 760 non
631 722 851 777 somno,
875 711 972 768 sed
1006 711 1231 785 vigiliis,
1279 711 1355 770 ita
1389 728 1516 772 cum
1548 713 1908 772 admiratione

317 795 767 893 intuebantur_ut
791 801 981 860 beatos
1001 819 1062 862 se
1105 806 1328 893 demum
1365 807 1485 864 fore
1507 808 1912 864 arbitrarentur

319 891 370 946 si
399 892 579 964 aliqua
605 909 669 950 ex
698 905 856 963 parte
899 891 1248 957 Bessarionis
1292 900 1657 972 integritatem
1703 900 1910 974 attigis-

228 996 232 999 '
321 993 474 1043 sent.
509 986 591 1042 Ad
631 987 794 1060 hujus
843 990 1030 1061 itaque
1069 1007 1254 1050 mores
1301 1009 1424 1050 sese
1464 994 1808 1066 efﬁngentcs,
1841 1009 1909 1051 ex

318 1077 646 1135 calamitosa
683 1080 901 1138 felicem
951 1085 1101 1140 brevi
1135 1084 1409 1142 civitatem
1445 1086 1752 1142 reddidere.
1773 1087 1912 1142 Sub-

325 1170 462 1227 latis
499 1171 646 1226 enim
694 1173 1382 1240 seditionibus,exstinctis
1403 1176 1691 1242 incendiis,
1713 1175 1909 1241 ,furtis,

328 1262 551 1332 rapinis
600 1263 1022 1336 homicidiisque
1056 1268 1347 1339 repressis,
1373 1267 1634 1340 perfacile
1669 1267 1772 1324 fuit
1792 1268 1913 1324 viro

322 1352 458 1411 huic
505 1356 853 1427 gravissimo,
889 1358 1132 1417 adhibita
1183 1359 1454 1416 facilitate
1504 1359 1561 1416 in
1618 1359 1910 1428 audiendo,

324 1443 553 1504 lenitate
579 1449 636 1506 in
662 1447 917 1518 dicendo,
956 1450 1233 1523 diligentia
1263 1449 1322 1507 in
1355 1450 1768 1516 satisfaciendo.
1801 1468 1870 1522 po
1889 1481 1913 1495 -

321 1538 519 1610 pulum
566 1538 968 1600 Bononiensem
1012 1545 1080 1599 ad
1123 1543 1324 1601 bonam
1360 1543 1574 1617 frugem
1630 1558 1912 1600 revocare.

326 1631 509 1699 Quem
546 1634 690 1689 enim
735 1635 988 1692 videbant
1013 1633 1404 1707 iustissimum,
1433 1653 1597 1709 quem
1628 1638 1914 1693 modestis~

327 1726 561 1792 simum,
585 1727 729 1783 hunc
754 1736 1014 1798 tanquam
1035 1731 1104 1787 de
1127 1730 1269 1788 cmlo
1290 1733 1588 1788 mlssumea
1612 1733 1912 1803 prtesertim

329 1827 660 1890 tempestate
693 1822 1118 1888 venerabantur,
1159 1823 1414 1880 colebant
1440 1835 1494 1880 et
1526 1825 1910 1881 observabant.

327 1911 475 1968 Huic
529 1919 692 1968 tantae
768 1917 1087 1971 auctoritati
1170 1932 1422 1987 magnum
1484 1909 1914 1973 additamentum

328 2006 582 2062 doctrina
610 2007 730 2079 ejus
772 2007 1068 2079 singularis
1119 2020 1260 2075 erat,
1292 2026 1399 2080 qua
1460 2012 1744 2081 perbeatas
1801 2013 1914 2067 ﬁeri

328 2114 497 2169 posse
526 2101 860 2171 respublicas
894 2102 1074 2171 Plato,
1106 2103 1311 2175 ingenii
1346 2121 1410 2160 ac
1443 2106 1726 2174 sapientia
1759 2103 1918 2158 facile

329 2191 616 2263 princeps,
652 2194 1008 2250 existimavit.
1049 2196 1303 2251 Doctrina
1333 2197 1500 2258 enim.
1536 2198 1785 2264 potestati
1819 2197 1918 2248 ad-

327 2281 544 2351 juncta,
575 2284 658 2338 vel
689 2272 1099 2340 vitiosissimam
1122 2300 1394 2354 quamque
1422 2296 1668 2340 naturam
1708 2296 1916 2340 mutare

330 2384 538 2446 βοεῦσι,
571 2377 766 2432 nedum
803 2378 1000 2433 bonam
1024 2378 1092 2434 ad
1124 2378 1258 2434 bene
1295 2378 1364 2434 de
1392 2378 1648 2434 omnibus
1693 2394 1914 2448 prome-

330 2465 571 2522 rendum
606 2468 908 2537 impellere.
952 2469 1082 2525 llaec
1112 2471 1258 2524 enim
1313 2469 1444 2524 facit
1501 2478 1562 2524 ut
1614 2470 1922 2541 provincia-

333 2576 461 2617 rum
490 2562 749 2638 prqtsides
773 2573 824 2616 et
848 2561 1064 2618 urbium
1116 2577 1223 2617 non
1251 2561 1426 2618 solum
1462 2577 1522 2618 se
1542 2560 1734 2619 faciles
1787 2578 1922 2631 pite-

335 2655 504 2713 beant
531 2655 587 2710 in
610 2655 1006 2726 cognoscendis
1057 2655 1268 2722 causis,
1301 2654 1610 2713 hominibus
1642 2656 1924 2712 audiendis

336 2747 852 2822 admittendisque,
910 2749 1178 2822 majorum
1236 2748 1486 2822 exemplo
1543 2765 1779 2820 quorum
1836 2766 1926 2805 res

337 2853 526 2915 gestas
570 2843 818 2914 legerint,
871 2858 1061 2900 verum
1116 2844 1279 2900 etiam
1326 2845 1546 2900 eosdem
1573 2845 1828 2899 admonet
1864 2853 1925 2899 ut

337 2951 465 2990 cum
499 2936 597 3008 ipsi
625 2937 734 2992 sint
754 2935 970 3008 optimi,
1003 2951 1222 2992 suorum
1248 2935 1574 3006 cupiditates
1623 2937 1923 3002 refrenent,

340 3029 699 3100 petulantiam
724 3031 1048 3099 reprimant,
1078 3029 1366 3087 avaritiam
1411 3042 1735 3099 coerceant;
1775 3030 1923 3104 quod

337 3121 562 3197 quidem
610 3123 901 3183 Bessarion
962 3124 1200 3182 maxime
1243 3124 1551 3182 observavit
1601 3134 1718 3182 toto
1767 3127 1925 3197 quin-

340 3219 607 3294 quiennio
635 3232 745 3290 quo
767 3214 1097 3275 Bononiensi
1133 3216 1254 3273 urbi
1297 3217 1547 3289 praefuit,
1584 3233 1655 3275 ne
1701 3234 1925 3274 suorum

340 3313 569 3371 licentia
599 3323 656 3371 et
683 3312 955 3385 cupiditas
974 3353 992 3380 ,
1021 3312 1168 3383 quod
1195 3327 1437 3384 persaepe
1470 3313 1654 3370 multis
1702 3313 1922 3377 accidit,

342 3414 514 3462 tantae
559 3406 844 3478 sapientiae
883 3413 938 3462 et
984 3403 1316 3475 integritatis
1343 3404 1558 3462 laudem
1614 3417 1924 3460 commacu-

341 3499 504 3555 laret.
533 3496 851 3568 Composito
878 3497 1020 3554 hunc
1039 3497 1092 3552 itt
1133 3495 1350 3552 modunt
1378 3495 1613 3554 civitatis
1633 3505 1798 3564 statu,
1817 3512 1926 3567 quo

336 3591 456 3664 jam
485 3591 726 3648 Bononia
757 3605 828 3645 η
861 3604 1009 3645 anno
1033 3587 1266 3645 feliciter
1290 3588 1440 3654 vixit,
1466 3595 1525 3644 et
1559 3589 1749 3644 nititur
1769 3604 1926 3661 gym-

341 3681 560 3741 nasium
598 3682 1053 3747 vetustissimum,
1102 3681 1429 3755 negligentia
1469 3688 1525 3738 et
1572 3682 1930 3738 seditionibus

341 3778 549 3833 civium
583 3789 724 3848 pene
772 3775 1146 3832 intermissum
1186 3785 1241 3829 et
1270 3773 1590 3845 collapsum,
1615 3788 1723 3830 non
1767 3774 1955 3836 modo

341 3873 612 3939 adiﬁciis,
637 3887 821 3928 verum
839 3872 1000 3927 etiam
1029 3871 1289 3927 institutis
1307 3881 1360 3926 et
1380 3871 1694 3927 melioribus
1715 3871 1931 3928 salariis

342 3966 658 4022 instaurare
694 3977 760 4020 ac
801 3960 1061 4029 restituit,
1112 3961 1418 4028 conductis,
1450 3965 1698 4033 quamvis
1735 3964 1924 4034 grandi

345 4057 544 4130 pretio,
563 4057 1276 4127 liberaliunndlsciplinarum
1298 4055 1633 4113 doctoribus.
1647 4056 1927 4112 Excitabat

343 4149 730 4208 adolescentes
754 4149 824 4205 ad
846 4151 1023 4206 studia
1054 4151 1319 4205 bonarum
1370 4149 1594 4214 artium,
1644 4151 1925 4219 proposita

342 4243 555 4316 praemii
608 4254 775 4314 atque
816 4241 1043 4298 honoris
1075 4257 1208 4317 spe:
1263 4241 1462 4298 multos
1505 4241 1578 4298 ob
1617 4240 1850 4312 inopiam
1895 4257 1927 4297 a

342 4336 544 4394 studiis
597 4337 905 4393 defecturos
956 4334 1284 4393 liberalitate
1314 4343 1374 4391 et
1429 4335 1798 4392 muniﬁcentia
1830 4351 1926 4392 sua

337 4429 484 4502 juvit
505 4441 561 4486 et
596 4429 847 4486 instituto
893 4425 1185 4485 continuit.
1233 4428 1376 4497 Quid
1399 4432 1552 4500 plura
1578 4429 1648 4486 de
1678 4431 1930 4499 amplitu-

343 4521 480 4580 dine
523 4522 683 4594 hujus
712 4522 901 4596 Optimi
947 4522 1126 4579 Patris
1150 4523 1351 4589 dicam,
1413 4522 1691 4589 Quirites?
1752 4521 1925 4591 Quam

338 4617 511 4690 Iuste,
561 4633 724 4690 quam
765 4615 1080 4692 prudenter,
1112 4634 1274 4687 quam
1329 4617 1623 4673 clementer
1657 4616 1926 4672 coloniam

345 4721 591 4770 vestram
653 4711 1051 4768 Bononiensem
1089 4713 1508 4784 gubernaverit,
1559 4709 1816 4778 erexerit,
1874 4711 1928 4764 in

341 4825 483 4882 pace
505 4807 813 4871 retinuerit,
828 4821 899 4864 ex
919 4805 1023 4862 hoc
1043 4805 1369 4875 deprehendi
1387 4805 1722 4876 potestquod
1742 4799 1940 4876 postea.

342 4899 502 4962 more
524 4901 788 4974 majorum
815 4898 1240 4956 Bononiensium
1274 4908 1534 4970 patronus
1580 4898 1725 4968 apud
1753 4900 1933 4968 ponti,

346 4995 480 5052 ares
535 5008 752 5064 semper
791 5001 875 5048 est
911 4990 1157 5049 habitus.
1217 4991 1366 5046 illius
1415 4993 1561 5047 cnim
1607 4989 1774 5063 legati
1825 4993 1934 5048 huc

345 5089 627 5144 venientes
652 5088 799 5141 hunc
821 5083 1096 5139 hominem
1127 5090 1256 5138 ante
1285 5096 1480 5138 omnes
1520 5083 1744 5151 adeunt,
1781 5083 1931 5139 salu-

346 5192 487 5246 tant,
531 5179 848 5247 consulunt,
880 5175 1196 5235 consultum
1240 5167 1598 5240 comitantur,
1647 5178 1930 5245 reducunt,

345 5277 491 5348 quod
550 5284 636 5331 est
681 5272 931 5328 maxime
975 5270 1302 5342 integritatis
1358 5281 1415 5325 et
1463 5271 1809 5326 continentia:
1851 5271 1929 5326 si-

346 5383 538 5443 gnum.

419 5464 490 5520 At
538 5449 849 5527 Bessarion,
895 5465 1121 5515 mortuo
1146 5455 1374 5513 Nicolao
1409 5457 1475 5522 γ,
1512 5471 1635 5514 cum
1670 5457 1724 5513 in
1751 5458 1929 5514 locum

347 5556 471 5626 eius
497 5539 675 5612 suiliui
720 5552 951 5610 alterum
1002 5551 1312 5624 pontiﬁcem
1367 5565 1592 5606 necesse
1624 5560 1790 5618 esset,
1825 5550 1934 5608 Ro-

350 5666 495 5708 mam
519 5648 768 5715 veniens,
799 5645 1223 5720 lacrymantibus
1246 5643 1675 5704 Bononiensibus
1699 5645 1855 5716 quasi
1898 5661 1932 5701 a

353 5754 509 5815 patre
562 5741 862 5807 destitutis,
916 5737 1179 5796 conclave
1233 5752 1531 5808 Ingressus,
1570 5740 1928 5806 quorumdam

356 5834 606 5904 l’atrum,
634 5844 688 5891 ct
725 5832 1081 5906 optimorum,
1108 5831 1370 5905 suffragio
1403 5831 1644 5903 pontifex
1674 5831 1931 5903 designes

1377 321 1929 415 PANEGYRICUS
1971 324 2496 391 BESSABIONIS.
3508 328 3578 373 cx

2013 439 2418 507 tur.Qnantnm
2456 452 2582 496 vero
2603 435 2749 495 adsit
2778 433 3029 492 maximis
3065 431 3282 506 imperii
3303 429 3599 503 provinciis

2011 535 2068 585 et
2128 529 2446 586 civitatibus
2503 529 2647 587 livor
2678 537 2842 599 atque
2899 525 3145 592 invidia,
3200 522 3594 594 comprehendi

2012 632 2165 678 certe
2192 611 2304 679 hoc
2335 622 2452 678 loco
2477 630 2675 691 potest.
2718 617 2948 688 Quidam
2981 614 3125 674 enim
3160 616 3343 671 statim
3377 612 3584 670 suhorti

2013 715 2303 772 suntleves
2319 721 2374 771 et
2392 714 2697 785 voluptuosi
2721 716 2838 786 qui,
2859 707 3200 769 Bessarlonis
3223 707 3594 778 integritatem

2013 816 2068 863 et
2104 807 2422 863 modestiam
2447 807 2627 871 veriti,
2676 807 2922 861 dicerent
2971 803 3226 875 sull‘ragia
3281 801 3414 858 vitio
3459 798 3595 856 inita

2014 899 2195 955 denuo
2225 901 2510 970 repetenda
2542 915 2687 956 esse.
2722 896 2838 954 Non
2865 897 3080 953 obstitit
3099 895 3182 951 vir
3198 898 3436 966 optimus
3456 909 3599 963 quo-

2017 994 2196 1051 minus
2229 993 2281 1048 id
2310 993 2485 1057 ﬂeret,
2513 991 2857 1057 existimans,
2884 991 3027 1058 quod
3056 1005 3240 1046 verum
3272 995 3376 1057 est,
3410 987 3602 1056 ponti‘

2017 1087 2238 1142 llcatum
2271 1101 2368 1142 sua
2398 1101 2628 1154 persona
2659 1085 2780 1156 plus
2812 1083 3056 1155 indigere
3075 1098 3237 1153 quam
3262 1099 3323 1139 se
3374 1079 3602 1153 pontiﬁ-

2017 1188 2146 1233 catu
2202 1180 2269 1233 ad
2331 1178 2598 1248 integram
2660 1178 2913 1245 gloriam,
2946 1193 3051 1245 qua
3114 1175 3356 1247 profecto
3406 1188 3600 1231 carere

2011 1269 2124 1339 iam
2159 1285 2264 1324 non
2291 1280 2484 1339 potest.
2520 1269 2598 1324 Eo
2625 1271 2769 1325 enim
2799 1268 3228 1325 existimationis
3257 1277 3311 1323 et
3338 1268 3498 1322 fatum
3520 1266 3605 1320 vir

2018 1361 2387 1430 amplissimus
2409 1359 2654 1425 devenit,
2687 1360 2909 1416 utnulla
2939 1360 2988 1416 ei
3019 1360 3250 1417 ulterius
3277 1358 3513 1430 dignitas
3533 1359 3600 1412 ad

2018 1467 2204 1510 veram
2236 1451 2550 1508 felicitatem
2583 1453 2654 1509 sit
2691 1453 3033 1522 requirenda.
3103 1451 3296 1507 Dolore
3358 1461 3602 1507 nostram

2019 1548 2192 1602 vicem
2236 1556 2292 1600 et
2342 1547 2510 1603 totius
2567 1545 2880 1614 reipublicae
2929 1545 3276 1609 Christianae,
3310 1560 3419 1599 non
3459 1543 3600 1612 ejus,

2021 1640 2281 1695 debemus
2312 1639 2454 1709 quod
2485 1637 2579 1694 tali
2612 1639 2888 1694 caruimus
2920 1636 3192 1710 principe,
3222 1647 3275 1694 et
3304 1638 3408 1692 hac
3440 1637 3607 1707 pot's—

2021 1734 2220 1788 simum
2276 1743 2597 1803 tempestate
2646 1748 2776 1803 qua,
2823 1743 3024 1802 prauer
3070 1739 3357 1787 externum
3392 1731 3603 1787 ltoStem

2021 1826 2116 1897 qui
2150 1827 2454 1882 cervicibus
2493 1829 2696 1882 nostris
2735 1835 2981 1881 armatus
3019 1823 3281 1902 continuo
3334 1824 3605 1889 imminet,

2023 1918 2271 1982 avaritia.
2329 1918 2522 1984 libido,
2577 1918 2911 1991 ignorantia,
2963 1914 3056 1972 Dei
3115 1925 3284 1986 atque
3333 1915 3602 1992 bonorum

2025 2015 2301 2069 hominum
2332 2024 2692 2083 contemptus,
2724 2013 2979 2069 intestina
3006 2021 3074 2081 et
3116 2011 3437 2082 gravissima
3465 2008 3623 2089 mala”

2023 2124 2122 2163 nos
2150 2116 2366 2179 urgent.
2413 2107 2753 2178 opprimunt,
2790 2113 3049 2174 enecant,
3085 2104 3306 2160 nemine
3356 2103 3603 2174 iuvante.

2026 2199 2136 2257 lloc
2161 2201 2413 2273 pontifice
2454 2201 2726 2269 indigebat
2759 2201 2953 2271 religio
2987 2198 3293 2255 Christiana
3323 2238 3335 2261 ι
3369 2202 3606 2252 lacerata

2023 2309 2132 2350 non
2178 2291 2360 2348 minus
2400 2308 2429 2346 a
2483 2294 2631 2349 vitiis
2673 2303 2983 2349 nostrorum
3029 2306 3193 2361 quam
3257 2290 3326 2344 ab
3383 2298 3614 2343 exterat)

2025 2385 2223 2451 hoste,
2278 2393 2336 2441 ut
2380 2384 2671 2458 aliquando
2721 2385 3058 2456 respirarct;
3095 2386 3237 2437 hunc.
3298 2382 3605 2449 pontiticctn

2027 2493 2205 2535 mores
2228 2478 2401 2534 nostri
2429 2478 2775 2548 requirebant
2801 2479 2947 2532 omni
2985 2491 3051 2532 ex
3085 2488 3238 2548 parte
3262 2474 3610 2541 labefactati;

2027 2570 2194 2640 hujus
2229 2569 2505 2639 pontiﬁcis
2552 2584 2716 2640 opera
2749 2570 3062 2640 indigebant
3105 2550 3378 2624 bonarum
3408 2568 3608 2621 artium

2026 2661 2251 2718 studiosi
2284 2671 2339 2716 et
2391 2662 2446 2717 in
2477 2664 2670 2733 quavis
2710 2663 2964 2719 facultate
3017 2663 3290 2729 industrii,
3324 2662 3414 2733 qui
3467 2675 3612 2715 nunc

2029 2761 2290 2825 tanquam
2333 2752 2549 2826 profani
2587 2765 3010 2810 contemnuntur
3040 2797 3055 2821 ,
3089 2752 3409 2824 rciiciuntur
3433 2760 3484 2806 et
3514 2749 3612 2806 eli—

2027 2848 2326 2904 minantur.
2357 2847 2476 2905 Non
2516 2848 2721 2904 destitit
2756 2857 2933 2903 tamen
2981 2847 3265 2904 Bessarlon
3321 2845 3610 2901 Callistum

2029 2955 2250 2997 mouere
2272 2953 2327 2997 et
2356 2941 2566 2997 hortari
2591 2950 2675 3006 ut,
2699 2941 3022 3012 interposita
3051 2941 3381 2995 auctoritate
3425 2937 3614 3009 ponti-

2029 3037 2242 3096 licatus.
2266 3037 2579 3091 saevientem
2614 3034 2827 3090 hostem
2865 3051 2893 3088 a
2946 3035 3254 3090 cervicibus
3275 3033 3619 3088 Christiano-

2028 3145 2147 3186 rum
2182 3129 2548 3200 propulsaret.
2568 3127 2649 3184 Ad
2679 3128 2780 3184 hoc
2803 3141 3021 3199 quoque
3064 3127 3261 3183 bellum
3290 3128 3616 3183 adhortatus

2029 3234 2111 3279 cst
2175 3220 2532 3291 Alphonsnm.
2567 3219 2850 3291 Aragoniae
2909 3235 3109 3290 regem,
3144 3222 3270 3274 dum
3322 3234 3354 3273 a
3401 3219 3615 3276 balucis

2029 3315 2372 3382 Puteolanis,
2412 3329 2533 3382 quin
2574 3315 2787 3368 adierat
2825 3312 3151 3367 valetudinis
3189 3327 3374 3374 causa,
3400 3308 3618 3384 Neapo-

2031 3405 2124 3462 lim
2167 3403 2553 3474 proﬁciscitur.
2609 3406 2693 3460 Ad
2748 3403 3010 3476 Cryptam
3063 3403 3470 3472 Neapolitanam
3522 3419 3615 3461 rex

2033 3514 2229 3570 magno
2255 3501 2512 3555 comitatu
2535 3498 2758 3555 honoris
2785 3512 2948 3552 causa
2977 3497 3283 3552 Bessarioni
3313 3499 3370 3554 lit
3394 3498 3616 3565 obvius,

2030 3607 2292 3662 euntque,
2323 3592 2473 3646 nullo
2506 3605 2614 3646 non
2638 3590 2912 3646 comitatis
2950 3603 3001 3644 et
3027 3591 3398 3648 beneficentia»
3418 3607 3617 3663 genere

2033 3687 2300 3750 adhibito,
2346 3687 2399 3742 in
2453 3686 2646 3742 urbem
2680 3683 2851 3740 ducit.
2893 3683 3191 3755 Acerptum
3227 3686 3374 3740 laute
3399 3695 3454 3741 et
3502 3699 3618 3739 tna«

2033 3779 2250 3852 gniflce,
2286 3781 2685 3848 absentemque
2738 3779 2932 3834 eodem
2971 3792 3188 3848 semper
3234 3785 3290 3832 et
3319 3790 3626 3836 veneratus

2033 3884 2084 3928 et
2113 3882 2436 3943 prosecutus
2460 3882 2544 3924 est
2577 3871 2758 3923 vultu.

2094 3963 2310 4018 Mortuo
2341 3961 2536 4018 deinde
2555 3960 2808 4025 Callisto,
2830 3957 2958 4014 Pius
2984 3959 3030 4015 ll
3061 3960 3116 4014 in
3148 3961 3267 4030 ejus
3297 3959 3472 4019 locum
3498 3962 3597 4020 sui,

2034 4056 2231 4121 fectus,
2264 4061 2594 4112 conventum
2629 4050 2976 4107 Mantuanum
2997 4089 3016 4117 ,
3043 4051 3370 4109 adhortante
3422 4052 3618 4110 Bessac

2033 4154 2210 4217 rione,
2228 4147 2560 4208 Christianis
2587 4145 2840 4203 omnibus
2864 4149 2932 4201 ad
2953 4156 3157 4203 certam
3183 4146 3325 4204 diem
3349 4149 3621 4216 decrevit,

2033 4261 2150 4317 quo
2209 4244 2452 4300 omnium
2507 4240 2812 4312 principum
2859 4248 2914 4296 et
2971 4238 3292 4310 populorum
3333 4255 3613 4298 consensu

2035 4337 2237 4396 bellum
2264 4335 2462 4393 Turcis
2491 4333 2844 4391 indiceretur.
2871 4330 3193 4389 Convenere
3238 4347 3307 4392 eo
3337 4335 3616 4408 principes

2034 4430 2190 4488 multi
2214 4439 2307 4486 aut
2333 4429 2496 4499 legati
2531 4441 2719 4499 regum
2758 4427 3200 4498 autprincipum,
3239 4443 3378 4499 quos
3418 4427 3617 4486 Bessa-

2035 4526 2156 4583 rion
2181 4532 2301 4594 post
2335 4523 2489 4579 Pium
2517 4522 2828 4595 pontiﬁcem
2864 4521 2932 4576 ad
2965 4531 3171 4578 tantum
3193 4531 3247 4578 et
3273 4529 3385 4578 tam
3418 4537 3610 4579 neces-

2035 4621 2242 4677 sarium
2277 4619 2474 4676 bellum
2505 4615 2741 4687 eleganti
2773 4613 3051 4679 oratione,
3079 4630 3242 4685 quam
3273 4615 3329 4673 in
3359 4617 3624 4676 manibus

2035 4713 2324 4779 habemus,
2359 4709 2680 4765 adhortatus
2727 4717 2832 4764 est.
2864 4708 2937 4764 At
2966 4723 3095 4765 vero
3135 4725 3260 4765 cum
3297 4710 3424 4766 huic
3465 4721 3620 4766 tanto

2033 4804 2319 4877 apparatui
2370 4802 2773 4860 Germanorum
2826 4801 3136 4872 principum
3187 4801 3328 4858 inter
3369 4817 3431 4858 se
3474 4803 3622 4861 bella

2034 4903 2338 4964 obstarent,
2369 4913 2433 4955 eo
2465 4897 2683 4953 mittere
2707 4895 2838 4950 Pius
2870 4894 3252 4953 Bessarionem
3281 4897 3459 4953 virum
3487 4914 3626 4971 gran-

2037 4994 2320 5050 vissimum
2345 4992 2581 5063 legatum
2609 4987 2864 5053 instituit,
2894 4989 3005 5059 qui,
3043 4989 3204 5046 rebus
3238 4990 3292 5044 in
3321 4989 3626 5051 Germnia

2033 5085 2377 5156 compositis,
2422 5083 2808 5155 imperatorem
2848 5079 3186 5138 Fridericum
3230 5097 3297 5140 ac
3356 5085 3612 5156 reliquos

2036 5182 2309 5255 principes
2337 5180 2405 5234 ad
2459 5177 2656 5232 bellum
2679 5175 2874 5233 Turcis
2906 5177 3166 5232 indictum
3207 5179 3617 5235 adhortaretur.

2038 5273 2201 5330 Vadit
2229 5273 2314 5328 vir
2343 5271 2603 5342 optimus,
2633 5270 2759 5327 licet
2779 5268 3206 5330 valetudinarius
3227 5278 3282 5325 et
3317 5270 3496 5328 hieme
3530 5271 3619 5326 inn

2034 5377 2236 5431 stante,
2276 5381 2387 5436 quo
2438 5363 2566 5418 Pius
2623 5359 3195 5431 impcrat.'Venetias,
3257 5361 3405 5420 Pado
3451 5377 3620 5421 amne

2036 5461 2272 5532 primum
2301 5458 2537 5523 delatus,
2567 5453 2765 5510 ducem
2807 5468 2872 5509 ac
2905 5461 3156 5509 senatum
3193 5452 3263 5508 ad
3308 5455 3618 5526 suscipien-

2035 5553 2166 5610 dum
2220 5559 2431 5606 tantum
2489 5547 2690 5603 bellum
2740 5547 3086 5612 adhortatus,
3142 5544 3200 5601 in
3262 5545 3617 5604 Germaniam

2035 5646 2268 5702 honesto
2327 5640 2498 5711 magis
2535 5653 2696 5708 quant
2746 5635 2896 5692 lauto
2951 5643 3008 5691 et
3053 5635 3288 5706 eleganti
3345 5639 3622 5696 comitatu.

2036 5737 2200 5794 ﬂectit
2228 5736 2356 5792 iter.
2388 5731 2658 5788 Saeviebat
2680 5736 2793 5784 tum
2827 5729 3020 5792 hiems,
3055 5727 3350 5783 Februario
3400 5743 3608 5796 mense,

2043 5833 2100 5890 in
2126 5827 2411 5888 Germania
2443 5823 2801 5900 potissimum,
2819 5835 2939 5891 quin
2963 5821 3108 5890 regio
3131 5818 3474 5894 frigidissima
3504 5830 3605 5880 cst.
