3970 6148
410 314 522 362 CI"

411 421 652 477 Venatus
691 420 870 495 itaque
903 425 1256 488 eum‘ve‘ntis.
1290 433 1402 481 tum
1449 425 1734 493 imbribus,
1764 436 1874 482 tum
1905 426 1989 483 ui-

410 515 566 572 ribus
597 532 764 587 prope
785 518 1084 577 continuis.
1117 519 1322 574 nullum
1361 521 1500 575 diem
1537 521 1832 577 intermisit
1875 536 1987 590 quo

412 610 641 666 uiterius
674 627 778 665 non
822 614 1297 680 proﬁcisceretur;
1330 621 1383 668 et
1421 629 1548 668 cunt
1580 626 1728 670 stare
1761 614 1985 685 pedibus

408 703 532 772 equi
561 719 668 769 prce
691 704 860 770 glacie
884 700 981 757 vix
1013 713 1251 772 possent,
1284 704 1530 760 vehiculo
1566 705 1982 772 Germanorum,
2009 738 2011 740 -

408 799 552 862 quod
582 803 792 852 traham
819 813 1106 867 .vocamus,
1141 813 1245 854 non
1272 810 1475 862 vectus.
1519 801 1612 856 sed
1643 809 1850 857 tractus
1879 811 1980 856 est.

410 889 651 944 Tandem
677 906 824 958 vero,
843 901 962 961 post
986 892 1195 948 labores
1215 894 1544 962 propeiniitn'
1553 903 1652 959 tos,
1669 892 1982 949 Noritnber-

409 998 531 1050 gain
565 984 735 1046 venit,
768 982 980 1035 obviam
1005 983 1303 1051 prodeunte
1330 982 1747 1037 honoratissimo
1768 997 1983 1052 quoque

408 1075 551 1138 cive,
603 1075 989 1144 prodeuntibus
1018 1075 1288 1146 episcOpis
1322 1086 1375 1130 et
1413 1084 1525 1131 toto
1577 1077 1742 1131 clero.
1781 1074 1980 1132 Urbem

409 1169 709 1239 ingressus,
742 1170 936 1225 litteris
966 1170 1149 1223 statim
1200 1184 1264 1225 ac
1301 1168 1509 1224 nuntiis
1541 1168 1814 1239 principes
1842 1168 1986 1224 Ger‘

408 1261 601 1316 inania:
622 1263 688 1316 ad
721 1276 779 1315 se
816 1255 995 1326 vocat,
1025 1263 1279 1331 ponulnm
1314 1276 1532 1331 quoque
1564 1260 1981 1330 Noritubergen-

403 1370 522 1408 sem
553 1365 609 1408 ut
647 1356 788 1412 idem
818 1356 983 1410 iaciat
1015 1355 1172 1426 longa
1216 1371 1279 1410 ac
1323 1357 1473 1425 gravi
1501 1354 1749 1410 oratione
1781 1354 1984 1411 adhor-

407 1455 590 1507 tttur;
618 1448 665 1500 id
691 1447 828 1503 velle
860 1445 1174 1522 Deum-Opt.
1209 1446 1374 1508 Μαι,
1403 1448 1454 1502 id
1471 1444 1625 1501 Pium
1644 1448 1977 1516 pontiiicern,

408 1541 462 1593 id
493 1554 578 1594 res
594 1539 890 1596 Christiani
912 1541 1089 1612 populi
1121 1540 1347 1596 aliiictas
1371 1555 1542 1612 prope
1564 1556 1630 1596 ac
1645 1541 1975 1612 prodiga-tas.

408 1633 786 1702 Supervenere
818 1644 1000 1688 autem
1044 1649 1148 1699 non
1185 1634 1253 1686 ita
1288 1633 1456 1687 multo
1486 1642 1624 1701 post,
1651 1634 1978 1688 auctoritate

404 1729 551 1784 sedis
566 1725 876 1797 apostolica:
900 1736 956 1782 ct
991 1726 1126 1780 tanti
1151 1726 1250 1782 viri
1283 1725 1424 1780 fama
1451 1727 1679 1796 permoti
1705 1726 1999 1797 principes.

407 1820 558 1879 inulti
593 1819 675 1876 vel
730 1821 1036 1892 principum
1060 1829 1347 1886 oratores;
1409 1820 1507 1875 bos
1534 1820 1702 1886 enim,
1743 1818 1798 1874 in
1847 1835 1979 1876 con-

404 1922 565 1968 ventu
599 1912 780 1968 audita
812 1912 1304 1966 controversiarum
1355 1926 1542 1975 causa,
1573 1912 1641 1966 ad
1687 1925 1873 1982 pacem
1923 1921 1977 1966 et

402 2003 747 2059 concordiam
785 2003 965 2059 multis
993 2017 1057 2058 ac
1113 2003 1360 2058 maximis
1390 2002 1687 2058 rationibus
1715 2017 1977 2060 revocare

401 2111 778 2168 saepenumero
804 2108 1031 2153 conatus
1066 2107 1170 2152 est.
1198 2097 1337 2162 Quid
1372 2111 1480 2151 non
1514 2097 1794 2168 cogitavit,
1847 2097 1974 2166 quid

403 2209 510 2247 nun
542 2192 670 2261 egit,
705 2189 834 2261 quid
879 2207 984 2246 non
1025 2192 1162 2246 dixit
1214 2189 1519 2257 Bessarion,
1555 2189 1791 2257 Quirites
1815 2229 1832 2253 ,
1863 2205 1974 2260 quo

402 2304 590 2357 pacem
615 2285 754 2339 inter
772 2284 1098 2348 dissidentes
1132 2284 1527 2356 componeret?
1561 2284 1799 2340 Aderant
1825 2286 1974 2355 prin-

400 2395 549 2447 c-p's
577 2378 755 2441 tnulti,
779 2377 970 2432 aderat
1001 2376 1296 2431 cardinalis
1331 2376 1710 2444 Augusteusis,
1743 2378 1972 2431 aderant

400 2475 636 2547 epist-cpi
671 2473 907 2545 quidam,
950 2471 1134 2526 aderat
1173 2469 1446 2536 Aibcrtus,
1481 2467 1974 2540 Brandiburgcnsis

403 2569 664 2632 marcbio,
723 2567 950 2621 aderant
981 2565 1138 2636 legati
1169 2563 1429 2635 Bajoariat
1480 2562 1658 2618 ducis.
1689 2560 1799 2617 Hos
1834 2564 1970 2618 duos

400 2663 669 2733 principes
724 2662 866 2717 inter
896 2675 972 2716 se
1027 2660 1265 2716 maxime
1295 2659 1620 2716 dissidentes
1646 2659 1770 2714 odio
1799 2673 1969 2730 prope

400 2756 666 2826 ingenito,
685 2765 742 2811 et
767 2753 988 2812 monere
1008 2765 1061 2811 et
1093 2769 1285 2826 rogare
1308 2763 1362 2809 et
1395 2755 1688 2810 obsecrare
1717 2755 1799 2809 vir
1827 2753 1972 2824 opti-

398 2862 522 2903 mus
570 2863 677 2903 non
719 2848 1023 2914 desinebat,
1073 2846 1292 2909 copiosa
1323 2853 1378 2900 et
1421 2845 1569 2916 gravi
1598 2844 1844 2899 oratione
1900 2844 1967 2898 de

399 2955 546 3008 pace
594 2939 803 3004 itabita,
861 2922 1020 3007 quam
1075 2935 1232 3006 paulo
1262 2947 1390 2989 ante
1427 2948 1553 2990 cum
1605 2932 1964 2989 admiratione

395 3035 648 3105 legimus,
680 3043 762 3098 ut,
791 3030 1050 3102 depositis
1075 3028 1444 3086 simultatibus
1474 3037 1530 3083 et
1547 3025 1712 3091 odiis,
1735 3025 1802 3081 de
1822 3023 1964 3082 bello
1989 3055 1992 3057 λ

371 3129 591 3185 Turcis
617 3127 898 3182 inferendo
933 3142 1036 3181 una
1087 3140 1208 3180 cum
1243 3123 1502 3194 pontiﬁce
1537 3129 1590 3175 et
1637 3118 1967 3192 imperatore

393 3222 719 3293 cogitarent.
750 3219 887 3276 Ecce
907 3220 1032 3273 dum
1057 3219 1110 3273 in
1147 3215 1544 3272 consultatione
1581 3223 1790 3283 essent,
1821 3212 1965 3268 litte-

393 3331 470 3370 ra:
492 3315 541 3370 ei
579 3331 608 3369 a
648 3315 826 3386 legato
852 3310 1168 3379 Partitoniaa,
1202 3308 1263 3365 S.
1291 3308 1482 3379 Augeii
1510 3305 1790 3374 cardinali,
1835 3307 1962 3361 red-

392 3410 812 3476 dtmturquibus
837 3406 894 3460 ﬁt
921 3403 1124 3460 certior
1147 3412 1436 3475 pugnatum
1461 3415 1584 3457 cum
1603 3400 1797 3456 Turcis
1817 3411 1960 3466 esse,

389 3514 444 3557 et
477 3499 777 3555 Pannonios
810 3498 960 3569 gravi
993 3495 1184 3567 prtelio
1210 3501 1495 3565 superatos
1534 3491 1786 3557 cessisse,
1818 3490 1962 3562 peri-

388 3597 677 3662 t-ulnt’ittpte
709 3591 992 3647 imminere
1023 3603 1094 3645 ne
1139 3588 1344 3654 hostes,
1377 3585 1602 3642 Victoria
1631 3583 1785 3649 elati,
1807 3584 1961 3655 longe

389 3705 454 3744 ac
483 3689 589 3743 late
634 3688 812 3742 omnia
845 3693 1130 3756 occupent,
1167 3690 1384 3739 vastent
1415 3689 1470 3736 et
1507 3678 1790 3752 diripiant.
1819 3675 1958 3733 Tum

389 3777 676 3836 Bessarion
719 3775 1172 3848 lacrymabuudus
1204 3789 1270 3828 ac
1299 3773 1468 3828 vicem
1490 3770 1818 3828 Christianae
1852 3771 1961 3826 rei-

389 3872 618 3942 publicte
638 3886 877 3944 gemens,
893 3869 1126 3925 breviter
1145 3867 1327 3925 clades
1343 3880 1529 3923 omnes
1544 3865 1752 3922 nostris
1781 3864 1959 3922 illatas

385 3973 802 4032 commemorat,
830 3962 1120 4019 imminens
1156 3957 1463 4034 p‘cricuium‘
1481 3958 1741 4026 ostendit,
1765 3965 1955 4028 pacein

383 4071 436 4113 et
467 4058 810 4115 concordiam
839 4054 1112 4128 proponit,
1140 4069 1249 4126 quo
1282 4051 1509 4109 liberius
1546 4061 1600 4107 et
1628 4052 1797 4106 tutius
1824 4064 1959 4106 eon-

377 4152 584 4222 jttuctis
630 4150 796 4208 armis
846 4159 900 4208 et
931 4149 1106 4220 copiis
1152 4149 1233 4204 ire
1271 4146 1322 4201 in
1372 4147 1583 4203 hostem
1636 4145 1873 4201 ferocem
1903 4153 1958 4198 et

388 4246 591 4303 teceuti
649 4246 871 4302 victoria
924 4245 1286 4300 exsultantem
1339 4241 1517 4298 liceat.
1581 4240 1716 4297 Cum
1770 4247 1954 4294 autem

384 4341 752 4412 Norimbergz
803 4340 876 4396 nil
928 4340 1045 4397 ﬁeri
1088 4341 1384 4403 videretur,
1413 4341 1555 4408 quod
1618 4350 1685 4392 eo
1734 4338 1958 4406 propter

381 4437 695 4497 distaneiam
720 4435 986 4508 proﬁcisci
1006 4435 1254 4491 Bhenani
1273 4431 1550 4505 principes
1575 4437 1950 4503 gravarentur,

383 4529 620 4586 maxime
647 4543 775 4585 vero
793 4527 1068 4600 palatinos
1089 4541 1295 4595 comes,
1313 4523 1610 4581 transferre
1625 4530 1953 4576 conventum

381 4623 740 4680 \Vormatiam
778 4624 988 4694 legatus
1030 4621 1290 4689 instituit,
1327 4635 1394 4676 ne
1427 4619 1721 4690 quicquam
1773 4618 1954 4671 inten-

380 4727 554 4772 latum
575 4715 905 4786 relinqueret
929 4715 1071 4785 quod
1095 4713 1158 4769 ad
1183 4711 1454 4770 sedandae
1484 4709 1607 4765 lites
1633 4708 1950 4779 pertineret.

385 4813 612 4866 Ventum
647 4820 732 4865 εει
757 4807 977 4863 tandem
1014 4816 1150 4878 post
1184 4803 1346 4873 multa
1381 4813 1437 4857 et
1461 4800 1781 4874 gravissima
1810 4799 1952 4868 peri-

379 4908 500 4965 cula
520 4903 877 4962 Wormatiam
898 4919 915 4969 ;
942 4917 1121 4974 neque
1138 4901 1282 4956 enim
1299 4912 1589 4971 peragrare
1601 4895 1950 4952 Germaniam

379 5002 497 5057 sine
522 4997 775 5068 praesidio
816 4997 1032 5052 militari
1065 4995 1210 5057 licet,
1247 4993 1390 5063 quod
1422 4991 1564 5062 apud
1597 5005 1692 5046 eos
1713 4991 1946 5060 (tantum

365 5095 541 5164 valet.
568 5093 905 5150 consuetudo
930 5091 1007 5158 l)~
1043 5081 1242 5158 rapiine
1277 5099 1332 5142 et
1381 5085 1661 5142 latrocinia
1689 5083 1948 5154 quodam-

380 5188 540 5243 modo
567 5198 824 5242 concessa
857 5184 1123 5238 videntur.
1145 5182 1440 5248 Susceptus
1469 5179 1698 5247 benigne
1736 5191 1764 5229 a
1792 5173 1950 5228 Wor-

381 5270 725 5338 macensibus
745 5275 1032 5334 Bessarion
1072 5278 1284 5347 legatos
1309 5281 1422 5327 tum
1453 5273 1810 5343 imperatoris.
1837 5280 1955 5329 tttnt

381 5374 610 5430 aliorum
635 5373 945 5444 principum
995 5373 1062 5425 ad
1093 5388 1151 5425 se
1179 5375 1358 5432 Vocat,
1397 5366 1537 5438 quod
1575 5367 1653 5421 sit
1680 5365 1947 5433 agendum

381 5469 651 5540 proponit.
685 5464 1048 5534 Disecptatur,
1081 5479 1180 5520 nec
1210 5461 1404 5518 semel
1445 5471 1680 5522 tantum,
1718 5455 1812 5511 sed
1847 5455 1949 5508 ite-

378 5575 585 5618 rum-ae
607 5559 789 5616 tertio.
816 5557 982 5614 Mittit
1012 5559 1297 5628 episcopos
1329 5553 1476 5609 viros
1511 5551 1865 5622 gravissimos
1895 5556 1950 5600 ct

375 5654 615 5727 optimos
642 5668 779 5724 quos
817 5667 1000 5708 secum
1029 5651 1267 5706 habebat
1305 5649 1371 5702 ad
1413 5645 1623 5700 vicinos
1646 5639 1942 5712 principes,

1737 308 1950 373 BAP'I.
1969 332 1975 373 j
1992 309 2353 373 ΡιΑΤΙΝΑε.

3554 331 3662 372 εχει

2094 444 2162 484 ne
2191 431 2319 500 quid
2383 429 2728 487 omitteretur
2753 432 2898 503 quod
2928 432 3012 489 ad
3051 435 3397 490 concordiam
3435 433 3666 492 faceret.

2095 523 2197 580 Ubi
2230 536 2409 579 autem
2455 525 2588 581 nihil
2630 525 2743 581 ﬁeri
2779 534 2930 581 tanta
2960 525 3339 583 sollicitudine
3363 527 3661 592 videretur,

2090 617 2380 680 monendo,
2427 619 2668 689 rogando
2708 620 3192 692 obsecrandoque,
3230 619 3489 676 Viennam
3530 637 3660 690 pro-

2086 708 2256 766 ﬁcisci
2287 711 2354 766 ad
2390 708 2772 782 imperatorem
2811 711 3067 782 instituit,
3111 727 3303 769 omnes
3335 714 3659 769 adhortatus

2085 811 2144 855 ut
2187 816 2253 857 eo
2304 816 2365 858 se
2422 817 2655 873 prepere
2703 804 3034 868 conferrent,
3084 804 3376 860 arbitratus
3423 803 3662 859 Caesaris

2087 893 2371 962 prmsentia
2407 900 2462 948 et
2489 895 2825 950 auctoritate
2857 910 2983 950 rem
3011 879 3250 966 optatam
3293 881 3654 952 ett-sententia

2085 985 2278 1040 conﬁci
2306 1001 2484 1054 posse.
2521 987 2728 1057 Magnis
2765 989 2978 1057 Quident
3011 997 3174 1058 atque
3206 991 3414 1060 asperis
3447 988 3662 1043 itineri-

2084 1079 2186 1134 bus
2205 1094 2274 1134 eo
2311 1079 2525 1135 tandem
2556 1093 2774 1151 ventum
2820 1089 2923 1136 est.
2964 1082 3052 1137 Fit
3095 1083 3308 1138 obviam
3350 1081 3655 1137 Bessarioni

2086 1170 2382 1242 imperator
2411 1175 2476 1227 ad
2505 1172 2660 1230 mille
2677 1189 2891 1244 passus,
2922 1190 3155 1246 ett-.nque
3187 1175 3335 1229 nullo
3361 1191 3465 1231 non
3499 1177 3657 1230 aditi.

2083 1265 2197 1321 bito
2225 1264 2453 1323 honoris
2484 1282 2683 1341 genere
2719 1268 2774 1324 in
2826 1269 3014 1324 urbem
3050 1269 3215 1324 ducit.
3253 1269 3386 1324 Data
3409 1262 3504 1323 est
3535 1278 3656 1321 tan-

2083 1361 2374 1416 tummodo
2398 1363 2514 1417 dies
2544 1362 2714 1428 quieti
2748 1377 2764 1426 ;
2796 1371 3011 1434 postera
3041 1372 3172 1416 vero
3188 1375 3316 1416 cum
3349 1361 3556 1431 legatus
3587 1361 3652 1414 ad

2083 1452 2488 1524 imperatorem,
2519 1461 2717 1510 contra
2757 1456 3058 1525 imperator
3098 1455 3164 1510 ad
3209 1454 3442 1523 legatum
3489 1454 3657 1524 ptoﬁ-

2081 1546 2216 1602 cisci
2257 1548 2482 1602 honoris
2514 1563 2674 1603 causa
2701 1549 3076 1612 contenderet,
3104 1547 3327 1617 pervicit
3355 1549 3653 1616 imperator

2079 1641 2146 1695 ad
2188 1639 2567 1696 Bessarionem
2598 1654 2850 1713 pergens,
2883 1655 3116 1711 quocum
3164 1650 3218 1697 et
3247 1640 3313 1696 de
3344 1648 3473 1710 pass
3501 1646 3652 1696 cum;

2081 1734 2330 1802 ponenda
2383 1734 2527 1790 inter
2571 1733 2877 1790 Germaniae
2945 1735 3225 1804 principes
3286 1743 3342 1788 et
3393 1734 3472 1787 de.
3510 1731 3650 1788 bello

2079 1826 2274 1883 Turcis
2305 1827 2584 1884 inferendo
2616 1828 2971 1900 longissimus
2998 1837 3049 1884 et
3083 1829 3441 1898 gravissimus
3471 1842 3653 1882 sermo

2076 1930 2158 1973 est
2192 1905 2427 1974 habitus.
2469 1906 2609 1993 Cum
2657 1918 2841 1988 itaque
2870 1920 3144 1992 principes
3169 1928 3221 1975 et
3251 1920 3411 1991 legati
3453 1919 3651 1974 multo.

2077 2029 2193 2069 runt
2240 2012 2532 2077 venissent,
2588 2012 2654 2067 de
2697 2013 2998 2084 eademque
3047 2027 3107 2069 re
3150 2028 3314 2084 quam
3349 2013 3684 2084 saepissime

2074 2107 2220 2163 omni
2268 2113 2466 2160 conatu
2510 2106 2711 2159 frustra
2768 2114 3060 2161 tractamm
3116 2113 3307 2169 esset,
3364 2105 3652 2177 proposito

2075 2197 2248 2268 ipsius
2305 2199 2596 2268 provincia:
2641 2201 3111 2255 emolumenta-et
3164 2198 3373 2271 honore
3403 2237 3418 2265 ,
3471 2198 3651 2254 redire

2072 2291 2289 2346 tandem
2329 2293 2385 2347 in
2418 2292 2628 2346 italiam
2673 2292 2850 2348 lucem
2899 2291 3278 2349 felicissimam
3315 2291 3393 2365 (Ι)
3437 2290 3652 2362 legatus

2073 2380 2327 2446 instituit,
2387 2398 2456 2436 ne
2493 2381 2694 2438 l‘rnstra
2727 2391 2784 2435 et
2831 2393 3042 2452 tempus
3071 2392 3127 2439 et
3156 2399 3356 2451 corpus
3386 2383 3650 2439 valetudi-

2072 2476 2286 2531 narium
2309 2475 2602 2546 irigoribus
2635 2477 2896 2533 etiabore
2925 2478 3179 2533 itinerum
3211 2492 3273 2532 ac
3292 2477 3450 2532 tardio
3479 2479 3650 2532 διήιιή

2069 2580 2434 2625 consumeret.
2471 2566 2618 2626 inter
2639 2583 2854 2627 exteras
2882 2581 3092 2643 gentes,
3125 2571 3329 2627 Grecis
3369 2582 3422 2626 et
3443 2569 3653 2627 Latinis

2070 2674 2272 2718 natura
2288 2661 2537 2729 infestas,
2565 2652 2960 2732 periclitatum
2979 2673 3062 2720 est
3086 2664 3285 2735 stcpius
3319 2664 3446 2719 dum
3475 2675 3652 2718 temu-

2067 2756 2198 2814 lenti
2227 2764 2281 2814 et
2327 2756 2523 2812 rmati
2562 2749 2667 2813 non
2705 2758 2883 2816 solum
2910 2759 2963 2815 in
2999 2759 3174 2830 agris,
3199 2759 3296 2816 sed
3331 2759 3384 2816 in
3423 2760 3650 2815 urbibus

2065 2864 2430 2928 grassantur;
2469 2853 2690 2912 Vienna:
2738 2866 2918 2913 autem
2956 2856 3320 2929 potissimum,
3364 2857 3456 2912 ubi
3494 2858 3652 2928 gym-

2067 2947 2257 3004 nastici
2281 2946 2472 3018 quavis
2497 2947 2712 3004 licentia
2737 2956 2793 3005 et
2818 2948 3118 3020 petulantia
3146 2961 3394 3004 utuntur.
3462 2947 3650 3004 Rediit

2068 3041 2284 3098 tandem
2320 3051 2441 3114 post
2471 3041 2752 3099 biennium
2785 3042 3037 3100 Bessario
3065 3055 3270 3112 vester,
3295 3033 3554 3112 Quirites,
3588 3053 3649 3098 nt

2064 3146 2226 3203 quem
2270 3133 2549 3189 absentem
2618 3131 2788 3190 Roma
2829 3135 3234 3205 desiderabat,
3288 3133 3544 3206 cupiebat
3594 3145 3651 3191 ιιι

2064 3224 2208 3280 votis
2250 3223 2490 3296 optabat,
2521 3217 2840 3299 praesentem
2897 3227 3140 3300 denique
3188 3222 3512 3296 intueretur,
3552 3229 3658 3282 ποις

2065 3318 2358 3376 miraretur
2382 3331 2840 3393 venerareturque
2865 3332 2923 3378 ut
2953 3321 3211 3379 Ecclesiae
3237 3321 3494 3379 Romana:
3524 3321 3646 3377 uni-

2065 3425 2192 3468 cum
2225 3413 2478 3469 columen
2519 3425 2575 3470 et
2613 3406 2806 3485 patri-.e
2839 3423 3032 3471 vestrm
3065 3417 3368 3488 parentem.
3401 3414 3643 3470 Nuntie-

2063 3506 2204 3560 stitit
2244 3514 2423 3561 tamen
2472 3506 2558 3561 vir
2604 3497 2846 3577 optimus
2897 3517 2953 3563 et
3005 3507 3436 3579 sapientissimus
3471 3505 3638 3561 i’i‘utn

2065 3596 2375 3668 pontiﬁcem
2435 3597 2637 3655 hortari
2681 3609 2738 3655 ut
2790 3601 3094 3672 piissimum
3133 3600 3329 3655 bellum
3366 3600 3477 3671 jam
3519 3593 3645 3653 ante

2064 3696 2251 3748 contra
2306 3682 2518 3764 impios.-
2539 3695 2821 3751 decretum
2870 3683 3309 3764 amplecteretur.
3385 3684 3646 3750 Hanc'ob

2065 3798 2179 3839 rem
2228 3794 2351 3838 cum
2401 3783 2529 3840 Pius
2557 3786 2861 3853 Anconam,
2914 3790 3055 3843 unde
3113 3796 3362 3844 moturus
3410 3797 3535 3842 erat
3590 3789 3642 3842 in

2063 3873 2301 3941 hostem,
2327 3875 2597 3945 proﬁcisci
2648 3877 2993 3944 instituisset,
3039 3875 3493 3946 ibique-classem
3541 3894 3636 3932 uno

2059 3966 2228 4037 dique
2243 3979 2524 4024 venturam
2554 3985 2584 4024 a
2615 3969 2941 4026 Christianis
2961 3981 3323 4041 exspectaret,
3353 3964 3640 4030 Bessarion

2061 4061 2129 4114 ad
2170 4059 2668 4133 Venetos-propere
2696 4063 2981 4121 contendit
3020 4064 3166 4119 sedis
3217 4066 3522 4135 apostolica:
3558 4068 3640 4122 le-

2061 4163 2254 4225 gatus;
2288 4154 2443 4226 cujus
2479 4156 2780 4212 auctoritas
2813 4139 3023 4212 tantum
3055 4158 3226 4214 Valuit
3270 4169 3325 4215 ut
3351 4161 3546 4216 ducent
3585 4170 3642 4216 et

2057 4259 2306 4302 senatum
2347 4248 2413 4303 ad
2467 4248 2518 4303 id
2552 4249 2754 4303 bellum
2804 4248 3100 4318 impulerit.
3156 4250 3360 4309 Paratae
3392 4254 3641 4310 triremes

2060 4357 2107 4397 at
2127 4340 2352 4396 Venetis
2369 4351 2516 4407 sunt,-
2538 4344 2647 4397 dux
2666 4341 2827 4400 classi
2867 4344 3178 4414 prreﬁcitur,
3211 4347 3429 4418 navigat
3460 4349 3641 4405 Anco-

2057 4449 2207 4498 nam.
2247 4450 2312 4491 eo
2337 4435 2622 4492 Bessariou
2659 4452 2782 4492 cunt
2809 4438 3134 4495 triremisua
3159 4440 3400 4511 impensa
3435 4445 3639 4499 structa

2059 4537 2113 4582 et
2143 4539 2351 4584 armata
2379 4531 2680 4586 contendit.
2733 4594 2737 4596 _

2131 4622 2199 4677 At
2229 4638 2360 4678 vero
2403 4625 2456 4677 in
2494 4633 2644 4678 tanto
2684 4630 2951 4693 apparatu
2985 4621 3081 4679 Pio
3111 4626 3362 4696 pontiﬁce
3398 4638 3636 4689 mortuo,

2056 4729 2180 4770 cum
2221 4729 2416 4783 omnes
2451 4714 2654 4784 passim
2686 4715 3084 4784 dilaberentur,
3119 4719 3231 4789 ipse
3266 4733 3485 4787 quoque
3525 4718 3634 4775 lto-

2055 4824 2199 4862 ntam
2246 4809 2314 4865 ad
2361 4810 2597 4864 ineunda
2637 4824 2739 4877 pro
2766 4825 2907 4865 novo
2938 4807 3195 4882 pontiﬁce
3243 4815 3502 4885 suil‘ragia
3552 4828 3635 4871 re-

2053 4902 2320 4970 vertitur;
2361 4919 2469 4970 quo
2491 4913 2696 4968 creato,
2725 4917 2850 4959 cum
2879 4905 3065 4959 omnia
3092 4909 3160 4960 ad
3200 4909 3373 4962 otium
3411 4921 3629 4980 speeta-

2054 5006 2192 5058 rent,
2224 4995 2441 5066 ingenio
2474 5011 2573 5049 suo
2593 5005 2652 5049 et
2681 4996 2927 5052 doctrina
2965 4997 3156 5064 fretus,
3185 5003 3440 5073 quicquid
3473 5006 3566 5058 otii
3603 5020 3631 5057 δ

2051 5088 2216 5142 rebus
2263 5088 2492 5154 publicis
2542 5087 2808 5149 dabatur,
2861 5098 3030 5144 totum
3084 5091 3138 5147 id
3182 5091 3248 5148 ad
3283 5094 3629 5150 scribendum

2051 5181 2280 5236 contulit
2309 5180 2472 5235 homo
2489 5181 2735 5253 omnium
2762 5181 3171 5240 solertissimus.
3197 5183 3343 5241 Cum
3367 5189 3631 5257 prodesse
3658 5226 3667 5232 -

2053 5287 2236 5325 coram
2285 5274 2475 5327 amicis
2506 5285 2600 5326 attt
2650 5275 3235 5342 periclitantibus-non
3285 5290 3488 5349 posset,
3529 5298 3629 5337 eos

2049 5366 2248 5423 litteris
2277 5369 2489 5437 pietatis
2511 5378 2564 5423 et
2591 5367 2944 5430 limitanitatis
2969 5372 3143 5441 plenis
3164 5377 3470 5441 admonuit,
3490 5391 3628 5432 cru-

2050 5461 2169 5526 diit,
2199 5461 2486 5527 deterruit,
2513 5462 2861 5535 adoolﬁcium,
2885 5469 2932 5522 si
2958 5483 3064 5537 qua
3097 5469 3149 5524 in
3176 5484 3233 5526 re
3260 5471 3625 5543 deliquerunt,

2050 5555 2346 5610 revocavit.
2387 5557 2592 5611 Harum
2638 5569 2817 5615 exstat
2861 5571 3117 5622 numerus
3165 5579 3331 5636 prepe
3378 5564 3626 5624 inﬁnitus

2053 5647 2402 5717 tutn'Grzece,
2449 5658 2563 5707 tum
2593 5647 2784 5711 Latine
2806 5657 3179 5729 scriptarum.
3208 5652 3370 5716 iDuas
3404 5661 3633 5730 scripsit

445 5851 529 5925 fi}
563 5846 734 5905 Verba
763 5850 924 5906 lucent
961 5847 1325 5918 felicissimum
1365 5831 1468 5903 non
1501 5848 1656 5905 ltaLel
1693 5847 1940 5902 b'zovius.
1969 5845 2247 5903 Glossema
2280 5843 2524 5902 forsitan.
