3972 6164
325 328 468 384 eam

325 431 567 492 duorum
624 422 870 495 bonrum
895 438 1240 499 laudationes
1277 451 1332 498 et
1363 443 1553 512 patria
1607 441 1927 510 Trapeznno'

329 531 438 582 dots
469 526 587 601 (sic)
619 538 676 587 et
712 528 925 602 Isthmi,
953 535 1090 590 adeo
1126 533 1404 608 eleganter
1440 543 1498 591 et
1538 533 1804 598 absolute,
1856 540 1920 587 ut
1949 563 1955 567 -

335 622 641 692 provincia:
691 625 822 698 ipse
851 636 909 684 et
957 628 1290 699 benignitate
1313 627 1439 685 εωιί
1481 637 1540 684 et
1585 625 1832 684 ubertate
1863 631 1953 679 et.

331 715 554 788 frugum
615 720 880 786 omnium,
914 733 991 778 et
1048 722 1410 794 portuositate
1449 721 1698 777 littorum
1755 728 1943 786 atque

331 810 624 869 hominn
684 813 1089 886 ingeniosorum
1140 824 1196 872 et
1242 815 1664 873 fortissimorum
1722 812 1922 882 copia,

331 905 514 961 cuivis
574 907 868 978 provincia:
913 910 1150 966 conferri
1194 909 1743 981 posse‘viderentur.
1800 905 1919 963 Non

333 997 464 1052 dico
491 1013 656 1067 quam
687 1001 867 1068 docte,
896 1015 1061 1071 quam
1097 1002 1413 1059 memoriter
1442 999 1641 1058 borum
1678 1000 1918 1056 locorum

335 1110 429 1150 res
455 1096 702 1167 publicas
729 1106 785 1153 et
818 1099 1080 1170 quidquid
1106 1100 1162 1155 in
1193 1099 1414 1155 histum
1444 1098 1606 1164 bello,
1637 1106 1750 1153 tum
1784 1109 1925 1167 pace

333 1199 557 1259 gestum
582 1190 673 1255 sit,
700 1201 1128 1258 commemoret,
1157 1190 1453 1259 describat,
1488 1198 1664 1253 notet,
1697 1189 1752 1244 id
1800 1188 1923 1260 qui-

335 1281 464 1336 dem
499 1282 632 1338 adeo
680 1283 965 1354 ingeniose
999 1293 1054 1340 et
1105 1293 1384 1349 accurate,
1418 1293 1478 1338 ut
1526 1298 1614 1339 res
1651 1282 1782 1352 ipsa:
1812 1295 1920 1336 non
1953 1290 1958 1294 ‘

331 1374 652 1451 descripta,
688 1377 786 1435 sed
816 1376 887 1433 ab
916 1381 1112 1438 eodem
1137 1377 1400 1434 institutas
1419 1386 1477 1433 et
1504 1385 1672 1447 gesta:
1701 1373 1924 1431 videan-

339 1479 458 1527 tur.
484 1467 547 1527 in
594 1470 1061 1529 maculationibus
1093 1471 1266 1528 tribus
1282 1484 1419 1542 quas
1446 1468 1512 1524 ad
1536 1469 1918 1539 imperatorem

333 1561 1002 1635 Constantinopolitanum
1035 1565 1089 1619 in
1139 1547 1317 1620 morte
1361 1563 1546 1618 uxoris
1594 1559 1819 1623 habuit,
1854 1558 1922 1611 ad

332 1655 705 1713 constantiam
736 1642 1197 1714 etl‘ortitudinem
1225 1653 1501 1712 hominem
1538 1652 1711 1726 ipsum
1748 1650 1919 1721 pleri.

334 1749 446 1805 bus
482 1748 782 1806 rationibus
833 1759 1075 1817 revocat,
1119 1746 1299 1807 verbis
1341 1745 1682 1818 gravissimis
1708 1752 1762 1799 et
1797 1731 1926 1798 seri-

336 1845 532 1901 teutiis
557 1844 855 1902 ostendens
895 1844 974 1900 nil
997 1842 1127 1900 novi
1169 1842 1288 1915 ejus
1333 1838 1606 1910 maiestati
1656 1835 1923 1892 accidisse

509 1952 656 1993 mors
687 1936 1043 1994 omnibus-sit
1082 1950 1189 1993 non
1224 1935 1347 1991 dico
1378 1945 1664 1989 commune
1695 1928 1922 1994 malum,

335 2031 438 2086 sed
474 2031 880 2101 receptaculum
917 2044 950 2085 a
999 2028 1180 2095 malis,
1219 2027 1268 2084 si
1318 2028 1460 2083 bene
1508 2040 1573 2080 ac
1609 2029 1926 2078 constanter

341 2128 512 2181 vitam
553 2124 876 2182 duxerimus
934 2123 1393 2195 quemadmodum
1437 2120 1683 2191 reginam
1746 2117 1921 2187 iPsa'“

340 2206 552 2278 risisse
575 2210 1193 2276 ostendit.'Conlutavit
1240 2215 1507 2274 acerrime
1539 2212 1690 2284 gravi
1719 2219 1773 2266 et
1833 2223 1927 2265 co-

338 2313 496 2386 piosa
523 2312 775 2369 oratione
800 2324 900 2368 eos
921 2310 1017 2382 qui
1051 2308 1399 2380 pertinaciter
1420 2304 1584 2362 nimis
1604 2308 1925 2360 asseverant

341 2406 551 2464 dictum
577 2407 707 2462 illud
729 2403 953 2463 Joannis
979 2403 1048 2461 de
1074 2403 1274 2470 Petro,
1308 2419 1329 2455 α
1365 2400 1469 2456 Sic
1489 2415 1612 2456 eum
1646 2397 1766 2454 volo
1809 2410 1927 2452 nta-

342 2516 502 2566 nere,
529 2499 657 2572 quid
679 2501 746 2556 ad
773 2509 848 2570 te,
876 2518 904 2554 ι
923 2513 1056 2558 eum
1080 2497 1370 2554 dicendum
1389 2495 1484 2560 sit,
1511 2510 1532 2546 r
1567 2493 1625 2550 Si
1644 2507 1766 2548 eum
1801 2490 1924 2557 volo

342 2587 831 2663 manere,quidad
863 2593 956 2650 te?
985 2609 1006 2644 ι
1041 2590 1154 2648 Hoc
1174 2589 1570 2662 autemprob‘at
1598 2595 1653 2643 et
1675 2583 1929 2643 doetissio

341 2704 558 2744 nzorum
610 2685 892 2744 hominum
935 2687 1264 2742 auctoritate
1298 2692 1352 2740 et
1381 2681 1567 2741 Graeca
1610 2680 1786 2736 littera
1818 2693 1924 2749 qua

336 2781 584 2841 Jcannes
608 2781 960 2853 Evangeliqu
985 2779 1228 2848 scripsit,
1256 2788 1313 2835 et
1345 2777 1531 2832 Latina
1565 2775 1858 2842 locutione,
1892 2788 1924 2828 a

338 2893 453 2950 qua
489 2879 681 2933 modus
730 2875 819 2931 ille
863 2873 1082 2933 dicendi
1114 2872 1275 2944 longe
1322 2870 1603 2927 abhorret.
1633 2867 1743 2925 Sed
1793 2869 1928 2924 adeo

340 2972 568 3045 copiose
597 2971 655 3026 in
684 2967 1057 3026 adversarium
1091 2967 1287 3037 surgit,
1327 2963 1594 3032 Quirites,
1625 2952 1684 3017 ut
1717 2961 1926 3017 nullum

341 3079 517 3138 prepe
540 3073 805 3129 erratum,
831 3069 929 3117 aut
975 3058 1108 3116 vitio
1141 3058 1500 3132 interpretum
1547 3053 1952 3134 commissum,

343 3167 440 3214 aut
476 3157 802 3228 negligentia
834 3152 1208 3216 librariorum,
1247 3158 1340 3206 aut
1381 3149 1591 3205 incuria
1633 3148 1948 3221 legentium-

341 3256 400 3308 in
428 3260 545 3310 tota
569 3250 855 3323 Scriptura
887 3263 1047 3306 sacra
1081 3246 1478 3332 praetermittat.
1508 3244 1699 3316 Aperit
1720 3247 1924 3308 omnia,

341 3348 611 3416 disputat,
665 3342 884 3428 refellit,
924 3339 1108 3399 docet.
1148 3335 1354 3398 Eodem
1387 3339 1604 3395 dicendi
1636 3347 1692 3394 et
1743 3339 1934 3408 dispu-

343 3440 498 3498 tandi
527 3446 775 3496 torrente
817 3433 1080 3510 Ephesini
1117 3432 1365 3507 episcopi
1391 3433 1726 3506 opinionem,
1776 3441 1946 3488 asse-'

347 3533 546 3601 relatis,
575 3530 859 3605 Spiritum
894 3541 1146 3588 sanctum
1179 3543 1211 3584 a
1242 3527 1409 3585 Patre
1439 3536 1647 3583 tantum
1685 3528 1928 3596 prodire,

341 3629 614 3687 acerrime
651 3622 935 3686 conlutat.
980 3619 1170 3680 Sancti
1210 3621 1589 3688 Bessarionis,
1619 3618 1759 3675 unde
1811 3619 1932 3692 ipse

342 3734 548 3780 nomen
594 3718 828 3790 accepit,
876 3705 1070 3790 patriae
1100 3713 1343 3788 parentis
1393 3728 1459 3770 ac
1493 3712 1728 3783 patroni,
1768 3709 1944 3766 vitant

345 3810 640 3885 diligenter
667 3825 733 3866 ae
762 3808 986 3880 copiose
1026 3805 1266 3876 scripsit.
1309 3805 1496 3862 Sancti
1524 3804 1802 3861 Francisci
1831 3809 1941 3860 or-‘

346 3909 558 3973 dinem,
601 3905 760 3978 cuius
797 3912 1066 3977 patronus
1100 3901 1335 3959 habetur
1355 3940 1372 3968 ,
1404 3910 1716 3956 constanter
1748 3915 1811 3953 ac
1840 3914 1933 3953 sa-

302 4036 309 4042 ι
345 3989 568 4076 pienter
591 4009 802 4056 tutatus
821 4009 928 4054 est.
963 3987 1077 4054 Non
1108 4005 1192 4053 est
1223 4009 1414 4067 passus
1447 3994 1755 4066 quempiam
1793 3995 1940 4050 bene

317 4134 321 4136 ~
348 4099 418 4153 de
440 4110 645 4166 genere
669 4095 912 4148 humano
938 4091 1193 4147 meritum
1235 4087 1616 4145 maledicentia
1642 4099 1765 4160 post
1789 4103 1931 4144 rnor-

347 4199 460 4247 tem
480 4187 736 4244 lacerari.
771 4183 929 4243 [inde
951 4185 1219 4251 acerrime
1243 4185 1302 4240 in
1331 4182 1775 4240 caluumiatorem
1805 4182 1932 4238 Pla-

330 4284 501 4355 μυί.
533 4281 770 4353 insurgit
801 4295 870 4338 eo
909 4278 1192 4335 volumine
1227 4287 1283 4334 et
1314 4276 1536 4348 quidem
1572 4275 1758 4332 divino
1785 4276 1933 4347 quod

349 4392 525 4450 nuper
574 4390 771 4445 magna
828 4390 952 4432 cum
1003 4385 1182 4429 vestra
1255 4372 1674 4442 exspectatione
1739 4369 1932 4426 edidit.

345 4469 526 4538 Quam
560 4469 744 4543 gravis
789 4468 864 4524 sit
896 4467 951 4522 in
998 4467 1292 4531 laudando,
1324 4464 1554 4521 acerbus
1597 4464 1652 4518 in
1717 4465 1935 4534 vitupe-

243 4556 246 4558 ’
351 4565 548 4630 rando,
575 4565 630 4620 in
652 4561 944 4619 sententiis
966 4568 1220 4632 argutus,
1247 4560 1302 4612 in
1330 4557 1650 4615 disserendo
1692 4557 1932 4625 subtilis,

350 4664 409 4716 In
432 4657 766 4715 conlutando
803 4671 951 4722 acer,
1001 4669 1070 4711 ex
1103 4654 1208 4710 hoc
1241 4652 1386 4710 libro
1424 4650 1812 4724 comprehendi
1839 4667 1938 4724 po-

350 4761 484 4818 test,
511 4754 565 4806 in
594 4764 704 4821 quo
729 4763 910 4805 rerum
935 4747 1176 4803 otnnlum
1198 4783 1216 4811 ,
1244 4744 1551 4802 divinarum
1582 4755 1641 4801 et
1668 4743 1935 4800 humana.

352 4861 502 4913 rum,
531 4843 758 4899 scientia
787 4851 1045 4911 tanquam
1078 4839 1131 4895 in
1163 4837 1408 4894 sacrario
1433 4838 1673 4910 reposita
1698 4838 1932 4895 videtur.

357 4939 504 4996 Hinc
540 4949 621 4993 est
657 4943 809 4997 certe
837 4937 984 5005 quod
1011 4932 1263 4988 hauriant
1300 4931 1571 5002 theologi,
1600 4932 1933 5003 pliildSOphi,

357 5031 758 5097 mathematici,
808 5039 1078 5092 oratores,
1109 5026 1378 5084 dialectici
1420 5036 1476 5084 et
1515 5029 1743 5098 quodvis
1769 5043 1938 5100 genus

360 5126 647 5181 hominum
675 5123 913 5180 civilium
950 5137 1019 5178 ac
1057 5123 1451 5179 studiosorum.
1489 5120 1702 5176 Nullam
1732 5131 1933 5178 sectam

355 5217 806 5293 philosophorum
843 5216 1212 5288 pratermittit
1236 5229 1398 5285 quam
1436 5229 1544 5268 non
1575 5225 1726 5270 notet
1755 5229 1772 5269 :
1801 5216 1930 5284 quid

357 5314 591 5385 quisque
627 5310 846 5373 dixerit,
886 5308 1029 5376 quod
1085 5308 1301 5380 probari
1355 5307 1720 5380 improharivc
1757 5320 1942 5379 posset

358 5405 625 5462 ostendit:
648 5411 706 5458 ut
733 5400 1198 5472 Pythagoreorum
1223 5399 1446 5454 nimiam
1482 5400 1943 5473 pietatem,Cyni-

360 5515 548 5556 eorum
572 5497 959 5561 rusticitatem,
991 5491 1298 5549 Stoicorum
1327 5493 1702 5549 austeritatem
1740 5493 1938 5565 carpit,

362 5594 434 5654 ita
448 5591 932 5664 Peripateticorum
947 5599 1001 5644 et
1015 5595 1256 5643 veterum
1269 5586 1715 5652 Academicorum
1731 5587 1937 5644 medio-

364 5689 612 5748 critatem
635 5682 1059 5752 laudanextollit
1077 5681 1447 5748 Arismtelem,
1471 5681 1743 5739 Platonem
1764 5684 1944 5757 philo-

435 5878 511 5953 (ί)
546 5874 643 5930 Hic
681 5872 821 5928 enim
975 5870 1230 5928 debuisset
1257 5883 1366 5930 om.
1401 5865 1653 5928 Βζυνὶιιι.

1387 319 1939 385 εΡΑΝωγηισυε
1963 319 2410 390 .BESSARION
2418 326 2442 389 Ι
2448 325 2510 389 3.

3479 339 3607 382 ευν

2025 441 2322 512 sophorum
2351 446 2654 520 principem
2673 445 2822 514 facit,
2847 462 3080 518 quorum
3108 447 3258 518 plura
3277 446 3609 504 Christianis

2029 543 2267 598 ostendit
2289 544 2582 600 convenire
2598 559 2759 615 quam
2779 559 2901 600 cum
2919 544 3103 617 aliquo
3123 543 3566 615 philosophorum
3586 560 3605 608 ς

2027 649 2208 707 neque
2234 637 2288 693 id
2325 639 2542 710 quidem
2597 639 2972 710 theologorum
3008 650 3320 697 nostrorum
3363 641 3632 694 auctori--

2028 735 2138 784 tate
2167 733 2548 788 tantummodo
2583 733 2774 802 probat
2801 774 2818 800 ,
2865 745 3056 790 verum
3086 733 3248 790 etiam
3290 732 3609 804 syllogismo

2024 830 2080 877 et
2111 822 2438 888 rationibus,
2497 827 2697 898 quibus
2747 826 3119 884 adversarium
3172 829 3244 883 ita
3279 825 3617 894 circumagit

2024 923 2080 973 et
2125 917 2392 989 Opprimit‘
2441 927 2502 976 ut
2537 934 2711 991 neque
2735 935 2841 992 quo
2874 935 2934 977 se
2965 921 3197 988 recipiat
3245 920 3610 976 calumniator

2024 1009 2200 1067 divini
2259 1011 2503 1071 Platonis
2555 1012 2787 1081 haheat,
2851 1027 3032 1084 neque
3066 1014 3203 1084 quid
3260 1014 3608 1083 respondeat,

2023 1104 2252 1162 obrutus
2289 1107 2648 1175 argumentis,
2688 1108 2824 1164 satis
2855 1106 3121 1164 inveniat.
3155 1107 3307 1164 Hunc
3333 1107 3603 1177 siquidem

2029 1195 2450 1255 homuncionem
2471 1200 2555 1256 vir
2581 1200 2951 1270 amplissimus
2974 1202 3046 1257 ita
3077 1201 3346 1256 interdum
3369 1199 3604 1266 deridet,

2024 1298 2240 1346 servata
2269 1292 2535 1363 gravitate
2563 1293 2865 1365 dignitatis,
2900 1304 2961 1350 ut
3003 1295 3158 1351 fateri
3204 1302 3365 1366 cogat
3397 1307 3460 1349 se
3490 1309 3605 1351 non

2027 1382 2190 1439 modo
2211 1383 2546 1443 intellexisse
2565 1384 2810 1444 Platonis
2832 1397 3093 1455 mentem,
3126 1403 3284 1460 quem
3317 1387 3405 1446 hic
3428 1401 3602 1443 novus

2022 1473 2338 1534 Carneades
2389 1474 2725 1548 imperitia,
2781 1462 3159 1550 turpitudinis,
3221 1481 3609 1538 inconstantia

2023 1570 2223 1637 arguit,
2252 1569 2350 1627 sed
2390 1585 2460 1626 ne
2495 1571 2693 1643 lingua:
2738 1573 2958 1644 quidem
2985 1573 3191 1630 Graeca:
3219 1574 3606 1645 proprietatem

2026 1661 2283 1731 tenuisse,
2316 1677 2442 1720 curn
2473 1665 2591 1736 ipse
2625 1663 2844 1722 Graecus
2873 1666 2946 1722 sit
2969 1677 3025 1723 et
3050 1666 3292 1723 Platonis
3327 1667 3470 1738 leges
3494 1680 3605 1722 nou

2020 1757 2252 1815 Latinas
2283 1757 2485 1825 facere,
2536 1758 2634 1816 sed
2686 1759 2987 1832 depravare
3008 1771 3259 1827 conatus,
3294 1757 3606 1830 philosophi

2022 1849 2324 1908 sententias
2344 1851 2674 1910 everteritet
2689 1850 3038 1908 obscuriores
3062 1849 3375 1908 reddiderit.
3393 1849 3605 1918 Quanta

2024 1943 2368 2014 fuerithujus
2390 1943 2645 2013 audacia,
2664 1943 2924 2013 Quirites,
2944 1945 3380 2010 animadvertite,
3394 1958 3606 2014 quaeso.

2025 2037 2124 2095 ﬂic
2157 2036 2304 2094 enim
2337 2052 2402 2094 ac
2433 2039 2478 2094 si
2513 2038 2571 2093 in
2595 2038 2790 2111 quavis
2821 2037 3047 2094 scientia
3069 2079 3087 2105 ,
3114 2039 3362 2095 doctrina
3393 2048 3445 2093 et
3467 2038 3613 2093 anti-

2026 2131 2241 2202 quitate
2286 2129 2439 2187 solus
2472 2128 2668 2187 doctor
2715 2131 2960 2202 gentium
3010 2129 3308 2187 haberetur
3350 2138 3407 2185 et
3458 2129 3611 2186 solus

2028 2235 2370 2300 peragrasset
2384 2226 2574 2284 orbem
2591 2233 2863 2283 terrarum
2885 2225 3130 2284 discendi
3157 2241 3322 2282 causa
3349 2223 3624 2295 quidquid

2029 2315 2232 2389 ubique
2262 2333 2520 2374 arcanum
2548 2327 2600 2373 et
2628 2319 2968 2373 reconditum
3003 2329 3083 2374 est
3103 2358 3120 2384 ,
3148 2327 3207 2372 ut
3239 2315 3522 2374 Platonem
3551 2327 3611 2371 et

2023 2410 2387 2484 Pythagoram
2423 2411 2622 2468 iecisse
2654 2410 3075 2478 intelleximus,
3106 2408 3256 2465 solus
3280 2411 3335 2464 iu
3377 2408 3610 2479 publicis

2032 2494 2261 2578 Europae
2313 2505 2616 2580 gymnasiis
2680 2504 2899 2576 Gorgia:
2945 2501 3197 2560 Leontini
3244 2513 3302 2558 et
3350 2500 3611 2558 Archelai

2030 2615 2239 2657 morem
2271 2614 2302 2655 a
2348 2598 2573 2658 Socrate
2601 2598 2842 2655 derisum
2874 2607 3215 2667 usurpasset,
3250 2595 3610 2668 quaestionem

2032 2695 2244 2755 scilicet
2285 2697 2345 2753 in
2374 2704 2648 2753 conventu
2678 2701 2732 2750 et
2766 2707 2971 2750 corona
3020 2692 3299 2748 hominum
3350 2689 3610 2761 poscendi

2029 2797 2085 2846 et
2112 2777 2317 2862 jubere.
2333 2789 2536 2856 dicere,
2558 2803 2681 2863 quae
2712 2787 2780 2844 de
2813 2801 2870 2842 re
2905 2787 3136 2857 quisque
3181 2785 3362 2852 vellet,
3397 2781 3625 2856 audire,

2028 2897 2138 2938 nou
2171 2896 2264 2937 eo-
2285 2879 2610 2937 temeritatis
2641 2878 2892 2952 progredi
2927 2881 3092 2947 :ccrte
3130 2877 3411 2934 debuisset
3441 2875 3518 2947 (ι)
3553 2876 3627 2929 ιη’

2030 2974 2407 3033 doctissimum
2439 2974 2793 3031 Aristotelem
2823 2989 2944 3031 cum
2985 2972 3169 3027 divino
3218 2971 3465 3034 Platone,
3497 2969 3610 3022 dis-

2029 3059 2267 3137 Cipulum
2294 3079 2513 3125 acutum
2531 3085 2652 3125 cum
2683 3068 3020 3131 amplissimo
3043 3077 3373 3137 pneceptore
3398 3054 3618 3121 conlct-

2032 3171 2116 3218 ret
2144 3177 2208 3216 ac
2233 3162 2627 3217 committeret.
2666 3159 2842 3231 Hujus
2886 3171 3066 3216 tamen
3102 3159 3328 3214 audacia
3357 3158 3430 3213 nil
3453 3155 3616 3214 nobis

2033 3256 2228 3318 obfuit,
2263 3254 2523 3324 Quirites,
2543 3256 2657 3311 imo
2687 3256 3037 3312 vehementer
3062 3238 3280 3332 proluit
3309 3268 3326 3321 ;
3358 3264 3410 3306 et
3442 3251 3490 3308 si
3523 3251 3612 3307 cui

2033 3350 2161 3406 licet
2194 3357 2386 3420 optare
2413 3359 2471 3403 ut
2503 3350 2700 3420 aliquis
2728 3356 2938 3421 peccet,
2981 3347 3034 3403 id
3074 3356 3224 3404 certe
3269 3345 3426 3403 nobis
3471 3346 3613 3401 adeo

2032 3444 2287 3514 pret-ilius
2308 3441 2711 3512 exposcendum
2756 3441 2880 3498 fuit.
2913 3440 3037 3498 llac‘
3055 3441 3202 3497 enim
3237 3437 3628 3510 indignatione

2033 3539 2344 3594 colicitatus
2379 3534 2689 3605 Bessarion,
2728 3551 2944 3592 onmem
2982 3538 3225 3590 oumiutu
3259 3525 3630 3603 philosopho?

2035 3631 2152 3687 rum
2177 3634 2271 3703 qui
2305 3637 2540 3703 unquam
2575 3633 2724 3686 fuere
2753 3630 3075 3686 sententiam
3107 3628 3360 3698 explicat,
3386 3636 3440 3682 et
3469 3625 3617 3697 quod

2037 3727 2276 3781 riiaxime
2309 3727 2606 3795 Optandum
2630 3734 2772 3789 crat,
2808 3723 3113 3778 doctrinam
3138 3731 3191 3776 et
3226 3729 3464 3777 mentem
3491 3715 3616 3774 Pls;

2036 3823 2204 3884 tonis,
2249 3836 2280 3874 a
2319 3813 2687 3875 nemiue‘fere
2728 3819 3008 3888 juniorum
3045 3818 3347 3888 cognitam,
3377 3803 3622 3887 explicat.

2036 3911 2094 3970 et
2126 3915 2321 3986 aperit,
2355 3925 2412 3968 ut
2442 3911 2704 3983 perfacile
2735 3895 3017 3983 appareat,
3049 3925 3240 3966 omnes
3261 3903 3461 3967 ’ωαξης
3496 3924 3619 3979 qua

2037 4001 2234 4064 sanum
2266 4004 2469 4076 aliquid
2497 4018 2692 4074 sapere
2719 3996 2994 4064 videnlur,
3019 4000 3086 4054 ab
3108 4000 3226 4068 ipso
3260 3998 3483 4056 Platone
3501 4011 3619 4055 tano

2034 4113 2200 4172 quam
2231 4085 2457 4168 perenni
2482 4107 2536 4152 et
2567 4094 2848 4150 uberrimo
2874 4095 3021 4148 l'nnte
3055 4107 3296 4147 manare.

2109 4191 2205 4249 llis
2233 4191 2423 4258 rebus,
2451 4204 2572 4261 qua:
2601 4185 2937 4258 gravissimae
2971 4184 3106 4241 sunt
3134 4195 3190 4239 et
3228 4193 3399 4240 totum
3437 4182 3616 4240 homi-

2036 4302 2161 4344 nem
2203 4300 2376 4358 prope
2431 4283 2750 4354 reqnirunt,
2800 4281 3043 4335 intentus
3081 4293 3180 4351 pro
3214 4286 3458 4350 tempore
3486 4277 3623 4333 Bes-

2035 4382 2248 4447 sarion,
2286 4380 2362 4435 nil
2400 4391 2580 4434 tamen
2624 4391 2862 4448 unquam
2891 4375 3076 4431 omisit
3101 4375 3245 4446 quod
3289 4373 3356 4429 ad
3377 4370 3619 4429 ofﬁciunt

2035 4469 2406 4526 cardiualatus
2455 4469 2775 4539 pertineret.
2809 4465 2941 4521 Rom
2988 4465 3225 4519 divinam
3267 4474 3322 4519 et
3365 4460 3511 4517 domi
3561 4471 3618 4519 et

2038 4566 2178 4622 loris
2201 4579 2477 4634 nunquam
2511 4560 2822 4617 intermittit
2854 4575 2874 4615 :
2902 4569 3154 4614 senatum
3186 4556 3517 4626 frequentat,
3562 4555 3618 4611 in

2036 4673 2145 4728 quo
2189 4657 2466 4713 secundus
2521 4671 2552 4710 a
2583 4652 2840 4724 pontiﬁce
2888 4651 3141 4709 habetur.
3171 4642 3514 4708 Seutentiam
3564 4647 3620 4704 in

2035 4750 2542 4809 consultationibus
2565 4747 2804 4820 graviter
2847 4755 2902 4802 et
2929 4755 3251 4802 constanter
3286 4759 3317 4800 e
3341 4730 3617 4816 republica

2037 4846 2354 4902 Christiana
2387 4853 2573 4898 tuetur
2600 4857 2618 4910 ;
2665 4839 2958 4896 clientibus
2988 4847 3043 4894 et
3089 4837 3446 4894 familiaribus
3473 4834 3618 4907 apud

2041 4939 2355 5012 pontiﬁcem
2377 4935 2737 5006 patrocinium
2767 4950 2923 4990 suum
2943 4942 3194 5003 praestat;
3212 4932 3418 4986 circum
3430 4944 3620 4988 ventos

2043 5033 2313 5089 malorum
2344 5030 2576 5086 fallaciis
2605 5029 2859 5097 adjuvat;
2895 5026 3070 5096 bonos
3098 5036 3154 5081 et
3194 5025 3383 5080 doctos
3413 5026 3481 5079 ad
3507 5040 3622 5080 rne-

2043 5129 2232 5182 liorem
2261 5125 2538 5180 fortunam
2571 5136 2624 5178 et
2672 5118 3352 5188 honestiorem-dignitatis
3391 5116 3616 5189 gradum

2042 5217 2613 5276 conuuendationihus
2644 5219 2760 5273 suis
2785 5212 3130 5287 gravissimis
3174 5227 3239 5268 ac
3262 5211 3493 5283 prepriis
3533 5209 3618 5263 la-

2042 5318 2338 5370 cultatibus
2388 5312 2659 5370 interdum
2710 5311 2909 5379 erigit,
2941 5307 3199 5364 iaiiiiliam
3246 5305 3392 5360 domi
3424 5305 3520 5358 alit
3565 5307 3619 5358 in

2047 5419 2276 5477 utraque
2297 5405 2478 5476 lingua
2507 5403 2940 5457 eruditissimam
2980 5409 3036 5455 et
3060 5399 3114 5454 in
3141 5399 3332 5470 quavis
3361 5396 3628 5450 facitItate

2043 5499 2443 5556 doetissimam.
2481 5495 2657 5553 Vestri
2710 5495 2784 5551 illi
2839 5495 3116 5566 majores,
3154 5491 3415 5562 Quirites,
3471 5490 3619 5543 viros

2044 5594 2394 5652 doctissimos
2415 5593 2469 5648 in
2501 5590 3106 5650 contubernium-suum
3143 5583 3476 5656 recipiebant
3531 5580 3621 5636 di-

2044 5689 2226 5747 scendi
2259 5697 2312 5746 et
2337 5685 2757 5760 philosophandi
2784 5699 2975 5751 causa,
3009 5693 3065 5738 ut
3095 5679 3280 5752 Scipio
3306 5674 3621 5744 Africanus,
