3972 6164
427 316 536 367 CXV

428 416 669 478 Ennium
692 425 930 489 poetam,
954 413 1240 474 Panetium
1273 414 1678 486 philosopourn,
1728 414 2022 488 Polybium

432 511 752 570 historicum
778 527 797 578 ;
829 511 1059 578 Luculli,
1095 509 1332 566 Calones
1362 520 1415 565 et
1442 508 1715 567 Hortensii
1754 511 2009 565 Arcltiatu

430 614 694 675 poetam;
728 604 1025 659 (licet-ones
1074 601 1395 674 Cratippum
1445 601 1828 673 philosophum
1858 620 1875 670 ;
1905 601 2009 658 Cn.

429 698 726 770 Pompeius
784 697 1035 754 Lcnavum
1107 697 1407 767 libertum;
1472 701 1750 769 Augustus
1808 696 2011 766 απελτ,

429 790 774 860 Αροιιοηὶωη
805 786 1223 860 Pergamenum.
1257 787 1455 846 Multos
1490 790 1580 859 qui
1613 790 1665 845 id
1693 789 1874 847 iecere
1900 802 2010 846 nou

430 884 498 941 tle
539 883 803 939 Romanis
838 892 1067 949 tantum,
1096 882 1190 938 sed
1224 881 1387 939 etiam
1418 882 1485 938 de
1508 884 1753 941 externis
1774 898 2015 941 commo-

430 984 647 1032 morare
699 990 935 1047 possent.
996 975 1335 1032 [tamtamen
1375 976 1447 1034 sit
1501 977 1840 1035 Bcssarionis
1869 962 2019 1048 pre-7

430 1069 587 1139 ciptta
618 1068 737 1123 laus
766 1070 908 1139 quod
936 1084 1065 1124 suos
1090 1083 1193 1122 non
1225 1068 1483 1138 religione
1509 1078 1723 1126 tantum
1752 1079 1806 1125 et
1835 1068 2010 1125 mori-

377 1218 383 1223 ,
430 1165 532 1218 bus
585 1164 653 1218 ad
701 1163 838 1217 bene
898 1143 1185 1217 vivendum
1258 1161 1534 1226 instituit,
1598 1176 1783 1217 verum
1843 1162 2011 1219 etiam

433 1254 762 1321 litteratura,
793 1254 1126 1321 eruditione,
1174 1252 1419 1309 doctrina
1477 1254 1551 1309 ita
1593 1254 1828 1319 inthnit,
1861 1253 1953 1310 ubi
1980 1269 2010 1310 a

434 1348 675 1418 negotiis
725 1348 961 1419 publicis
1014 1355 1191 1411 vacat,
1247 1359 1301 1403 ut
1358 1346 1526 1413 idem,
1555 1349 2009 1417 quemadmodum

433 1439 671 1509 quotidie
697 1440 993 1503 cernimus,
1028 1439 1180 1495 multi
1210 1451 1263 1495 et
1306 1439 1521 1509 quidem
1560 1439 1706 1497 docti
1744 1452 2007 1512 tanquam

432 1550 496 1590 ex
523 1548 664 1603 equo
689 1532 926 1605 Trojano
945 1533 1025 1603 (ut
1043 1534 1109 1588 tie
1145 1531 1385 1589 [socrate
1414 1533 1492 1588 ait
1512 1532 1725 1604 Cicero)
1754 1534 2009 1589 continue

434 1623 721 1695 prodeant,
762 1637 827 1678 ac
850 1620 1033 1694 plures
1062 1637 1229 1692 prope
1252 1638 1415 1695 quam
1441 1638 1509 1679 ex
1533 1621 1739 1693 reliqua
1767 1623 2007 1680 Romana

432 1716 607 1773 curia.
643 1715 784 1785 Quid
830 1716 985 1772 deest
1034 1714 1253 1772 Nicolao
1310 1716 1564 1782 Perottn,
1602 1718 2012 1789 archiepiscopo

436 1808 928 1880 8ipontiuo,,qnod
984 1809 1051 1864 ad
1113 1824 1291 1865 mores
1340 1820 1395 1865 et
1452 1808 1753 1866 doctrinam
1804 1808 2020 1866 faciat?

437 1903 636 1960 Gravis
672 1917 769 1973 pro
800 1901 1086 1973 dignitate,
1112 1900 1285 1957 comis
1316 1910 1372 1958 et
1406 1903 1697 1971 humanus,
1727 1903 1917 1959 scribit
1948 1918 2017 1959 ac

436 1997 568 2051 dicit
596 1995 870 2066 eleganter
897 2003 952 2051 ct
999 1994 1263 2064 copiose;
1315 1994 1410 2052 sed
1451 1995 1546 2067 qui
1601 1993 1790 2053 Graeca
1822 1995 2014 2054 Latina

438 2089 642 2145 taceret
693 2103 856 2144 nemo
916 2088 1097 2143 adhuc
1159 2096 1315 2143 artato
1369 2097 1551 2142 nostra
1607 2089 1859 2144 inventus
1907 2098 2013 2147 est.

440 2178 655 2248 Quanta
688 2181 753 2235 sit
795 2177 1271 2247 Theodericum,
1293 2179 1391 2235 viri
1430 2179 1644 2251 Optimi,
1677 2181 1926 2237 doctrina
1959 2190 2016 2236 ct

444 2270 700 2335 eruditio,
721 2281 832 2326 tum
866 2268 1052 2327 Graeca
1085 2279 1197 2325 tum
1219 2270 1514 2337 Latina,“
1542 2273 1644 2328 hoc
1675 2271 1754 2325 vel
1779 2272 2015 2327 maxime

438 2363 766 2435 lit'pl'Ciietlt"
814 2371 995 2437 potest
1039 2363 1180 2434 quod
1235 2378 1429 2419 omnes
1483 2364 1749 2421 bonarum
1782 2366 2013 2431 “artium

440 2458 668 2515 studiesi
715 2459 781 2512 de
807 2458 989 2530 aliqua
1036 2472 1096 2513 re
1124 2457 1464 2528 amhigentcs
1513 2458 1661 2515 hunc
1691 2460 1894 2530 adeunt
1945 2476 2015 2517 es

442 2559 556 2605 tota
585 2548 805 2626 civitate
841 2559 897 2605 ut
936 2550 1219 2605 oraculum
1282 2549 1447 2606 tutius
1482 2550 1803 2608 eruditionis
1835 2566 1900 2606 ac
1933 2553 1985 2608 di

441 2641 697 2713 swiplintc.
729 2640 847 2709 ilic,
880 2642 980 2697 etsi
1018 2642 1237 2697 Graecus
1271 2646 1361 2709 sit,
1390 2644 1461 2697 ita
1490 2642 1679 2700 Latine
1711 2645 1923 2712 scribit,
1954 2656 2015 2701 ut

445 2735 646 2790 nullam
669 2733 899 2805 hospitis
929 2735 1160 2804 speciem
1177 2749 1285 2806 pra:
1306 2751 1366 2791 sc
1391 2737 1549 2792 [εγω.
1582 2736 1701 2793 Non
1731 2745 1816 2793 est
1849 2737 2015 2795 omit-

444 2830 638 2883 tendus
672 2825 920 2883 Joannes
965 2825 1180 2894 Gattus‘,
1237 2827 1520 2899 theologus
1552 2827 2016 2902 pltilosopltusque

442 2919 700 2991 insignis;
730 2932 838 2974 non
878 2917 1119 2975 Valerius
1151 2918 1530 2984 Yiterliienois,
1554 2922 1857 2978 eruditione
1888 2938 2011 2979 cum

443 3012 633 3083 quovis
673 3009 876 3082 optimo
922 3010 1103 3065 artatis
1130 3020 1327 3067 nostrce
1358 3014 1570 3069 medico
1608 3014 2016 3084 conlerendus;

445 3118 552 3157 ttntt
581 3100 943 3167 Andronicus,
974 3099 1160 3156 Graeca
1210 3110 1265 3155 et
1307 3101 1501 3157 Latina
1558 3102 1739 3174 lingua
1772 3104 2019 3176 apprime

444 3194 714 3249 eruditus.
767 3192 909 3249 Sunt
938 3200 993 3248 ct
1019 3192 1073 3248 in
1112 3193 1235 3263 eius
1262 3194 1618 3251 contubernio
1652 3195 1746 3266 qui
1798 3197 2018 3266 pouliﬁ-
2067 3185 2069 3188 i

444 3286 590 3341 cium
621 3302 687 3342 ac
724 3285 885 3361 civile
918 3284 1011 3356 jus
1041 3288 1243 3359 quique
1288 3290 1673 3344 mathematica
1704 3291 1910 3361 optime
1944 3298 2019 3347 te-

446 3390 633 3437 neant.
665 3378 1085 3452 Sultseqttuntur
1116 3375 1174 3438 et
1216 3381 1445 3452 juvenes
1491 3382 1707 3453 quidam
1739 3384 1833 3455 qui
1885 3383 2021 3442 vali-

446 3472 631 3530 diores
678 3472 830 3541 iacti,
879 3483 1136 3544 tauquam
1173 3473 1425 3545 generos!
1457 3474 1588 3545 pulli
1622 3484 1677 3529 ct
1706 3489 1775 3530 es
1818 3478 2022 3546 optima

448 3566 602 3641 prole
663 3566 887 3638 sumpti.
918 3581 1025 3623 non
1057 3565 1242 3623 tubam
1291 3576 1385 3623 aut
1429 3582 1745 3640 campanam
1777 3570 2025 3627 reformi-

448 3663 679 3720 tlabuut.
708 3662 776 3721 lii
798 3661 1008 3720 fructus
1032 3660 1358 3718 oboriuntur
1373 3659 1613 3734 undique
1641 3663 1708 3720 ad
1724 3665 2022 3722 ubertatem

450 3769 561 3810 non
601 3754 765 3811 unius
807 3752 1061 3821 civitatis,
1116 3753 1215 3809 sed
1261 3754 1425 3810 totius
1478 3753 1793 3823 provinciae,
1826 3755 2025 3813 Bessa-

450 3844 621 3902 rionis
650 3860 813 3918 opera
852 3856 908 3901 et
942 3844 1214 3915 impensa,
1248 3846 1338 3916 qui
1370 3861 1478 3904 non
1509 3862 1615 3903 una
1638 3847 1694 3904 in
1726 3864 1786 3905 re
1814 3859 2023 3907 tantum

450 3936 867 3997 liberalissimae
896 3953 1100 4012 manus
1121 3978 1137 4006 ,
1171 3939 1272 3999 sed
1310 3938 1367 3996 in
1400 3938 1646 4011 pluribus
1686 3942 2025 4003 circumfert.

451 4030 739 4090 Miseratus
767 4032 1078 4090 Grecorum
1110 4033 1475 4091 calamitatem
1498 4075 1515 4103 ,
1549 4034 1717 4091 multa
1739 4032 2029 4095 nummum

453 4126 625 4185 milia
650 4139 938 4184 aureorum
970 4139 1072 4199 pro
1102 4124 1433 4186 redimendis
1469 4125 1702 4200 captivis
1724 4130 2025 4201 expendit;

1211 301 1429 369 eam.
1470 303 1826 369 manus
1862 306 2402 373 PANEGYRICUS
2433 294 2953 380 ns’sssnmms.

3578 324 3697 369 Cl"

2112 421 2322 492 puellas
2353 422 2548 479 multas
2575 422 3065 495 inopiaparentum
3089 425 3288 483 marito
3314 438 3569 485 carentes
3587 445 3694 484 acre

2113 515 2336 585 proprio
2373 514 2500 570 dote
2542 515 2687 572 facta
2720 518 2910 585 uuptui
2949 517 3202 574 collocat.
3237 517 3432 592 Inopes
3460 529 3520 575 et
3557 521 3698 576 vale-

2113 605 2420 663 tudinarios
2446 606 2706 663 continuo
2732 606 2889 678 juvat
2911 622 2932 676 ;
2951 608 3095 665 mdes
3126 624 3314 665 sacras
3343 618 3433 665 aut
3465 609 3695 665 instituit

2113 706 2208 751 aut
2240 696 2507 765 collapsas
2534 706 2801 755 vetustate
2826 699 3021 767 reiicit,
3041 699 3185 769 quod
3209 700 3408 757 indicat
3436 701 3694 774 templum

2113 789 2484 858 apostolorum
2514 788 2765 854 iu'Urbe.
2806 791 2895 846 ubi
2926 791 3187 847 sacellqu
3213 791 3317 847 sibi
3346 793 3614 859 condidit,
3643 803 3697 849 et

2110 893 2366 938 secessus
2413 876 2628 952 Cryptte
2674 880 2918 939 Ferratte
2972 882 3147 941 beatae
3193 882 3403 957 Virgini
3456 885 3693 945 dicatus.

2113 971 2346 1029 Domum
2368 989 2583 1045 quoque
2605 974 2708 1030 sibi
2740 976 2954 1045 paravit
2991 978 3063 1032 ita
3101 977 3356 1049 dignitati
3376 986 3431 1035 et
3460 978 3693 1034 faculta-

2115 1068 2260 1125 tibus
2280 1077 2692 1141 congruentem,
2711 1079 2769 1125 ut
2790 1085 2963 1140 neque
2993 1071 3190 1128 melius
3204 1072 3495 1144 quisquam
3522 1088 3693 1145 neque

2114 1160 2415 1217 modestius
2463 1162 2516 1216 in
2551 1159 2698 1219 Urbe
2738 1164 2967 1221 habitet.
3013 1166 3350 1222 Accedentes
3384 1175 3441 1222 et
3472 1167 3692 1236 quidem

2110 1252 2434 1326 frequenter
2468 1256 2701 1314 libenter
2732 1258 2969 1314 admittit
3004 1273 3019 1313 :
3050 1259 3202 1316 audit
3222 1268 3277 1316 et
3301 1260 3446 1332 quod
3475 1261 3594 1316 lteri
3627 1258 3693 1315 ab

2110 1363 2180 1406 eo
2233 1349 2530 1404 amicorum
2582 1364 2746 1406 causa
2799 1358 2995 1420 potest,
3046 1350 3330 1409 doctorum
3392 1351 3729 1422 praesertiar

2113 1456 2342 1511 quorum
2375 1452 2635 1511 patronus
2666 1450 2770 1506 est,
2819 1441 2875 1498 id
2922 1456 2985 1498 se
3034 1442 3274 1499 libenter
3308 1444 3580 1500 facturum
3613 1459 3697 1499 re.

2113 1534 2400 1606 promittit.
2427 1533 2524 1592 llis
2547 1548 2674 1591 vero
2708 1536 2773 1591 de
2799 1550 2899 1592 suo
2917 1535 3187 1592 interdum
3221 1537 3694 1608 donat,quantum

2115 1625 2165 1681 ei
2238 1641 2337 1698 per
2389 1626 2722 1682 domesticas
2768 1628 3044 1698 impensas
3097 1628 3246 1685 licet.
3289 1628 3694 1702 .Bibliotltecatn

2116 1715 2382 1784 (luscam,
2399 1717 2617 1786 triginta
2640 1717 2879 1774 millibus
2905 1734 3252 1773 nummorum
3276 1733 3568 1775 aureorum
3587 1735 3696 1777 em-

2118 1826 2261 1886 ptam
2290 1813 2527 1870 Venetiis
2546 1813 2836 1880 exstruxit,
2856 1829 2925 1869 ne
2943 1813 3166 1870 omnino
3188 1814 3488 1870 litteratura
3512 1813 3697 1871 Gram

2118 1905 2394 1962 deﬁceret.
2426 1902 2578 1959 Vidit
2609 1904 2754 1960 enim
2787 1918 2908 1960 eam
2940 1904 3129 1961 urbem
3176 1916 3400 1976 propter
3446 1905 3699 1962 vicinita-

2116 2006 2300 2053 temet
2336 1998 2731 2069 navigationem
2761 1996 2967 2054 Graecia
3006 2012 3039 2053 a
3065 1998 3315 2054 barbaris
3341 1998 3553 2054 vexatis
3582 2013 3701 2055 esse

2119 2088 2582 2158 percommodum.
2613 2087 2845 2144 Ornabit
2872 2098 2930 2144 et
2957 2086 3099 2144 hanc
3143 2095 3379 2143 vestram
3427 2087 3700 2143 civitatem

2116 2179 2311 2247 Latina
2386 2178 2750 2251 supellectile,
2804 2180 2852 2235 si
2911 2180 2962 2236 ei
3027 2176 3341 2249 aliquandiu
3400 2178 3584 2235 vivere
3640 2178 3703 2234 li—

2116 2272 2312 2328 currit.

2187 2361 2345 2421 iiunc
2377 2365 2557 2435 itaque
2586 2362 2888 2431 hominem,
2913 2360 3179 2431 Quirites,
3202 2360 3294 2433 qui
3320 2361 3393 2419 ob
3414 2377 3568 2420 suam
3598 2360 3708 2417 sin-

2116 2457 2364 2530 gularem
2393 2455 2742 2530 sapientiam,
2784 2455 3175 2522 constantiam,
3208 2453 3392 2522 tidem,
3427 2454 3705 2521 pietatem,

2116 2545 2516 2612 fortitudinem,
2559 2545 2981 2613 humanitatem,
3017 2546 3271 2619 gratiam,
3317 2545 3703 2609 eruditionem,

2117 2639 2420 2698 doctrinam
2455 2638 2581 2696 iacit
2625 2639 2925 2712 quominus
2965 2638 3247 2706 Socrates,
3289 2636 3567 2706 Platones,
3591 2639 3709 2694 Ari-

2118 2732 2365 2802 stotcles,
2409 2733 2648 2801 (ἔτερος,
2710 2730 2938 2799 Numas,
2990 2729 3287 2799 Varrones,
3324 2730 3541 2796 Brutos,
3582 2729 3711 2786 Sul-

2119 2827 2307 2898 pitios,
2337 2826 2578 2883 Catones
2600 2836 2815 2883 vestros
2855 2823 3203 2891 desidet-etis,
3256 2822 3423 2891 hunc,
3465 2825 3708 2895 inquam,

2123 2919 2366 2977 atnniutn
2416 2919 2696 2976 hominem
2742 2917 2882 2975 bene
2911 2918 2977 2974 de
3018 2917 3224 2987 optimo
3272 2930 3489 2989 quoque
3537 2925 3593 2973 et
3627 2917 3710 2971 in-

2125 3012 2335 3070 dustrio
2391 3011 2670 3078 meritum,
2693 3007 3202 3077 colum-observate
3240 3022 3305 3064 ac
3334 3008 3712 3080 frequentibus

2123 3102 2381 3162 laudibus
2399 3101 2694 3159 celebrate.
2716 3096 2843 3166 Hac
2862 3099 3070 3158 ratione
3089 3097 3264 3172 (tanta
3294 3108 3374 3155 est
3418 3097 3713 3155 auctoritas

2126 3196 2327 3268 vestra)
2359 3207 2416 3255 et
2447 3194 2715 3252 bonorum
2742 3192 2957 3266 ingenia
2984 3194 3053 3249 ad
3085 3193 3341 3249 virtutem
3371 3188 3703 3257 escitabitis,

2125 3290 2405 3364 proposita
2461 3290 2630 3360 gloria
2688 3287 2894 3360 optima
2953 3285 3022 3343 ad
3081 3286 3403 3342 excitandos
3465 3283 3715 3342 homines

2130 3382 2403 3457 calcaria;
2436 3391 2493 3440 et
2526 3381 2703 3439 malos
2728 3395 2761 3436 a
2787 3379 2925 3453 vitio
2945 3376 3315 3441 deterrebitis.
3339 3391 3461 3433 cum
3497 3392 3527 3431 a
3557 3375 3713 3432 vobis

2136 3474 2447 3549 posthaberi
2484 3486 2581 3531 aut
2620 3471 2797 3529 notari
2837 3471 3135 3545 ﬂagitiosos
3173 3469 3457 3526 dedecoris
3486 3484 3552 3526 ac
3595 3478 3709 3525 tur-

2128 3570 2389 3643 pitudinis
2420 3576 2546 3647 nota
2574 3568 2850 3625 videbunt.
2912 3564 3024 3638 Ego
3078 3579 3205 3623 vero
3260 3562 3527 3620 maximas
3564 3562 3714 3619 vobis

2129 3662 2334 3738 gratias
2357 3674 2463 3734 ago
2480 3661 2622 3733 quod
2659 3675 2745 3715 me
2768 3658 2957 3716 audire
2978 3659 3173 3730 quovis
3206 3656 3366 3714 modo
3396 3654 3709 3727 loquentem

2130 3755 2452 3822 Volueritis;
2478 3754 2711 3827 majores
2743 3765 2922 3810 tamen
2960 3752 3247 3809 habiturus
3291 3750 3337 3807 si
3368 3765 3465 3807 vos
3497 3764 3712 3821 quoque

2132 3849 2533 3915 Bcssarionem,
2599 3847 2816 3906 Patrem
2864 3845 3291 3919 atnpliSsimum,
3336 3844 3533 3917 quovis
3576 3858 3712 3915 pnu-

2133 3943 2292 4000 conio
2313 3943 2559 4015 dignum,
2583 3939 2837 3999 laudibus
2859 3939 3059 3998 vestris
3077 3932 3196 4010 quae
3211 3935 3548 4009 gravissimae
3561 3944 3722 4023 sunt,

2132 4031 2566 4093 celebraveritis.
