3972 6164
340 321 498 363 ωινιι

1001 312 1525 378 BESSARIONIS
1565 316 1762 380 ACTA
1798 318 1886 383 IN
1928 321 2377 388 LEGATIONE
2407 321 2914 390 BONONIENSI.

3453 337 3627 384 ατνῑιι

339 465 3622 499 mm

1237 657 2463 848 BESSABION
2475 663 2675 847 IS

684 994 1174 1089 SANCTIE
1253 997 1795 1092 ROMANIE
1873 1001 2482 1098 ECCLESIIE
2556 1009 3292 1108 CARDINALIS

1449 1220 1829 1336 ACTA
1917 1218 2554 1346 SELECTA

527 1448 711 1521 QUE
753 1449 860 1514 AD
917 1448 1113 1513 EIUS
1157 1449 1668 1512 LEGATIONEM
1707 1451 1793 1515 IN
1855 1453 2068 1516 URBE
2103 1454 2452 1518 BONONIA
2488 1457 2971 1524 EXARCHATU
3011 1462 3423 1533 ΒΑΥΕΝΝΑΞ.

1167 1545 1267 1608 ΕΤ
1297 1544 1834 1610 ROMANDIOLA!
1870 1549 2286 1614 PROVINCIA
2316 1552 2785 1630 PERTINENT,

1310 1683 1361 1744 E
1402 1698 1519 1745 ms.
1553 1680 1773 1747 codice
1802 1682 2104 1749 Vaticano
2143 1686 2521 1768 deprompta
2554 1688 2666 1771 (α).

426 2095 744 2159 Bessarton,
777 2094 1125 2151 miseratione
1143 2091 1328 2146 divina
1350 2091 1644 2161 episcopus
1669 2089 1942 2148 Tuscula-

349 2205 482 2256 nus,
508 2189 564 2245 S.
587 2188 654 2245 Β.
690 2188 947 2244 Ecclesiae
973 2187 1287 2251 cardinaiis,
1331 2186 1382 2240 in
1418 2187 1636 2243 civitate
1687 2186 1943 2242 Bononia!

345 2283 763 2352 exarcltatuque
795 2279 1115 2335 Ravennate
1163 2290 1216 2335 et
1253 2279 1624 2333 [iomandiolaa
1662 2281 1941 2350 provincia

351 2375 673 2445 apostolica:
719 2375 867 2430 sedis
903 2374 1111 2443 legatus
1139 2373 1206 2427 de
1240 2373 1432 2437 latere,
1462 2371 1661 2427 dilecto
1692 2371 1802 2426 tilio
1851 2386 1943 2424 ar-

354 2470 773 2542 chipresbyter-0
811 2468 1061 2525 ecclesia)
1104 2467 1403 2536 collegi-alae
1454 2467 1625 2520 sancti
1694 2463 1941 2521 Dantiani

355 2563 750 2620 Saxenatensis
775 2563 1030 2618 dimcesis
1060 2559 1288 2616 salutem
1312 2561 1366 2615 in
1401 2558 1631 2615 Domino
1656 2559 1946 2629 sempiter-

352 2674 505 2715 nam.

430 2750 501 2804 Ex
532 2751 774 2821 injuncto
799 2748 955 2805 nobis
979 2748 1269 2819 legationis
1291 2763 1538 2814 munere,
1560 2759 1723 2817 prout
1741 2748 1946 2804 decens

353 2856 413 2900 et
474 2859 772 2913 congruum
820 2852 926 2908 eat,
969 2843 1035 2895 ad
1078 2856 1139 2895 ea
1176 2843 1409 2896 libenter
1463 2841 1796 2896 intendimus
1849 2855 1947 2911 per

361 2951 486 3002 quae
523 2934 721 3006 inopiae
759 2933 1140 2999 ecclesiarum,
1191 2937 1488 3001 praesertim
1521 2935 1944 2996 catltedraiinnt,

353 3028 688 3096 illan-umque
714 3026 1022 3083 antistitum
1075 3026 1496 3081 necessitatibus
1526 3027 1594 3082 de
1635 3025 1948 3081 snbvr-ntio—

361 3124 452 3179 nis
507 3122 710 3176 auxilio
743 3109 1094 3191 provideatu'r
1120 3129 1450 3188 opportuno,
1486 3125 1544 3172 ut
1579 3133 1772 3181 onera,
1814 3117 1946 3185 ipsis

357 3216 429 3271 ad
451 3229 639 3270 eorum
674 3223 876 3268 statum
919 3214 1179 3268 decenter
1212 3214 1511 3267 tenendum
1545 3211 1941 3276 incumbentis,

351 3308 578 3366 facilius
601 3316 920 3378 supportare
941 3305 1175 3360 valeant.
1194 3303 1339 3360 Sane
1368 3320 1463 3375 pro
1483 3312 1634 3372 parte
1663 3303 1943 3357 reverendi

352 3405 412 3459 in
442 3403 663 3458 Christo
689 3399 868 3456 Patris
898 3398 1106 3455 domini
1161 3396 1390 3452 Mariani
1422 3396 1664 3467 episcopi
1697 3398 1946 3450 Saxeus-

355 3495 532 3553 tensis
564 3494 752 3563 petitio
788 3507 967 3564 nuper
1004 3492 1162 3547 nobis
1207 3491 1387 3546 oblata
1440 3491 1772 3552 continebat,
1799 3489 1944 3554 quod

350 3588 477 3658 eius
498 3584 744 3644 Ecclesia
770 3586 1186 3648 Saxenatensis.
1206 3585 1292 3640 cui
1324 3584 1942 3652 prmessedignostzitur,

354 3679 523 3736 fuerit
561 3688 614 3733 ct
638 3678 711 3733 sit
738 3677 790 3732 in
818 3676 1014 3730 annuis
1041 3674 1398 3730 reditibusita
1442 3675 1619 3728 tenuis
1665 3683 1720 3727 et
1765 3674 1944 3739 exilis,

354 3774 503 3843 quod
561 3769 964 3840 ipse-minime
993 3769 1172 3822 valeat
1232 3767 1532 3823 secundum
1586 3768 1948 3823 condecentia

354 3872 534 3921 status
557 3863 640 3919 sul
661 3877 720 3918 se
741 3871 790 3917 et
813 3862 918 3917 sibi
943 3860 1247 3916 servientes
1269 3863 1557 3916 commode
1576 3859 1946 3916 substentare.

355 3957 604 4024 Cumque
633 3953 685 4009 in
719 3954 951 4019 dioecesi
967 3951 1088 4021 ejus
1121 3951 1192 4006 sit
1212 3951 1467 4018 ecclesia,
1496 3966 1591 4006 seu
1615 3951 1767 4020 plebs
1794 3965 1950 4006 rura-

359 4048 430 4105 lis
464 4057 772 4119 nuncupata
820 4047 879 4103 S.
916 4046 1101 4101 Mariae
1118 4044 1484 4114 Romagnani,
1522 4045 1712 4100 habitu
1741 4051 1946 4109 tamen,

357 4152 413 4200 et
445 4157 552 4198 non
578 4152 702 4197 actu
748 4149 962 4206 curata,
982 4139 1036 4195 in
1069 4138 1382 4193 nemoribus
1408 4147 1462 4192 et
1494 4137 1633 4192 locis
1668 4138 1948 4208 sylvestri-

357 4236 463 4291 bus
492 4236 810 4299 constituta,
842 4234 910 4289 ad
937 4248 1176 4302 praesens
1208 4246 1412 4288 vacans
1448 4243 1545 4300 per
1566 4230 1775 4286 obitum
1806 4229 1940 4284 olim

359 4327 714 4399 Semplieiani
750 4327 950 4382 dudum
995 4325 1240 4380 canonici
1277 4323 1690 4387 Saxenatensis,
1720 4337 1814 4378 seu
1850 4337 1946 4390 per

359 4422 567 4477 obitum
588 4420 804 4476 Sanctis
822 4419 950 4474 olim
980 4419 1144 4473 etiam
1163 4418 1320 4472 dictat
1345 4415 1591 4472 ecclesiae
1611 4415 1951 4469 Saxenaten-

360 4517 438 4573 sis
476 4514 726 4569 canonici
755 4512 1068 4568 ultimorum
1095 4520 1367 4566 rectorum
1393 4508 1554 4565 dicta:
1569 4509 1836 4591 ecclesiae,
1858 4523 1952 4561 seu

361 4609 541 4681 plebis
581 4625 598 4666 :
639 4607 846 4664 idcirco
874 4621 940 4662 ex
971 4605 1198 4675 speciali
1239 4605 1411 4674 gratia
1461 4604 1527 4658 de
1579 4601 1954 4658 subventiunis

369 4699 572 4757 auxilio
600 4711 924 4754 succurrere
946 4695 1122 4752 eidem
1153 4694 1416 4750 vellemus
1433 4708 1498 4749 ac
1515 4692 1726 4764 plebem
1747 4693 1946 4763 prmia-

361 4803 473 4846 tam
499 4791 794 4861 episcopali
826 4791 984 4845 dictae
1010 4787 1266 4843 Ecclesiae
1304 4786 1662 4844 Saxenatensi
1687 4794 1954 4856 perpetuo

362 4886 544 4950 unire,
572 4894 625 4937 et
677 4883 1031 4949 incorporare
1078 4881 1453 4952 dignarentur.
1503 4878 1616 4934 Nos
1668 4893 1822 4946 ergo,
1859 4878 1954 4950 qui

366 4975 659 5031 indefessis
701 4975 897 5029 studiis
950 4973 1093 5028 votis
1152 4972 1400 5025 favemus
1459 4969 1805 5040 supplicium,
1840 4969 1946 5037 piis

364 5069 667 5139 praesertim
700 5067 868 5138 justis
895 5075 1060 5136 atque
1093 5063 1363 5128 honestis,
1398 5064 1711 5132 praedictam
1733 5063 1943 5132 plebem

365 5163 426 5219 S.
465 5160 858 5230 Marire,rcujus
885 5160 1092 5214 fructus
1121 5155 1215 5212 XV
1249 5157 1418 5211 libras
1449 5157 1568 5210 auri
1620 5155 1688 5210 de
1730 5169 1945 5209 camera

361 5255 658 5310 secundum
704 5268 1048 5311 communem
1101 5250 1518 5306 aestimationem
1577 5248 1812 5304 valerent
1849 5265 1948 5302 an-

362 5337 529 5402 nuuni
567 5360 674 5400 non
705 5343 998 5409 excedunt,
1041 5353 1099 5398 ut
1136 5343 1275 5397 idem
1304 5343 1592 5412 episcopus
1624 5340 1844 5406 asserit,
1891 5348 1945 5396 et

361 5439 439 5492 sic
462 5447 519 5490 ut
551 5436 900 5505 prtentittttur
926 5447 1230 5501 vacantem,
1266 5434 1381 5488 sive
1413 5434 1519 5487 alio
1549 5434 1743 5501 quovis
1785 5434 1944 5487 modo

361 5540 455 5588 aut
480 5548 544 5585 ex
563 5528 786 5585 alterius
803 5527 1173 5599 cujuscunque
1217 5538 1443 5594 persona
1485 5539 1682 5579 vacare
1705 5523 1942 5592 dicatur,

2040 1999 2256 2055 etiamsi
2287 2007 2436 2054 tanto
2473 2009 2714 2072 tempore
2741 2002 3042 2067 vacaverit,
3074 2003 3220 2074 quod
3259 2000 3379 2074 ejus
3412 2001 3633 2060 collatio

2049 2107 2147 2149 seu
2176 2093 2420 2162 provisio
2445 2093 2599 2164 juxta
2645 2093 3036 2150 Laterancnsis
3068 2103 3271 2150 statuta
3308 2094 3530 2151 concilii
3559 2094 3633 2149 sit

2043 2187 2106 2242 ad
2132 2187 2314 2242 sedem
2347 2187 2701 2258 apostolicam
2729 2186 2965 2258 legitime
2981 2188 3256 2258 devoluta,
3280 2188 3498 2244 etiamsi
3535 2203 3634 2256 per

2041 2281 2482 2337 constitutionem
2511 2296 2630 2352 qua:
2675 2281 2863 2350 incipit
2900 2280 3353 2347 Exsecrabilt'um,‘
3383 2291 3628 2346 vacaret,

2043 2385 2098 2430 et
2133 2375 2276 2430 inter
2315 2375 2527 2445 aliquos
2555 2374 2642 2443 lis,
2670 2374 2828 2444 cujus
2872 2385 3078 2430 statum
3115 2375 3203 2432 hic
3244 2389 3345 2445 pro
3371 2389 3632 2446 expresso

2044 2466 2229 2522 haberi
2291 2459 2565 2534 volumus,
2607 2468 2839 2536 pendeat
2871 2467 3136 2533 indecisa,
3187 2483 3310 2522 cum
3374 2466 3653 2522 omnibus.

2038 2561 2254 2631 juribus
2285 2570 2339 2616 et
2377 2562 2721 2634 pertinentiis
2742 2560 2877 2629 suis,
2901 2562 3193 2632 episcopali
3212 2561 3370 2618 dicta!
3388 2562 3634 2617 ecclesias

2047 2657 2406 2712 Saxenatensi
2434 2656 2764 2711 auctoritate
2797 2655 3086 2724 legationis
3110 2667 3166 2710 et
3191 2656 3336 2711 omni
3373 2655 3476 2709 alia
3506 2670 3638 2710 anc-

2045 2751 2290 2816 toritatc,
2316 2766 2422 2819 qua
2469 2748 2769 2818 fungimur,
2811 2760 3071 2820 perpetuo
3104 2748 3348 2816 animus,
3382 2749 3635 2804 annecti-

2048 2859 2167 2898 tnus
2197 2853 2250 2897 et
2279 2844 2714 2912 incorporatuus,
2753 2844 3135 2909 decernentes,
3177 2857 3234 2897 ut
3261 2841 3486 2913 praefato
3517 2842 3638 2912 epi-

2047 2949 2208 3004 scopo
2239 2934 2466 3004 ejusque
2497 2934 2907 2990 successoribus
2956 2933 3411 3004 liceatprcel'atam
3447 2935 3627 2989 eccle-

2046 3029 2181 3082 siam
2213 3028 2430 3082 Sanctze
2455 3025 2636 3082 Maria:
2665 3043 2784 3082 cum
2809 3027 2948 3082 dicta
2977 3028 3222 3083 Ecclesia
3259 3027 3628 3083 Saxenatensi

2030 3122 2321 3193 perpetuis
2356 3119 2693 3189 temporibus
2725 3119 2874 3175 iicite
2921 3131 2974 3175 et
3001 3120 3168 3175 libere
3202 3121 3457 3190 retinere,
3491 3121 3636 3175 finc-

2052 3227 2247 3285 iusque
2304 3221 2358 3268 ct
2411 3211 2619 3268 reditus
2667 3227 2878 3277 omnes,
2933 3225 2987 3268 et
3026 3214 3268 3285 singulos
3332 3229 3457 3268 cum
3495 3214 3638 3268 inte-

2050 3310 2245 3378 gritate
2269 3306 2554 3378 percipere
2579 3306 3071 3363 censtitutiunibus
3102 3307 3458 3379 synodalibus
3480 3307 3638 3361 dieue

2051 3401 2304 3457 Ecclesia:
2337 3400 2744 3467 Saxenateusis,
2774 3415 2876 3457 nec
2909 3416 3016 3457 non
3056 3401 3502 3471 provincialibus,
3541 3415 3637 3455 seu

2047 3493 2114 3546 ad
2140 3493 2435 3548 canonicos
2461 3500 2515 3546 et
2548 3490 2844 3561 capitulnnt
2878 3492 3039 3548 dictae
3069 3491 3338 3547 Ecclesiae
3387 3490 3638 3546 Saxona-

2051 3584 2217 3639 tensis
2249 3583 2513 3655 provisio,
2540 3598 2634 3639 seu
2694 3586 3045 3654 praesentatio
3071 3585 3298 3640 rectoris
3343 3584 3637 3657 pertineat,

2050 3679 2376 3747 ceterisque
2408 3678 2460 3731 in
2510 3677 2847 3732 contrarium
2909 3677 3239 3735 facientibus
3277 3693 3381 3733 non
3418 3679 3640 3734 obstan-

2051 3768 2200 3823 tibus
2233 3769 2672 3838 quibuscunque,
2708 3767 2905 3838 quibus
2941 3768 3194 3825 omnibus
3225 3769 3446 3840 proprio
3491 3779 3638 3826 motu

2049 3868 2107 3916 et
2143 3875 2209 3915 ex
2276 3868 2424 3914 certa
2475 3860 2707 3916 scientia
2752 3860 3116 3927 derogamus;
3176 3861 3539 3917 decernentes
3568 3879 3634 3918 ex

2052 3969 2200 4008 nunc
2236 3953 2455 4008 irritum
2479 3964 2531 4007 et
2564 3953 2744 4018 inane,
2773 3953 2818 4007 si
2847 3967 3007 4009 secus
3038 3967 3204 4022 super
3232 3953 3300 4008 iis
3331 3969 3360 4008 a
3392 3969 3640 4023 quocun-

2052 4060 2160 4116 que
2192 4045 2449 4112 scienter,
2489 4044 2573 4100 vel
2624 4044 2939 4114 ignoranter
2972 4044 3260 4112 contigerit
3295 4049 3636 4118 attentptari.

2053 4138 2322 4205 Quocirca
2353 4137 2666 4193 discretioni
2699 4146 2806 4192 tuas
2833 4139 3161 4193 auctoritate
3201 4138 3420 4210 praelata
3448 4149 3640 4197 tenore

2053 4229 2410 4300 praesentium
2445 4229 2838 4287 committimus
2886 4239 2941 4285 et
2980 4232 3327 4297 mandamus,
3361 4243 3639 4303 quatenus

2053 4336 2150 4391 per
2175 4331 2224 4376 te
2259 4321 2342 4376 vel
2376 4321 2544 4376 alium
2581 4336 2680 4376 seu
2721 4323 2856 4378 alios
2883 4323 3136 4378 eumdem
3171 4325 3486 4395 episcopum
3549 4325 3633 4383 vel

2052 4423 2471 4488 procuratorem
2515 4429 2678 4470 suum
2734 4415 2854 4484 ejus
2910 4415 3130 4472 nomine
3184 4419 3539 4487 recipientem
3582 4419 3635 4474 in

2048 4508 2393 4579 corporalem
2448 4507 2856 4579 possessionem
2912 4509 3072 4565 dictae
3125 4511 3383 4566 Ecclesia
3422 4510 3638 4567 Sanctae

2050 4603 2254 4669 Mariae,
2288 4618 2351 4657 ac
2383 4603 2590 4671 jurium
2622 4611 2677 4658 et
2700 4602 3156 4672 pertinentiarum
3202 4604 3446 4674 ejusdem
3475 4607 3638 4659 indu-

2053 4710 2172 4762 cas,
2218 4705 2271 4751 et
2297 4696 2620 4750 auctoritate
2678 4705 2867 4752 nostra
2920 4696 3197 4752 inductum
3248 4698 3526 4766 defendas,
3581 4715 3639 4752 a-

2054 4796 2203 4843 moto
2261 4785 2459 4842 exinde
2505 4785 2745 4857 quolibet
2783 4787 2977 4842 illicito
3018 4788 3329 4857 detcntore,
3361 4791 3526 4846 l'acias
3558 4794 3638 4844 di-

2052 4891 2204 4934 ctum
2232 4879 2551 4950 episcopum
2585 4881 2667 4934 vel
2687 4880 2809 4951 ejus
2848 4894 3256 4951 procuratorem
3289 4887 3355 4937 ad
3388 4884 3634 4939 eamdem

2052 4973 2307 5027 eclesiatn
2341 4973 2550 5027 admitti
2579 4982 2738 5044 prout
2776 4983 2859 5028 est
2908 4975 3100 5038 moris,
3137 4975 3371 5045 sibique,
3401 4978 3483 5030 vel
3512 4977 3635 5045 ejus

2055 5067 2397 5134 procuratori
2432 5067 2497 5121 de.
2519 5067 2811 5135 fructibus,
2854 5067 3122 5123 reditibus
3151 5076 3205 5123 et
3252 5071 3630 5138 proventibus,

2047 5157 2266 5226 juribus
2299 5169 2356 5215 et
2394 5160 2817 5216 obventionibus
2856 5161 3129 5216 universis
3167 5162 3375 5235 integre
3411 5180 3634 5234 respon-

2055 5252 2191 5318 deri,
2215 5251 2652 5308 contradictores
2700 5269 2793 5322 per
2859 5267 3145 5308 censuram
3198 5255 3628 5311 ecclesiasticam

2053 5353 2108 5398 et
2133 5344 2237 5399 alia
2288 5344 2427 5414 juris
2483 5343 2721 5399 remedia
2753 5347 3171 5415 compescenda.

2123 5523 2318 5576 Datum
2355 5522 2610 5578 Bononiae
2635 5539 2686 5578 νι
2720 5521 2966 5579 Januarii
2997 5523 3160 5579 i453.

425 5691 499 5752 (η)
520 5693 680 5754 Supra
706 5690 823 5754 (col.
847 5689 1190 5754 XlXirnentio
1217 5690 1277 5754 fit
1303 5690 1366 5738 de
1396 5689 1702 5754 liessarionis
1733 5686 2345 5754 legationebononlensi.
2376 5686 2494 5754 Acta
2513 5700 2623 5754 qua}
2664 5690 2723 5735 ad
2747 5686 2874 5754 hanc
2899 5687 3199 5754 legationem
3231 5684 3631 5754 snectantedidit

363 5747 617 5802 [πνὸνοηῖ
644 5747 872 5802 γεἰιθιίἱε
903 5747 1041 5808 ΠΗ,
1068 5765 1200 5813 apud
1241 5751 1550 5800 Tommasum
1577 5747 1856 5808 Bcttinelli,
1891 5749 1941 5796 in
1971 5749 2095 5813 libro
2120 5747 2358 5813 inscripto
2382 5763 2397 5800 ;
2422 5747 2736 5800 Miscellattea
2759 5747 2968 5800 dicaris
2986 5754 3195 5812 apereue
3247 5754 3363 5797 ton.
3400 5747 3522 5798 Vill.
3557 5748 3629 5799 Ea

359 5815 441 5866 hic
459 5816 702 5878 addimus,
724 5823 778 5864 ut
811 5817 1063 5877 potuimus
1100 5810 1164 5878 (at
1200 5826 1295 5863 non
1333 5815 1518 5874 ubique
1551 5813 1841 5874 potuimus),
1873 5811 2155 5860 emendata.
2181 5810 2314 5858 Enn.
