  <div class='ocr_page' id='page_1' title='image "/cluster/home/n/w/nwhite01/storage/ocr_20150623/161/mdp.39015078384685/073.png"; bbox 0 0 3972 6164; ppageno 0'>
   <div class='ocr_carea' id='block_1_1' title="bbox 392 271 528 321">
    <p class='ocr_par' dir='ltr' id='par_1_1' title="bbox 392 271 528 321">
     <span class='ocr_line' id='line_1_1' title="bbox 392 271 528 321; baseline -0.029 1"><span class='ocrx_word' id='word_1_1' title='bbox 392 271 528 321; x_wconf 69' lang='grc' dir='ltr'><strong>ςιιι</strong></span> 
     </span>
    </p>
   </div>
   <div class='ocr_carea' id='block_1_2' title="bbox 467 486 1979 562">
    <p class='ocr_par' dir='ltr' id='par_1_2' title="bbox 467 486 1979 562">
     <span class='ocr_line' id='line_1_2' title="bbox 467 486 1979 562; baseline 0.012 -18"><span class='ocrx_word' id='word_1_2' title='bbox 467 486 779 554; x_wconf 79' lang='lat' dir='ltr'><strong>Bessarion,</strong></span> <span class='ocrx_word' id='word_1_3' title='bbox 802 491 1158 551; x_wconf 74' lang='lat' dir='ltr'><strong>miseratione</strong></span> <span class='ocrx_word' id='word_1_4' title='bbox 1180 497 1359 553; x_wconf 87' lang='lat' dir='ltr'><strong>divina</strong></span> <span class='ocrx_word' id='word_1_5' title='bbox 1379 511 1581 559; x_wconf 81' lang='lat' dir='ltr'><strong>sanctae</strong></span> <span class='ocrx_word' id='word_1_6' title='bbox 1600 503 1856 560; x_wconf 71' lang='lat' dir='ltr'><strong>Romanae</strong></span> <span class='ocrx_word' id='word_1_7' title='bbox 1881 507 1979 562; x_wconf 80' lang='lat' dir='ltr'><strong>Ec—</strong></span> 
     </span>
    </p>
   </div>
   <div class='ocr_carea' id='block_1_3' title="bbox 395 579 1979 674">
    <p class='ocr_par' dir='ltr' id='par_1_3' title="bbox 395 579 1979 674">
     <span class='ocr_line' id='line_1_3' title="bbox 395 579 1979 674; baseline 0.013 -40"><span class='ocrx_word' id='word_1_8' title='bbox 395 579 576 636; x_wconf 65' lang='lat' dir='ltr'><strong>clesiae</strong></span> <span class='ocrx_word' id='word_1_9' title='bbox 599 583 922 650; x_wconf 87' lang='lat' dir='ltr'><strong>cardinalis,</strong></span> <span class='ocrx_word' id='word_1_10' title='bbox 951 588 1243 660; x_wconf 87' lang='lat' dir='ltr'><strong>episcopus</strong></span> <span class='ocrx_word' id='word_1_11' title='bbox 1269 591 1640 662; x_wconf 81' lang='lat' dir='ltr'><strong>Tusculanus,</strong></span> <span class='ocrx_word' id='word_1_12' title='bbox 1662 598 1979 674; x_wconf 66' lang='lat' dir='ltr'><strong>apostolicae</strong></span> 
     </span>
    </p>
   </div>
   <div class='ocr_carea' id='block_1_4' title="bbox 397 673 2042 755">
    <p class='ocr_par' dir='ltr' id='par_1_4' title="bbox 397 673 2042 755">
     <span class='ocr_line' id='line_1_4' title="bbox 397 673 2042 755; baseline 0.012 -28"><span class='ocrx_word' id='word_1_13' title='bbox 397 673 545 730; x_wconf 83' lang='lat' dir='ltr'><strong>sedis</strong></span> <span class='ocrx_word' id='word_1_14' title='bbox 576 675 784 746; x_wconf 79' lang='lat' dir='ltr'><strong>legatus</strong></span> <span class='ocrx_word' id='word_1_15' title='bbox 831 679 898 734; x_wconf 89' lang='lat' dir='ltr'><strong>de</strong></span> <span class='ocrx_word' id='word_1_16' title='bbox 928 679 1099 736; x_wconf 87' lang='lat' dir='ltr'><strong>latere</strong></span> <span class='ocrx_word' id='word_1_17' title='bbox 1156 683 1210 737; x_wconf 91' lang='lat' dir='ltr'><strong>in</strong></span> <span class='ocrx_word' id='word_1_18' title='bbox 1243 684 1464 747; x_wconf 81' lang='lat' dir='ltr'><strong>civitate</strong></span> <span class='ocrx_word' id='word_1_19' title='bbox 1487 673 1783 755; x_wconf 70' lang='lat' dir='ltr'><strong>Bononiae,</strong></span> <span class='ocrx_word' id='word_1_20' title='bbox 1814 704 1978 745; x_wconf 42' lang='lat' dir='ltr'><strong>exere</strong></span> <span class='ocrx_word' id='word_1_21' title='bbox 2037 725 2042 730; x_wconf 66' lang='grc' dir='ltr'><em>ο</em></span> 
     </span>
    </p>
   </div>
   <div class='ocr_carea' id='block_1_5' title="bbox 393 766 1976 852">
    <p class='ocr_par' dir='ltr' id='par_1_5' title="bbox 393 766 1976 852">
     <span class='ocr_line' id='line_1_5' title="bbox 393 766 1976 852; baseline 0.011 -32"><span class='ocrx_word' id='word_1_22' title='bbox 393 766 563 823; x_wconf 87' lang='lat' dir='ltr'><strong>chatu</strong></span> <span class='ocrx_word' id='word_1_23' title='bbox 595 767 870 827; x_wconf 69' lang='lat' dir='ltr'><strong>Ravennae</strong></span> <span class='ocrx_word' id='word_1_24' title='bbox 901 782 954 828; x_wconf 88' lang='lat' dir='ltr'><strong>et</strong></span> <span class='ocrx_word' id='word_1_25' title='bbox 977 774 1349 832; x_wconf 70' lang='lat' dir='ltr'><strong>Romaudiola:</strong></span> <span class='ocrx_word' id='word_1_26' title='bbox 1397 781 1682 849; x_wconf 85' lang='lat' dir='ltr'><strong>provincia</strong></span> <span class='ocrx_word' id='word_1_27' title='bbox 1713 780 1768 836; x_wconf 90' lang='lat' dir='ltr'><strong>ln</strong></span> <span class='ocrx_word' id='word_1_28' title='bbox 1810 781 1976 852; x_wconf 90' lang='lat' dir='ltr'><strong>spiri-</strong></span> 
     </span>
    </p>
   </div>
   <div class='ocr_carea' id='block_1_6' title="bbox 396 859 1979 941">
    <p class='ocr_par' dir='ltr' id='par_1_6' title="bbox 396 859 1979 941">
     <span class='ocr_line' id='line_1_6' title="bbox 396 859 1979 941; baseline 0.013 -30"><span class='ocrx_word' id='word_1_29' title='bbox 396 859 636 916; x_wconf 87' lang='lat' dir='ltr'><strong>tualibus</strong></span> <span class='ocrx_word' id='word_1_30' title='bbox 670 874 722 918; x_wconf 89' lang='lat' dir='ltr'><strong>et</strong></span> <span class='ocrx_word' id='word_1_31' title='bbox 755 866 1144 932; x_wconf 88' lang='lat' dir='ltr'><strong>temporalibus</strong></span> <span class='ocrx_word' id='word_1_32' title='bbox 1193 871 1465 940; x_wconf 77' lang='lat' dir='ltr'><strong>generalis</strong></span> <span class='ocrx_word' id='word_1_33' title='bbox 1508 873 1768 941; x_wconf 76' lang='lat' dir='ltr'><strong>vicarius,</strong></span> <span class='ocrx_word' id='word_1_34' title='bbox 1825 890 1979 931; x_wconf 85' lang='lat' dir='ltr'><strong>reve-</strong></span> 
     </span>
    </p>
   </div>
   <div class='ocr_carea' id='block_1_7' title="bbox 394 947 1978 1037">
    <p class='ocr_par' dir='ltr' id='par_1_7' title="bbox 394 947 1978 1037">
     <span class='ocr_line' id='line_1_7' title="bbox 394 947 1978 1037; baseline 0.011 -33"><span class='ocrx_word' id='word_1_35' title='bbox 394 952 567 1006; x_wconf 84' lang='lat' dir='ltr'><strong>rendo</strong></span> <span class='ocrx_word' id='word_1_36' title='bbox 603 955 657 1006; x_wconf 90' lang='lat' dir='ltr'><strong>in</strong></span> <span class='ocrx_word' id='word_1_37' title='bbox 683 947 901 1016; x_wconf 73' lang='lat' dir='ltr'><strong>Christo</strong></span> <span class='ocrx_word' id='word_1_38' title='bbox 935 956 1081 1014; x_wconf 85' lang='lat' dir='ltr'><strong>Patri</strong></span> <span class='ocrx_word' id='word_1_39' title='bbox 1106 960 1342 1017; x_wconf 84' lang='lat' dir='ltr'><strong>Domino</strong></span> <span class='ocrx_word' id='word_1_40' title='bbox 1384 964 1642 1035; x_wconf 85' lang='lat' dir='ltr'><strong>episcopo</strong></span> <span class='ocrx_word' id='word_1_41' title='bbox 1679 964 1876 1037; x_wconf 72' lang='lat' dir='ltr'><strong>Regio.</strong></span> <span class='ocrx_word' id='word_1_42' title='bbox 1921 977 1978 1022; x_wconf 92' lang='lat' dir='ltr'><strong>et</strong></span> 
     </span>
    </p>
   </div>
   <div class='ocr_carea' id='block_1_8' title="bbox 396 1041 1975 1127">
    <p class='ocr_par' dir='ltr' id='par_1_8' title="bbox 396 1041 1975 1127">
     <span class='ocr_line' id='line_1_8' title="bbox 396 1041 1975 1127; baseline 0.013 -31"><span class='ocrx_word' id='word_1_43' title='bbox 396 1041 610 1101; x_wconf 75' lang='lat' dir='ltr'><strong>dilectis</strong></span> <span class='ocrx_word' id='word_1_44' title='bbox 639 1046 692 1101; x_wconf 94' lang='lat' dir='ltr'><strong>in</strong></span> <span class='ocrx_word' id='word_1_45' title='bbox 739 1047 958 1107; x_wconf 80' lang='lat' dir='ltr'><strong>Christo</strong></span> <span class='ocrx_word' id='word_1_46' title='bbox 1011 1050 1139 1111; x_wconf 80' lang='lat' dir='ltr'><strong>ﬁliis</strong></span> <span class='ocrx_word' id='word_1_47' title='bbox 1167 1053 1406 1126; x_wconf 88' lang='lat' dir='ltr'><strong>capitulo</strong></span> <span class='ocrx_word' id='word_1_48' title='bbox 1438 1056 1686 1127; x_wconf 82' lang='lat' dir='ltr'><strong>ejusdem</strong></span> <span class='ocrx_word' id='word_1_49' title='bbox 1727 1060 1975 1118; x_wconf 74' lang='lat' dir='ltr'><strong>ecclesiae</strong></span> 
     </span>
    </p>
   </div>
   <div class='ocr_carea' id='block_1_9' title="bbox 395 1138 1096 1212">
    <p class='ocr_par' dir='ltr' id='par_1_9' title="bbox 395 1138 1096 1212">
     <span class='ocr_line' id='line_1_9' title="bbox 395 1138 1096 1212; baseline 0.013 -20"><span class='ocrx_word' id='word_1_50' title='bbox 395 1138 625 1195; x_wconf 88' lang='lat' dir='ltr'><strong>salutem</strong></span> <span class='ocrx_word' id='word_1_51' title='bbox 648 1142 703 1196; x_wconf 90' lang='lat' dir='ltr'><strong>in</strong></span> <span class='ocrx_word' id='word_1_52' title='bbox 724 1142 973 1212; x_wconf 91' lang='lat' dir='ltr'><strong>Domino,</strong></span> <span class='ocrx_word' id='word_1_53' title='bbox 987 1155 1096 1202; x_wconf 90' lang='lat' dir='ltr'><strong>etc.</strong></span> 
     </span>
    </p>
   </div>
   <div class='ocr_carea' id='block_1_10' title="bbox 467 1233 1973 1313">
    <p class='ocr_par' dir='ltr' id='par_1_10' title="bbox 467 1233 1973 1313">
     <span class='ocr_line' id='line_1_10' title="bbox 467 1233 1973 1313; baseline 0.009 -25"><span class='ocrx_word' id='word_1_54' title='bbox 467 1233 600 1289; x_wconf 90' lang='lat' dir='ltr'><strong>Cum</strong></span> <span class='ocrx_word' id='word_1_55' title='bbox 621 1251 651 1290; x_wconf 90' lang='lat' dir='ltr'><strong>a</strong></span> <span class='ocrx_word' id='word_1_56' title='bbox 677 1237 831 1294; x_wconf 89' lang='lat' dir='ltr'><strong>nobis</strong></span> <span class='ocrx_word' id='word_1_57' title='bbox 861 1241 1065 1309; x_wconf 87' lang='lat' dir='ltr'><strong>petitur</strong></span> <span class='ocrx_word' id='word_1_58' title='bbox 1084 1241 1226 1313; x_wconf 86' lang='lat' dir='ltr'><strong>quod</strong></span> <span class='ocrx_word' id='word_1_59' title='bbox 1251 1243 1523 1302; x_wconf 74' lang='lat' dir='ltr'><strong>honestati</strong></span> <span class='ocrx_word' id='word_1_60' title='bbox 1554 1248 1879 1304; x_wconf 79' lang='lat' dir='ltr'><strong>cunvenitet</strong></span> <span class='ocrx_word' id='word_1_61' title='bbox 1907 1248 1973 1302; x_wconf 86' lang='lat' dir='ltr'><strong>ad</strong></span> 
     </span>
    </p>
   </div>
   <div class='ocr_carea' id='block_1_11' title="bbox 395 1323 1972 1409">
    <p class='ocr_par' dir='ltr' id='par_1_11' title="bbox 395 1323 1972 1409">
     <span class='ocr_line' id='line_1_11' title="bbox 395 1323 1972 1409; baseline 0.011 -31"><span class='ocrx_word' id='word_1_62' title='bbox 395 1323 657 1384; x_wconf 80' lang='lat' dir='ltr'><strong>honorem</strong></span> <span class='ocrx_word' id='word_1_63' title='bbox 673 1330 1031 1389; x_wconf 81' lang='lat' dir='ltr'><strong>ecclesiarum</strong></span> <span class='ocrx_word' id='word_1_64' title='bbox 1065 1337 1369 1405; x_wconf 62' lang='lat' dir='ltr'><strong>praesertim</strong></span> <span class='ocrx_word' id='word_1_65' title='bbox 1392 1338 1782 1394; x_wconf 88' lang='lat' dir='ltr'><strong>cathedralium</strong></span> <span class='ocrx_word' id='word_1_66' title='bbox 1808 1341 1972 1409; x_wconf 82' lang='lat' dir='ltr'><strong>cedit,</strong></span> 
     </span>
    </p>
   </div>
   <div class='ocr_carea' id='block_1_12' title="bbox 399 1420 1974 1500">
    <p class='ocr_par' dir='ltr' id='par_1_12' title="bbox 399 1420 1974 1500">
     <span class='ocr_line' id='line_1_12' title="bbox 399 1420 1974 1500; baseline 0.01 -27"><span class='ocrx_word' id='word_1_67' title='bbox 399 1420 584 1476; x_wconf 89' lang='lat' dir='ltr'><strong>animo</strong></span> <span class='ocrx_word' id='word_1_68' title='bbox 614 1436 715 1478; x_wconf 89' lang='lat' dir='ltr'><strong>nos</strong></span> <span class='ocrx_word' id='word_1_69' title='bbox 736 1423 897 1479; x_wconf 89' lang='lat' dir='ltr'><strong>decet</strong></span> <span class='ocrx_word' id='word_1_70' title='bbox 922 1425 1113 1482; x_wconf 88' lang='lat' dir='ltr'><strong>libenti</strong></span> <span class='ocrx_word' id='word_1_71' title='bbox 1128 1429 1451 1496; x_wconf 81' lang='lat' dir='ltr'><strong>concedere,</strong></span> <span class='ocrx_word' id='word_1_72' title='bbox 1474 1423 1529 1484; x_wconf 83' lang='lat' dir='ltr'><strong>et</strong></span> <span class='ocrx_word' id='word_1_73' title='bbox 1555 1432 1852 1500; x_wconf 85' lang='lat' dir='ltr'><strong>petentium</strong></span> <span class='ocrx_word' id='word_1_74' title='bbox 1876 1434 1974 1488; x_wconf 77' lang='lat' dir='ltr'><strong>de-</strong></span> 
     </span>
    </p>
   </div>
   <div class='ocr_carea' id='block_1_13' title="bbox 393 1514 1972 1596">
    <p class='ocr_par' dir='ltr' id='par_1_13' title="bbox 393 1514 1972 1596">
     <span class='ocr_line' id='line_1_13' title="bbox 393 1514 1972 1596; baseline 0.011 -30"><span class='ocrx_word' id='word_1_75' title='bbox 393 1514 610 1571; x_wconf 80' lang='lat' dir='ltr'><strong>sideriis</strong></span> <span class='ocrx_word' id='word_1_76' title='bbox 637 1519 949 1586; x_wconf 71' lang='lat' dir='ltr'><strong>praesidium</strong></span> <span class='ocrx_word' id='word_1_77' title='bbox 979 1520 1265 1589; x_wconf 81' lang='lat' dir='ltr'><strong>impertiri.</strong></span> <span class='ocrx_word' id='word_1_78' title='bbox 1291 1521 1426 1580; x_wconf 88' lang='lat' dir='ltr'><strong>Cum</strong></span> <span class='ocrx_word' id='word_1_79' title='bbox 1455 1524 1665 1596; x_wconf 81' lang='lat' dir='ltr'><strong>itaque,</strong></span> <span class='ocrx_word' id='word_1_80' title='bbox 1685 1527 1844 1582; x_wconf 90' lang='lat' dir='ltr'><strong>sicuti</strong></span> <span class='ocrx_word' id='word_1_81' title='bbox 1875 1542 1972 1596; x_wconf 76' lang='lat' dir='ltr'><strong>pe-</strong></span> 
     </span>
    </p>
   </div>
   <div class='ocr_carea' id='block_1_14' title="bbox 396 1606 1972 1684">
    <p class='ocr_par' dir='ltr' id='par_1_14' title="bbox 396 1606 1972 1684">
     <span class='ocr_line' id='line_1_14' title="bbox 396 1606 1972 1684; baseline 0.011 -23"><span class='ocrx_word' id='word_1_82' title='bbox 396 1606 607 1663; x_wconf 87' lang='lat' dir='ltr'><strong>titionis</strong></span> <span class='ocrx_word' id='word_1_83' title='bbox 635 1619 829 1666; x_wconf 71' lang='lat' dir='ltr'><strong>vestrae</strong></span> <span class='ocrx_word' id='word_1_84' title='bbox 864 1612 1019 1669; x_wconf 89' lang='lat' dir='ltr'><strong>nobis</strong></span> <span class='ocrx_word' id='word_1_85' title='bbox 1053 1614 1250 1670; x_wconf 69' lang='lat' dir='ltr'><strong>oblatae</strong></span> <span class='ocrx_word' id='word_1_86' title='bbox 1276 1613 1472 1674; x_wconf 62' lang='lat' dir='ltr'><strong>“series</strong></span> <span class='ocrx_word' id='word_1_87' title='bbox 1502 1622 1839 1684; x_wconf 79' lang='lat' dir='ltr'><strong>continebat,</strong></span> <span class='ocrx_word' id='word_1_88' title='bbox 1879 1637 1972 1678; x_wconf 82' lang='lat' dir='ltr'><strong>vos</strong></span> 
     </span>
    </p>
   </div>
   <div class='ocr_carea' id='block_1_15' title="bbox 393 1699 1972 1780">
    <p class='ocr_par' dir='ltr' id='par_1_15' title="bbox 393 1699 1972 1780">
     <span class='ocr_line' id='line_1_15' title="bbox 393 1699 1972 1780; baseline 0.01 -27"><span class='ocrx_word' id='word_1_89' title='bbox 393 1699 648 1768; x_wconf 71' lang='lat' dir='ltr'><strong>pmlatus</strong></span> <span class='ocrx_word' id='word_1_90' title='bbox 671 1700 928 1759; x_wconf 88' lang='lat' dir='ltr'><strong>dominus</strong></span> <span class='ocrx_word' id='word_1_91' title='bbox 960 1706 1246 1778; x_wconf 81' lang='lat' dir='ltr'><strong>episcOpus</strong></span> <span class='ocrx_word' id='word_1_92' title='bbox 1267 1709 1460 1780; x_wconf 72' lang='lat' dir='ltr'><strong>llegin.</strong></span> <span class='ocrx_word' id='word_1_93' title='bbox 1499 1726 1604 1767; x_wconf 79' lang='lat' dir='ltr'><strong>una</strong></span> <span class='ocrx_word' id='word_1_94' title='bbox 1632 1731 1753 1768; x_wconf 89' lang='lat' dir='ltr'><strong>cum</strong></span> <span class='ocrx_word' id='word_1_95' title='bbox 1777 1716 1972 1769; x_wconf 77' lang='lat' dir='ltr'><strong>vestris</strong></span> 
     </span>
    </p>
   </div>
   <div class='ocr_carea' id='block_1_16' title="bbox 392 1793 1968 1864">
    <p class='ocr_par' dir='ltr' id='par_1_16' title="bbox 392 1793 1968 1864">
     <span class='ocr_line' id='line_1_16' title="bbox 392 1793 1968 1864; baseline 0.009 -18"><span class='ocrx_word' id='word_1_96' title='bbox 392 1793 675 1847; x_wconf 78' lang='lat' dir='ltr'><strong>canonicis</strong></span> <span class='ocrx_word' id='word_1_97' title='bbox 692 1809 789 1864; x_wconf 89' lang='lat' dir='ltr'><strong>pro</strong></span> <span class='ocrx_word' id='word_1_98' title='bbox 819 1797 1024 1852; x_wconf 84' lang='lat' dir='ltr'><strong>hondre</strong></span> <span class='ocrx_word' id='word_1_99' title='bbox 1047 1799 1203 1854; x_wconf 62' lang='lat' dir='ltr'><strong>dicta</strong></span> <span class='ocrx_word' id='word_1_100' title='bbox 1221 1798 1478 1858; x_wconf 63' lang='lat' dir='ltr'><strong>Ecclesia!</strong></span> <span class='ocrx_word' id='word_1_101' title='bbox 1506 1804 1575 1858; x_wconf 88' lang='lat' dir='ltr'><strong>ad</strong></span> <span class='ocrx_word' id='word_1_102' title='bbox 1611 1805 1968 1860; x_wconf 84' lang='lat' dir='ltr'><strong>imitationem</strong></span> 
     </span>
    </p>
   </div>
   <div class='ocr_carea' id='block_1_17' title="bbox 392 1888 1971 1956">
    <p class='ocr_par' dir='ltr' id='par_1_17' title="bbox 392 1888 1971 1956">
     <span class='ocr_line' id='line_1_17' title="bbox 392 1888 1971 1956; baseline 0.009 -15"><span class='ocrx_word' id='word_1_103' title='bbox 392 1888 622 1944; x_wconf 88' lang='lat' dir='ltr'><strong>aliarum</strong></span> <span class='ocrx_word' id='word_1_104' title='bbox 643 1891 995 1947; x_wconf 81' lang='lat' dir='ltr'><strong>ecclesiarum</strong></span> <span class='ocrx_word' id='word_1_105' title='bbox 1034 1897 1426 1952; x_wconf 88' lang='lat' dir='ltr'><strong>cathedralium</strong></span> <span class='ocrx_word' id='word_1_106' title='bbox 1446 1901 1516 1954; x_wconf 86' lang='lat' dir='ltr'><strong>du</strong></span> <span class='ocrx_word' id='word_1_107' title='bbox 1529 1901 1710 1955; x_wconf 78' lang='lat' dir='ltr'><strong>xerilis</strong></span> <span class='ocrx_word' id='word_1_108' title='bbox 1728 1912 1971 1956; x_wconf 81' lang='lat' dir='ltr'><strong>statuen-</strong></span> 
     </span>
    </p>
   </div>
   <div class='ocr_carea' id='block_1_18' title="bbox 389 1981 1967 2055">
    <p class='ocr_par' dir='ltr' id='par_1_18' title="bbox 389 1981 1967 2055">
     <span class='ocr_line' id='line_1_18' title="bbox 389 1981 1967 2055; baseline 0.008 -20"><span class='ocrx_word' id='word_1_109' title='bbox 389 1981 523 2036; x_wconf 90' lang='lat' dir='ltr'><strong>dum</strong></span> <span class='ocrx_word' id='word_1_110' title='bbox 558 1983 703 2052; x_wconf 85' lang='lat' dir='ltr'><strong>quod</strong></span> <span class='ocrx_word' id='word_1_111' title='bbox 735 1985 967 2055; x_wconf 88' lang='lat' dir='ltr'><strong>quilibet</strong></span> <span class='ocrx_word' id='word_1_112' title='bbox 995 1987 1152 2044; x_wconf 75' lang='lat' dir='ltr'><strong>dicta:</strong></span> <span class='ocrx_word' id='word_1_113' title='bbox 1178 1991 1421 2046; x_wconf 66' lang='lat' dir='ltr'><strong>ecclesiae</strong></span> <span class='ocrx_word' id='word_1_114' title='bbox 1450 1993 1748 2047; x_wconf 80' lang='lat' dir='ltr'><strong>canonicos</strong></span> <span class='ocrx_word' id='word_1_115' title='bbox 1796 1996 1967 2051; x_wconf 85' lang='lat' dir='ltr'><strong>almu-</strong></span> 
     </span>
    </p>
   </div>
   <div class='ocr_carea' id='block_1_19' title="bbox 395 2073 1967 2153">
    <p class='ocr_par' dir='ltr' id='par_1_19' title="bbox 395 2073 1967 2153">
     <span class='ocr_line' id='line_1_19' title="bbox 395 2073 1967 2153; baseline 0.012 -28"><span class='ocrx_word' id='word_1_116' title='bbox 395 2074 467 2129; x_wconf 80' lang='lat' dir='ltr'><strong>tia</strong></span> <span class='ocrx_word' id='word_1_117' title='bbox 493 2073 690 2130; x_wconf 87' lang='lat' dir='ltr'><strong>debeat</strong></span> <span class='ocrx_word' id='word_1_118' title='bbox 724 2080 803 2131; x_wconf 89' lang='lat' dir='ltr'><strong>uti</strong></span> <span class='ocrx_word' id='word_1_119' title='bbox 855 2078 909 2133; x_wconf 89' lang='lat' dir='ltr'><strong>in</strong></span> <span class='ocrx_word' id='word_1_120' title='bbox 962 2079 1191 2136; x_wconf 89' lang='lat' dir='ltr'><strong>ecclesia</strong></span> <span class='ocrx_word' id='word_1_121' title='bbox 1226 2084 1503 2153; x_wconf 68' lang='lat' dir='ltr'><strong>praelibata</strong></span> <span class='ocrx_word' id='word_1_122' title='bbox 1552 2086 1746 2140; x_wconf 88' lang='lat' dir='ltr'><strong>saltem</strong></span> <span class='ocrx_word' id='word_1_123' title='bbox 1780 2089 1967 2144; x_wconf 86' lang='lat' dir='ltr'><strong>diebus</strong></span> 
     </span>
    </p>
   </div>
   <div class='ocr_carea' id='block_1_20' title="bbox 392 2167 1970 2245">
    <p class='ocr_par' dir='ltr' id='par_1_20' title="bbox 392 2167 1970 2245">
     <span class='ocr_line' id='line_1_20' title="bbox 392 2167 1970 2245; baseline 0.009 -23"><span class='ocrx_word' id='word_1_124' title='bbox 392 2167 599 2225; x_wconf 75' lang='lat' dir='ltr'><strong>[estivis</strong></span> <span class='ocrx_word' id='word_1_125' title='bbox 623 2178 677 2226; x_wconf 92' lang='lat' dir='ltr'><strong>et</strong></span> <span class='ocrx_word' id='word_1_126' title='bbox 694 2172 1028 2229; x_wconf 81' lang='lat' dir='ltr'><strong>solemnibus</strong></span> <span class='ocrx_word' id='word_1_127' title='bbox 1057 2176 1107 2228; x_wconf 90' lang='lat' dir='ltr'><strong>in</strong></span> <span class='ocrx_word' id='word_1_128' title='bbox 1138 2174 1354 2245; x_wconf 79' lang='lat' dir='ltr'><strong>ciliciis,</strong></span> <span class='ocrx_word' id='word_1_129' title='bbox 1395 2187 1449 2234; x_wconf 86' lang='lat' dir='ltr'><strong>et</strong></span> <span class='ocrx_word' id='word_1_130' title='bbox 1473 2180 1635 2234; x_wconf 87' lang='lat' dir='ltr'><strong>etiam</strong></span> <span class='ocrx_word' id='word_1_131' title='bbox 1661 2179 1970 2236; x_wconf 79' lang='lat' dir='ltr'><strong>Matisiona-</strong></span> 
     </span>
    </p>
   </div>
   <div class='ocr_carea' id='block_1_21' title="bbox 391 2262 1964 2332">
    <p class='ocr_par' dir='ltr' id='par_1_21' title="bbox 391 2262 1964 2332">
     <span class='ocr_line' id='line_1_21' title="bbox 391 2262 1964 2332; baseline 0.01 -16"><span class='ocrx_word' id='word_1_132' title='bbox 391 2262 458 2317; x_wconf 85' lang='lat' dir='ltr'><strong>rii</strong></span> <span class='ocrx_word' id='word_1_133' title='bbox 488 2265 761 2332; x_wconf 66' lang='lat' dir='ltr'><strong>praedicta</strong></span> <span class='ocrx_word' id='word_1_134' title='bbox 777 2267 1023 2323; x_wconf 77' lang='lat' dir='ltr'><strong>ecclesia:</strong></span> <span class='ocrx_word' id='word_1_135' title='bbox 1044 2283 1194 2325; x_wconf 92' lang='lat' dir='ltr'><strong>more</strong></span> <span class='ocrx_word' id='word_1_136' title='bbox 1217 2272 1707 2329; x_wconf 79' lang='lat' dir='ltr'><strong>niansionariorum</strong></span> <span class='ocrx_word' id='word_1_137' title='bbox 1735 2276 1964 2332; x_wconf 86' lang='lat' dir='ltr'><strong>aliarum</strong></span> 
     </span>
    </p>
   </div>
   <div class='ocr_carea' id='block_1_22' title="bbox 387 2355 1968 2438">
    <p class='ocr_par' dir='ltr' id='par_1_22' title="bbox 387 2355 1968 2438">
     <span class='ocr_line' id='line_1_22' title="bbox 387 2355 1968 2438; baseline 0.011 -30"><span class='ocrx_word' id='word_1_138' title='bbox 387 2355 745 2413; x_wconf 88' lang='lat' dir='ltr'><strong>ecclesiarum</strong></span> <span class='ocrx_word' id='word_1_139' title='bbox 767 2359 1158 2416; x_wconf 86' lang='lat' dir='ltr'><strong>cathedralium</strong></span> <span class='ocrx_word' id='word_1_140' title='bbox 1190 2363 1431 2432; x_wconf 87' lang='lat' dir='ltr'><strong>subjecta</strong></span> <span class='ocrx_word' id='word_1_141' title='bbox 1467 2381 1625 2436; x_wconf 71' lang='lat' dir='ltr'><strong>poena</strong></span> <span class='ocrx_word' id='word_1_142' title='bbox 1668 2367 1723 2423; x_wconf 89' lang='lat' dir='ltr'><strong>in</strong></span> <span class='ocrx_word' id='word_1_143' title='bbox 1781 2367 1968 2438; x_wconf 85' lang='lat' dir='ltr'><strong>hujus-</strong></span> 
     </span>
    </p>
   </div>
   <div class='ocr_carea' id='block_1_23' title="bbox 389 2453 1969 2536">
    <p class='ocr_par' dir='ltr' id='par_1_23' title="bbox 389 2453 1969 2536">
     <span class='ocr_line' id='line_1_23' title="bbox 389 2453 1969 2536; baseline 0.008 -29"><span class='ocrx_word' id='word_1_144' title='bbox 389 2453 538 2508; x_wconf 85' lang='lat' dir='ltr'><strong>modi</strong></span> <span class='ocrx_word' id='word_1_145' title='bbox 615 2455 1002 2514; x_wconf 88' lang='lat' dir='ltr'><strong>constitutione</strong></span> <span class='ocrx_word' id='word_1_146' title='bbox 1052 2468 1331 2526; x_wconf 88' lang='lat' dir='ltr'><strong>contenta,</strong></span> <span class='ocrx_word' id='word_1_147' title='bbox 1389 2472 1444 2518; x_wconf 91' lang='lat' dir='ltr'><strong>et</strong></span> <span class='ocrx_word' id='word_1_148' title='bbox 1507 2465 1817 2520; x_wconf 81' lang='lat' dir='ltr'><strong>successive</strong></span> <span class='ocrx_word' id='word_1_149' title='bbox 1873 2480 1969 2536; x_wconf 89' lang='lat' dir='ltr'><strong>per</strong></span> 
     </span>
    </p>
   </div>
   <div class='ocr_carea' id='block_1_24' title="bbox 388 2545 1966 2614">
    <p class='ocr_par' dir='ltr' id='par_1_24' title="bbox 388 2545 1966 2614">
     <span class='ocr_line' id='line_1_24' title="bbox 388 2545 1966 2614; baseline 0.008 -15"><span class='ocrx_word' id='word_1_150' title='bbox 388 2545 550 2601; x_wconf 85' lang='lat' dir='ltr'><strong>aliam</strong></span> <span class='ocrx_word' id='word_1_151' title='bbox 578 2550 738 2604; x_wconf 90' lang='lat' dir='ltr'><strong>modo</strong></span> <span class='ocrx_word' id='word_1_152' title='bbox 802 2549 965 2606; x_wconf 82' lang='lat' dir='ltr'><strong>simili</strong></span> <span class='ocrx_word' id='word_1_153' title='bbox 988 2553 1434 2610; x_wconf 86' lang='lat' dir='ltr'><strong>constitutionem</strong></span> <span class='ocrx_word' id='word_1_154' title='bbox 1462 2557 1793 2614; x_wconf 83' lang='lat' dir='ltr'><strong>celebratam</strong></span> <span class='ocrx_word' id='word_1_155' title='bbox 1825 2559 1966 2614; x_wconf 90' lang='lat' dir='ltr'><strong>inbi-</strong></span> 
     </span>
    </p>
   </div>
   <div class='ocr_carea' id='block_1_25' title="bbox 388 2637 1966 2716">
    <p class='ocr_par' dir='ltr' id='par_1_25' title="bbox 388 2637 1966 2716">
     <span class='ocr_line' id='line_1_25' title="bbox 388 2637 1966 2716; baseline 0.005 -21"><span class='ocrx_word' id='word_1_156' title='bbox 388 2637 640 2704; x_wconf 82' lang='lat' dir='ltr'><strong>btteritis,</strong></span> <span class='ocrx_word' id='word_1_157' title='bbox 672 2650 729 2694; x_wconf 90' lang='lat' dir='ltr'><strong>et</strong></span> <span class='ocrx_word' id='word_1_158' title='bbox 756 2655 1014 2711; x_wconf 73' lang='lat' dir='ltr'><strong>expresse</strong></span> <span class='ocrx_word' id='word_1_159' title='bbox 1043 2644 1431 2701; x_wconf 87' lang='lat' dir='ltr'><strong>mandaveritis</strong></span> <span class='ocrx_word' id='word_1_160' title='bbox 1463 2662 1531 2701; x_wconf 89' lang='lat' dir='ltr'><strong>ne</strong></span> <span class='ocrx_word' id='word_1_161' title='bbox 1561 2648 1680 2716; x_wconf 88' lang='lat' dir='ltr'><strong>quis</strong></span> <span class='ocrx_word' id='word_1_162' title='bbox 1705 2649 1849 2704; x_wconf 86' lang='lat' dir='ltr'><strong>alius</strong></span> <span class='ocrx_word' id='word_1_163' title='bbox 1875 2665 1966 2705; x_wconf 82' lang='lat' dir='ltr'><strong>ca-</strong></span> 
     </span>
    </p>
   </div>
   <div class='ocr_carea' id='block_1_26' title="bbox 388 2730 1967 2813">
    <p class='ocr_par' dir='ltr' id='par_1_26' title="bbox 388 2730 1967 2813">
     <span class='ocr_line' id='line_1_26' title="bbox 388 2730 1967 2813; baseline 0.008 -27"><span class='ocrx_word' id='word_1_164' title='bbox 388 2730 620 2789; x_wconf 86' lang='lat' dir='ltr'><strong>nonicus</strong></span> <span class='ocrx_word' id='word_1_165' title='bbox 655 2734 896 2805; x_wconf 81' lang='lat' dir='ltr'><strong>cujusvis</strong></span> <span class='ocrx_word' id='word_1_166' title='bbox 931 2736 1154 2794; x_wconf 80' lang='lat' dir='ltr'><strong>alterius</strong></span> <span class='ocrx_word' id='word_1_167' title='bbox 1193 2738 1438 2794; x_wconf 69' lang='lat' dir='ltr'><strong>ecclesiae</strong></span> <span class='ocrx_word' id='word_1_168' title='bbox 1471 2741 1770 2813; x_wconf 60' lang='lat' dir='ltr'><strong>collegiate</strong></span> <span class='ocrx_word' id='word_1_169' title='bbox 1804 2745 1856 2798; x_wconf 89' lang='lat' dir='ltr'><strong>in</strong></span> <span class='ocrx_word' id='word_1_170' title='bbox 1887 2743 1967 2798; x_wconf 88' lang='lat' dir='ltr'><strong>ci-</strong></span> 
     </span>
    </p>
   </div>
   <div class='ocr_carea' id='block_1_27' title="bbox 387 2826 1963 2905">
    <p class='ocr_par' dir='ltr' id='par_1_27' title="bbox 387 2826 1963 2905">
     <span class='ocr_line' id='line_1_27' title="bbox 387 2826 1963 2905; baseline 0.01 -29"><span class='ocrx_word' id='word_1_171' title='bbox 387 2826 578 2890; x_wconf 83' lang='lat' dir='ltr'><strong>vitate,</strong></span> <span class='ocrx_word' id='word_1_172' title='bbox 612 2826 696 2880; x_wconf 84' lang='lat' dir='ltr'><strong>vel</strong></span> <span class='ocrx_word' id='word_1_173' title='bbox 752 2827 980 2884; x_wconf 70' lang='lat' dir='ltr'><strong>dioecesi</strong></span> <span class='ocrx_word' id='word_1_174' title='bbox 1031 2828 1240 2902; x_wconf 74' lang='lat' dir='ltr'><strong>Regina</strong></span> <span class='ocrx_word' id='word_1_175' title='bbox 1273 2829 1582 2888; x_wconf 63' lang='lat' dir='ltr'><strong>constitutae</strong></span> <span class='ocrx_word' id='word_1_176' title='bbox 1625 2835 1700 2890; x_wconf 89' lang='lat' dir='ltr'><strong>uti</strong></span> <span class='ocrx_word' id='word_1_177' title='bbox 1750 2834 1963 2905; x_wconf 85' lang='lat' dir='ltr'><strong>debeat,</strong></span> 
     </span>
    </p>
   </div>
   <div class='ocr_carea' id='block_1_28' title="bbox 387 2916 1962 2997">
    <p class='ocr_par' dir='ltr' id='par_1_28' title="bbox 387 2916 1962 2997">
     <span class='ocr_line' id='line_1_28' title="bbox 387 2916 1962 2997; baseline 0.008 -27"><span class='ocrx_word' id='word_1_178' title='bbox 387 2916 585 2986; x_wconf 80' lang='lat' dir='ltr'><strong>possit,</strong></span> <span class='ocrx_word' id='word_1_179' title='bbox 618 2917 704 2973; x_wconf 85' lang='lat' dir='ltr'><strong>vel</strong></span> <span class='ocrx_word' id='word_1_180' title='bbox 732 2927 1026 2990; x_wconf 67' lang='lat' dir='ltr'><strong>praesumat</strong></span> <span class='ocrx_word' id='word_1_181' title='bbox 1054 2920 1350 2991; x_wconf 76' lang='lat' dir='ltr'><strong>aliquibus,</strong></span> <span class='ocrx_word' id='word_1_182' title='bbox 1379 2924 1466 2980; x_wconf 88' lang='lat' dir='ltr'><strong>vel</strong></span> <span class='ocrx_word' id='word_1_183' title='bbox 1507 2926 1690 2997; x_wconf 90' lang='lat' dir='ltr'><strong>aliqua</strong></span> <span class='ocrx_word' id='word_1_184' title='bbox 1720 2925 1962 2996; x_wconf 89' lang='lat' dir='ltr'><strong>almutia,</strong></span> 
     </span>
    </p>
   </div>
   <div class='ocr_carea' id='block_1_29' title="bbox 385 3011 1964 3084">
    <p class='ocr_par' dir='ltr' id='par_1_29' title="bbox 385 3011 1964 3084">
     <span class='ocr_line' id='line_1_29' title="bbox 385 3011 1964 3084; baseline 0.006 -18"><span class='ocrx_word' id='word_1_185' title='bbox 385 3012 471 3067; x_wconf 76' lang='lat' dir='ltr'><strong>vel</strong></span> <span class='ocrx_word' id='word_1_186' title='bbox 503 3011 745 3069; x_wconf 88' lang='lat' dir='ltr'><strong>almutiis</strong></span> <span class='ocrx_word' id='word_1_187' title='bbox 760 3013 923 3070; x_wconf 91' lang='lat' dir='ltr'><strong>simili</strong></span> <span class='ocrx_word' id='word_1_188' title='bbox 942 3015 1022 3070; x_wconf 88' lang='lat' dir='ltr'><strong>vel</strong></span> <span class='ocrx_word' id='word_1_189' title='bbox 1051 3015 1338 3084; x_wconf 81' lang='lat' dir='ltr'><strong>similibus,</strong></span> <span class='ocrx_word' id='word_1_190' title='bbox 1358 3017 1605 3073; x_wconf 87' lang='lat' dir='ltr'><strong>dissimili</strong></span> <span class='ocrx_word' id='word_1_191' title='bbox 1632 3020 1964 3076; x_wconf 82' lang='lat' dir='ltr'><strong>veldissimi-</strong></span> 
     </span>
    </p>
   </div>
   <div class='ocr_carea' id='block_1_30' title="bbox 383 3099 1962 3174">
    <p class='ocr_par' dir='ltr' id='par_1_30' title="bbox 383 3099 1962 3174">
     <span class='ocr_line' id='line_1_30' title="bbox 383 3099 1962 3174; baseline 0.008 -17"><span class='ocrx_word' id='word_1_192' title='bbox 383 3099 528 3157; x_wconf 81' lang='lat' dir='ltr'><strong>libus</strong></span> <span class='ocrx_word' id='word_1_193' title='bbox 554 3103 655 3159; x_wconf 88' lang='lat' dir='ltr'><strong>sub</strong></span> <span class='ocrx_word' id='word_1_194' title='bbox 694 3118 852 3174; x_wconf 66' lang='lat' dir='ltr'><strong>paena</strong></span> <span class='ocrx_word' id='word_1_195' title='bbox 878 3105 1462 3164; x_wconf 84' lang='lat' dir='ltr'><strong>excommunicationis</strong></span> <span class='ocrx_word' id='word_1_196' title='bbox 1494 3119 1549 3165; x_wconf 91' lang='lat' dir='ltr'><strong>et</strong></span> <span class='ocrx_word' id='word_1_197' title='bbox 1576 3111 1962 3169; x_wconf 76' lang='lat' dir='ltr'><strong>beneﬁciorum</strong></span> 
     </span>
    </p>
   </div>
   <div class='ocr_carea' id='block_1_31' title="bbox 384 3192 1965 3273">
    <p class='ocr_par' dir='ltr' id='par_1_31' title="bbox 384 3192 1965 3273">
     <span class='ocr_line' id='line_1_31' title="bbox 384 3192 1965 3273; baseline 0.007 -24"><span class='ocrx_word' id='word_1_198' title='bbox 384 3192 726 3264; x_wconf 80' lang='lat' dir='ltr'><strong>privationis,</strong></span> <span class='ocrx_word' id='word_1_199' title='bbox 747 3206 905 3267; x_wconf 88' lang='lat' dir='ltr'><strong>prout</strong></span> <span class='ocrx_word' id='word_1_200' title='bbox 932 3197 987 3251; x_wconf 91' lang='lat' dir='ltr'><strong>in</strong></span> <span class='ocrx_word' id='word_1_201' title='bbox 1016 3198 1176 3253; x_wconf 89' lang='lat' dir='ltr'><strong>dictis</strong></span> <span class='ocrx_word' id='word_1_202' title='bbox 1198 3200 1678 3257; x_wconf 84' lang='lat' dir='ltr'><strong>constitutionibus</strong></span> <span class='ocrx_word' id='word_1_203' title='bbox 1707 3217 1841 3273; x_wconf 89' lang='lat' dir='ltr'><strong>quas</strong></span> <span class='ocrx_word' id='word_1_204' title='bbox 1873 3205 1965 3260; x_wconf 90' lang='lat' dir='ltr'><strong>hic</strong></span> 
     </span>
    </p>
   </div>
   <div class='ocr_carea' id='block_1_32' title="bbox 383 3287 1994 3361">
    <p class='ocr_par' dir='ltr' id='par_1_32' title="bbox 383 3287 1994 3361">
     <span class='ocr_line' id='line_1_32' title="bbox 383 3287 1994 3361; baseline 0.006 -18"><span class='ocrx_word' id='word_1_205' title='bbox 383 3301 484 3360; x_wconf 88' lang='lat' dir='ltr'><strong>pro</strong></span> <span class='ocrx_word' id='word_1_206' title='bbox 539 3287 815 3361; x_wconf 66' lang='lat' dir='ltr'><strong>aspressis</strong></span> <span class='ocrx_word' id='word_1_207' title='bbox 871 3291 1059 3346; x_wconf 84' lang='lat' dir='ltr'><strong>haberi</strong></span> <span class='ocrx_word' id='word_1_208' title='bbox 1103 3291 1375 3359; x_wconf 88' lang='lat' dir='ltr'><strong>volumus,</strong></span> <span class='ocrx_word' id='word_1_209' title='bbox 1408 3293 1570 3350; x_wconf 79' lang='lat' dir='ltr'><strong>latius</strong></span> <span class='ocrx_word' id='word_1_210' title='bbox 1627 3297 1994 3353; x_wconf 88' lang='lat' dir='ltr'><strong>continetur.-</strong></span> 
     </span>
    </p>
   </div>
   <div class='ocr_carea' id='block_1_33' title="bbox 379 3381 1962 3458">
    <p class='ocr_par' dir='ltr' id='par_1_33' title="bbox 379 3381 1962 3458">
     <span class='ocr_line' id='line_1_33' title="bbox 379 3381 1962 3458; baseline 0.008 -24"><span class='ocrx_word' id='word_1_211' title='bbox 379 3381 565 3449; x_wconf 82' lang='lat' dir='ltr'><strong>Quare</strong></span> <span class='ocrx_word' id='word_1_212' title='bbox 598 3396 695 3453; x_wconf 93' lang='lat' dir='ltr'><strong>pro</strong></span> <span class='ocrx_word' id='word_1_213' title='bbox 725 3391 880 3453; x_wconf 88' lang='lat' dir='ltr'><strong>parte</strong></span> <span class='ocrx_word' id='word_1_214' title='bbox 939 3393 1117 3439; x_wconf 88' lang='lat' dir='ltr'><strong>vestra</strong></span> <span class='ocrx_word' id='word_1_215' title='bbox 1177 3394 1234 3439; x_wconf 91' lang='lat' dir='ltr'><strong>et</strong></span> <span class='ocrx_word' id='word_1_216' title='bbox 1283 3385 1508 3457; x_wconf 86' lang='lat' dir='ltr'><strong>capituli</strong></span> <span class='ocrx_word' id='word_1_217' title='bbox 1557 3386 1768 3458; x_wconf 70' lang='lat' dir='ltr'><strong>praefati</strong></span> <span class='ocrx_word' id='word_1_218' title='bbox 1807 3391 1962 3447; x_wconf 90' lang='lat' dir='ltr'><strong>nobis</strong></span> 
     </span>
    </p>
   </div>
   <div class='ocr_carea' id='block_1_34' title="bbox 381 3475 1958 3557">
    <p class='ocr_par' dir='ltr' id='par_1_34' title="bbox 381 3475 1958 3557">
     <span class='ocr_line' id='line_1_34' title="bbox 381 3475 1958 3557; baseline 0.007 -28"><span class='ocrx_word' id='word_1_219' title='bbox 381 3475 742 3557; x_wconf 81' lang='lat' dir='ltr'><strong>supplicatum</strong></span> <span class='ocrx_word' id='word_1_220' title='bbox 766 3475 903 3543; x_wconf 77' lang='lat' dir='ltr'><strong>fuit,“</strong></span> <span class='ocrx_word' id='word_1_221' title='bbox 921 3486 1187 3546; x_wconf 79' lang='lat' dir='ltr'><strong>quatenus</strong></span> <span class='ocrx_word' id='word_1_222' title='bbox 1207 3492 1307 3547; x_wconf 90' lang='lat' dir='ltr'><strong>pro</strong></span> <span class='ocrx_word' id='word_1_223' title='bbox 1333 3480 1587 3535; x_wconf 82' lang='lat' dir='ltr'><strong>validiori</strong></span> <span class='ocrx_word' id='word_1_224' title='bbox 1609 3480 1958 3540; x_wconf 82' lang='lat' dir='ltr'><strong>subsistentia</strong></span> 
     </span>
    </p>
   </div>
   <div class='ocr_carea' id='block_1_35' title="bbox 381 3569 1962 3648">
    <p class='ocr_par' dir='ltr' id='par_1_35' title="bbox 381 3569 1962 3648">
     <span class='ocr_line' id='line_1_35' title="bbox 381 3569 1962 3648; baseline 0.007 -26"><span class='ocrx_word' id='word_1_225' title='bbox 381 3569 865 3624; x_wconf 83' lang='lat' dir='ltr'><strong>constitutionibus</strong></span> <span class='ocrx_word' id='word_1_226' title='bbox 894 3569 1189 3640; x_wconf 71' lang='lat' dir='ltr'><strong>praedictis,</strong></span> <span class='ocrx_word' id='word_1_227' title='bbox 1227 3587 1290 3625; x_wconf 89' lang='lat' dir='ltr'><strong>ac</strong></span> <span class='ocrx_word' id='word_1_228' title='bbox 1329 3573 1582 3628; x_wconf 88' lang='lat' dir='ltr'><strong>omnibus</strong></span> <span class='ocrx_word' id='word_1_229' title='bbox 1632 3581 1686 3628; x_wconf 87' lang='lat' dir='ltr'><strong>et</strong></span> <span class='ocrx_word' id='word_1_230' title='bbox 1729 3576 1962 3648; x_wconf 77' lang='lat' dir='ltr'><strong>singulis</strong></span> 
     </span>
    </p>
   </div>
   <div class='ocr_carea' id='block_1_36' title="bbox 380 3662 1963 3724">
    <p class='ocr_par' dir='ltr' id='par_1_36' title="bbox 380 3662 1963 3724">
     <span class='ocr_line' id='line_1_36' title="bbox 380 3662 1963 3724; baseline 0.005 -8"><span class='ocrx_word' id='word_1_231' title='bbox 380 3662 652 3718; x_wconf 86' lang='lat' dir='ltr'><strong>contentis</strong></span> <span class='ocrx_word' id='word_1_232' title='bbox 681 3664 735 3716; x_wconf 91' lang='lat' dir='ltr'><strong>in</strong></span> <span class='ocrx_word' id='word_1_233' title='bbox 757 3663 915 3717; x_wconf 91' lang='lat' dir='ltr'><strong>dictis</strong></span> <span class='ocrx_word' id='word_1_234' title='bbox 932 3665 1414 3722; x_wconf 86' lang='lat' dir='ltr'><strong>constitutionibus</strong></span> <span class='ocrx_word' id='word_1_235' title='bbox 1436 3677 1638 3723; x_wconf 63' lang='lat' dir='ltr'><strong>nostra;</strong></span> <span class='ocrx_word' id='word_1_236' title='bbox 1668 3670 1963 3724; x_wconf 80' lang='lat' dir='ltr'><strong>conﬁrma-</strong></span> 
     </span>
    </p>
   </div>
   <div class='ocr_carea' id='block_1_37' title="bbox 383 3755 1960 3830">
    <p class='ocr_par' dir='ltr' id='par_1_37' title="bbox 383 3755 1960 3830">
     <span class='ocr_line' id='line_1_37' title="bbox 383 3755 1960 3830; baseline 0.003 -18"><span class='ocrx_word' id='word_1_237' title='bbox 383 3755 550 3812; x_wconf 86' lang='lat' dir='ltr'><strong>tionis</strong></span> <span class='ocrx_word' id='word_1_238' title='bbox 571 3756 735 3810; x_wconf 91' lang='lat' dir='ltr'><strong>robur</strong></span> <span class='ocrx_word' id='word_1_239' title='bbox 753 3755 992 3825; x_wconf 81' lang='lat' dir='ltr'><strong>adjicere</strong></span> <span class='ocrx_word' id='word_1_240' title='bbox 1022 3756 1390 3827; x_wconf 71' lang='lat' dir='ltr'><strong>dignaremur,</strong></span> <span class='ocrx_word' id='word_1_241' title='bbox 1413 3773 1630 3813; x_wconf 88' lang='lat' dir='ltr'><strong>omnem</strong></span> <span class='ocrx_word' id='word_1_242' title='bbox 1658 3759 1960 3830; x_wconf 88' lang='lat' dir='ltr'><strong>supplendo</strong></span> 
     </span>
    </p>
   </div>
   <div class='ocr_carea' id='block_1_38' title="bbox 380 3849 1960 3920">
    <p class='ocr_par' dir='ltr' id='par_1_38' title="bbox 380 3849 1960 3920">
     <span class='ocr_line' id='line_1_38' title="bbox 380 3849 1960 3920; baseline 0.003 -13"><span class='ocrx_word' id='word_1_243' title='bbox 380 3849 677 3914; x_wconf 80' lang='lat' dir='ltr'><strong>deiectum,</strong></span> <span class='ocrx_word' id='word_1_244' title='bbox 710 3850 753 3906; x_wconf 89' lang='lat' dir='ltr'><strong>si</strong></span> <span class='ocrx_word' id='word_1_245' title='bbox 779 3849 902 3920; x_wconf 84' lang='lat' dir='ltr'><strong>quis</strong></span> <span class='ocrx_word' id='word_1_246' title='bbox 938 3851 1118 3905; x_wconf 81' lang='lat' dir='ltr'><strong>forsan</strong></span> <span class='ocrx_word' id='word_1_247' title='bbox 1145 3852 1501 3907; x_wconf 74' lang='lat' dir='ltr'><strong>intervenerit</strong></span> <span class='ocrx_word' id='word_1_248' title='bbox 1537 3853 1588 3906; x_wconf 92' lang='lat' dir='ltr'><strong>in</strong></span> <span class='ocrx_word' id='word_1_249' title='bbox 1612 3853 1960 3911; x_wconf 79' lang='lat' dir='ltr'><strong>eisdem.Nos</strong></span> 
     </span>
    </p>
   </div>
   <div class='ocr_carea' id='block_1_39' title="bbox 379 3943 1960 4018">
    <p class='ocr_par' dir='ltr' id='par_1_39' title="bbox 379 3943 1960 4018">
     <span class='ocr_line' id='line_1_39' title="bbox 379 3943 1960 4018; baseline 0.004 -22"><span class='ocrx_word' id='word_1_250' title='bbox 379 3958 510 4013; x_wconf 78' lang='lat' dir='ltr'><strong>ergo</strong></span> <span class='ocrx_word' id='word_1_251' title='bbox 534 3943 729 3997; x_wconf 80' lang='lat' dir='ltr'><strong>vestris</strong></span> <span class='ocrx_word' id='word_1_252' title='bbox 750 3952 800 3997; x_wconf 89' lang='lat' dir='ltr'><strong>et</strong></span> <span class='ocrx_word' id='word_1_253' title='bbox 829 3943 1046 4012; x_wconf 72' lang='lat' dir='ltr'><strong>capituli</strong></span> <span class='ocrx_word' id='word_1_254' title='bbox 1075 3943 1314 4011; x_wconf 68' lang='lat' dir='ltr'><strong>praedicti</strong></span> <span class='ocrx_word' id='word_1_255' title='bbox 1349 3944 1401 3998; x_wconf 89' lang='lat' dir='ltr'><strong>in</strong></span> <span class='ocrx_word' id='word_1_256' title='bbox 1444 3945 1544 4000; x_wconf 90' lang='lat' dir='ltr'><strong>bac</strong></span> <span class='ocrx_word' id='word_1_257' title='bbox 1575 3956 1726 4016; x_wconf 86' lang='lat' dir='ltr'><strong>parte</strong></span> <span class='ocrx_word' id='word_1_258' title='bbox 1752 3948 1960 4018; x_wconf 81' lang='lat' dir='ltr'><strong>suppli-</strong></span> 
     </span>
    </p>
   </div>
   <div class='ocr_carea' id='block_1_40' title="bbox 378 4034 1956 4106">
    <p class='ocr_par' dir='ltr' id='par_1_40' title="bbox 378 4034 1956 4106">
     <span class='ocr_line' id='line_1_40' title="bbox 378 4034 1956 4106; baseline 0.004 -15"><span class='ocrx_word' id='word_1_259' title='bbox 378 4037 705 4102; x_wconf 82' lang='lat' dir='ltr'><strong>cationibus,</strong></span> <span class='ocrx_word' id='word_1_260' title='bbox 723 4043 986 4105; x_wconf 89' lang='lat' dir='ltr'><strong>quantum</strong></span> <span class='ocrx_word' id='word_1_261' title='bbox 1023 4050 1146 4090; x_wconf 90' lang='lat' dir='ltr'><strong>cum</strong></span> <span class='ocrx_word' id='word_1_262' title='bbox 1167 4034 1274 4091; x_wconf 90' lang='lat' dir='ltr'><strong>Deo</strong></span> <span class='ocrx_word' id='word_1_263' title='bbox 1296 4049 1610 4106; x_wconf 88' lang='lat' dir='ltr'><strong>possumus,</strong></span> <span class='ocrx_word' id='word_1_264' title='bbox 1628 4051 1956 4106; x_wconf 89' lang='lat' dir='ltr'><strong>annuentes,</strong></span> 
     </span>
    </p>
   </div>
   <div class='ocr_carea' id='block_1_41' title="bbox 378 4129 1959 4201">
    <p class='ocr_par' dir='ltr' id='par_1_41' title="bbox 378 4129 1959 4201">
     <span class='ocr_line' id='line_1_41' title="bbox 378 4129 1959 4201; baseline 0.002 -16"><span class='ocrx_word' id='word_1_265' title='bbox 378 4131 798 4186; x_wconf 86' lang='lat' dir='ltr'><strong>constitutiones</strong></span> <span class='ocrx_word' id='word_1_266' title='bbox 857 4129 1166 4199; x_wconf 64' lang='lat' dir='ltr'><strong>prasdictas,</strong></span> <span class='ocrx_word' id='word_1_267' title='bbox 1193 4144 1421 4197; x_wconf 88' lang='lat' dir='ltr'><strong>quarum</strong></span> <span class='ocrx_word' id='word_1_268' title='bbox 1455 4137 1697 4186; x_wconf 87' lang='lat' dir='ltr'><strong>tenorem</strong></span> <span class='ocrx_word' id='word_1_269' title='bbox 1741 4133 1828 4187; x_wconf 90' lang='lat' dir='ltr'><strong>hic</strong></span> <span class='ocrx_word' id='word_1_270' title='bbox 1861 4148 1959 4201; x_wconf 93' lang='lat' dir='ltr'><strong>pro</strong></span> 
     </span>
    </p>
   </div>
   <div class='ocr_carea' id='block_1_42' title="bbox 379 4221 1959 4296">
    <p class='ocr_par' dir='ltr' id='par_1_42' title="bbox 379 4221 1959 4296">
     <span class='ocr_line' id='line_1_42' title="bbox 379 4221 1959 4296; baseline -0.001 -16"><span class='ocrx_word' id='word_1_271' title='bbox 379 4240 644 4295; x_wconf 76' lang='lat' dir='ltr'><strong>expresso</strong></span> <span class='ocrx_word' id='word_1_272' title='bbox 674 4223 864 4278; x_wconf 89' lang='lat' dir='ltr'><strong>haberi</strong></span> <span class='ocrx_word' id='word_1_273' title='bbox 898 4221 1167 4288; x_wconf 79' lang='lat' dir='ltr'><strong>Volumus,</strong></span> <span class='ocrx_word' id='word_1_274' title='bbox 1200 4223 1492 4293; x_wconf 85' lang='lat' dir='ltr'><strong>omniaque</strong></span> <span class='ocrx_word' id='word_1_275' title='bbox 1520 4223 1626 4278; x_wconf 87' lang='lat' dir='ltr'><strong>alia</strong></span> <span class='ocrx_word' id='word_1_276' title='bbox 1666 4235 1721 4279; x_wconf 91' lang='lat' dir='ltr'><strong>et</strong></span> <span class='ocrx_word' id='word_1_277' title='bbox 1749 4225 1959 4296; x_wconf 79' lang='lat' dir='ltr'><strong>singula</strong></span> 
     </span>
    </p>
   </div>
   <div class='ocr_carea' id='block_1_43' title="bbox 379 4316 1960 4392">
    <p class='ocr_par' dir='ltr' id='par_1_43' title="bbox 379 4316 1960 4392">
     <span class='ocr_line' id='line_1_43' title="bbox 379 4316 1960 4392; baseline 0.001 -19"><span class='ocrx_word' id='word_1_278' title='bbox 379 4334 480 4392; x_wconf 89' lang='lat' dir='ltr'><strong>per</strong></span> <span class='ocrx_word' id='word_1_279' title='bbox 505 4334 623 4384; x_wconf 88' lang='lat' dir='ltr'><strong>vos,</strong></span> <span class='ocrx_word' id='word_1_280' title='bbox 652 4325 709 4373; x_wconf 88' lang='lat' dir='ltr'><strong>ut</strong></span> <span class='ocrx_word' id='word_1_281' title='bbox 730 4317 1035 4388; x_wconf 59' lang='lat' dir='ltr'><strong>praefertur,</strong></span> <span class='ocrx_word' id='word_1_282' title='bbox 1071 4317 1212 4370; x_wconf 87' lang='lat' dir='ltr'><strong>l&#39;acta</strong></span> <span class='ocrx_word' id='word_1_283' title='bbox 1245 4324 1303 4370; x_wconf 87' lang='lat' dir='ltr'><strong>et</strong></span> <span class='ocrx_word' id='word_1_284' title='bbox 1326 4316 1574 4371; x_wconf 88' lang='lat' dir='ltr'><strong>ordinata</strong></span> <span class='ocrx_word' id='word_1_285' title='bbox 1608 4325 1723 4373; x_wconf 88' lang='lat' dir='ltr'><strong>rata</strong></span> <span class='ocrx_word' id='word_1_286' title='bbox 1753 4318 1960 4374; x_wconf 88' lang='lat' dir='ltr'><strong>haben-</strong></span> 
     </span>
    </p>
   </div>
   <div class='ocr_carea' id='block_1_44' title="bbox 382 4411 1951 4484">
    <p class='ocr_par' dir='ltr' id='par_1_44' title="bbox 382 4411 1951 4484">
     <span class='ocr_line' id='line_1_44' title="bbox 382 4411 1951 4484; baseline -0.003 -13"><span class='ocrx_word' id='word_1_287' title='bbox 382 4425 461 4471; x_wconf 88' lang='lat' dir='ltr'><strong>tes</strong></span> <span class='ocrx_word' id='word_1_288' title='bbox 487 4425 542 4470; x_wconf 90' lang='lat' dir='ltr'><strong>et</strong></span> <span class='ocrx_word' id='word_1_289' title='bbox 565 4421 738 4481; x_wconf 77' lang='lat' dir='ltr'><strong>grata,</strong></span> <span class='ocrx_word' id='word_1_290' title='bbox 768 4413 855 4467; x_wconf 92' lang='lat' dir='ltr'><strong>illa</strong></span> <span class='ocrx_word' id='word_1_291' title='bbox 885 4413 1211 4466; x_wconf 87' lang='lat' dir='ltr'><strong>auctoritate</strong></span> <span class='ocrx_word' id='word_1_292' title='bbox 1235 4411 1530 4480; x_wconf 88' lang='lat' dir='ltr'><strong>apostolica</strong></span> <span class='ocrx_word' id='word_1_293' title='bbox 1562 4421 1766 4467; x_wconf 66' lang='lat' dir='ltr'><strong>nostra</strong></span> <span class='ocrx_word' id='word_1_294' title='bbox 1803 4414 1951 4484; x_wconf 80' lang='lat' dir='ltr'><strong>lega-</strong></span> 
     </span>
    </p>
   </div>
   <div class='ocr_carea' id='block_1_45' title="bbox 379 4503 1957 4578">
    <p class='ocr_par' dir='ltr' id='par_1_45' title="bbox 379 4503 1957 4578">
     <span class='ocr_line' id='line_1_45' title="bbox 379 4503 1957 4578; baseline -0.002 -13"><span class='ocrx_word' id='word_1_295' title='bbox 379 4509 546 4565; x_wconf 90' lang='lat' dir='ltr'><strong>tionis</strong></span> <span class='ocrx_word' id='word_1_296' title='bbox 571 4510 831 4578; x_wconf 90' lang='lat' dir='ltr'><strong>omnique</strong></span> <span class='ocrx_word' id='word_1_297' title='bbox 879 4506 982 4560; x_wconf 86' lang='lat' dir='ltr'><strong>alia</strong></span> <span class='ocrx_word' id='word_1_298' title='bbox 1009 4505 1356 4569; x_wconf 86' lang='lat' dir='ltr'><strong>auctoritate,</strong></span> <span class='ocrx_word' id='word_1_299' title='bbox 1393 4519 1496 4574; x_wconf 89' lang='lat' dir='ltr'><strong>qua</strong></span> <span class='ocrx_word' id='word_1_300' title='bbox 1527 4503 1805 4576; x_wconf 82' lang='lat' dir='ltr'><strong>fungimur</strong></span> <span class='ocrx_word' id='word_1_301' title='bbox 1827 4522 1957 4562; x_wconf 91' lang='lat' dir='ltr'><strong>con-</strong></span> 
     </span>
    </p>
   </div>
   <div class='ocr_carea' id='block_1_46' title="bbox 379 4600 1958 4673">
    <p class='ocr_par' dir='ltr' id='par_1_46' title="bbox 379 4600 1958 4673">
     <span class='ocr_line' id='line_1_46' title="bbox 379 4600 1958 4673; baseline -0.001 -15"><span class='ocrx_word' id='word_1_302' title='bbox 379 4605 680 4668; x_wconf 79' lang='lat' dir='ltr'><strong>ﬁrmamus,</strong></span> <span class='ocrx_word' id='word_1_303' title='bbox 695 4600 1060 4673; x_wconf 73' lang='lat' dir='ltr'><strong>approbemus</strong></span> <span class='ocrx_word' id='word_1_304' title='bbox 1079 4611 1133 4655; x_wconf 90' lang='lat' dir='ltr'><strong>et</strong></span> <span class='ocrx_word' id='word_1_305' title='bbox 1151 4600 1434 4670; x_wconf 65' lang='lat' dir='ltr'><strong>prmscntis</strong></span> <span class='ocrx_word' id='word_1_306' title='bbox 1447 4600 1631 4670; x_wconf 80' lang='lat' dir='ltr'><strong>seripti</strong></span> <span class='ocrx_word' id='word_1_307' title='bbox 1657 4600 1958 4672; x_wconf 81' lang='lat' dir='ltr'><strong>patrocinio</strong></span> 
     </span>
    </p>
   </div>
   <div class='ocr_carea' id='block_1_47' title="bbox 380 4688 1958 4761">
    <p class='ocr_par' dir='ltr' id='par_1_47' title="bbox 380 4688 1958 4761">
     <span class='ocr_line' id='line_1_47' title="bbox 380 4688 1958 4761; baseline 0.001 -15"><span class='ocrx_word' id='word_1_308' title='bbox 380 4692 780 4746; x_wconf 89' lang='lat' dir='ltr'><strong>communimus</strong></span> <span class='ocrx_word' id='word_1_309' title='bbox 812 4688 1114 4761; x_wconf 90' lang='lat' dir='ltr'><strong>supplendo</strong></span> <span class='ocrx_word' id='word_1_310' title='bbox 1137 4704 1330 4745; x_wconf 88' lang='lat' dir='ltr'><strong>omnes</strong></span> <span class='ocrx_word' id='word_1_311' title='bbox 1353 4691 1621 4758; x_wconf 77' lang='lat' dir='ltr'><strong>deiectus,</strong></span> <span class='ocrx_word' id='word_1_312' title='bbox 1665 4691 1710 4746; x_wconf 88' lang='lat' dir='ltr'><strong>si</strong></span> <span class='ocrx_word' id='word_1_313' title='bbox 1743 4694 1832 4761; x_wconf 91' lang='lat' dir='ltr'><strong>qui</strong></span> <span class='ocrx_word' id='word_1_314' title='bbox 1871 4692 1958 4747; x_wconf 91' lang='lat' dir='ltr'><strong>in-</strong></span> 
     </span>
    </p>
   </div>
   <div class='ocr_carea' id='block_1_48' title="bbox 380 4781 1957 4856">
    <p class='ocr_par' dir='ltr' id='par_1_48' title="bbox 380 4781 1957 4856">
     <span class='ocr_line' id='line_1_48' title="bbox 380 4781 1957 4856; baseline 0 -17"><span class='ocrx_word' id='word_1_315' title='bbox 380 4786 716 4840; x_wconf 81' lang='lat' dir='ltr'><strong>tervenerint</strong></span> <span class='ocrx_word' id='word_1_316' title='bbox 748 4785 801 4839; x_wconf 89' lang='lat' dir='ltr'><strong>in</strong></span> <span class='ocrx_word' id='word_1_317' title='bbox 832 4783 1153 4853; x_wconf 67' lang='lat' dir='ltr'><strong>promissis,</strong></span> <span class='ocrx_word' id='word_1_318' title='bbox 1206 4782 1404 4852; x_wconf 88' lang='lat' dir='ltr'><strong>illaque</strong></span> <span class='ocrx_word' id='word_1_319' title='bbox 1437 4781 1786 4839; x_wconf 84' lang='lat' dir='ltr'><strong>decernimus</strong></span> <span class='ocrx_word' id='word_1_320' title='bbox 1835 4801 1957 4856; x_wconf 76' lang='lat' dir='ltr'><strong>per-</strong></span> 
     </span>
    </p>
   </div>
   <div class='ocr_carea' id='block_1_49' title="bbox 381 4874 1951 4948">
    <p class='ocr_par' dir='ltr' id='par_1_49' title="bbox 381 4874 1951 4948">
     <span class='ocr_line' id='line_1_49' title="bbox 381 4874 1951 4948; baseline -0.001 -15"><span class='ocrx_word' id='word_1_321' title='bbox 381 4878 563 4948; x_wconf 85' lang='lat' dir='ltr'><strong>petuis</strong></span> <span class='ocrx_word' id='word_1_322' title='bbox 615 4875 818 4932; x_wconf 80' lang='lat' dir='ltr'><strong>futuris</strong></span> <span class='ocrx_word' id='word_1_323' title='bbox 846 4876 1176 4944; x_wconf 88' lang='lat' dir='ltr'><strong>temporibus</strong></span> <span class='ocrx_word' id='word_1_324' title='bbox 1217 4874 1606 4930; x_wconf 88' lang='lat' dir='ltr'><strong>inviolabiliter</strong></span> <span class='ocrx_word' id='word_1_325' title='bbox 1643 4878 1951 4944; x_wconf 88' lang='lat' dir='ltr'><strong>observari,</strong></span> 
     </span>
    </p>
   </div>
   <div class='ocr_carea' id='block_1_50' title="bbox 380 4969 1960 5047">
    <p class='ocr_par' dir='ltr' id='par_1_50' title="bbox 380 4969 1960 5047">
     <span class='ocr_line' id='line_1_50' title="bbox 380 4969 1960 5047; baseline -0.001 -22"><span class='ocrx_word' id='word_1_326' title='bbox 380 4987 488 5026; x_wconf 90' lang='lat' dir='ltr'><strong>non</strong></span> <span class='ocrx_word' id='word_1_327' title='bbox 510 4970 856 5026; x_wconf 87' lang='lat' dir='ltr'><strong>obstantibus</strong></span> <span class='ocrx_word' id='word_1_328' title='bbox 881 4969 1824 5047; x_wconf 77' lang='lat' dir='ltr'><strong>quibuscunqueconstitutionibus.</strong></span> <span class='ocrx_word' id='word_1_329' title='bbox 1851 4981 1960 5026; x_wconf 86' lang='lat' dir='ltr'><strong>sta-</strong></span> 
     </span>
    </p>
   </div>
   <div class='ocr_carea' id='block_1_51' title="bbox 382 5060 1960 5120">
    <p class='ocr_par' dir='ltr' id='par_1_51' title="bbox 382 5060 1960 5120">
     <span class='ocr_line' id='line_1_51' title="bbox 382 5060 1960 5120; baseline -0.001 0"><span class='ocrx_word' id='word_1_330' title='bbox 382 5065 514 5120; x_wconf 88' lang='lat' dir='ltr'><strong>tutis</strong></span> <span class='ocrx_word' id='word_1_331' title='bbox 533 5071 589 5120; x_wconf 87' lang='lat' dir='ltr'><strong>et</strong></span> <span class='ocrx_word' id='word_1_332' title='bbox 607 5063 1090 5120; x_wconf 86' lang='lat' dir='ltr'><strong>consuetudinibus</strong></span> <span class='ocrx_word' id='word_1_333' title='bbox 1111 5071 1165 5117; x_wconf 90' lang='lat' dir='ltr'><strong>et</strong></span> <span class='ocrx_word' id='word_1_334' title='bbox 1186 5061 1308 5116; x_wconf 75' lang='lat' dir='ltr'><strong>aliis</strong></span> <span class='ocrx_word' id='word_1_335' title='bbox 1326 5060 1378 5115; x_wconf 90' lang='lat' dir='ltr'><strong>in</strong></span> <span class='ocrx_word' id='word_1_336' title='bbox 1396 5063 1732 5118; x_wconf 86' lang='lat' dir='ltr'><strong>contrarium</strong></span> <span class='ocrx_word' id='word_1_337' title='bbox 1758 5061 1960 5118; x_wconf 58' lang='lat' dir='ltr'><strong>l&#39;acienw</strong></span> 
     </span>
    </p>
   </div>
   <div class='ocr_carea' id='block_1_52' title="bbox 462 5173 544 5214">
    <p class='ocr_par' dir='ltr' id='par_1_52' title="bbox 462 5173 544 5214">
     <span class='ocr_line' id='line_1_52' title="bbox 462 5173 544 5214; baseline 0.049 -4"><span class='ocrx_word' id='word_1_338' title='bbox 462 5173 544 5214; x_wconf 80' lang='lat' dir='ltr'><strong>IIS.</strong></span> 
     </span>
    </p>
   </div>
   <div class='ocr_carea' id='block_1_53' title="bbox 380 5159 1685 5315">
    <p class='ocr_par' dir='ltr' id='par_1_53' title="bbox 380 5159 1685 5315">
     <span class='ocr_line' id='line_1_53' title="bbox 462 5173 544 5214; baseline 0.049 -4"><span class='ocrx_word' id='word_1_339' title='bbox 462 5173 544 5214; x_wconf 86' lang='lat' dir='ltr'><strong>ns.</strong></span> 
     </span>
     <span class='ocr_line' id='line_1_54' title="bbox 380 5159 1685 5315; baseline -0.002 -10"><span class='ocrx_word' id='word_1_340' title='bbox 380 5159 643 5306; x_wconf 78' lang='lat' dir='ltr'><strong>ubDatum</strong></span> <span class='ocrx_word' id='word_1_341' title='bbox 678 5250 958 5315; x_wconf 71' lang='lat' dir='ltr'><strong>Bononiae,</strong></span> <span class='ocrx_word' id='word_1_342' title='bbox 979 5249 1064 5305; x_wconf 89' lang='lat' dir='ltr'><strong>die</strong></span> <span class='ocrx_word' id='word_1_343' title='bbox 1097 5265 1148 5305; x_wconf 88' lang='lat' dir='ltr'><strong>vt</strong></span> <span class='ocrx_word' id='word_1_344' title='bbox 1191 5247 1502 5304; x_wconf 81' lang='lat' dir='ltr'><strong>Decembris</strong></span> <span class='ocrx_word' id='word_1_345' title='bbox 1528 5248 1685 5305; x_wconf 62' lang='grc' dir='ltr'><strong>ηδε.</strong></span> 
     </span>
    </p>
   </div>
   <div class='ocr_carea' id='block_1_54' title="bbox 1115 5388 1212 5444">
    <p class='ocr_par' dir='ltr' id='par_1_54' title="bbox 1115 5388 1212 5444">
     <span class='ocr_line' id='line_1_55' title="bbox 1115 5388 1212 5444; baseline -0.021 0"><span class='ocrx_word' id='word_1_346' title='bbox 1115 5388 1212 5444; x_wconf 89' lang='lat' dir='ltr'><strong>lll.</strong></span> 
     </span>
    </p>
   </div>
   <div class='ocr_carea' id='block_1_55' title="bbox 450 5504 1959 5577">
    <p class='ocr_par' dir='ltr' id='par_1_55' title="bbox 450 5504 1959 5577">
     <span class='ocr_line' id='line_1_56' title="bbox 450 5504 1959 5577; baseline -0.003 -11"><span class='ocrx_word' id='word_1_347' title='bbox 450 5506 762 5572; x_wconf 81' lang='lat' dir='ltr'><strong>Bessarion,</strong></span> <span class='ocrx_word' id='word_1_348' title='bbox 790 5515 922 5570; x_wconf 85' lang='lat' dir='ltr'><strong>etc.,</strong></span> <span class='ocrx_word' id='word_1_349' title='bbox 945 5504 1237 5561; x_wconf 84' lang='lat' dir='ltr'><strong>venerabili</strong></span> <span class='ocrx_word' id='word_1_350' title='bbox 1269 5505 1386 5559; x_wconf 89' lang='lat' dir='ltr'><strong>viro</strong></span> <span class='ocrx_word' id='word_1_351' title='bbox 1411 5504 1690 5577; x_wconf 86' lang='lat' dir='ltr'><strong>Sylvestro</strong></span> <span class='ocrx_word' id='word_1_352' title='bbox 1727 5504 1959 5572; x_wconf 87' lang='lat' dir='ltr'><strong>Quirino</strong></span> 
     </span>
    </p>
   </div>
   <div class='ocr_carea' id='block_1_56' title="bbox 379 5599 1958 5667">
    <p class='ocr_par' dir='ltr' id='par_1_56' title="bbox 379 5599 1958 5667">
     <span class='ocr_line' id='line_1_57' title="bbox 379 5599 1958 5667; baseline -0.002 -10"><span class='ocrx_word' id='word_1_353' title='bbox 379 5600 714 5667; x_wconf 81' lang='lat' dir='ltr'><strong>deVenetiis,</strong></span> <span class='ocrx_word' id='word_1_354' title='bbox 741 5601 1084 5666; x_wconf 84' lang='lat' dir='ltr'><strong>decretorum</strong></span> <span class='ocrx_word' id='word_1_355' title='bbox 1129 5601 1363 5665; x_wconf 89' lang='lat' dir='ltr'><strong>doctori,</strong></span> <span class='ocrx_word' id='word_1_356' title='bbox 1394 5599 1837 5656; x_wconf 85' lang='lat' dir='ltr'><strong>reverendissimi</strong></span> <span class='ocrx_word' id='word_1_357' title='bbox 1860 5599 1958 5654; x_wconf 76' lang='lat' dir='ltr'><strong>do~</strong></span> 
     </span>
    </p>
   </div>
   <div class='ocr_carea' id='block_1_57' title="bbox 383 5692 1958 5766">
    <p class='ocr_par' dir='ltr' id='par_1_57' title="bbox 383 5692 1958 5766">
     <span class='ocr_line' id='line_1_58' title="bbox 383 5692 1958 5766; baseline -0.001 -16"><span class='ocrx_word' id='word_1_358' title='bbox 383 5694 520 5751; x_wconf 83' lang='lat' dir='ltr'><strong>mini</strong></span> <span class='ocrx_word' id='word_1_359' title='bbox 546 5692 943 5766; x_wconf 85' lang='lat' dir='ltr'><strong>archiepiscopi</strong></span> <span class='ocrx_word' id='word_1_360' title='bbox 991 5693 1334 5750; x_wconf 80' lang='lat' dir='ltr'><strong>Ravennatis</strong></span> <span class='ocrx_word' id='word_1_361' title='bbox 1380 5695 1608 5760; x_wconf 85' lang='lat' dir='ltr'><strong>vicario,</strong></span> <span class='ocrx_word' id='word_1_362' title='bbox 1631 5693 1861 5749; x_wconf 82' lang='lat' dir='ltr'><strong>salutem</strong></span> <span class='ocrx_word' id='word_1_363' title='bbox 1903 5701 1958 5749; x_wconf 81' lang='lat' dir='ltr'><strong>et</strong></span> 
     </span>
    </p>
   </div>
   <div class='ocr_carea' id='block_1_58' title="bbox 382 5788 1392 5851">
    <p class='ocr_par' dir='ltr' id='par_1_58' title="bbox 382 5788 1392 5851">
     <span class='ocr_line' id='line_1_59' title="bbox 382 5788 1392 5851; baseline -0.006 -3"><span class='ocrx_word' id='word_1_364' title='bbox 382 5791 657 5849; x_wconf 82' lang='lat' dir='ltr'><strong>sinceram</strong></span> <span class='ocrx_word' id='word_1_365' title='bbox 690 5791 742 5847; x_wconf 90' lang='lat' dir='ltr'><strong>in</strong></span> <span class='ocrx_word' id='word_1_366' title='bbox 773 5791 1002 5851; x_wconf 83' lang='lat' dir='ltr'><strong>Domino</strong></span> <span class='ocrx_word' id='word_1_367' title='bbox 1038 5788 1392 5848; x_wconf 87' lang='lat' dir='ltr'><strong>charitatem.</strong></span> 
     </span>
    </p>
   </div>
   <div class='ocr_carea' id='block_1_59' title="bbox 1655 273 2424 350">
    <p class='ocr_par' dir='ltr' id='par_1_59' title="bbox 1655 273 2424 350">
     <span class='ocr_line' id='line_1_60' title="bbox 1655 273 2424 350; baseline -0.005 -10"><span class='ocrx_word' id='word_1_368' title='bbox 1655 273 2189 350; x_wconf 74' lang='lat' dir='ltr'><strong>.BESSABIONIS</strong></span> <span class='ocrx_word' id='word_1_369' title='bbox 2229 275 2424 349; x_wconf 70' lang='lat' dir='ltr'><strong>ACTA</strong></span> 
     </span>
    </p>
   </div>
   <div class='ocr_carea' id='block_1_60' title="bbox 3561 267 3664 325">
    <p class='ocr_par' dir='ltr' id='par_1_60' title="bbox 3561 267 3664 325">
     <span class='ocr_line' id='line_1_61' title="bbox 3561 267 3664 325; baseline -0.01 -8"><span class='ocrx_word' id='word_1_370' title='bbox 3561 267 3664 325; x_wconf 63' lang='grc' dir='ltr'><strong>διε</strong></span> 
     </span>
    </p>
   </div>
   <div class='ocr_carea' id='block_1_61' title="bbox 2164 380 3669 460">
    <p class='ocr_par' dir='ltr' id='par_1_61' title="bbox 2164 380 3669 460">
     <span class='ocr_line' id='line_1_62' title="bbox 2164 380 3669 460; baseline -0.004 -18"><span class='ocrx_word' id='word_1_371' title='bbox 2164 387 2324 456; x_wconf 78' lang='lat' dir='ltr'><strong>Sedis</strong></span> <span class='ocrx_word' id='word_1_372' title='bbox 2356 388 2676 460; x_wconf 65' lang='lat' dir='ltr'><strong>apostolica!</strong></span> <span class='ocrx_word' id='word_1_373' title='bbox 2709 380 3054 458; x_wconf 84' lang='lat' dir='ltr'><strong>providentia</strong></span> <span class='ocrx_word' id='word_1_374' title='bbox 3099 381 3498 454; x_wconf 82' lang='lat' dir='ltr'><strong>circumspecta</strong></span> <span class='ocrx_word' id='word_1_375' title='bbox 3532 395 3669 436; x_wconf 70' lang='lat' dir='ltr'><strong>nono</strong></span> 
     </span>
    </p>
   </div>
   <div class='ocr_carea' id='block_1_62' title="bbox 2090 479 3668 554">
    <p class='ocr_par' dir='ltr' id='par_1_62' title="bbox 2090 479 3668 554">
     <span class='ocr_line' id='line_1_63' title="bbox 2090 479 3668 554; baseline -0.004 -16"><span class='ocrx_word' id='word_1_376' title='bbox 2090 500 2363 554; x_wconf 86' lang='lat' dir='ltr'><strong>nunquam</strong></span> <span class='ocrx_word' id='word_1_377' title='bbox 2405 487 2642 554; x_wconf 81' lang='lat' dir='ltr'><strong>rigorem</strong></span> <span class='ocrx_word' id='word_1_378' title='bbox 2666 481 2809 551; x_wconf 72' lang='lat' dir='ltr'><strong>juris</strong></span> <span class='ocrx_word' id='word_1_379' title='bbox 2839 479 3260 537; x_wconf 89' lang='lat' dir='ltr'><strong>mansuetudine</strong></span> <span class='ocrx_word' id='word_1_380' title='bbox 3292 487 3581 547; x_wconf 81' lang='lat' dir='ltr'><strong>temperat.</strong></span> <span class='ocrx_word' id='word_1_381' title='bbox 3612 487 3668 531; x_wconf 82' lang='lat' dir='ltr'><strong>et</strong></span> 
     </span>
    </p>
   </div>
   <div class='ocr_carea' id='block_1_63' title="bbox 2085 569 3671 660">
    <p class='ocr_par' dir='ltr' id='par_1_63' title="bbox 2085 569 3671 660">
     <span class='ocr_line' id='line_1_64' title="bbox 2085 569 3671 660; baseline -0.004 -30"><span class='ocrx_word' id='word_1_382' title='bbox 2085 579 2232 645; x_wconf 88' lang='lat' dir='ltr'><strong>quod</strong></span> <span class='ocrx_word' id='word_1_383' title='bbox 2265 593 2546 653; x_wconf 84' lang='lat' dir='ltr'><strong>sacrorum</strong></span> <span class='ocrx_word' id='word_1_384' title='bbox 2579 591 2850 660; x_wconf 79' lang='lat' dir='ltr'><strong>canonum</strong></span> <span class='ocrx_word' id='word_1_385' title='bbox 2871 571 3428 646; x_wconf 87' lang='lat' dir='ltr'><strong>probibentinstituta</strong></span> <span class='ocrx_word' id='word_1_386' title='bbox 3455 569 3526 625; x_wconf 83' lang='lat' dir='ltr'><strong>de</strong></span> <span class='ocrx_word' id='word_1_387' title='bbox 3546 584 3671 640; x_wconf 72' lang='lat' dir='ltr'><strong>gra-</strong></span> 
     </span>
    </p>
   </div>
   <div class='ocr_carea' id='block_1_64' title="bbox 2088 669 3670 744">
    <p class='ocr_par' dir='ltr' id='par_1_64' title="bbox 2088 669 3670 744">
     <span class='ocr_line' id='line_1_65' title="bbox 2088 669 3670 744; baseline -0.003 -19"><span class='ocrx_word' id='word_1_388' title='bbox 2088 671 2162 726; x_wconf 91' lang='lat' dir='ltr'><strong>tia</strong></span> <span class='ocrx_word' id='word_1_389' title='bbox 2191 669 2543 744; x_wconf 68' lang='lat' dir='ltr'><strong>benignitatis</strong></span> <span class='ocrx_word' id='word_1_390' title='bbox 2573 670 2836 743; x_wconf 71' lang='lat' dir='ltr'><strong>indulget,</strong></span> <span class='ocrx_word' id='word_1_391' title='bbox 2871 681 3030 740; x_wconf 90' lang='lat' dir='ltr'><strong>prout</strong></span> <span class='ocrx_word' id='word_1_392' title='bbox 3058 683 3415 739; x_wconf 89' lang='lat' dir='ltr'><strong>personarum</strong></span> <span class='ocrx_word' id='word_1_393' title='bbox 3444 674 3500 722; x_wconf 90' lang='lat' dir='ltr'><strong>et</strong></span> <span class='ocrx_word' id='word_1_394' title='bbox 3535 676 3670 721; x_wconf 87' lang='lat' dir='ltr'><strong>tem-</strong></span> 
     </span>
    </p>
   </div>
   <div class='ocr_carea' id='block_1_65' title="bbox 2087 758 3669 835">
    <p class='ocr_par' dir='ltr' id='par_1_65' title="bbox 2087 758 3669 835">
     <span class='ocr_line' id='line_1_66' title="bbox 2087 758 3669 835; baseline -0.003 -18"><span class='ocrx_word' id='word_1_395' title='bbox 2087 758 2279 834; x_wconf 85' lang='lat' dir='ltr'><strong>porum</strong></span> <span class='ocrx_word' id='word_1_396' title='bbox 2314 766 2578 835; x_wconf 84' lang='lat' dir='ltr'><strong>qualitate</strong></span> <span class='ocrx_word' id='word_1_397' title='bbox 2601 762 2829 834; x_wconf 80' lang='lat' dir='ltr'><strong>pénsata</strong></span> <span class='ocrx_word' id='word_1_398' title='bbox 2853 763 2906 820; x_wconf 92' lang='lat' dir='ltr'><strong>id</strong></span> <span class='ocrx_word' id='word_1_399' title='bbox 2938 765 2992 818; x_wconf 91' lang='lat' dir='ltr'><strong>in</strong></span> <span class='ocrx_word' id='word_1_400' title='bbox 3030 761 3144 817; x_wconf 88' lang='lat' dir='ltr'><strong>Deo</strong></span> <span class='ocrx_word' id='word_1_401' title='bbox 3174 761 3472 817; x_wconf 85' lang='lat' dir='ltr'><strong>salubriter</strong></span> <span class='ocrx_word' id='word_1_402' title='bbox 3501 773 3669 828; x_wconf 80' lang='lat' dir='ltr'><strong>expe-</strong></span> 
     </span>
    </p>
   </div>
   <div class='ocr_carea' id='block_1_66' title="bbox 2084 853 3667 929">
    <p class='ocr_par' dir='ltr' id='par_1_66' title="bbox 2084 853 3667 929">
     <span class='ocr_line' id='line_1_67' title="bbox 2084 853 3667 929; baseline -0.003 -17"><span class='ocrx_word' id='word_1_403' title='bbox 2084 858 2203 914; x_wconf 88' lang='lat' dir='ltr'><strong>dire</strong></span> <span class='ocrx_word' id='word_1_404' title='bbox 2231 859 2534 929; x_wconf 79' lang='lat' dir='ltr'><strong>cognoscit.</strong></span> <span class='ocrx_word' id='word_1_405' title='bbox 2573 858 2719 916; x_wconf 87' lang='lat' dir='ltr'><strong>Sane</strong></span> <span class='ocrx_word' id='word_1_406' title='bbox 2745 873 2810 914; x_wconf 79' lang='lat' dir='ltr'><strong>ex</strong></span> <span class='ocrx_word' id='word_1_407' title='bbox 2837 867 2992 929; x_wconf 79' lang='lat' dir='ltr'><strong>parte</strong></span> <span class='ocrx_word' id='word_1_408' title='bbox 3022 854 3407 912; x_wconf 73' lang='lat' dir='ltr'><strong>Bartholomtei</strong></span> <span class='ocrx_word' id='word_1_409' title='bbox 3433 856 3500 909; x_wconf 90' lang='lat' dir='ltr'><strong>de</strong></span> <span class='ocrx_word' id='word_1_410' title='bbox 3523 853 3667 908; x_wconf 86' lang='lat' dir='ltr'><strong>Stre-</strong></span> 
     </span>
    </p>
   </div>
   <div class='ocr_carea' id='block_1_67' title="bbox 2084 944 3669 1022">
    <p class='ocr_par' dir='ltr' id='par_1_67' title="bbox 2084 944 3669 1022">
     <span class='ocr_line' id='line_1_68' title="bbox 2084 944 3669 1022; baseline -0.005 -15"><span class='ocrx_word' id='word_1_411' title='bbox 2084 954 2316 1022; x_wconf 76' lang='lat' dir='ltr'><strong>gonibus</strong></span> <span class='ocrx_word' id='word_1_412' title='bbox 2354 963 2410 1008; x_wconf 90' lang='lat' dir='ltr'><strong>et</strong></span> <span class='ocrx_word' id='word_1_413' title='bbox 2445 950 2630 1008; x_wconf 74' lang='lat' dir='ltr'><strong>Maria:</strong></span> <span class='ocrx_word' id='word_1_414' title='bbox 2665 950 2931 1022; x_wconf 79' lang='lat' dir='ltr'><strong>Gssparis</strong></span> <span class='ocrx_word' id='word_1_415' title='bbox 2966 950 3034 1004; x_wconf 84' lang='lat' dir='ltr'><strong>de</strong></span> <span class='ocrx_word' id='word_1_416' title='bbox 3084 947 3349 1006; x_wconf 79' lang='lat' dir='ltr'><strong>llannsiis</strong></span> <span class='ocrx_word' id='word_1_417' title='bbox 3377 947 3444 1002; x_wconf 88' lang='lat' dir='ltr'><strong>de</strong></span> <span class='ocrx_word' id='word_1_418' title='bbox 3473 944 3669 1004; x_wconf 67' lang='lat' dir='ltr'><strong>Rusti:</strong></span> 
     </span>
    </p>
   </div>
   <div class='ocr_carea' id='block_1_68' title="bbox 2084 1035 3666 1117">
    <p class='ocr_par' dir='ltr' id='par_1_68' title="bbox 2084 1035 3666 1117">
     <span class='ocr_line' id='line_1_69' title="bbox 2084 1035 3666 1117; baseline -0.006 -18"><span class='ocrx_word' id='word_1_419' title='bbox 2084 1045 2329 1100; x_wconf 85' lang='lat' dir='ltr'><strong>mulieris</strong></span> <span class='ocrx_word' id='word_1_420' title='bbox 2354 1044 2647 1117; x_wconf 68' lang='lat' dir='ltr'><strong>coniugum</strong></span> <span class='ocrx_word' id='word_1_421' title='bbox 2688 1043 2850 1098; x_wconf 89' lang='lat' dir='ltr'><strong>nobis</strong></span> <span class='ocrx_word' id='word_1_422' title='bbox 2879 1041 3062 1098; x_wconf 76' lang='lat' dir='ltr'><strong>oblata</strong></span> <span class='ocrx_word' id='word_1_423' title='bbox 3094 1041 3286 1109; x_wconf 91' lang='lat' dir='ltr'><strong>petitio</strong></span> <span class='ocrx_word' id='word_1_424' title='bbox 3329 1035 3666 1097; x_wconf 80' lang='lat' dir='ltr'><strong>continebat,</strong></span> 
     </span>
    </p>
   </div>
   <div class='ocr_carea' id='block_1_69' title="bbox 2084 1128 3669 1208">
    <p class='ocr_par' dir='ltr' id='par_1_69' title="bbox 2084 1128 3669 1208">
     <span class='ocr_line' id='line_1_70' title="bbox 2084 1128 3669 1208; baseline -0.008 -16"><span class='ocrx_word' id='word_1_425' title='bbox 2084 1138 2224 1206; x_wconf 88' lang='lat' dir='ltr'><strong>quod</strong></span> <span class='ocrx_word' id='word_1_426' title='bbox 2252 1137 2354 1206; x_wconf 90' lang='lat' dir='ltr'><strong>ipsi</strong></span> <span class='ocrx_word' id='word_1_427' title='bbox 2377 1137 2466 1192; x_wconf 90' lang='lat' dir='ltr'><strong>diu</strong></span> <span class='ocrx_word' id='word_1_428' title='bbox 2485 1137 2827 1208; x_wconf 75' lang='lat' dir='ltr'><strong>ignorantes,</strong></span> <span class='ocrx_word' id='word_1_429' title='bbox 2855 1135 3074 1206; x_wconf 88' lang='lat' dir='ltr'><strong>aliquod</strong></span> <span class='ocrx_word' id='word_1_430' title='bbox 3098 1131 3554 1203; x_wconf 88' lang='lat' dir='ltr'><strong>impedimentum</strong></span> <span class='ocrx_word' id='word_1_431' title='bbox 3586 1128 3669 1182; x_wconf 84' lang='lat' dir='ltr'><strong>in-</strong></span> 
     </span>
    </p>
   </div>
   <div class='ocr_carea' id='block_1_70' title="bbox 2086 1223 3668 1299">
    <p class='ocr_par' dir='ltr' id='par_1_70' title="bbox 2086 1223 3668 1299">
     <span class='ocr_line' id='line_1_71' title="bbox 2086 1223 3668 1299; baseline -0.004 -20"><span class='ocrx_word' id='word_1_432' title='bbox 2086 1237 2293 1299; x_wconf 64' lang='lat' dir='ltr'><strong>tercus</strong></span> <span class='ocrx_word' id='word_1_433' title='bbox 2328 1227 2594 1283; x_wconf 74' lang='lat' dir='ltr'><strong>exsistere</strong></span> <span class='ocrx_word' id='word_1_434' title='bbox 2622 1229 2920 1298; x_wconf 90' lang='lat' dir='ltr'><strong>quominus</strong></span> <span class='ocrx_word' id='word_1_435' title='bbox 2945 1233 3166 1296; x_wconf 82' lang='lat' dir='ltr'><strong>possent</strong></span> <span class='ocrx_word' id='word_1_436' title='bbox 3201 1226 3266 1278; x_wconf 87' lang='lat' dir='ltr'><strong>ad</strong></span> <span class='ocrx_word' id='word_1_437' title='bbox 3292 1223 3524 1278; x_wconf 86' lang='lat' dir='ltr'><strong>invicem</strong></span> <span class='ocrx_word' id='word_1_438' title='bbox 3556 1233 3668 1274; x_wconf 53' lang='lat' dir='ltr'><strong>mad-</strong></span> 
     </span>
    </p>
   </div>
   <div class='ocr_carea' id='block_1_71' title="bbox 2084 1316 3666 1390">
    <p class='ocr_par' dir='ltr' id='par_1_71' title="bbox 2084 1316 3666 1390">
     <span class='ocr_line' id='line_1_72' title="bbox 2084 1316 3666 1390; baseline -0.002 -18"><span class='ocrx_word' id='word_1_439' title='bbox 2084 1317 2470 1374; x_wconf 87' lang='lat' dir='ltr'><strong>trimonialiter</strong></span> <span class='ocrx_word' id='word_1_440' title='bbox 2526 1320 2795 1390; x_wconf 88' lang='lat' dir='ltr'><strong>copulari,</strong></span> <span class='ocrx_word' id='word_1_441' title='bbox 2853 1317 3271 1374; x_wconf 87' lang='lat' dir='ltr'><strong>matrimonium</strong></span> <span class='ocrx_word' id='word_1_442' title='bbox 3310 1316 3455 1371; x_wconf 86' lang='lat' dir='ltr'><strong>inter</strong></span> <span class='ocrx_word' id='word_1_443' title='bbox 3483 1329 3543 1369; x_wconf 88' lang='lat' dir='ltr'><strong>se</strong></span> <span class='ocrx_word' id='word_1_444' title='bbox 3573 1327 3666 1384; x_wconf 87' lang='lat' dir='ltr'><strong>per</strong></span> 
     </span>
    </p>
   </div>
   <div class='ocr_carea' id='block_1_72' title="bbox 2084 1406 3665 1479">
    <p class='ocr_par' dir='ltr' id='par_1_72' title="bbox 2084 1406 3665 1479">
     <span class='ocr_line' id='line_1_73' title="bbox 2084 1406 3665 1479; baseline -0.001 -17"><span class='ocrx_word' id='word_1_445' title='bbox 2084 1411 2245 1464; x_wconf 88' lang='lat' dir='ltr'><strong>verba</strong></span> <span class='ocrx_word' id='word_1_446' title='bbox 2275 1411 2339 1464; x_wconf 84' lang='lat' dir='ltr'><strong>de</strong></span> <span class='ocrx_word' id='word_1_447' title='bbox 2367 1413 2622 1479; x_wconf 68' lang='lat' dir='ltr'><strong>praesenti</strong></span> <span class='ocrx_word' id='word_1_448' title='bbox 2657 1411 2997 1468; x_wconf 80' lang='lat' dir='ltr'><strong>clandestine</strong></span> <span class='ocrx_word' id='word_1_449' title='bbox 3016 1416 3438 1474; x_wconf 76' lang='lat' dir='ltr'><strong>contraxerunt,</strong></span> <span class='ocrx_word' id='word_1_450' title='bbox 3461 1406 3665 1463; x_wconf 88' lang='lat' dir='ltr'><strong>carnali</strong></span> 
     </span>
    </p>
   </div>
   <div class='ocr_carea' id='block_1_73' title="bbox 2081 1487 3665 1570">
    <p class='ocr_par' dir='ltr' id='par_1_73' title="bbox 2081 1487 3665 1570">
     <span class='ocr_line' id='line_1_74' title="bbox 2081 1487 3665 1570; baseline -0.001 -14"><span class='ocrx_word' id='word_1_451' title='bbox 2081 1501 2273 1570; x_wconf 85' lang='lat' dir='ltr'><strong>copula</strong></span> <span class='ocrx_word' id='word_1_452' title='bbox 2331 1502 2475 1560; x_wconf 86' lang='lat' dir='ltr'><strong>inter</strong></span> <span class='ocrx_word' id='word_1_453' title='bbox 2505 1520 2604 1561; x_wconf 91' lang='lat' dir='ltr'><strong>eos</strong></span> <span class='ocrx_word' id='word_1_454' title='bbox 2638 1503 2885 1561; x_wconf 87' lang='lat' dir='ltr'><strong>nondum</strong></span> <span class='ocrx_word' id='word_1_455' title='bbox 2938 1487 3239 1559; x_wconf 84' lang='lat' dir='ltr'><strong>subsecuta</strong></span> <span class='ocrx_word' id='word_1_456' title='bbox 3269 1518 3286 1568; x_wconf 85' lang='lat'><strong>;</strong></span> <span class='ocrx_word' id='word_1_457' title='bbox 3325 1499 3665 1570; x_wconf 82' lang='lat' dir='ltr'><strong>postmodum</strong></span> 
     </span>
    </p>
   </div>
   <div class='ocr_carea' id='block_1_74' title="bbox 2081 1594 3666 1666">
    <p class='ocr_par' dir='ltr' id='par_1_74' title="bbox 2081 1594 3666 1666">
     <span class='ocr_line' id='line_1_75' title="bbox 2081 1594 3666 1666; baseline 0.001 -22"><span class='ocrx_word' id='word_1_458' title='bbox 2081 1607 2213 1647; x_wconf 88' lang='lat' dir='ltr'><strong>vero</strong></span> <span class='ocrx_word' id='word_1_459' title='bbox 2242 1594 2311 1650; x_wconf 87' lang='lat' dir='ltr'><strong>ad</strong></span> <span class='ocrx_word' id='word_1_460' title='bbox 2346 1610 2533 1651; x_wconf 73' lang='lat' dir='ltr'><strong>eoium</strong></span> <span class='ocrx_word' id='word_1_461' title='bbox 2568 1597 2814 1666; x_wconf 82' lang='lat' dir='ltr'><strong>pervenit</strong></span> <span class='ocrx_word' id='word_1_462' title='bbox 2849 1597 3102 1652; x_wconf 83' lang='lat' dir='ltr'><strong>notitiam</strong></span> <span class='ocrx_word' id='word_1_463' title='bbox 3129 1594 3275 1664; x_wconf 87' lang='lat' dir='ltr'><strong>quod</strong></span> <span class='ocrx_word' id='word_1_464' title='bbox 3304 1603 3500 1665; x_wconf 86' lang='lat' dir='ltr'><strong>quarto</strong></span> <span class='ocrx_word' id='word_1_465' title='bbox 3531 1601 3666 1646; x_wconf 52' lang='lat' dir='ltr'><strong>cons</strong></span> 
     </span>
    </p>
   </div>
   <div class='ocr_carea' id='block_1_75' title="bbox 2083 1686 3668 1758">
    <p class='ocr_par' dir='ltr' id='par_1_75' title="bbox 2083 1686 3668 1758">
     <span class='ocr_line' id='line_1_76' title="bbox 2083 1686 3668 1758; baseline 0.001 -19"><span class='ocrx_word' id='word_1_466' title='bbox 2083 1687 2474 1756; x_wconf 78' lang='lat' dir='ltr'><strong>sanguinitatis</strong></span> <span class='ocrx_word' id='word_1_467' title='bbox 2504 1691 2670 1757; x_wconf 79' lang='lat' dir='ltr'><strong>gradu</strong></span> <span class='ocrx_word' id='word_1_468' title='bbox 2704 1690 2938 1746; x_wconf 88' lang='lat' dir='ltr'><strong>invicem</strong></span> <span class='ocrx_word' id='word_1_469' title='bbox 2970 1695 3096 1745; x_wconf 85' lang='lat' dir='ltr'><strong>sunt</strong></span> <span class='ocrx_word' id='word_1_470' title='bbox 3119 1686 3424 1758; x_wconf 81' lang='lat' dir='ltr'><strong>conjuncti,</strong></span> <span class='ocrx_word' id='word_1_471' title='bbox 3445 1694 3668 1757; x_wconf 87' lang='lat' dir='ltr'><strong>propter</strong></span> 
     </span>
    </p>
   </div>
   <div class='ocr_carea' id='block_1_76' title="bbox 2081 1780 3671 1850">
    <p class='ocr_par' dir='ltr' id='par_1_76' title="bbox 2081 1780 3671 1850">
     <span class='ocr_line' id='line_1_77' title="bbox 2081 1780 3671 1850; baseline 0.001 -19"><span class='ocrx_word' id='word_1_472' title='bbox 2081 1780 2226 1848; x_wconf 88' lang='lat' dir='ltr'><strong>quod</strong></span> <span class='ocrx_word' id='word_1_473' title='bbox 2262 1780 2313 1834; x_wconf 92' lang='lat' dir='ltr'><strong>in</strong></span> <span class='ocrx_word' id='word_1_474' title='bbox 2345 1782 2655 1850; x_wconf 87' lang='lat' dir='ltr'><strong>bujusmodi</strong></span> <span class='ocrx_word' id='word_1_475' title='bbox 2690 1782 3043 1839; x_wconf 85' lang='lat' dir='ltr'><strong>matrimonio</strong></span> <span class='ocrx_word' id='word_1_476' title='bbox 3087 1793 3370 1836; x_wconf 87' lang='lat' dir='ltr'><strong>remanere</strong></span> <span class='ocrx_word' id='word_1_477' title='bbox 3398 1793 3508 1834; x_wconf 92' lang='lat' dir='ltr'><strong>non</strong></span> <span class='ocrx_word' id='word_1_478' title='bbox 3542 1792 3671 1849; x_wconf 84' lang='lat' dir='ltr'><strong>pos-</strong></span> 
     </span>
    </p>
   </div>
   <div class='ocr_carea' id='block_1_77' title="bbox 2082 1872 3667 1946">
    <p class='ocr_par' dir='ltr' id='par_1_77' title="bbox 2082 1872 3667 1946">
     <span class='ocr_line' id='line_1_78' title="bbox 2082 1872 3667 1946; baseline -0.005 -14"><span class='ocrx_word' id='word_1_479' title='bbox 2082 1880 2232 1939; x_wconf 77' lang='lat' dir='ltr'><strong>sunt,</strong></span> <span class='ocrx_word' id='word_1_480' title='bbox 2285 1877 2584 1943; x_wconf 85' lang='lat' dir='ltr'><strong>apostolica</strong></span> <span class='ocrx_word' id='word_1_481' title='bbox 2617 1892 2782 1946; x_wconf 89' lang='lat' dir='ltr'><strong>super</strong></span> <span class='ocrx_word' id='word_1_482' title='bbox 2823 1877 2927 1932; x_wconf 92' lang='lat' dir='ltr'><strong>hoc</strong></span> <span class='ocrx_word' id='word_1_483' title='bbox 2960 1889 3069 1932; x_wconf 80' lang='lat' dir='ltr'><strong>non</strong></span> <span class='ocrx_word' id='word_1_484' title='bbox 3101 1875 3323 1930; x_wconf 88' lang='lat' dir='ltr'><strong>obtenta</strong></span> <span class='ocrx_word' id='word_1_485' title='bbox 3380 1872 3667 1942; x_wconf 75' lang='lat' dir='ltr'><strong>dispensa~</strong></span> 
     </span>
    </p>
   </div>
   <div class='ocr_carea' id='block_1_78' title="bbox 2084 1966 3668 2041">
    <p class='ocr_par' dir='ltr' id='par_1_78' title="bbox 2084 1966 3668 2041">
     <span class='ocr_line' id='line_1_79' title="bbox 2084 1966 3668 2041; baseline 0 -19"><span class='ocrx_word' id='word_1_486' title='bbox 2084 1973 2250 2027; x_wconf 86' lang='lat' dir='ltr'><strong>tione.</strong></span> <span class='ocrx_word' id='word_1_487' title='bbox 2285 1969 2345 2025; x_wconf 87' lang='lat' dir='ltr'><strong>Et</strong></span> <span class='ocrx_word' id='word_1_488' title='bbox 2397 1970 2756 2025; x_wconf 88' lang='lat' dir='ltr'><strong>sicuteadem</strong></span> <span class='ocrx_word' id='word_1_489' title='bbox 2808 1969 3001 2041; x_wconf 86' lang='lat' dir='ltr'><strong>petitio</strong></span> <span class='ocrx_word' id='word_1_490' title='bbox 3034 1966 3399 2039; x_wconf 73' lang='lat' dir='ltr'><strong>subjungebat</strong></span> <span class='ocrx_word' id='word_1_491' title='bbox 3446 1968 3493 2024; x_wconf 87' lang='lat' dir='ltr'><strong>si</strong></span> <span class='ocrx_word' id='word_1_492' title='bbox 3531 1969 3668 2023; x_wconf 90' lang='lat' dir='ltr'><strong>inter</strong></span> 
     </span>
    </p>
   </div>
   <div class='ocr_carea' id='block_1_79' title="bbox 2080 2059 3732 2133">
    <p class='ocr_par' dir='ltr' id='par_1_79' title="bbox 2080 2059 3732 2133">
     <span class='ocr_line' id='line_1_80' title="bbox 2080 2059 3732 2133; baseline -0.002 -16"><span class='ocrx_word' id='word_1_493' title='bbox 2080 2062 2535 2120; x_wconf 75' lang='lat' dir='ltr'><strong>Bartbolomteum</strong></span> <span class='ocrx_word' id='word_1_494' title='bbox 2563 2072 2618 2117; x_wconf 91' lang='lat' dir='ltr'><strong>et</strong></span> <span class='ocrx_word' id='word_1_495' title='bbox 2638 2061 2862 2118; x_wconf 77' lang='lat' dir='ltr'><strong>Mariam</strong></span> <span class='ocrx_word' id='word_1_496' title='bbox 2892 2062 3145 2133; x_wconf 69' lang='lat' dir='ltr'><strong>praefatos</strong></span> <span class='ocrx_word' id='word_1_497' title='bbox 3169 2060 3467 2116; x_wconf 82' lang='lat' dir='ltr'><strong>divortium</strong></span> <span class='ocrx_word' id='word_1_498' title='bbox 3490 2059 3666 2127; x_wconf 82' lang='lat' dir='ltr'><strong>ﬁeret,</strong></span> <span class='ocrx_word' id='word_1_499' title='bbox 3729 2064 3732 2067; x_wconf 43' lang='grc' dir='ltr'>λ</span> 
     </span>
    </p>
   </div>
   <div class='ocr_carea' id='block_1_80' title="bbox 2079 2155 3668 2226">
    <p class='ocr_par' dir='ltr' id='par_1_80' title="bbox 2079 2155 3668 2226">
     <span class='ocr_line' id='line_1_81' title="bbox 2079 2155 3668 2226; baseline 0 -16"><span class='ocrx_word' id='word_1_500' title='bbox 2079 2156 2472 2221; x_wconf 87' lang='lat' dir='ltr'><strong>dissensiones,</strong></span> <span class='ocrx_word' id='word_1_501' title='bbox 2498 2156 2698 2210; x_wconf 88' lang='lat' dir='ltr'><strong>damna</strong></span> <span class='ocrx_word' id='word_1_502' title='bbox 2722 2165 2778 2213; x_wconf 89' lang='lat' dir='ltr'><strong>et</strong></span> <span class='ocrx_word' id='word_1_503' title='bbox 2801 2155 3060 2212; x_wconf 83' lang='lat' dir='ltr'><strong>scandala</strong></span> <span class='ocrx_word' id='word_1_504' title='bbox 3082 2155 3227 2211; x_wconf 90' lang='lat' dir='ltr'><strong>inter</strong></span> <span class='ocrx_word' id='word_1_505' title='bbox 3253 2155 3424 2226; x_wconf 79' lang='lat' dir='ltr'><strong>ipsos.</strong></span> <span class='ocrx_word' id='word_1_506' title='bbox 3445 2170 3668 2220; x_wconf 62' lang='grc' dir='ltr'><strong>θοι-ωηο</strong></span> 
     </span>
    </p>
   </div>
   <div class='ocr_carea' id='block_1_81' title="bbox 2077 2247 3668 2320">
    <p class='ocr_par' dir='ltr' id='par_1_81' title="bbox 2077 2247 3668 2320">
     <span class='ocr_line' id='line_1_82' title="bbox 2077 2247 3668 2320; baseline 0.001 -17"><span class='ocrx_word' id='word_1_507' title='bbox 2077 2263 2185 2317; x_wconf 89' lang='lat' dir='ltr'><strong>que</strong></span> <span class='ocrx_word' id='word_1_508' title='bbox 2215 2253 2660 2320; x_wconf 77' lang='lat' dir='ltr'><strong>consanguineos</strong></span> <span class='ocrx_word' id='word_1_509' title='bbox 2713 2257 2771 2306; x_wconf 89' lang='lat' dir='ltr'><strong>et</strong></span> <span class='ocrx_word' id='word_1_510' title='bbox 2797 2249 3006 2305; x_wconf 78' lang='lat' dir='ltr'><strong>amicos</strong></span> <span class='ocrx_word' id='word_1_511' title='bbox 3035 2250 3240 2305; x_wconf 76' lang='lat' dir='ltr'><strong>exinde</strong></span> <span class='ocrx_word' id='word_1_512' title='bbox 3285 2247 3668 2304; x_wconf 74' lang='lat' dir='ltr'><strong>verosimilitcr</strong></span> 
     </span>
    </p>
   </div>
   <div class='ocr_carea' id='block_1_82' title="bbox 2078 2339 3668 2412">
    <p class='ocr_par' dir='ltr' id='par_1_82' title="bbox 2078 2339 3668 2412">
     <span class='ocr_line' id='line_1_83' title="bbox 2078 2339 3668 2412; baseline 0.001 -18"><span class='ocrx_word' id='word_1_513' title='bbox 2078 2340 2284 2395; x_wconf 80' lang='lat' dir='ltr'><strong>exoriri</strong></span> <span class='ocrx_word' id='word_1_514' title='bbox 2347 2351 2593 2412; x_wconf 80' lang='lat' dir='ltr'><strong>possent.</strong></span> <span class='ocrx_word' id='word_1_515' title='bbox 2622 2340 2809 2408; x_wconf 81' lang='lat' dir='ltr'><strong>Quare</strong></span> <span class='ocrx_word' id='word_1_516' title='bbox 2836 2357 2935 2410; x_wconf 78' lang='lat' dir='ltr'><strong>pro</strong></span> <span class='ocrx_word' id='word_1_517' title='bbox 2988 2354 3149 2412; x_wconf 84' lang='lat' dir='ltr'><strong>parte</strong></span> <span class='ocrx_word' id='word_1_518' title='bbox 3191 2339 3582 2396; x_wconf 71' lang='lat' dir='ltr'><strong>Bartbolomtei</strong></span> <span class='ocrx_word' id='word_1_519' title='bbox 3611 2350 3668 2396; x_wconf 86' lang='lat' dir='ltr'><strong>et</strong></span> 
     </span>
    </p>
   </div>
   <div class='ocr_carea' id='block_1_83' title="bbox 2075 2431 3664 2504">
    <p class='ocr_par' dir='ltr' id='par_1_83' title="bbox 2075 2431 3664 2504">
     <span class='ocr_line' id='line_1_84' title="bbox 2075 2431 3664 2504; baseline 0 -18"><span class='ocrx_word' id='word_1_520' title='bbox 2075 2431 2263 2487; x_wconf 66' lang='lat' dir='ltr'><strong>Marias</strong></span> <span class='ocrx_word' id='word_1_521' title='bbox 2298 2433 2460 2489; x_wconf 84' lang='lat' dir='ltr'><strong>nobis</strong></span> <span class='ocrx_word' id='word_1_522' title='bbox 2494 2432 2600 2488; x_wconf 74' lang='lat' dir='ltr'><strong>fuit</strong></span> <span class='ocrx_word' id='word_1_523' title='bbox 2639 2432 2920 2490; x_wconf 88' lang='lat' dir='ltr'><strong>humiliter</strong></span> <span class='ocrx_word' id='word_1_524' title='bbox 2949 2433 3312 2504; x_wconf 87' lang='lat' dir='ltr'><strong>supplicatum</strong></span> <span class='ocrx_word' id='word_1_525' title='bbox 3349 2443 3406 2488; x_wconf 90' lang='lat' dir='ltr'><strong>ut</strong></span> <span class='ocrx_word' id='word_1_526' title='bbox 3443 2432 3577 2502; x_wconf 83' lang='lat' dir='ltr'><strong>ipsis</strong></span> <span class='ocrx_word' id='word_1_527' title='bbox 3610 2441 3664 2486; x_wconf 84' lang='lat' dir='ltr'><strong>et</strong></span> 
     </span>
    </p>
   </div>
   <div class='ocr_carea' id='block_1_84' title="bbox 2077 2526 3663 2597">
    <p class='ocr_par' dir='ltr' id='par_1_84' title="bbox 2077 2526 3663 2597">
     <span class='ocr_line' id='line_1_85' title="bbox 2077 2526 3663 2597; baseline 0.001 -16"><span class='ocrx_word' id='word_1_528' title='bbox 2077 2540 2266 2581; x_wconf 88' lang='lat' dir='ltr'><strong>eorum</strong></span> <span class='ocrx_word' id='word_1_529' title='bbox 2297 2526 2523 2583; x_wconf 85' lang='lat' dir='ltr'><strong>cuilibet</strong></span> <span class='ocrx_word' id='word_1_530' title='bbox 2560 2540 2726 2597; x_wconf 87' lang='lat' dir='ltr'><strong>super</strong></span> <span class='ocrx_word' id='word_1_531' title='bbox 2753 2527 2858 2583; x_wconf 81' lang='lat' dir='ltr'><strong>hoc</strong></span> <span class='ocrx_word' id='word_1_532' title='bbox 2881 2527 2952 2581; x_wconf 83' lang='lat' dir='ltr'><strong>de</strong></span> <span class='ocrx_word' id='word_1_533' title='bbox 2997 2526 3362 2582; x_wconf 83' lang='lat' dir='ltr'><strong>absolutionis</strong></span> <span class='ocrx_word' id='word_1_534' title='bbox 3396 2527 3663 2582; x_wconf 74' lang='lat' dir='ltr'><strong>beneﬂcio</strong></span> 
     </span>
    </p>
   </div>
   <div class='ocr_carea' id='block_1_85' title="bbox 2077 2619 3664 2690">
    <p class='ocr_par' dir='ltr' id='par_1_85' title="bbox 2077 2619 3664 2690">
     <span class='ocr_line' id='line_1_86' title="bbox 2077 2619 3664 2690; baseline 0.001 -17"><span class='ocrx_word' id='word_1_535' title='bbox 2077 2634 2106 2673; x_wconf 90' lang='lat' dir='ltr'><strong>a</strong></span> <span class='ocrx_word' id='word_1_536' title='bbox 2133 2619 2369 2690; x_wconf 76' lang='lat' dir='ltr'><strong>generali</strong></span> <span class='ocrx_word' id='word_1_537' title='bbox 2405 2619 2990 2675; x_wconf 79' lang='lat' dir='ltr'><strong>excommunicationis</strong></span> <span class='ocrx_word' id='word_1_538' title='bbox 3017 2620 3496 2690; x_wconf 84' lang='lat' dir='ltr'><strong>sententia,quatn</strong></span> <span class='ocrx_word' id='word_1_539' title='bbox 3538 2634 3664 2688; x_wconf 83' lang='lat' dir='ltr'><strong>pro-</strong></span> 
     </span>
    </p>
   </div>
   <div class='ocr_carea' id='block_1_86' title="bbox 2074 2713 3663 2784">
    <p class='ocr_par' dir='ltr' id='par_1_86' title="bbox 2074 2713 3663 2784">
     <span class='ocr_line' id='line_1_87' title="bbox 2074 2713 3663 2784; baseline 0.002 -17"><span class='ocrx_word' id='word_1_540' title='bbox 2074 2720 2196 2782; x_wconf 90' lang='lat' dir='ltr'><strong>pter</strong></span> <span class='ocrx_word' id='word_1_541' title='bbox 2249 2722 2590 2769; x_wconf 87' lang='lat' dir='ltr'><strong>contractum</strong></span> <span class='ocrx_word' id='word_1_542' title='bbox 2626 2713 2964 2769; x_wconf 87' lang='lat' dir='ltr'><strong>clandestine</strong></span> <span class='ocrx_word' id='word_1_543' title='bbox 3017 2715 3428 2769; x_wconf 85' lang='lat' dir='ltr'><strong>matrimonium</strong></span> <span class='ocrx_word' id='word_1_544' title='bbox 3471 2714 3663 2784; x_wconf 83' lang='lat' dir='ltr'><strong>hujus-</strong></span> 
     </span>
    </p>
   </div>
   <div class='ocr_carea' id='block_1_87' title="bbox 2075 2806 3664 2878">
    <p class='ocr_par' dir='ltr' id='par_1_87' title="bbox 2075 2806 3664 2878">
     <span class='ocr_line' id='line_1_88' title="bbox 2075 2806 3664 2878; baseline 0.001 -18"><span class='ocrx_word' id='word_1_545' title='bbox 2075 2806 2220 2861; x_wconf 88' lang='lat' dir='ltr'><strong>modi</strong></span> <span class='ocrx_word' id='word_1_546' title='bbox 2283 2806 2693 2876; x_wconf 69' lang='lat' dir='ltr'><strong>qutomodolibet</strong></span> <span class='ocrx_word' id='word_1_547' title='bbox 2769 2807 3142 2875; x_wconf 83' lang='lat' dir='ltr'><strong>incurrerunt,</strong></span> <span class='ocrx_word' id='word_1_548' title='bbox 3200 2816 3256 2863; x_wconf 90' lang='lat' dir='ltr'><strong>et</strong></span> <span class='ocrx_word' id='word_1_549' title='bbox 3342 2817 3664 2878; x_wconf 68' lang='lat' dir='ltr'><strong>Opportuna</strong></span> 
     </span>
    </p>
   </div>
   <div class='ocr_carea' id='block_1_88' title="bbox 2073 2897 3655 2971">
    <p class='ocr_par' dir='ltr' id='par_1_88' title="bbox 2073 2897 3655 2971">
     <span class='ocr_line' id='line_1_89' title="bbox 2073 2897 3655 2971; baseline 0.002 -19"><span class='ocrx_word' id='word_1_550' title='bbox 2073 2897 2494 2967; x_wconf 88' lang='lat' dir='ltr'><strong>dispensationis</strong></span> <span class='ocrx_word' id='word_1_551' title='bbox 2517 2899 2693 2969; x_wconf 76' lang='lat' dir='ltr'><strong>gratia</strong></span> <span class='ocrx_word' id='word_1_552' title='bbox 2712 2899 3003 2971; x_wconf 89' lang='lat' dir='ltr'><strong>providere</strong></span> <span class='ocrx_word' id='word_1_553' title='bbox 3025 2900 3091 2956; x_wconf 88' lang='lat' dir='ltr'><strong>de</strong></span> <span class='ocrx_word' id='word_1_554' title='bbox 3109 2900 3448 2971; x_wconf 70' lang='lat' dir='ltr'><strong>benignitate</strong></span> <span class='ocrx_word' id='word_1_555' title='bbox 3469 2909 3655 2955; x_wconf 83' lang='lat' dir='ltr'><strong>nostra</strong></span> 
     </span>
    </p>
   </div>
   <div class='ocr_carea' id='block_1_89' title="bbox 2072 2991 3665 3062">
    <p class='ocr_par' dir='ltr' id='par_1_89' title="bbox 2072 2991 3665 3062">
     <span class='ocr_line' id='line_1_90' title="bbox 2072 2991 3665 3062; baseline 0.001 -15"><span class='ocrx_word' id='word_1_556' title='bbox 2072 2992 2452 3062; x_wconf 78' lang='lat' dir='ltr'><strong>dignaremur.</strong></span> <span class='ocrx_word' id='word_1_557' title='bbox 2493 2991 2605 3050; x_wconf 84' lang='lat' dir='ltr'><strong>Nos</strong></span> <span class='ocrx_word' id='word_1_558' title='bbox 2654 2992 2842 3061; x_wconf 91' lang='lat' dir='ltr'><strong>itaque</strong></span> <span class='ocrx_word' id='word_1_559' title='bbox 2888 2992 3133 3062; x_wconf 89' lang='lat' dir='ltr'><strong>ipsorum</strong></span> <span class='ocrx_word' id='word_1_560' title='bbox 3175 2991 3559 3062; x_wconf 65' lang='lat' dir='ltr'><strong>Bartltolomaai</strong></span> <span class='ocrx_word' id='word_1_561' title='bbox 3609 3000 3665 3048; x_wconf 88' lang='lat' dir='ltr'><strong>et</strong></span> 
     </span>
    </p>
   </div>
   <div class='ocr_carea' id='block_1_90' title="bbox 2071 3081 3664 3155">
    <p class='ocr_par' dir='ltr' id='par_1_90' title="bbox 2071 3081 3664 3155">
     <span class='ocr_line' id='line_1_91' title="bbox 2071 3081 3664 3155; baseline -0.001 -16"><span class='ocrx_word' id='word_1_562' title='bbox 2071 3081 2258 3139; x_wconf 73' lang='lat' dir='ltr'><strong>Marias</strong></span> <span class='ocrx_word' id='word_1_563' title='bbox 2291 3085 2345 3140; x_wconf 91' lang='lat' dir='ltr'><strong>in</strong></span> <span class='ocrx_word' id='word_1_564' title='bbox 2396 3084 2498 3140; x_wconf 86' lang='lat' dir='ltr'><strong>hac</strong></span> <span class='ocrx_word' id='word_1_565' title='bbox 2517 3093 2675 3155; x_wconf 88' lang='lat' dir='ltr'><strong>parte</strong></span> <span class='ocrx_word' id='word_1_566' title='bbox 2715 3083 3213 3154; x_wconf 79' lang='lat' dir='ltr'><strong>supplicationibus</strong></span> <span class='ocrx_word' id='word_1_567' title='bbox 3255 3081 3528 3149; x_wconf 67' lang='lat' dir='ltr'><strong>inclinasti,</strong></span> <span class='ocrx_word' id='word_1_568' title='bbox 3569 3097 3664 3137; x_wconf 81' lang='lat' dir='ltr'><strong>eo-</strong></span> 
     </span>
    </p>
   </div>
   <div class='ocr_carea' id='block_1_91' title="bbox 2072 3174 3658 3250">
    <p class='ocr_par' dir='ltr' id='par_1_91' title="bbox 2072 3174 3658 3250">
     <span class='ocr_line' id='line_1_92' title="bbox 2072 3174 3658 3250; baseline -0.002 -16"><span class='ocrx_word' id='word_1_569' title='bbox 2072 3191 2301 3247; x_wconf 88' lang='lat' dir='ltr'><strong>rumque</strong></span> <span class='ocrx_word' id='word_1_570' title='bbox 2333 3179 2643 3234; x_wconf 84' lang='lat' dir='ltr'><strong>animarum</strong></span> <span class='ocrx_word' id='word_1_571' title='bbox 2687 3177 2849 3234; x_wconf 88' lang='lat' dir='ltr'><strong>saluti</strong></span> <span class='ocrx_word' id='word_1_572' title='bbox 2903 3177 3197 3246; x_wconf 87' lang='lat' dir='ltr'><strong>providere</strong></span> <span class='ocrx_word' id='word_1_573' title='bbox 3240 3184 3297 3234; x_wconf 89' lang='lat' dir='ltr'><strong>et</strong></span> <span class='ocrx_word' id='word_1_574' title='bbox 3344 3174 3658 3250; x_wconf 71' lang='lat' dir='ltr'><strong>huiusmodi</strong></span> 
     </span>
    </p>
   </div>
   <div class='ocr_carea' id='block_1_92' title="bbox 2071 3268 3661 3341">
    <p class='ocr_par' dir='ltr' id='par_1_92' title="bbox 2071 3268 3661 3341">
     <span class='ocr_line' id='line_1_93' title="bbox 2071 3268 3661 3341; baseline -0.002 -13"><span class='ocrx_word' id='word_1_575' title='bbox 2071 3272 2509 3330; x_wconf 89' lang='lat' dir='ltr'><strong>dissensionibus</strong></span> <span class='ocrx_word' id='word_1_576' title='bbox 2538 3288 2602 3327; x_wconf 88' lang='lat' dir='ltr'><strong>ac</strong></span> <span class='ocrx_word' id='word_1_577' title='bbox 2624 3271 2916 3336; x_wconf 86' lang='lat' dir='ltr'><strong>scandalis,</strong></span> <span class='ocrx_word' id='word_1_578' title='bbox 2938 3282 3208 3341; x_wconf 86' lang='lat' dir='ltr'><strong>quantum</strong></span> <span class='ocrx_word' id='word_1_579' title='bbox 3236 3284 3359 3325; x_wconf 89' lang='lat' dir='ltr'><strong>cum</strong></span> <span class='ocrx_word' id='word_1_580' title='bbox 3388 3268 3501 3324; x_wconf 88' lang='lat' dir='ltr'><strong>Deo</strong></span> <span class='ocrx_word' id='word_1_581' title='bbox 3529 3282 3661 3338; x_wconf 80' lang='lat' dir='ltr'><strong>pos-</strong></span> 
     </span>
    </p>
   </div>
   <div class='ocr_carea' id='block_1_93' title="bbox 2071 3358 3662 3433">
    <p class='ocr_par' dir='ltr' id='par_1_93' title="bbox 2071 3358 3662 3433">
     <span class='ocr_line' id='line_1_94' title="bbox 2071 3358 3662 3433; baseline -0.003 -12"><span class='ocrx_word' id='word_1_582' title='bbox 2071 3378 2280 3430; x_wconf 83' lang='lat' dir='ltr'><strong>sumus,</strong></span> <span class='ocrx_word' id='word_1_583' title='bbox 2307 3364 2527 3419; x_wconf 88' lang='lat' dir='ltr'><strong>obviare</strong></span> <span class='ocrx_word' id='word_1_584' title='bbox 2555 3363 2823 3428; x_wconf 82' lang='lat' dir='ltr'><strong>volentes,</strong></span> <span class='ocrx_word' id='word_1_585' title='bbox 2850 3363 2917 3418; x_wconf 69' lang='lat' dir='ltr'><strong>li.</strong></span> <span class='ocrx_word' id='word_1_586' title='bbox 2946 3361 3012 3418; x_wconf 82' lang='lat' dir='ltr'><strong>V.</strong></span> <span class='ocrx_word' id='word_1_587' title='bbox 3033 3361 3102 3418; x_wconf 88' lang='lat' dir='ltr'><strong>de</strong></span> <span class='ocrx_word' id='word_1_588' title='bbox 3131 3376 3238 3433; x_wconf 87' lang='lat' dir='ltr'><strong>qua</strong></span> <span class='ocrx_word' id='word_1_589' title='bbox 3271 3361 3323 3415; x_wconf 92' lang='lat' dir='ltr'><strong>iu</strong></span> <span class='ocrx_word' id='word_1_590' title='bbox 3356 3361 3423 3416; x_wconf 91' lang='lat' dir='ltr'><strong>iis</strong></span> <span class='ocrx_word' id='word_1_591' title='bbox 3457 3370 3512 3416; x_wconf 89' lang='lat' dir='ltr'><strong>et</strong></span> <span class='ocrx_word' id='word_1_592' title='bbox 3541 3358 3662 3416; x_wconf 83' lang='lat' dir='ltr'><strong>aliis</strong></span> 
     </span>
    </p>
   </div>
   <div class='ocr_carea' id='block_1_94' title="bbox 2071 3450 3659 3524">
    <p class='ocr_par' dir='ltr' id='par_1_94' title="bbox 2071 3450 3659 3524">
     <span class='ocr_line' id='line_1_95' title="bbox 2071 3450 3659 3524; baseline -0.001 -14"><span class='ocrx_word' id='word_1_593' title='bbox 2071 3455 2287 3524; x_wconf 88' lang='lat' dir='ltr'><strong>plenam</strong></span> <span class='ocrx_word' id='word_1_594' title='bbox 2337 3454 2389 3509; x_wconf 91' lang='lat' dir='ltr'><strong>in</strong></span> <span class='ocrx_word' id='word_1_595' title='bbox 2432 3454 2667 3510; x_wconf 81' lang='lat' dir='ltr'><strong>Domino</strong></span> <span class='ocrx_word' id='word_1_596' title='bbox 2693 3452 2952 3510; x_wconf 82' lang='lat' dir='ltr'><strong>ﬁduciam</strong></span> <span class='ocrx_word' id='word_1_597' title='bbox 2981 3452 3298 3508; x_wconf 81' lang='lat' dir='ltr'><strong>obtinemus</strong></span> <span class='ocrx_word' id='word_1_598' title='bbox 3326 3450 3659 3508; x_wconf 80' lang='lat' dir='ltr'><strong>auctoritate</strong></span> 
     </span>
    </p>
   </div>
   <div class='ocr_carea' id='block_1_95' title="bbox 2067 3543 3652 3618">
    <p class='ocr_par' dir='ltr' id='par_1_95' title="bbox 2067 3543 3652 3618">
     <span class='ocr_line' id='line_1_96' title="bbox 2067 3543 3652 3618; baseline 0 -16"><span class='ocrx_word' id='word_1_599' title='bbox 2067 3547 2365 3618; x_wconf 85' lang='lat' dir='ltr'><strong>apostolica</strong></span> <span class='ocrx_word' id='word_1_600' title='bbox 2384 3547 2541 3603; x_wconf 91' lang='lat' dir='ltr'><strong>nobis</strong></span> <span class='ocrx_word' id='word_1_601' title='bbox 2561 3561 2843 3615; x_wconf 87' lang='lat' dir='ltr'><strong>concessa,</strong></span> <span class='ocrx_word' id='word_1_602' title='bbox 2858 3561 2966 3617; x_wconf 87' lang='lat' dir='ltr'><strong>qua</strong></span> <span class='ocrx_word' id='word_1_603' title='bbox 2989 3544 3264 3616; x_wconf 76' lang='lat' dir='ltr'><strong>fungimur</strong></span> <span class='ocrx_word' id='word_1_604' title='bbox 3279 3543 3332 3600; x_wconf 92' lang='lat' dir='ltr'><strong>in</strong></span> <span class='ocrx_word' id='word_1_605' title='bbox 3351 3545 3455 3603; x_wconf 87' lang='lat' dir='ltr'><strong>hac</strong></span> <span class='ocrx_word' id='word_1_606' title='bbox 3477 3555 3652 3618; x_wconf 84' lang='lat' dir='ltr'><strong>parte.</strong></span> 
     </span>
    </p>
   </div>
   <div class='ocr_carea' id='block_1_96' title="bbox 2070 3638 3654 3710">
    <p class='ocr_par' dir='ltr' id='par_1_96' title="bbox 2070 3638 3654 3710">
     <span class='ocr_line' id='line_1_97' title="bbox 2070 3638 3654 3710; baseline -0.001 -16"><span class='ocrx_word' id='word_1_607' title='bbox 2070 3655 2168 3708; x_wconf 89' lang='lat' dir='ltr'><strong>per</strong></span> <span class='ocrx_word' id='word_1_608' title='bbox 2199 3640 2312 3695; x_wconf 66' lang='lat' dir='ltr'><strong>haec</strong></span> <span class='ocrx_word' id='word_1_609' title='bbox 2355 3639 2559 3710; x_wconf 84' lang='lat' dir='ltr'><strong>scripta</strong></span> <span class='ocrx_word' id='word_1_610' title='bbox 2597 3638 3017 3703; x_wconf 87' lang='lat' dir='ltr'><strong>committimus,</strong></span> <span class='ocrx_word' id='word_1_611' title='bbox 3051 3647 3106 3692; x_wconf 93' lang='lat' dir='ltr'><strong>et</strong></span> <span class='ocrx_word' id='word_1_612' title='bbox 3143 3638 3492 3702; x_wconf 85' lang='lat' dir='ltr'><strong>mandamus,</strong></span> <span class='ocrx_word' id='word_1_613' title='bbox 3520 3652 3654 3708; x_wconf 82' lang='lat' dir='ltr'><strong>qua-</strong></span> 
     </span>
    </p>
   </div>
   <div class='ocr_carea' id='block_1_97' title="bbox 2072 3731 3657 3802">
    <p class='ocr_par' dir='ltr' id='par_1_97' title="bbox 2072 3731 3657 3802">
     <span class='ocr_line' id='line_1_98' title="bbox 2072 3731 3657 3802; baseline 0.001 -15"><span class='ocrx_word' id='word_1_614' title='bbox 2072 3744 2231 3788; x_wconf 89' lang='lat' dir='ltr'><strong>tenus</strong></span> <span class='ocrx_word' id='word_1_615' title='bbox 2264 3735 2484 3788; x_wconf 90' lang='lat' dir='ltr'><strong>eosdem</strong></span> <span class='ocrx_word' id='word_1_616' title='bbox 2522 3732 2986 3789; x_wconf 75' lang='lat' dir='ltr'><strong>Bartholomteum</strong></span> <span class='ocrx_word' id='word_1_617' title='bbox 3018 3741 3076 3789; x_wconf 88' lang='lat' dir='ltr'><strong>et</strong></span> <span class='ocrx_word' id='word_1_618' title='bbox 3107 3731 3333 3787; x_wconf 76' lang='lat' dir='ltr'><strong>Mariam</strong></span> <span class='ocrx_word' id='word_1_619' title='bbox 3369 3741 3537 3802; x_wconf 86' lang='lat' dir='ltr'><strong>atque</strong></span> <span class='ocrx_word' id='word_1_620' title='bbox 3561 3747 3657 3788; x_wconf 82' lang='lat' dir='ltr'><strong>eo-</strong></span> 
     </span>
    </p>
   </div>
   <div class='ocr_carea' id='block_1_98' title="bbox 2073 3823 3656 3894">
    <p class='ocr_par' dir='ltr' id='par_1_98' title="bbox 2073 3823 3656 3894">
     <span class='ocr_line' id='line_1_99' title="bbox 2073 3823 3656 3894; baseline -0.001 -15"><span class='ocrx_word' id='word_1_621' title='bbox 2073 3840 2193 3880; x_wconf 90' lang='lat' dir='ltr'><strong>rum</strong></span> <span class='ocrx_word' id='word_1_622' title='bbox 2219 3827 2538 3894; x_wconf 87' lang='lat' dir='ltr'><strong>quemlibet,</strong></span> <span class='ocrx_word' id='word_1_623' title='bbox 2577 3827 2623 3880; x_wconf 88' lang='lat' dir='ltr'><strong>si</strong></span> <span class='ocrx_word' id='word_1_624' title='bbox 2666 3827 2782 3881; x_wconf 64' lang='lat' dir='ltr'><strong>hasc</strong></span> <span class='ocrx_word' id='word_1_625' title='bbox 2810 3823 3092 3880; x_wconf 87' lang='lat' dir='ltr'><strong>humiliter</strong></span> <span class='ocrx_word' id='word_1_626' title='bbox 3123 3824 3408 3892; x_wconf 87' lang='lat' dir='ltr'><strong>petierint,</strong></span> <span class='ocrx_word' id='word_1_627' title='bbox 3449 3825 3519 3880; x_wconf 91' lang='lat' dir='ltr'><strong>ab</strong></span> <span class='ocrx_word' id='word_1_628' title='bbox 3554 3824 3656 3879; x_wconf 84' lang='lat' dir='ltr'><strong>hn-</strong></span> 
     </span>
    </p>
   </div>
   <div class='ocr_carea' id='block_1_99' title="bbox 2062 3915 3657 3986">
    <p class='ocr_par' dir='ltr' id='par_1_99' title="bbox 2062 3915 3657 3986">
     <span class='ocr_line' id='line_1_100' title="bbox 2062 3915 3657 3986; baseline 0.001 -15"><span class='ocrx_word' id='word_1_629' title='bbox 2062 3915 2301 3986; x_wconf 89' lang='lat' dir='ltr'><strong>jusmodi</strong></span> <span class='ocrx_word' id='word_1_630' title='bbox 2353 3917 2942 3973; x_wconf 78' lang='lat' dir='ltr'><strong>excommunicationis</strong></span> <span class='ocrx_word' id='word_1_631' title='bbox 2997 3919 3298 3982; x_wconf 86' lang='lat' dir='ltr'><strong>sententia,</strong></span> <span class='ocrx_word' id='word_1_632' title='bbox 3330 3920 3657 3973; x_wconf 85' lang='lat' dir='ltr'><strong>auctoritate</strong></span> 
     </span>
    </p>
   </div>
   <div class='ocr_carea' id='block_1_100' title="bbox 2068 4007 3656 4079">
    <p class='ocr_par' dir='ltr' id='par_1_100' title="bbox 2068 4007 3656 4079">
     <span class='ocr_line' id='line_1_101' title="bbox 2068 4007 3656 4079; baseline 0.001 -18"><span class='ocrx_word' id='word_1_633' title='bbox 2068 4009 2374 4079; x_wconf 83' lang='lat' dir='ltr'><strong>apostolica</strong></span> <span class='ocrx_word' id='word_1_634' title='bbox 2393 4009 2613 4078; x_wconf 63' lang='lat' dir='ltr'><strong>praefata</strong></span> <span class='ocrx_word' id='word_1_635' title='bbox 2638 4009 2934 4064; x_wconf 86' lang='lat' dir='ltr'><strong>absolvatis</strong></span> <span class='ocrx_word' id='word_1_636' title='bbox 2959 4009 3014 4063; x_wconf 93' lang='lat' dir='ltr'><strong>in</strong></span> <span class='ocrx_word' id='word_1_637' title='bbox 3039 4007 3216 4063; x_wconf 82' lang='lat' dir='ltr'><strong>l‘orma</strong></span> <span class='ocrx_word' id='word_1_638' title='bbox 3244 4008 3505 4065; x_wconf 64' lang='lat' dir='ltr'><strong>Ecclesia!</strong></span> <span class='ocrx_word' id='word_1_639' title='bbox 3524 4023 3656 4066; x_wconf 86' lang='lat' dir='ltr'><strong>con-</strong></span> 
     </span>
    </p>
   </div>
   <div class='ocr_carea' id='block_1_101' title="bbox 2068 4102 3657 4174">
    <p class='ocr_par' dir='ltr' id='par_1_101' title="bbox 2068 4102 3657 4174">
     <span class='ocr_line' id='line_1_102' title="bbox 2068 4102 3657 4174; baseline 0.001 -17"><span class='ocrx_word' id='word_1_640' title='bbox 2068 4112 2247 4170; x_wconf 88' lang='lat' dir='ltr'><strong>sueta,</strong></span> <span class='ocrx_word' id='word_1_641' title='bbox 2271 4102 2539 4174; x_wconf 84' lang='lat' dir='ltr'><strong>injunctis</strong></span> <span class='ocrx_word' id='word_1_642' title='bbox 2596 4102 2723 4158; x_wconf 88' lang='lat' dir='ltr'><strong>inde</strong></span> <span class='ocrx_word' id='word_1_643' title='bbox 2757 4115 2949 4158; x_wconf 90' lang='lat' dir='ltr'><strong>eorum</strong></span> <span class='ocrx_word' id='word_1_644' title='bbox 2971 4103 3194 4160; x_wconf 89' lang='lat' dir='ltr'><strong>cuilibet</strong></span> <span class='ocrx_word' id='word_1_645' title='bbox 3222 4118 3319 4173; x_wconf 89' lang='lat' dir='ltr'><strong>pro</strong></span> <span class='ocrx_word' id='word_1_646' title='bbox 3347 4103 3511 4160; x_wconf 90' lang='lat' dir='ltr'><strong>modo</strong></span> <span class='ocrx_word' id='word_1_647' title='bbox 3533 4104 3657 4159; x_wconf 85' lang='lat' dir='ltr'><strong>cul-</strong></span> 
     </span>
    </p>
   </div>
   <div class='ocr_carea' id='block_1_102' title="bbox 2074 4193 3657 4267">
    <p class='ocr_par' dir='ltr' id='par_1_102' title="bbox 2074 4193 3657 4267">
     <span class='ocr_line' id='line_1_103' title="bbox 2074 4193 3657 4267; baseline 0.001 -15"><span class='ocrx_word' id='word_1_648' title='bbox 2074 4210 2154 4265; x_wconf 74' lang='lat' dir='ltr'><strong>pse</strong></span> <span class='ocrx_word' id='word_1_649' title='bbox 2184 4195 2506 4264; x_wconf 64' lang='lat' dir='ltr'><strong>poenitentia</strong></span> <span class='ocrx_word' id='word_1_650' title='bbox 2548 4193 2779 4250; x_wconf 82' lang='lat' dir='ltr'><strong>salutari</strong></span> <span class='ocrx_word' id='word_1_651' title='bbox 2812 4202 2870 4250; x_wconf 84' lang='lat' dir='ltr'><strong>et</strong></span> <span class='ocrx_word' id='word_1_652' title='bbox 2888 4194 3029 4258; x_wconf 81' lang='lat' dir='ltr'><strong>aliis.</strong></span> <span class='ocrx_word' id='word_1_653' title='bbox 3060 4211 3181 4265; x_wconf 66' lang='lat' dir='ltr'><strong>quas</strong></span> <span class='ocrx_word' id='word_1_654' title='bbox 3207 4196 3275 4251; x_wconf 87' lang='lat' dir='ltr'><strong>de</strong></span> <span class='ocrx_word' id='word_1_655' title='bbox 3287 4196 3417 4267; x_wconf 82' lang='lat' dir='ltr'><strong>jure</strong></span> <span class='ocrx_word' id='word_1_656' title='bbox 3451 4198 3657 4254; x_wconf 84' lang='lat' dir='ltr'><strong>iuerint</strong></span> 
     </span>
    </p>
   </div>
   <div class='ocr_carea' id='block_1_103' title="bbox 2073 4288 3656 4363">
    <p class='ocr_par' dir='ltr' id='par_1_103' title="bbox 2073 4288 3656 4363">
     <span class='ocr_line' id='line_1_104' title="bbox 2073 4288 3656 4363; baseline 0.003 -20"><span class='ocrx_word' id='word_1_657' title='bbox 2073 4288 2419 4359; x_wconf 81' lang='lat' dir='ltr'><strong>injungends.</strong></span> <span class='ocrx_word' id='word_1_658' title='bbox 2480 4289 2703 4343; x_wconf 88' lang='lat' dir='ltr'><strong>Demum</strong></span> <span class='ocrx_word' id='word_1_659' title='bbox 2744 4289 2789 4344; x_wconf 87' lang='lat' dir='ltr'><strong>si</strong></span> <span class='ocrx_word' id='word_1_660' title='bbox 2823 4290 2895 4346; x_wconf 89' lang='lat' dir='ltr'><strong>ita</strong></span> <span class='ocrx_word' id='word_1_661' title='bbox 2925 4299 3026 4357; x_wconf 82' lang='lat' dir='ltr'><strong>est,</strong></span> <span class='ocrx_word' id='word_1_662' title='bbox 3048 4300 3109 4344; x_wconf 89' lang='lat' dir='ltr'><strong>et</strong></span> <span class='ocrx_word' id='word_1_663' title='bbox 3151 4291 3295 4344; x_wconf 77' lang='lat' dir='ltr'><strong>dicta</strong></span> <span class='ocrx_word' id='word_1_664' title='bbox 3326 4289 3494 4346; x_wconf 75' lang='lat' dir='ltr'><strong>Maria</strong></span> <span class='ocrx_word' id='word_1_665' title='bbox 3530 4306 3656 4363; x_wconf 81' lang='lat' dir='ltr'><strong>pro-</strong></span> 
     </span>
    </p>
   </div>
   <div class='ocr_carea' id='block_1_104' title="bbox 2074 4365 3664 4449">
    <p class='ocr_par' dir='ltr' id='par_1_104' title="bbox 2074 4365 3664 4449">
     <span class='ocr_line' id='line_1_105' title="bbox 2074 4365 3664 4449; baseline 0.003 -18"><span class='ocrx_word' id='word_1_666' title='bbox 2074 4388 2192 4449; x_wconf 84' lang='lat' dir='ltr'><strong>pter</strong></span> <span class='ocrx_word' id='word_1_667' title='bbox 2215 4381 2317 4434; x_wconf 88' lang='lat' dir='ltr'><strong>hoc</strong></span> <span class='ocrx_word' id='word_1_668' title='bbox 2345 4391 2497 4448; x_wconf 90' lang='lat' dir='ltr'><strong>rapta</strong></span> <span class='ocrx_word' id='word_1_669' title='bbox 2524 4395 2630 4434; x_wconf 90' lang='lat' dir='ltr'><strong>non</strong></span> <span class='ocrx_word' id='word_1_670' title='bbox 2664 4380 2846 4447; x_wconf 78' lang='lat' dir='ltr'><strong>fuerit,</strong></span> <span class='ocrx_word' id='word_1_671' title='bbox 2864 4397 2987 4436; x_wconf 87' lang='lat' dir='ltr'><strong>cum</strong></span> <span class='ocrx_word' id='word_1_672' title='bbox 3022 4381 3225 4438; x_wconf 83' lang='lat' dir='ltr'><strong>eisdem</strong></span> <span class='ocrx_word' id='word_1_673' title='bbox 3254 4365 3664 4447; x_wconf 74' lang='lat' dir='ltr'><strong>Bartboloina-o</strong></span> 
     </span>
    </p>
   </div>
   <div class='ocr_carea' id='block_1_105' title="bbox 2070 4472 3660 4546">
    <p class='ocr_par' dir='ltr' id='par_1_105' title="bbox 2070 4472 3660 4546">
     <span class='ocr_line' id='line_1_106' title="bbox 2070 4472 3660 4546; baseline 0.003 -18"><span class='ocrx_word' id='word_1_674' title='bbox 2070 4482 2125 4529; x_wconf 89' lang='lat' dir='ltr'><strong>et</strong></span> <span class='ocrx_word' id='word_1_675' title='bbox 2164 4472 2332 4528; x_wconf 83' lang='lat' dir='ltr'><strong>Maria</strong></span> <span class='ocrx_word' id='word_1_676' title='bbox 2369 4483 2426 4528; x_wconf 89' lang='lat' dir='ltr'><strong>ut</strong></span> <span class='ocrx_word' id='word_1_677' title='bbox 2474 4473 2866 4544; x_wconf 86' lang='lat' dir='ltr'><strong>impedimento</strong></span> <span class='ocrx_word' id='word_1_678' title='bbox 2896 4474 3076 4544; x_wconf 89' lang='lat' dir='ltr'><strong>quarti</strong></span> <span class='ocrx_word' id='word_1_679' title='bbox 3160 4476 3660 4546; x_wconf 72' lang='lat' dir='ltr'><strong>consanguinitatis</strong></span> 
     </span>
    </p>
   </div>
   <div class='ocr_carea' id='block_1_106' title="bbox 2069 4564 3657 4643">
    <p class='ocr_par' dir='ltr' id='par_1_106' title="bbox 2069 4564 3657 4643">
     <span class='ocr_line' id='line_1_107' title="bbox 2069 4564 3657 4643; baseline 0.003 -23"><span class='ocrx_word' id='word_1_680' title='bbox 2069 4567 2276 4636; x_wconf 77' lang='lat' dir='ltr'><strong>gradus</strong></span> <span class='ocrx_word' id='word_1_681' title='bbox 2308 4564 2630 4635; x_wconf 72' lang='lat' dir='ltr'><strong>huiusmodi</strong></span> <span class='ocrx_word' id='word_1_682' title='bbox 2657 4580 2776 4621; x_wconf 87' lang='lat' dir='ltr'><strong>non</strong></span> <span class='ocrx_word' id='word_1_683' title='bbox 2816 4565 3088 4633; x_wconf 81' lang='lat' dir='ltr'><strong>obstante,</strong></span> <span class='ocrx_word' id='word_1_684' title='bbox 3119 4567 3172 4622; x_wconf 91' lang='lat' dir='ltr'><strong>in</strong></span> <span class='ocrx_word' id='word_1_685' title='bbox 3217 4567 3363 4624; x_wconf 90' lang='lat' dir='ltr'><strong>dicto</strong></span> <span class='ocrx_word' id='word_1_686' title='bbox 3397 4568 3481 4625; x_wconf 89' lang='lat' dir='ltr'><strong>sic</strong></span> <span class='ocrx_word' id='word_1_687' title='bbox 3510 4567 3657 4643; x_wconf 85' lang='lat' dir='ltr'><strong>inter</strong></span> 
     </span>
    </p>
   </div>
   <div class='ocr_carea' id='block_1_107' title="bbox 2068 4651 3657 4720">
    <p class='ocr_par' dir='ltr' id='par_1_107' title="bbox 2068 4651 3657 4720">
     <span class='ocr_line' id='line_1_108' title="bbox 2068 4651 3657 4720; baseline 0.003 -6"><span class='ocrx_word' id='word_1_688' title='bbox 2068 4673 2163 4714; x_wconf 88' lang='lat' dir='ltr'><strong>eos</strong></span> <span class='ocrx_word' id='word_1_689' title='bbox 2187 4669 2471 4714; x_wconf 90' lang='lat' dir='ltr'><strong>contracto</strong></span> <span class='ocrx_word' id='word_1_690' title='bbox 2501 4658 2850 4714; x_wconf 89' lang='lat' dir='ltr'><strong>matrimonio</strong></span> <span class='ocrx_word' id='word_1_691' title='bbox 2894 4672 3175 4714; x_wconf 88' lang='lat' dir='ltr'><strong>remanere</strong></span> <span class='ocrx_word' id='word_1_692' title='bbox 3200 4668 3256 4715; x_wconf 90' lang='lat' dir='ltr'><strong>et</strong></span> <span class='ocrx_word' id='word_1_693' title='bbox 3292 4659 3360 4716; x_wconf 90' lang='lat' dir='ltr'><strong>ad</strong></span> <span class='ocrx_word' id='word_1_694' title='bbox 3395 4660 3543 4716; x_wconf 92' lang='lat' dir='ltr'><strong>illius</strong></span> <span class='ocrx_word' id='word_1_695' title='bbox 3565 4651 3657 4720; x_wconf 51' lang='lat' dir='ltr'><strong>so?</strong></span> 
     </span>
    </p>
   </div>
   <div class='ocr_carea' id='block_1_108' title="bbox 2070 4751 3657 4822">
    <p class='ocr_par' dir='ltr' id='par_1_108' title="bbox 2070 4751 3657 4822">
     <span class='ocr_line' id='line_1_109' title="bbox 2070 4751 3657 4822; baseline 0.003 -14"><span class='ocrx_word' id='word_1_696' title='bbox 2070 4753 2507 4808; x_wconf 85' lang='lat' dir='ltr'><strong>lemnizationem</strong></span> <span class='ocrx_word' id='word_1_697' title='bbox 2545 4751 2698 4822; x_wconf 78' lang='lat' dir='ltr'><strong>juxta</strong></span> <span class='ocrx_word' id='word_1_698' title='bbox 2736 4760 2940 4807; x_wconf 67' lang='lat' dir='ltr'><strong>sanctas</strong></span> <span class='ocrx_word' id='word_1_699' title='bbox 2986 4753 3175 4807; x_wconf 88' lang='lat' dir='ltr'><strong>matris</strong></span> <span class='ocrx_word' id='word_1_700' title='bbox 3206 4753 3470 4811; x_wconf 55' lang='lat' dir='ltr'><strong>Ecclesiae</strong></span> <span class='ocrx_word' id='word_1_701' title='bbox 3498 4757 3657 4815; x_wconf 81' lang='lat' dir='ltr'><strong>insti-</strong></span> 
     </span>
    </p>
   </div>
   <div class='ocr_carea' id='block_1_109' title="bbox 2072 4844 3656 4916">
    <p class='ocr_par' dir='ltr' id='par_1_109' title="bbox 2072 4844 3656 4916">
     <span class='ocr_line' id='line_1_110' title="bbox 2072 4844 3656 4916; baseline 0.003 -17"><span class='ocrx_word' id='word_1_702' title='bbox 2072 4847 2415 4901; x_wconf 83' lang='lat' dir='ltr'><strong>tutionemct</strong></span> <span class='ocrx_word' id='word_1_703' title='bbox 2442 4861 2647 4901; x_wconf 90' lang='lat' dir='ltr'><strong>morem</strong></span> <span class='ocrx_word' id='word_1_704' title='bbox 2677 4844 2886 4915; x_wconf 70' lang='lat' dir='ltr'><strong>patriae,</strong></span> <span class='ocrx_word' id='word_1_705' title='bbox 2928 4847 3227 4916; x_wconf 87' lang='lat' dir='ltr'><strong>procedere</strong></span> <span class='ocrx_word' id='word_1_706' title='bbox 3275 4845 3446 4902; x_wconf 89' lang='lat' dir='ltr'><strong>libere</strong></span> <span class='ocrx_word' id='word_1_707' title='bbox 3506 4857 3563 4903; x_wconf 87' lang='lat' dir='ltr'><strong>et</strong></span> <span class='ocrx_word' id='word_1_708' title='bbox 3589 4847 3656 4904; x_wconf 85' lang='lat' dir='ltr'><strong>li-</strong></span> 
     </span>
    </p>
   </div>
   <div class='ocr_carea' id='block_1_110' title="bbox 2070 4936 3653 5013">
    <p class='ocr_par' dir='ltr' id='par_1_110' title="bbox 2070 4936 3653 5013">
     <span class='ocr_line' id='line_1_111' title="bbox 2070 4936 3653 5013; baseline 0.004 -21"><span class='ocrx_word' id='word_1_709' title='bbox 2070 4939 2177 4994; x_wconf 90' lang='lat' dir='ltr'><strong>cite</strong></span> <span class='ocrx_word' id='word_1_710' title='bbox 2214 4941 2515 5007; x_wconf 89' lang='lat' dir='ltr'><strong>possint,et</strong></span> <span class='ocrx_word' id='word_1_711' title='bbox 2543 4936 2754 4993; x_wconf 85' lang='lat' dir='ltr'><strong>valeant</strong></span> <span class='ocrx_word' id='word_1_712' title='bbox 2776 4939 3104 4994; x_wconf 86' lang='lat' dir='ltr'><strong>auctoritate</strong></span> <span class='ocrx_word' id='word_1_713' title='bbox 3134 4939 3431 5010; x_wconf 80' lang='lat' dir='ltr'><strong>apostolica</strong></span> <span class='ocrx_word' id='word_1_714' title='bbox 3451 4941 3653 5013; x_wconf 81' lang='lat' dir='ltr'><strong>praedi-</strong></span> 
     </span>
    </p>
   </div>
   <div class='ocr_carea' id='block_1_111' title="bbox 2069 5031 3648 5102">
    <p class='ocr_par' dir='ltr' id='par_1_111' title="bbox 2069 5031 3648 5102">
     <span class='ocr_line' id='line_1_112' title="bbox 2069 5031 3648 5102; baseline 0.004 -18"><span class='ocrx_word' id='word_1_715' title='bbox 2069 5040 2156 5084; x_wconf 86' lang='lat' dir='ltr'><strong>cta</strong></span> <span class='ocrx_word' id='word_1_716' title='bbox 2184 5031 2509 5098; x_wconf 81' lang='lat' dir='ltr'><strong>dispensetis</strong></span> <span class='ocrx_word' id='word_1_717' title='bbox 2532 5033 2738 5101; x_wconf 89' lang='lat' dir='ltr'><strong>prolem</strong></span> <span class='ocrx_word' id='word_1_718' title='bbox 2767 5046 2833 5087; x_wconf 71' lang='lat' dir='ltr'><strong>ea</strong></span> <span class='ocrx_word' id='word_1_719' title='bbox 2864 5031 3214 5089; x_wconf 87' lang='lat' dir='ltr'><strong>matrimonio</strong></span> <span class='ocrx_word' id='word_1_720' title='bbox 3243 5034 3648 5102; x_wconf 83' lang='lat' dir='ltr'><strong>suscipiendam</strong></span> 
     </span>
    </p>
   </div>
   <div class='ocr_carea' id='block_1_112' title="bbox 2071 5127 3648 5203">
    <p class='ocr_par' dir='ltr' id='par_1_112' title="bbox 2071 5127 3648 5203">
     <span class='ocr_line' id='line_1_113' title="bbox 2071 5127 3648 5203; baseline 0.005 -21"><span class='ocrx_word' id='word_1_721' title='bbox 2071 5127 2382 5198; x_wconf 86' lang='lat' dir='ltr'><strong>hujustnodi</strong></span> <span class='ocrx_word' id='word_1_722' title='bbox 2431 5128 2736 5199; x_wconf 81' lang='lat' dir='ltr'><strong>legitimam</strong></span> <span class='ocrx_word' id='word_1_723' title='bbox 2766 5129 3136 5185; x_wconf 88' lang='lat' dir='ltr'><strong>decernendo.</strong></span> <span class='ocrx_word' id='word_1_724' title='bbox 3165 5127 3229 5186; x_wconf 73' lang='lat' dir='ltr'><strong>In</strong></span> <span class='ocrx_word' id='word_1_725' title='bbox 3258 5147 3508 5203; x_wconf 81' lang='lat' dir='ltr'><strong>quorum,</strong></span> <span class='ocrx_word' id='word_1_726' title='bbox 3537 5141 3648 5190; x_wconf 75' lang='lat' dir='ltr'><strong>etc.</strong></span> 
     </span>
    </p>
   </div>
   <div class='ocr_carea' id='block_1_113' title="bbox 2143 5212 3162 5312">
    <p class='ocr_par' dir='ltr' id='par_1_113' title="bbox 2143 5212 3162 5312">
     <span class='ocr_line' id='line_1_114' title="bbox 2143 5212 3162 5312; baseline 0.001 -13"><span class='ocrx_word' id='word_1_727' title='bbox 2143 5245 2334 5299; x_wconf 86' lang='lat' dir='ltr'><strong>Datum</strong></span> <span class='ocrx_word' id='word_1_728' title='bbox 2357 5243 2638 5312; x_wconf 59' lang='lat' dir='ltr'><strong>Bononia,</strong></span> <span class='ocrx_word' id='word_1_729' title='bbox 2665 5241 2738 5297; x_wconf 76' lang='lat'><strong>22</strong></span> <span class='ocrx_word' id='word_1_730' title='bbox 2765 5243 2894 5299; x_wconf 80' lang='lat' dir='ltr'><strong>Maii</strong></span> <span class='ocrx_word' id='word_1_731' title='bbox 2927 5241 3086 5300; x_wconf 72' lang='lat' dir='ltr'><strong>H53.</strong></span> <span class='ocrx_word' id='word_1_732' title='bbox 3157 5212 3162 5217; x_wconf 13' lang='grc' dir='ltr'>ξ</span> 
     </span>
    </p>
   </div>
   <div class='ocr_carea' id='block_1_114' title="bbox 2814 5380 2904 5436">
    <p class='ocr_par' dir='ltr' id='par_1_114' title="bbox 2814 5380 2904 5436">
     <span class='ocr_line' id='line_1_115' title="bbox 2814 5380 2904 5436; baseline 0 -1"><span class='ocrx_word' id='word_1_733' title='bbox 2814 5380 2904 5436; x_wconf 81' lang='lat' dir='ltr'><strong>IV.</strong></span> 
     </span>
    </p>
   </div>
   <div class='ocr_carea' id='block_1_115' title="bbox 2137 5496 3650 5571">
    <p class='ocr_par' dir='ltr' id='par_1_115' title="bbox 2137 5496 3650 5571">
     <span class='ocr_line' id='line_1_116' title="bbox 2137 5496 3650 5571; baseline 0.003 -17"><span class='ocrx_word' id='word_1_734' title='bbox 2137 5498 2450 5564; x_wconf 85' lang='lat' dir='ltr'><strong>Bessarion.</strong></span> <span class='ocrx_word' id='word_1_735' title='bbox 2497 5499 2851 5554; x_wconf 87' lang='lat' dir='ltr'><strong>miseratione</strong></span> <span class='ocrx_word' id='word_1_736' title='bbox 2879 5496 3066 5554; x_wconf 88' lang='lat' dir='ltr'><strong>divina</strong></span> <span class='ocrx_word' id='word_1_737' title='bbox 3103 5500 3390 5571; x_wconf 81' lang='lat' dir='ltr'><strong>episcopus</strong></span> <span class='ocrx_word' id='word_1_738' title='bbox 3441 5499 3650 5559; x_wconf 80' lang='lat' dir='ltr'><strong>Tuscu-</strong></span> 
     </span>
    </p>
   </div>
   <div class='ocr_carea' id='block_1_116' title="bbox 2070 5591 3646 5664">
    <p class='ocr_par' dir='ltr' id='par_1_116' title="bbox 2070 5591 3646 5664">
     <span class='ocr_line' id='line_1_117' title="bbox 2070 5591 3646 5664; baseline 0.002 -16"><span class='ocrx_word' id='word_1_739' title='bbox 2070 5595 2246 5659; x_wconf 87' lang='lat' dir='ltr'><strong>lanus,</strong></span> <span class='ocrx_word' id='word_1_740' title='bbox 2270 5595 2328 5648; x_wconf 85' lang='lat' dir='ltr'><strong>S.</strong></span> <span class='ocrx_word' id='word_1_741' title='bbox 2346 5593 2484 5647; x_wconf 84' lang='lat' dir='ltr'><strong>R.E.</strong></span> <span class='ocrx_word' id='word_1_742' title='bbox 2507 5593 2825 5658; x_wconf 83' lang='lat' dir='ltr'><strong>cardinalis,</strong></span> <span class='ocrx_word' id='word_1_743' title='bbox 2855 5591 3106 5648; x_wconf 70' lang='lat' dir='ltr'><strong>Nicasnus</strong></span> <span class='ocrx_word' id='word_1_744' title='bbox 3124 5594 3417 5664; x_wconf 72' lang='lat' dir='ltr'><strong>vnlgariter</strong></span> <span class='ocrx_word' id='word_1_745' title='bbox 3435 5610 3646 5651; x_wconf 82' lang='lat' dir='ltr'><strong>nuncu-</strong></span> 
     </span>
    </p>
   </div>
   <div class='ocr_carea' id='block_1_117' title="bbox 2071 5680 3644 5762">
    <p class='ocr_par' dir='ltr' id='par_1_117' title="bbox 2071 5680 3644 5762">
     <span class='ocr_line' id='line_1_118' title="bbox 2071 5680 3644 5762; baseline 0.003 -19"><span class='ocrx_word' id='word_1_746' title='bbox 2071 5700 2247 5762; x_wconf 87' lang='lat' dir='ltr'><strong>patus,</strong></span> <span class='ocrx_word' id='word_1_747' title='bbox 2271 5687 2561 5742; x_wconf 90' lang='lat' dir='ltr'><strong>incivitate</strong></span> <span class='ocrx_word' id='word_1_748' title='bbox 2580 5685 2832 5741; x_wconf 75' lang='lat' dir='ltr'><strong>Bononia:</strong></span> <span class='ocrx_word' id='word_1_749' title='bbox 2865 5680 3644 5747; x_wconf 75' lang='lat' dir='ltr'><strong>exarchatusRavennatensis</strong></span> 
     </span>
    </p>
   </div>
   <div class='ocr_carea' id='block_1_118' title="bbox 2069 5780 3647 5854">
    <p class='ocr_par' dir='ltr' id='par_1_118' title="bbox 2069 5780 3647 5854">
     <span class='ocr_line' id='line_1_119' title="bbox 2069 5780 3647 5854; baseline 0 -13"><span class='ocrx_word' id='word_1_750' title='bbox 2069 5791 2124 5842; x_wconf 86' lang='lat' dir='ltr'><strong>et</strong></span> <span class='ocrx_word' id='word_1_751' title='bbox 2159 5780 2531 5838; x_wconf 78' lang='lat' dir='ltr'><strong>llomandiolar</strong></span> <span class='ocrx_word' id='word_1_752' title='bbox 2558 5780 2843 5851; x_wconf 83' lang='lat' dir='ltr'><strong>provincia</strong></span> <span class='ocrx_word' id='word_1_753' title='bbox 2894 5781 3041 5839; x_wconf 82' lang='lat' dir='ltr'><strong>sedis</strong></span> <span class='ocrx_word' id='word_1_754' title='bbox 3072 5783 3385 5854; x_wconf 68' lang='lat' dir='ltr'><strong>apostolica</strong></span> <span class='ocrx_word' id='word_1_755' title='bbox 3435 5783 3647 5853; x_wconf 72' lang='lat' dir='ltr'><strong>legatos</strong></span> 
     </span>
    </p>
   </div>
  </div>
