3972 6164
296 208 410 254 cur

290 314 356 374 de
375 310 558 375 latere.
580 311 780 370 dilecto
815 313 921 369 filio
944 314 1138 370 loanni
1170 315 1448 381 Antbomi,
1473 319 1674 373 clerico
1709 315 1845 371 Pars

282 407 473 474 mensi,
491 405 780 463 bnbitatori
813 408 991 463 Castri
1026 406 1383 479 Crepslcorii,
1410 410 1642 466 salutem
1673 410 1849 467 etsln-

283 511 458 555 ceram
489 499 542 554 in
572 497 802 554 Domino
828 501 1176 558 cbaritatem.

354 590 482 648 Viue
505 601 561 662 et
585 607 800 649 morum
827 594 1107 663 honestas,
1151 597 1367 666 aliaque
1395 597 1683 653 laudabilia
1718 611 1847 666 pro-

289 685 460 742 bitatis
488 695 542 743 et
585 687 849 743 virtutum
879 690 1094 756 merita,
1127 702 1288 758 super
1322 691 1520 761 quibus
1572 691 1712 760 apud
1750 705 1848 746 nos

291 775 389 833 lida
421 779 581 849 digno
629 782 1032 836 commendaris
1063 783 1401 849 testimonio,
1429 799 1529 838 nos
1560 783 1846 846 inducunt,

271 880 346 927 ,ιιι
371 871 463 928 tibi
499 874 796 930 reddamur
821 876 885 930 ad
919 877 1146 946 gratiam
1189 876 1462 932 liberales.
1489 876 1624 933 Cum
1667 879 1850 947 itaque

288 964 435 1020 sicuti
469 965 744 1036 petitionis
777 975 880 1023 tua:
907 969 1066 1024 nobis
1083 970 1276 1024 oblatis
1308 971 1477 1025 series
1510 969 1847 1034 continebat,

291 1057 606 1112 venerabilis
664 1057 748 1115 vir
798 1059 1052 1115 dominus
1108 1059 1346 1117 Joannes
1414 1059 1676 1117 Senensis
1750 1060 1848 1116 de-

289 1157 547 1205 crctorum
593 1150 808 1217 doctor,
843 1150 1128 1209 reverendi
1161 1155 1330 1222 patris
1377 1154 1583 1209 domini
1637 1153 1847 1210 Guroni

291 1239 463 1296 Mariae
498 1240 746 1300 Estensis
793 1245 1247 1300 commendatarii
1289 1247 1609 1301 monasterii
1661 1245 1847 1301 Sancti

287 1331 523 1390 διινεειτὶ
577 1336 644 1391 de
701 1334 918 1392 Mantua
975 1335 1298 1392 Mutinensis
1329 1337 1577 1394 dioecesis
1614 1338 1668 1392 in
1703 1337 1848 1393 dicto

285 1428 606 1484 monasterio
629 1430 896 1499 generalis
917 1429 1176 1496 vicarius,
1193 1440 1421 1487 vacante
1446 1430 1728 1498 clericatu,
1749 1448 1847 1487 seu

285 1518 508 1575 clericus
549 1519 818 1576 beneficio
846 1522 1094 1578 instituto
1145 1525 1199 1579 in
1243 1523 1487 1579 Ecclesia
1543 1538 1639 1581 seu
1693 1525 1850 1593 plebe

287 1610 493 1668 Sanctae
517 1613 700 1669 Maria
722 1614 790 1668 de
814 1614 1118 1672 Brennncio
1149 1617 1215 1671 de
1241 1615 1584 1686 Crepalcorio
1607 1617 1849 1688 subjecta

287 1707 610 1762 monasterio
672 1707 935 1774 praedicto
984 1705 1168 1764 SanCti
1242 1709 1491 1765 Silvestri
1538 1709 1846 1774 Cumoleni,

285 1798 592 1854 clericatum
627 1799 722 1853 tibi
749 1798 949 1855 Joanni
988 1802 1210 1871 prazfato
1241 1803 1552 1867 contulerit,
1595 1813 1649 1856 et
1688 1804 1756 1859 de
1784 1819 1850 1858 eo

286 1891 614 1957 providerit:
654 1907 826 1965 quare
851 1909 949 1966 pro
977 1904 1131 1964 parte
1154 1904 1241 1950 tua
1270 1895 1431 1951 nobis
1457 1895 1557 1950 fuit
1579 1895 1852 1966 supplic-1-

287 1991 418 2048 tum,
447 1994 504 2040 ut
535 1986 743 2040 dictum
774 1987 1090 2042 clericatum
1119 1990 1186 2041 de
1215 2003 1355 2044 novo
1391 1989 1486 2043 tibi
1515 1990 1763 2044 conferre
1793 1998 1848 2043 et

286 2076 348 2129 de
378 2091 442 2131 eo
469 2079 753 2145 providere
787 2079 1064 2135 vellemus.
1095 2079 1203 2136 Nos
1239 2081 1417 2151 itaque
1445 2082 1552 2136 tuis
1574 2081 1853 2150 supplica-

289 2167 516 2223 tionibus
545 2169 815 2234 inclinati,
839 2171 1183 2227 collationem
1226 2182 1280 2227 et
1304 2175 1670 2245 provisioneni
1714 2189 1854 2245 pras-

285 2256 452 2313 dictas
506 2262 832 2316 auctoritate
879 2275 1081 2318 nostra:
1139 2265 1428 2336 legationis
1463 2268 1847 2337 approbantes,

282 2350 524 2407 eumdem
549 2354 869 2418 clericatum
897 2371 1021 2412 cum
1056 2360 1310 2415 omnibus
1330 2361 1544 2430 juribus
1595 2371 1651 2416 et
1679 2363 1851 2433 perti-

284 2447 476 2502 nentiis
503 2449 621 2502 suis
647 2449 745 2505 tibi
772 2451 834 2505 de
861 2466 1001 2506 novo
1033 2454 1383 2520 conferimus,
1407 2464 1459 2510 et
1483 2454 1659 2510 deiilo
1685 2456 1850 2511 etiam

285 2538 649 2609 providemus,
680 2541 788 2596 nisi
817 2543 883 2597 de
923 2543 1016 2599 illo
1054 2554 1298 2616 tempore
1332 2544 1473 2602 datae
1498 2548 1851 2618 praisentium

285 2631 354 2685 sit
381 2631 537 2690 alteri
562 2633 655 2702 jus
680 2637 993 2706 quaesitum,
1016 2652 1233 2704 curam,
1270 2639 1508 2708 regimen
1540 2649 1594 2694 et
1621 2640 1854 2697 admini-

287 2729 602 2783 strationem
654 2729 823 2798 ipsius
875 2739 981 2784 tam
1041 2731 1095 2785 in
1136 2732 1544 2802 temporalibus,
1600 2725 1765 2802 quam
1800 2735 1851 2788 in

285 2821 661 2889 Spirilualibus
681 2823 775 2877 tibi
795 2824 1036 2893 plenarie
1065 2826 1456 2882 committendo
1481 2843 1496 2894 ;
1530 2827 1855 2882 mandanles

283 2915 535 2970 omnibus
578 2925 636 2970 et
660 2916 891 2986 singulis
939 2917 1173 2982 colonis,
1209 2918 1606 2976 laboratoribus
1640 2929 1694 2974 et
1732 2919 1854 2976 aliis

287 3014 454 3062 terras
499 3018 554 3061 et
593 3007 962 3078 possessiones
1011 3009 1137 3064 dicti
1191 3010 1485 3066 clericatus
1544 3011 1856 3069 tenentibus

281 3108 418 3168 quos
469 3100 567 3155 tibi
606 3099 675 3156 de
706 3100 952 3171 ejusdem
987 3099 1273 3168 fructibus,
1337 3103 1598 3159 reditibus
1647 3110 1703 3158 et
1728 3117 1858 3175 pro-

280 3191 532 3248 ventibus
564 3192 777 3263 integre
801 3200 856 3247 et
885 3191 1055 3248 libere
1087 3193 1452 3263 respondeant
1481 3205 1536 3250 et
1572 3205 1630 3248 ut
1662 3195 1858 3252 littera

285 3295 480 3336 nostrae
499 3283 748 3338 debitmn
793 3286 1092 3339 sortiantur
1147 3284 1421 3352 effectum,
1463 3287 1857 3343 committimus

285 3383 336 3429 et
360 3375 684 3442 mandamus
710 3377 965 3433 omnibus
983 3388 1037 3433 et
1063 3378 1295 3449 singulis
1314 3379 1699 3434 ecclesiasticis
1715 3381 1856 3435 dun-

283 3474 434 3522 taxat
466 3470 719 3536 personis
743 3470 845 3524 sub
877 3479 1063 3526 nostra
1114 3472 1383 3541 legatione
1415 3471 1759 3542 degentibus,
1789 3472 1857 3526 ad

283 3571 756 3633 quos‘prazscntes
813 3573 1010 3619 nostrae
1042 3564 1233 3619 litterae
1264 3565 1630 3634 pervenerint,
1681 3573 1732 3619 et
1764 3579 1857 3620 ea-

285 3657 528 3710 rumdem
555 3655 744 3726 vigore
792 3655 998 3710 fuerint
1028 3657 1280 3727 requisiti
1313 3656 1668 3728 singulariter
1695 3657 1778 3713 vel
1805 3663 1856 3712 in

284 3747 554 3814 solidum;
581 3758 850 3816 quatenus
881 3755 934 3803 te
960 3747 1216 3806 inducant
1235 3750 1288 3804 in
1323 3751 1522 3804 realem
1545 3759 1707 3822 atque
1737 3766 1857 3807 cor-

285 3841 523 3910 poralem
550 3842 964 3911 possessionem
993 3840 1126 3897 dicti
1167 3842 1458 3899 clericatus
1495 3850 1549 3898 et
1580 3844 1859 3900 inductum

284 3944 570 4005 protegant
619 3944 781 4004 atque
829 3933 1143 4001 defendant,
1203 3943 1391 3992 amoto
1443 3936 1639 3991 exinde
1688 3937 1862 4006 quoii-

283 4027 373 4084 bet
398 4029 593 4084 illicito
611 4029 918 4094 detentore,
938 4029 1373 4085 contradictores
1397 4031 1671 4101 quoslibet
1694 4041 1859 4103 atque

288 4121 513 4177 rebelles
541 4136 640 4193 per
669 4136 956 4177 censuram
979 4120 1406 4178 ecclesiasticam
1439 4126 1858 4197 compescendo.

359 4238 550 4294 Datum
586 4238 860 4303 Bononiae,
913 4238 999 4293 die
1028 4237 1097 4294 18
1123 4238 1324 4310 Aprilis
1367 4237 1528 4308 M50,
1567 4240 1860 4298 indictione

289 4332 377 4403 l3,
400 4332 753 4403 pontificatus
777 4331 842 4388 ι).
871 4329 1080 4388 Nicolai
1115 4345 1260 4389 anno
1285 4331 1341 4388 4.

1049 4467 1114 4525 V.

355 4587 670 4655 Bessariot'i,
719 4598 826 4645 etc.
875 4588 1074 4645 dileCto
1127 4589 1281 4646 nobis
1312 4587 1514 4645 Pasino
1562 4589 1741 4645 bieimi
1792 4583 1904 4646 de'

290 4683 661 4740 Malchiavelis
691 4685 920 4738 salutem
954 4685 1006 4737 in
1048 4699 1135 4752 eo,
1172 4685 1223 4738 in
1264 4699 1372 4754 quo
1404 4694 1487 4739 est
1520 4699 1648 4739 vera
1687 4684 1859 4740 salus.

358 4777 616 4847 Exliibila
649 4778 918 4847 siquidem
964 4778 1121 4832 nobis
1163 4793 1260 4848 pro
1302 4779 1376 4831 tui
1403 4789 1558 4847 parte
1596 4779 1865 4847 supplica-

292 4869 708 4928 tio'continebat
739 4888 754 4928 :
785 4873 924 4941 quod
954 4885 1078 4925 cum
1130 4872 1193 4926 de
1220 4884 1360 4925 anno
1394 4871 1532 4926 “50
1569 4887 1660 4939 per
1690 4871 1750 4925 υ.
1801 4871 1861 4926 L.

268 4967 620 5022 'cardinalem
645 4969 712 5021 de
735 4966 945 5021 Comite
973 4973 1030 5020 tu
1055 4965 1444 5036 supplicavetis
1467 4976 1518 5019 et
1541 4966 1629 5018 alii
1654 4966 1866 5020 nobiles

289 5046 354 5114 ile
383 5059 754 5115 Malcbiavelis
780 5061 1015 5128 gratiose
1037 5060 1282 5114 exauditi
1307 5059 1659 5114 obtinueritis
1679 5061 1867 5114 decre-

292 5165 424 5220 tum,
455 5152 600 5224 quod
626 5151 756 5207 dieti
790 5151 1017 5217 nobiles,
1049 5152 1138 5222 qui
1164 5162 1325 5206 erant
1373 5167 1602 5206 numero
1627 5151 1660 5204 7
1687 5153 1864 5221 capita

289 5246 622 5301 familiarum
677 5243 823 5298 nullo
859 5244 1021 5318 modo
1057 5250 1342 5300 teneantur
1399 5247 1746 5300 contribuere
1796 5246 1867 5300 ad
1912 5272 1914 5275 -

291 5350 459 5391 onera
492 5337 659 5390 rcalia
709 5337 1018 5405 personalia
1054 5335 1134 5391 vel
1174 5335 1327 5406 juxta
1363 5350 1484 5391 cum
1546 5337 1868 5393 hominibus

295 5429 666 5496 iloiicastaldi,
702 5431 796 5485 sed
829 5430 1265 5499 intelligerentnr
1308 5445 1436 5486 esse"
1474 5433 1742 5502 segregati
1796 5434 1865 5487 ab

295 5519 604 5586 hominibus
634 5519 1008 5588 Roncastaidi,
1042 5522 1337 5578 dummodo
1357 5523 1631 5578 solverent
1652 5522 1866 5597 singulo

294 5616 482 5666 niense
503 5613 746 5668 Camerar
765 5613 1069 5668 communis
1092 5612 1451 5669 Bononiensis
1481 5614 1650 5669 libras
1677 5616 1864 5672 decem

293 5712 596 5779 elleplem,
624 5702 830 5760 solidos
863 5703 1048 5759 decem
1073 5700 1281 5762 Borion.
1336 5706 1586 5767 videlicet
1618 5705 1788 5766 libras
1824 5710 1888 5765 tt'

1354 203 1438 264 ΙΝ
1485 191 1927 266 LEGATIONE
1963 192 2466 262 BONONIENSI.

3377 197 3530 250 (illi

1960 314 2166 370 solidos
2201 313 2386 368 decem
2414 326 2512 383 pro
2534 309 2783 383 quolibet
2801 311 2987 382 capite
3008 309 3241 366 familias
3263 319 3422 382 prout

1956 409 2160 465 riosius
2195 415 2345 478 patet
2398 409 2452 461 in
2497 406 2648 461 dicto
2692 404 2938 470 decreto,
2975 413 3277 475 petensque
3316 414 3533 460 nt'cum

1958 501 2122 571 aliqui
2160 517 2228 558 ex
2286 500 2446 555 dictis
2498 498 2532 554 Ἰ
2575 498 2854 569 capitibus
2906 497 3022 552 sive
3061 497 3401 566 impotentia,
3439 504 3536 550 aut

1957 593 2295 663 malignitate
2322 578 2576 648 recusent
2604 593 2816 648 solvere
2837 599 3044 661 partem
3067 588 3171 644 sibi
3202 598 3529 658 tangentem,

1959 685 2303 756 inquietaris,
2356 695 2523 755 atque
2557 683 2900 756 compelleris
2927 698 3169 755 persaepe
3209 681 3277 736 ad
3314 679 3535 736 solven-

1957 778 2086 833 dum
2114 787 2321 849 partem
2357 779 2547 834 talium
2574 780 2688 834 sive
2713 776 3110 834 recusantium.
3137 775 3315 842 Quare
3341 775 3536 842 digna-

1958 883 2144 926 remur
2171 879 2358 928 nostro
2381 870 2608 942 speciali
2655 872 2875 927 decreto
2904 883 3192 925 secernere
3243 878 3294 923 te
3322 866 3538 937 suppli-

1956 971 2171 1018 cantem
2203 965 2272 1017 ab
2296 962 2418 1019 aliis
2464 963 2781 1018 hominibus
2811 962 2879 1018 de
2929 961 3320 1025 Malchiavelis,
3355 958 3537 1014 soluta

1956 1066 2109 1128 parte
2136 1056 2230 1113 tibi
2264 1065 2537 1128 tangente.
2560 1055 2666 1112 Nos
2697 1064 2878 1110 autem
2921 1056 3014 1127 qui
3061 1062 3282 1110 assueto
3334 1063 3535 1108 nostra:

1959 1161 2168 1205 natura
2209 1151 2398 1205 ordine
2443 1150 2760 1221 supplicum
2816 1147 3072 1218 precibus
3102 1162 3261 1215 quam
3299 1145 3538 1201 libenter

1958 1243 2274 1308 annuimus,
2311 1243 2581 1313 siquidem
2610 1240 2771 1311 digna
2792 1256 2980 1296 eorum
3014 1240 3340 1294 intercessio
3375 1238 3533 1294 vobis

1961 1337 2228 1403 videatur,
2263 1352 2379 1393 rem
2412 1337 2724 1408 praedictam
2754 1335 2820 1389 ad
2858 1345 3096 1389 nostram
3135 1334 3380 1408 notitiam
3399 1347 3535 1386 eaa-

1962 1431 2273 1488 minandam
2327 1429 2701 1486 commisimus
2753 1427 3006 1500 prudenti
3067 1425 3186 1481 viro
3240 1423 3537 1480 Paschasio

1963 1525 2196 1578 auditori
2225 1533 2433 1586 nostro,
2484 1521 2574 1592 qui
2625 1530 2841 1592 'sumpta
2873 1519 3259 1575 informatione
3289 1513 3535 1587 diligenti

1961 1618 2120 1672 nobis
2175 1616 2383 1681 retulit,
2415 1630 2536 1686 qum
2583 1630 2682 1681 pro
2710 1614 2786 1670 tui
2833 1624 2985 1685 parte
3040 1611 3284 1684 exposita
3317 1609 3539 1666 fuerunt

1957 1726 2088 1766 vera
2123 1723 2267 1766 esse.
2292 1708 2402 1765 Nos
2431 1723 2560 1779 ergo
2584 1708 2834 1778 precibus
2867 1706 2973 1763 tuis
3007 1719 3214 1761 morem
3255 1712 3534 1775 gerentes,

1959 1805 2015 1859 in
2047 1799 2115 1860 iis
2154 1818 2276 1872 qua:
2327 1817 2634 1870 possumus,
2685 1800 2869 1856 habita
2932 1798 3196 1854 relatione
3251 1797 3534 1868 praedicta,

1958 1897 2253 1969 apostolica
2277 1897 2619 1961 auctoritate,
2642 1910 2745 1964 qua
2774 1892 3072 1964 fungimur,
3096 1892 3373 1948 decretum
3401 1890 3536 1945 alias

1960 1991 2057 2046 tibi
2086 1999 2141 2046 et
2173 1990 2299 2044 aliis
2328 1987 2395 2044 de
2428 1985 2801 2043 Malchiavelis
2836 1985 3107 2040 indultum
3136 1984 3528 2038 confirmamus

1960 2098 2024 2140 ac
2056 2086 2122 2138 de
2156 2097 2294 2138 novo
2322 2081 2670 2138 concedimus
2703 2078 2796 2135 tibi
2826 2077 3025 2132 Pasino
3057 2076 3241 2138 modo.
3283 2085 3338 2131 et
3365 2077 3417 2130 in
3455 2074 3540 2130 fti-

1961 2189 2142 2232 turum
2167 2185 2224 2231 ut
2258 2176 2448 2231 solutis
2486 2175 2676 2231 solidis
2733 2171 3132 2246 quinquaginta
3171 2171 3380 2226 Bonon.
3435 2172 3532 2226 tibi

1963 2269 2309 2338 tangentibus
2347 2267 2558 2323 solvere
2587 2281 2685 2336 pro
2726 2276 2880 2338 parte
2909 2275 3002 2322 tua
3048 2267 3200 2324 nullo.
3239 2265 3403 2320 modo
3437 2266 3538 2321 de.

1963 2362 2093 2417 beas
2119 2361 2236 2416 sive
2271 2363 2447 2430 possis
2477 2359 2690 2431 gravari
2724 2373 2845 2414 cum
2875 2359 3038 2415 dictis
3069 2360 3137 2415 de
3168 2359 3538 2415 Malcbiaveiis

1964 2469 2057 2522 per
2089 2457 2319 2525 aliquem
2353 2451 2635 2508 oﬂiciaiem
2666 2457 2976 2510 communis
3002 2453 3361 2510 Bononiensis
3387 2469 3403 2521 ;
3441 2454 3538 2510 de.

1964 2549 2235 2604 clarantes
2265 2557 2322 2604 ut
2354 2546 2547 2603 solutis
2585 2547 2744 2604 dictis
2786 2547 2976 2604 solidis
3022 2548 3415 2620 quinquaginta
3447 2561 3542 2602 ca-

1965 2659 2126 2699 merae
2155 2643 2508 2708 Bononiensi,
2555 2651 2611 2698 tu
2658 2653 2755 2702 aut
2783 2641 2924 2698 alius
2960 2651 3050 2697 tuo
3077 2643 3318 2707 nomine,
3351 2642 3433 2696 vel
3460 2631 3538 2696 tui

1965 2735 2320 2806 imposterum
2385 2735 2773 2792 descendentes
2827 2735 2940 2792 ullo
2981 2736 3162 2800 modo,
3202 2745 3297 2789 aut
3349 2736 3542 2788 ordine

1965 2829 2189 2884 minime
2245 2829 2428 2883 valeas
2485 2827 2765 2884 molestari
2794 2844 2810 2896 ;
2841 2829 3164 2884 mandantes
3193 2827 3539 2884 thesaurario

1964 2936 2191 2980 camerae
2215 2920 2572 2977 Bononiensis
2600 2935 2666 2976 ac
2694 2920 3071 2977 defensoribus
3104 2919 3326 2975 baveris
3356 2935 3541 2974 came-

1964 3030 2041 3072 rae
2067 3033 2132 3072 ac
2162 3016 2398 3081 caeteris,
2429 3019 2496 3072 ad
2521 3028 2658 3086 quos
2680 3016 2918 3084 pertinet
2947 3031 2962 3070 :
2998 3023 3268 3086 quatenus
3296 3028 3541 3085 praesens

1967 3122 2210 3168 nostrum
2247 3110 2524 3166 decretum
2552 3111 2843 3165 observent
2873 3119 2927 3165 et
2963 3108 3169 3165 faciant
3194 3112 3263 3166 ab
3290 3109 3414 3166 aliis
3450 3108 3540 3165 in-

1966 3203 2289 3259 violabiliter
2327 3201 2630 3258 observari.
2657 3199 2715 3255 in
2748 3214 2981 3270 quorum
3013 3200 3171 3257 fidem
3215 3209 3327 3257 etc.

2038 3320 2228 3378 Datum
2268 3330 2374 3377 etc.
2396 3319 2485 3376 die
2504 3319 2679 3389 prima
2703 3314 2906 3389 Aprilis
2935 3325 3042 3372 etc.
3122 3323 3124 3325 '

2708 3457 2801 3514 Vl.

2039 3573 2346 3636 Bessarion,
2381 3584 2489 3628 etc.
2548 3569 2801 3627 discretis
2831 3568 2990 3626 nobis
3025 3567 3079 3624 in
3107 3568 3328 3625 Christo
3361 3567 3544 3623 Balta-

1971 3684 2028 3724 sa
2039 3670 2078 3722 ri
2112 3668 2430 3738 presbytero
2453 3666 2930 3736 archipresbytero
2951 3663 3229 3729 lmolensi,
3246 3675 3297 3719 et
3317 3664 3543 3719 Thomas

1969 3776 2036 3817 ac
2087 3760 2500 3831 Christophoro,
2551 3757 2831 3816 canonicis
2865 3756 3240 3823 lmoiensibns,
3289 3766 3400 3812 etc.
3452 3769 3542 3811 sa-

1972 3857 2160 3909 iuletn.

2046 3949 2274 4018 Dignum
2305 3945 2637 4002 arbitramur
2655 3953 2711 4000 et
2745 3957 3045 4013 congruum
3081 3949 3140 3997 ut
3181 3938 3289 3995 illis
3347 3941 3538 3995 redda-

1964 4050 2094 4104 mur
2119 4047 2172 4098 in
2215 4039 2551 4096 exhibitione
2599 4037 2788 4109 gratim
2835 4035 3108 4102 liberales,
3145 4033 3341 4104 quibus
3377 4032 3442 4086 ad
3483 4032 3535 4086 id

1969 4139 2241 4210 praecipua
2272 4134 2532 4190 virtutum
2556 4132 2751 4186 merita
2781 4129 3127 4185 laudabiliter
3153 4127 3540 4196 sulfragantnr.

1970 4237 2104 4290 Cum
2135 4233 2361 4301 ﬁlaque,
2390 4230 2531 4284 sicut
2581 4223 2910 4296 accepimus,
2958 4223 3544 4295 archipresbyteratus.

1972 4346 2089 4390 seu=
2117 4328 2265 4400 plebs
2299 4326 2513 4382 Sanctae
2535 4323 2717 4378 Mariae
2738 4321 2804 4376 de
2831 4316 3092 4375 Salustria
3108 4314 3393 4373 lmolensis
3415 4314 3550 4388 dim-

1969 4423 2115 4480 cesis
2137 4438 2259 4478 cum
2286 4437 2418 4478 cura
2447 4427 2619 4486 vacet,
2642 4427 2696 4473 et
2724 4430 2916 4471 vacare
2932 4421 3187 4470 noscatur
3211 4412 3278 4466 ad
3305 4424 3548 4482 praise-is

1974 4532 2069 4585 pro
2123 4529 2210 4580 eo,
2269 4513 2414 4584 quod
2470 4510 2776 4572 Ludovicus
2831 4507 3113 4563 Francisci
3158 4546 3172 4561 .
3195 4544 3212 4562 .
3232 4543 3248 4560 .
3271 4547 3284 4561 .
3304 4507 3326 4560 λ.
3347 4547 3360 4561 .
3381 4543 3398 4558 .
3416 4545 3430 4560 .
3453 4543 3466 4560 .
3489 4543 3506 4559 .
3530 4545 3545 4559 .

1973 4610 2248 4680 presbyter
2283 4591 2567 4661 [molensis
2594 4604 2800 4658 dudum
2829 4601 3287 4681 archipresbyter,
3324 4616 3420 4654 seu
3467 4613 3548 4651 re-

1973 4711 2090 4755 ctor
2123 4696 2281 4753 dicta:
2313 4698 2484 4767 plebis
2529 4697 2674 4751 aliud
2711 4703 2958 4750 curatum
3015 4709 3106 4748 seu
3143 4691 3550 4760 incompatibile

1974 4788 2403 4843 ecclesiasticum
2419 4785 2628 4842 exStitit
2646 4784 2965 4840 benelicium
2985 4784 3212 4852 pacifice
3230 4779 3550 4848 asSecutus;

1977 4897 2072 4935 nos
2102 4882 2345 4936 volentes
2379 4880 2634 4935 dilectum
2686 4878 2844 4933 nobis
2877 4878 2929 4931 in
2974 4875 3194 4931 Christo
3223 4875 3554 4929 Emmanue-

1956 4974 2079 5039 llem
2105 4973 2374 5044 quondam
2411 4970 2672 5029 Antlionii
2702 4970 3034 5026 Cremonen.
3085 4968 3308 5023 fratrem
3339 4968 3550 5025 ordinis

1975 5066 2390 5135 praedicatorum
2461 5074 2516 5120 ct
2561 5063 2938 5134 cappelianum
3007 5061 3281 5132 magnifici
3341 5061 3550 5115 domini

1976 5158 2192 5215 Thadwi
2217 5158 2418 5224 lmolae,
2435 5167 2564 5225 etc.,
2603 5159 2668 5212 de
2682 5158 2804 5211 vita:
2826 5165 2878 5211 et
2896 5171 3108 5210 morum
3135 5157 3550 5234 bonestatepln—

1977 5253 2170 5306 rimum
2207 5250 2866 5316 commendatum,borum
2895 5247 3095 5304 intuitu
3135 5247 3322 5303 favore
3354 5261 3548 5317 prose-

1976 5347 2068 5416 qui
2118 5347 2382 5417 gratioso,
2434 5344 2724 5415 praefatum
2782 5342 3401 5416 arcbipresbyteratum,
3439 5355 3548 5396 seu

1978 5437 2188 5508 plebem
2219 5435 2432 5490 Sancta:
2462 5433 2645 5490 Maria:
2672 5434 2738 5489 de
2773 5432 3061 5498 Salustria,
3103 5435 3243 5489 sicut
3267 5435 3551 5504 puemitL-

1980 5539 2088 5594 tur,
2113 5527 2228 5584 sive
2256 5527 2363 5582 alio
2381 5528 2570 5596 quovis
2595 5528 2784 5591 modo,
2805 5536 2896 5580 aut
2918 5540 2984 5580 ex
3009 5526 3232 5580 alterius
3258 5526 3552 5596 cujuscun-

1977 5634 2084 5686 que
2115 5628 2269 5688 parte
2299 5625 2616 5682 vacantem;
2653 5617 2865 5671 etiamsi
2899 5630 2998 5686 per
3042 5614 3270 5669 liberam
3303 5609 3548 5685 resigna-

1980 5712 2185 5768 tioucm
2241 5710 2369 5768 dicti
2406 5709 2689 5779 Ludovici,
2744 5719 2837 5765 aut
2899 5709 3123 5766 alterius
3175 5699 3548 5777 cujuscumﬁle
