3972 6164
412 258 584 303 CXIIII

1669 242 2190 310 BESSARIONIS
2230 241 2421 305 ACTA

3514 253 3676 301 eam

411 376 566 423 extra
598 359 899 419 Romanam
949 361 1159 417 curiam
1191 374 1377 417 coram
1407 358 1624 416 notario
1661 369 1721 415 et
1756 360 1991 415 testibus
2090 367 2240 424 sunt,
2268 367 2462 413 vacant
2493 357 2833 414 incremento
2854 367 2910 416 et
2941 359 3167 431 paeitlco
3189 360 3374 417 statui.
3402 360 3551 418 Sane
3575 377 3671 432 pro

410 468 611 529 sponte
639 455 836 511 factam
860 470 875 522 ;
903 466 959 511 et
990 456 1037 510 si
1071 463 1222 509 tanto
1244 462 1486 524 tempore
1512 457 1813 518 vacaverit,
1845 452 1991 523 quod

412 546 535 617 ejus
559 546 780 602 collatio
808 560 902 600 seu
930 544 1172 614 provisio
1195 545 1257 599 ad
1276 546 1457 601 sedem
1472 543 1827 615 apostolicam
1860 544 1995 613 jux-

414 648 471 693 ta
524 636 911 695 Lateranensis
972 646 1176 693 statuta
1210 634 1425 692 concilii
1457 646 1553 691 aut
1588 633 1728 691 alias
1760 647 1993 702 quomo-

415 733 620 786 dolibet
652 732 890 802 legitime
915 732 1171 788 devoluta
1206 745 1307 787 seu
1341 728 1656 801 specialiter
1707 728 1790 783 vel
1824 741 1992 800 gene-

414 825 606 879 raliter
630 823 858 880 exsistat
888 835 974 879 :et
1002 824 1047 879 si
1071 839 1234 893 super
1254 838 1315 879 ea
1353 824 1497 877 inter
1523 820 1738 890 aliquos
1770 819 1837 874 lis
1864 832 1997 888 pen-

414 918 541 973 deat
573 917 837 983 indecisa,
864 915 1021 987 cujus
1048 925 1255 972 statum
1291 916 1379 970 hic
1406 931 1505 985 pro
1536 912 1875 970 sufficienter
1899 925 2000 965 ex-

414 1024 611 1080 presso
644 1009 832 1065 haberi
857 1010 1134 1066 volumus.
1208 1008 1380 1077 Cujus
1428 1008 1658 1073 fructus,
1709 1004 1916 1062 reditus
1941 1011 1999 1059 et

414 1112 714 1172 proventus
748 1101 821 1157 40
853 1100 1188 1157 florenorum
1214 1103 1330 1155 auri
1359 1101 1426 1157 de
1439 1096 1997 1169 Camera'secundum

415 1210 761 1251 communem
791 1195 1203 1251 aestimationem
1240 1194 1479 1251 valorem
1500 1207 1767 1259 annuum,
1799 1201 1859 1248 ut
1886 1190 2002 1247 dic—

414 1295 511 1359 tus
537 1286 857 1344 Emmanuel
879 1286 1099 1352 asserit,
1134 1302 1239 1342 non
1270 1286 1560 1352 excedunt,
1591 1299 1716 1340 cum
1744 1281 2000 1340 omnibus

414 1379 638 1452 juribus
699 1390 757 1435 et
784 1380 1128 1451 pertinentiis
1158 1380 1273 1435 suis
1301 1375 1999 1440 eidemEmmanueli,eum

418 1486 552 1541 quo,
584 1480 641 1527 ut
661 1472 887 1538 asserit,
915 1469 1208 1541 apostolica
1240 1467 1563 1527 auctoritate
1617 1467 1756 1523 alias
1786 1468 2005 1537 dispen-

419 1572 605 1620 satunt
662 1563 895 1630 exstitit,
925 1574 984 1619 ut
1017 1572 1329 1635 acceptare,
1361 1561 1609 1632 recipere
1663 1567 1722 1615 et
1764 1556 2003 1613 retinere

420 1654 623 1720 valeat,
679 1653 855 1712 donec
891 1656 1091 1710 vixerit
1130 1656 1501 1726 quodcunque
1548 1649 1868 1707 beneﬁcium
1898 1664 2001 1705 cu-

424 1757 605 1804 ratum
636 1746 849 1804 etiamsi
893 1747 1485 1819 areltipreshyteratus,
1543 1757 1640 1798 seu
1708 1740 2000 1813 prioratns,

422 1839 511 1896 vel
541 1840 645 1895 alia
680 1839 918 1910 dignitas
939 1839 1125 1906 fuerit,
1165 1837 1462 1908 apostolica
1519 1846 1574 1891 et
1621 1843 1821 1891 nostra:
1858 1833 2005 1904 lega-

425 1933 591 1988 tionis
628 1942 685 1988 et
734 1931 883 1988 omni
916 1930 1265 1997 auctoritate,
1311 1946 1417 1999 qua
1472 1924 1770 2000 fungimur,
1814 1935 2005 1983 tenore

425 2024 774 2098 praesentium
809 2023 1143 2081 confecimus
1176 2034 1231 2080 et
1260 2023 1327 2079 de
1361 2022 1452 2079 illo
1492 2022 1657 2077 etiam
1726 2022 1828 2077 sibi
1872 2035 2001 2090 pro-

424 2119 696 2182 videmus,
750 2117 1104 2172 decernentes
1138 2132 1204 2172 ex
1262 2130 1405 2170 nunc
1453 2114 1665 2170 irritant
1716 2122 1771 2169 et
1817 2112 2000 2177 inane,

425 2210 472 2267 si
498 2225 656 2266 secus
684 2224 848 2280 super
876 2209 946 2265 iis
981 2210 1217 2265 scienter
1244 2209 1328 2263 vel
1374 2208 1685 2278 ignoranter
1715 2205 2006 2275 contigetit

424 2301 758 2372 ntiemptari.
780 2297 897 2355 Non
911 2300 1162 2356 obstante
1184 2303 1327 2371 quod
1359 2303 1427 2355 de
1454 2300 1601 2355 dicto
1625 2298 2007 2369 at'ebipresby.

428 2403 627 2458 teratu,
658 2408 752 2447 seu
782 2391 937 2462 plebe
964 2406 1057 2464 per
1096 2390 1383 2461 quemdant
1409 2389 1693 2445 Nicolaum
1724 2386 1918 2443 Joanni
1951 2396 2007 2443 et

425 2487 749 2541 canonicum
782 2484 1105 2543 lmolcnsem
1150 2493 1409 2554 tanquam
1466 2485 1730 2539 vicarium
1780 2480 2006 2549 capituli

425 2577 732 2643 Imolensis,
758 2578 1049 2649 episcOpali
1092 2578 1221 2633 sede
1252 2586 1477 2632 vacante
1529 2575 1836 2645 fungentem
1875 2588 2005 2628 auc-

429 2671 650 2726 toritate
680 2668 1003 2739 episcopalis
1025 2668 1172 2725 sedis
1196 2667 1470 2740 praedicta:
1523 2665 1798 2737 provisum
1835 2663 2008 2719 fuisse

429 2762 648 2818 dicatur
702 2762 831 2817 licet
889 2761 1111 2817 nulliter
1140 2770 1195 2815 et
1227 2760 1295 2817 de
1349 2758 1494 2815 facto
1524 2757 1741 2813 cuidam
1780 2753 2007 2813 Nicolao

428 2854 586 2925 Lippi
650 2854 718 2909 de
744 2855 926 2909 Ferris
947 2853 1015 2908 de
1045 2852 1300 2909 Faventia
1316 2858 1371 2905 ct
1392 2850 1532 2920 quod
1549 2850 1835 2906 occasione
1868 2863 2011 2919 prae-

431 2949 599 3002 missa
630 2947 772 3002 idem
796 2948 1049 3003 Nicolaus
1074 2944 1489 3018 praesentialiter
1511 2942 1745 2998 detineat
1765 2952 1817 2995 et
1847 2956 2011 2996 occu—

429 3055 524 3116 pet
569 3046 772 3102 dictum
820 3041 1409 3113 archipresbyteratum
1442 3050 1538 3093 seu
1598 3036 1846 3107 plebem:
1906 3049 2010 3090 nos

428 3140 575 3194 enim
601 3138 848 3193 volumus
874 3135 1017 3205 quod
1059 3149 1165 3189 non
1209 3125 1465 3189 obSIante
1513 3129 1656 3185 dicta
1708 3127 2011 3199 provisione

429 3232 573 3288 idem
602 3227 921 3285 Emmanuel
951 3226 1122 3296 possit
1160 3225 1365 3280 habere
1394 3222 2007 3294 archipresbyteratum,

430 3340 526 3380 seu
554 3324 766 3395 plebem
811 3319 1124 3392 pradictam
1176 3326 1231 3373 et
1277 3316 1398 3388 ejus
1458 3316 1668 3371 fructus
1703 3324 1759 3368 et
1805 3313 2012 3369 reditus

429 3431 555 3472 cum
579 3414 893 3485 integritate
922 3412 1205 3482 percipere
1248 3410 1450 3465 valeat.
1482 3407 1748 3475 Quocirca
1807 3405 2015 3461 discre-

433 3507 568 3563 tioni
596 3518 795 3562 vestra:
818 3507 1142 3561 auctoritate
1165 3500 1390 3574 praefata
1436 3512 1491 3557 et
1524 3510 1713 3556 tenore
1768 3512 2013 3569 praesen-

430 3601 568 3658 tium
599 3599 989 3655 committimus
1015 3606 1072 3655 et
1100 3595 1431 3652 mandamus
1460 3606 1733 3665 quatenus
1762 3606 1861 3663 per
1914 3605 2013 3647 vos

431 3694 518 3750 vel
553 3694 719 3750 alium
754 3708 855 3749 seu
879 3693 1016 3747 alios
1042 3690 1292 3747 eumdem
1323 3687 1729 3746 Emmanuelem
1775 3684 1855 3740 vel
1889 3699 2016 3754 pro—

432 3796 745 3844 curatorem
766 3800 922 3841 suum
948 3784 1068 3855 ejus
1109 3784 1330 3839 nomine
1365 3770 1690 3851 recipientes
1722 3779 1777 3835 in
1804 3777 2010 3834 realem

431 3891 488 3937 et
517 3878 855 3949 corporalem
882 3875 1284 3948 possessionem
1307 3872 1891 3944 archipresbyteratus,
1918 3883 2014 3925 seu

434 3972 608 4044 plebis
632 3970 900 4042 prmdietae
928 3976 1133 4025 sanctae
1148 3966 1357 4024 κωπίω
1388 3967 1454 4021 de
1478 3964 1769 4031 Salustria,
1814 3977 1878 4018 ac
1921 3961 2013 4032 ju-

435 4071 576 4126 rinm
608 4078 663 4125 et
687 4066 1144 4140 pertinentiarum
1178 4065 1419 4136 ejusdem
1446 4064 1732 4129 inducatis,
1753 4070 2015 4119 ctaucto-

436 4168 600 4223 ritate
632 4172 816 4219 nostra
840 4161 1117 4217 inductum
1173 4156 1505 4222 defendatis,
1590 4165 1774 4211 amoto
1817 4155 2015 4211 exinde

436 4260 676 4331 quolibet
701 4254 891 4311 illicito
921 4255 1223 4320 detentore,
1256 4246 1519 4306 facientes
1553 4248 1757 4304 dictum
1799 4249 2015 4302 Emma-

438 4351 674 4416 nuelem,
704 4347 787 4402 vel
817 4346 936 4413 ejus
974 4353 1387 4415 procuratorem
1415 4357 1514 4413 pro
1545 4357 1610 4396 eo
1665 4347 1733 4395 ad
1766 4341 2012 4396 eamdem

437 4442 647 4515 plebem
676 4455 771 4495 seu
804 4438 1410 4509 archipresbyteratum,
1445 4446 1503 4487 nt
1533 4442 1616 4490 est
1675 4435 1869 4496 moris,
1919 4433 2017 4487 ad-

438 4535 584 4592 mitti
614 4534 828 4604 sibique
854 4531 936 4587 vel
964 4531 1084 4602 ejus
1108 4527 1449 4602 procuratori
1496 4526 1562 4581 de
1595 4525 1879 4593 fructibus,
1933 4541 2019 4581 re-

437 4629 649 4684 ditibus
715 4637 769 4682 et
819 4623 1195 4695 proventibus,
1229 4621 1442 4689 juribus
1491 4627 1549 4675 et
1600 4616 2019 4679 ohventionibus

439 4720 715 4777 universis
742 4716 1076 4788 responderi,
1124 4714 1554 4769 contradictores
1592 4710 1863 4781 quoslibet
1920 4725 2017 4781 per

439 4828 727 4870 censuram
759 4809 1188 4865 ecclesiasticam
1222 4816 1277 4859 et
1308 4806 1411 4858 alia
1440 4804 1577 4874 juris
1599 4802 1840 4858 remedia
1862 4818 2014 4858 com-

439 4911 733 4980 pescenda.
765 4906 825 4960 In
856 4919 1085 4974 quorum
1112 4900 1295 4965 fidem,
1322 4914 1429 4954 etc.

515 5027 705 5080 Datum
752 5019 1027 5084 Bononim,
1061 5017 1133 5071 25
1168 5014 1314 5070 Junii
1348 5014 1505 5082 1450,
1528 5028 1636 5070 etc.

1174 5153 1283 5207 Vll.

514 5276 827 5338 Bes-‘arion,
869 5280 1001 5337 etc.,
1028 5269 1328 5326 venerabili
1354 5267 1498 5322 Patri
1531 5265 1711 5323 Blasio
1740 5266 1924 5322 abbati
1955 5267 2014 5324 S.

443 5373 516 5431 Μ.
553 5372 605 5426 in
642 5368 958 5424 Cosmediu.
984 5366 1119 5419 alias
1153 5364 1337 5418 Sancti
1373 5360 1612 5432 Spiritus
1639 5360 1707 5415 de
1739 5358 2015 5416 Ravenna.

521 5463 689 5533 Digna
722 5458 998 5513 reddimur
1032 5472 1096 5510 ex
1133 5454 1374 5525 injuncto
1408 5450 1567 5507 nobis
1592 5450 1879 5523 legationis
1898 5452 2018 5507 uiii-

442 5559 529 5614 cio
553 5554 852 5611 attentione
880 5550 1121 5610 solliciti,
1148 5558 1206 5600 ut
1233 5547 1286 5600 in
1322 5543 1674 5599 admittendis
1703 5559 1888 5597 eorum
1923 5560 2020 5596 vo.

444 5652 516 5705 tis
554 5644 872 5705 benemlum
902 5630 1276 5700 impertiuntur
1299 5650 1580 5690 assensum
1613 5634 1705 5705 qtti
1750 5649 2018 5688 monaste-

444 5747 674 5808 riorum,
710 5738 1170 5805 ecclesiarumquc
1201 5746 1361 5802 atque
1390 5729 1628 5785 locorum
1663 5728 1865 5799 quibus
1882 5742 2018 5797 pne-

2094 457 2248 516 parte
2266 458 2353 501 tua
2388 445 2579 517 petitio
2606 448 2767 503 nobis
2786 448 2966 505 oblata
2995 449 3309 507 continebat
3336 452 3482 522 quod
3504 452 3678 506 eccle-

2096 541 2171 596 sia
2211 540 2385 595 sancti
2420 539 2566 595 Petri
2603 542 2658 596 in
2688 540 2954 597 Bresseda
2981 542 3101 598 sine
3123 556 3253 597 cura
3281 543 3385 598 sita
3420 542 3474 596 in
3522 540 3674 596 terri-

2100 632 2238 689 torio
2264 631 2560 700 Ravennae,
2594 651 2713 704 qua:
2740 633 2949 706 jamdiu
2980 648 3064 692 est
3097 637 3436 691 circumdata
3470 634 3679 706 paludi-

2096 725 2199 781 bus
2219 734 2274 781 et
2316 726 2566 783 funditus
2598 728 2835 795 ruinata,
2864 730 2937 783 ita
2961 730 3103 799 quod
3147 745 3254 785 non
3289 742 3375 785 est
3421 729 3679 784 memoria

2097 821 2153 874 in
2178 821 2538 886 contrarium,
2565 823 2709 893 quod
2743 838 2981 892 unquam
3014 822 3179 880 fuerit
3204 822 3441 893 alicujus
3473 821 3679 878 fructus

2096 912 2181 969 vel
2216 913 2438 979 valoris,
2466 925 2620 970 vacat
2650 916 2717 970 ad
2751 930 3011 985 praesens.
3045 928 3100 971 et
3126 926 3238 973 tam
3294 916 3386 971 diu
3442 916 3678 980 vacavit,

2098 1007 2244 1074 quod
2275 1006 2324 1062 si
2348 1006 2467 1077 ejus
2504 1007 2721 1063 collatio
2756 1010 3039 1077 spectabat
3079 1011 3147 1063 ad
3204 1008 3444 1077 aliquem
3495 1007 3679 1078 pra-la-

2102 1105 2239 1163 tum,
2283 1098 2442 1153 modo
2486 1107 2569 1153 est
2624 1098 2874 1153 devoluta
2905 1098 2972 1155 ad
3042 1101 3227 1155 sedem
3287 1098 3675 1170 apostolicam;

2100 1192 2350 1260 quodque
2387 1190 2672 1261 prtefatum
2706 1193 3096 1247 monasterium
3141 1192 3356 1247 Sanctae
3382 1190 3569 1247 Mariae
3620 1191 3675 1246 ia

2098 1282 2393 1340 Cosmedin
2421 1284 2581 1338 habet
2606 1284 2848 1354 undique
2875 1285 3040 1340 multa
3067 1282 3208 1341 bona
3231 1285 3436 1339 circum
3478 1283 3677 1339 dictam
3715 1299 3718 1302 '

2100 1376 2413 1441 ecclesiam,
2447 1376 2593 1433 unde
2650 1376 2813 1432 facile
2869 1378 3099 1442 videtur,
3137 1377 3338 1434 dictam
3393 1376 3680 1432 ecclesiam

2100 1466 2274 1524 fuisse
2304 1466 2602 1538 subjectam
2628 1469 2773 1524 dicto
2807 1474 2898 1524 tuo
2941 1469 3276 1524 monasterio
3328 1467 3462 1523 licet
3516 1467 3682 1536 ipsius

2103 1560 2419 1614 monasterii
2446 1558 2572 1630 jura
2604 1574 2702 1630 pro
2750 1559 2945 1631 majori
2997 1570 3155 1633 parte
3219 1559 3329 1615 sint
3378 1558 3681 1627 deperdita,

2102 1665 2204 1707 nec
2233 1653 2291 1708 id
2341 1652 2546 1721 liquido
2577 1652 2760 1709 valeas
2814 1654 3211 1711 demonstrare.
3270 1651 3449 1720 Quare
3493 1651 3681 1708 eadem

2102 1745 2291 1814 petitio
2322 1742 2686 1815 subjungehat
2717 1754 2778 1801 ut
2829 1733 3036 1799 'dictam
3083 1744 3373 1800 ecclesiam
3428 1744 3589 1800 uuire
3630 1751 3685 1798 et

2103 1837 2453 1907 incorporare
2488 1836 2837 1907 dignaremur
2872 1846 2963 1891 tuo
3000 1836 3351 1893 monasterio.
3382 1835 3495 1893 Nos
3529 1849 3682 1907 ergo,

2103 1928 2199 1999 qui
2230 1928 2531 1987 indefessis
2559 1929 2756 1986 studiis
2793 1931 2936 1987 votis
2957 1930 3202 1987 favemus
3231 1930 3422 2002 justis,
3450 1926 3684 2002 praedic-

2104 2031 2215 2078 tant
2248 2022 2531 2079 ecclesiam
2566 2022 2742 2080 sancti
2773 2022 2917 2079 Petri
2951 2032 3006 2078 ut
3035 2023 3383 2094 praemittitur
3400 2031 3683 2078 vacantem

2106 2114 2159 2170 in
2193 2127 2509 2185 perpetuum
2554 2116 2794 2182 animus,
2842 2124 2955 2172 etc.
2981 2114 3297 2172 Handantes
3347 2115 3555 2170 vicario
3621 2113 3682 2169 Ι).

2104 2210 2505 2279 archiepiscopi
2540 2210 2995 2277 Ravennatensis,
3035 2218 3091 2266 et
3128 2208 3383 2265 omnibus
3435 2204 3688 2279 personis

2104 2299 2491 2355 ecclesiasticis
2519 2301 2621 2355 sub
2651 2312 2833 2356 nostra
2889 2302 3157 2371 legatione
3194 2300 3537 2368 degentibus,
3595 2296 3688 2368 qui

2105 2389 2300 2446 harum
2332 2392 2514 2461 vigore
2540 2388 2743 2447 fuerint
2792 2392 3044 2465 requisiti
3090 2400 3362 2464 quatenus
3420 2400 3477 2447 te
3526 2390 3689 2447 indu-

2104 2498 2253 2552 eant,
2283 2498 2388 2545 etc.

2175 2578 2368 2636 Datum
2394 2580 2669 2649 Bononia»,
2700 2581 2773 2638 20
2804 2580 3057 2638 Octobris
3089 2579 3253 2638 N50.

2766 2683 2771 2687 '
2831 2672 2971 2730 Vill.

2178 2766 2495 2832 Bessarion,
2519 2777 2628 2823 etc.
2666 2766 2881 2823 dilectis
2912 2765 3072 2821 nobis
3103 2766 3157 2820 in
3187 2762 3411 2821 Christo
3440 2778 3690 2821 commn-

2108 2859 2185 2921 ni,
2222 2860 2503 2913 messariis
2537 2867 2592 2913 et
2647 2857 2961 2913 hominibus
3018 2864 3285 2909 terrarum
3342 2855 3588 2910 Succida‘.
3635 2865 3690 2910 et

2107 2950 2464 3023 Garuaglonis
2488 2952 2703 3020 Alpium
2737 2948 3150 3005 communitatis
3178 2946 3431 3004 Bononia:
3458 2949 3689 3004 salutem

2109 3054 2163 3101 et
2189 3044 2414 3100 sincerae
2439 3042 2750 3098 dilectionis
2774 3040 3050 3097 allectum.

2181 3134 2343 3191 Fides
2374 3145 2427 3188 et
2461 3136 2679 3191 devotio
2708 3144 2888 3189 vestra
2916 3148 3052 3204 quas
3076 3133 3142 3190 ad
3176 3133 3477 3189 Romanam
3504 3131 3691 3188 Eccle—

2110 3229 2245 3284 siam
2271 3229 2483 3283 habetis
2500 3236 2552 3281 et
2573 3232 3117 3296 praesentemytatum
3134 3226 3372 3283 civitatis
3395 3225 3685 3283 Bononiae:

2108 3322 2395 3378 calamitas
2445 3321 2689 3388 insuper,
2722 3335 2884 3391 quam
2934 3319 3009 3377 ob
3061 3319 3242 3374 varias
3297 3334 3583 3390 presseras
3638 3328 3694 3375 et

2110 3413 2354 3469 iocorum
2390 3414 2629 3483 ipsorum
2659 3413 3002 3469 sterilitatem
3032 3413 3377 3478 substinetis,
3408 3425 3509 3469 nos
3539 3411 3693 3467 indu-

2111 3516 2264 3570 cunt,
2289 3516 2347 3561 ut
2369 3522 2464 3563 vos
2490 3504 2884 3576 amplectamur
2911 3505 3191 3562 favoribus
3244 3505 3523 3573 gratiosis.
3577 3505 3690 3561 Du-

2109 3601 2238 3654 dum
2289 3598 2555 3669 siquidem
2613 3613 2709 3668 per
2776 3595 2931 3654 bona:
2991 3599 3269 3653 memoria:
3331 3600 3689 3655 reverendum

2112 3693 2329 3747 Patrem
2357 3689 2421 3746 D.
2456 3691 2743 3746 Fontinum
2784 3688 3052 3747 Venetum
3088 3706 3184 3761 pro
3213 3700 3398 3746 sancta
3444 3691 3691 3747 Romana

2112 3784 2354 3839 Ecclesia
2383 3782 2809 3856 gubernatorem
2850 3782 3087 3839 civitatis
3112 3782 3383 3860 praedictae
3411 3782 3692 3839 decretum

2118 3879 2275 3934 nobis
2310 3876 2677 3947 comperimus
2736 3874 2912 3931 fuisse
2957 3889 3301 3944 concessum,
3358 3885 3412 3930 et
3459 3874 3694 3946 gratiose

2114 3954 2379 4026 indultum
2401 3967 2620 4024 tenoris
2653 3977 2706 4023 ct
2727 3967 3084 4023 continentiae
3106 3967 3511 4038 subsequentis,
3545 3967 3697 4023 vide-

2113 4064 2242 4120 licet
2271 4076 2287 4117 :
2325 4061 2590 4117 Fantinus
2611 4061 3026 4131 pretonorarius
3048 4058 3287 4116 Venetus
3328 4074 3427 4129 pro
3455 4059 3695 4115 sanctis-

2117 4158 2262 4213 simo
2295 4157 2514 4211 domino
2550 4162 2739 4209 nostro
2762 4154 2826 4209 Β.
2861 4152 3098 4223 Eugenio
3123 4167 3259 4224 papa
3286 4152 3353 4208 ιν
3405 4162 3461 4207 et
3506 4162 3695 4208 sancta

2115 4248 2358 4305 Romana
2389 4246 2628 4305 Ecclesia
2657 4246 2867 4303 Bonon.
2900 4257 3006 4303 etc.
3058 4247 3387 4317 gubernator
3408 4286 3426 4310 ,
3486 4246 3697 4302 dilectis

2114 4343 2357 4399 nobisin
2388 4339 2610 4396 Christo
2637 4339 2917 4395 communi
2956 4338 3221 4395 Massario
3278 4349 3332 4394 ct
3384 4339 3696 4396 hominibus

2116 4446 2279 4491 terra:
2315 4433 2559 4490 Succidze
2582 4442 2637 4487 et
2663 4433 3023 4504 Garnaglonis
3041 4432 3253 4503 Alpium
3282 4431 3695 4489 communitatis

2116 4527 2372 4584 Bononia:
2401 4526 2633 4584 salutem
2660 4526 2711 4581 in
2747 4542 2835 4591 eo,
2870 4528 2962 4597 qui
2996 4538 3080 4582 est
3111 4527 3439 4582 vcrasalus.
3491 4525 3695 4587 Did‘use

2115 4622 2249 4678 satis
2279 4623 2347 4677 de
2380 4621 2696 4676 calamitate
2728 4628 2909 4676 vestra
2944 4620 3077 4676 lides
3106 4619 3263 4677 nobis
3302 4620 3446 4676 facta
3477 4631 3566 4677 est
3596 4635 3695 4692 per

2118 4715 2382 4770 redditam
2413 4711 2865 4783 supplicationem
2897 4724 3060 4781 quam
3082 4719 3138 4765 et
3153 4709 3462 4767 communis
3477 4710 3696 4767 nomine

2117 4810 2270 4864 nobis
2295 4805 2669 4865 exhibuistis:
2708 4804 2807 4860 fuit
2837 4805 2980 4859 enim
3020 4818 3186 4860 casus
3248 4805 3366 4873 ipse
3412 4802 3696 4859 miserabi-

2116 4903 2245 4957 liom
2274 4899 2432 4956 facile
2452 4898 2545 4967 qui
2580 4897 2965 4954 misericordes
2982 4904 3132 4962 sunt,
3163 4895 3233 4951 ad
3264 4895 3696 4951 misericordiam

2113 4993 2475 5058 devinciens;
2528 5005 2638 5045 non
2666 5004 2789 5043 eum
2814 4989 2998 5045 omnia
3027 4989 3300 5061 insperata
3337 4999 3531 5043 natura
3566 5002 3699 5059 qua.

2116 5088 2237 5139 dam
2273 5098 2377 5137 non
2406 5080 2567 5137 facile
2619 5080 2920 5135 tolerabilia
2962 5079 3094 5144 sint,
3125 5080 3241 5149 ipse
3274 5079 3568 5134 imminens
3609 5094 3700 5135 ea-

2116 5192 2210 5232 sus
2237 5177 2289 5230 in
2315 5174 2469 5230 vobis
2493 5190 2621 5244 erga
2654 5182 2893 5227 nostram
2946 5171 3105 5226 fidem
3162 5171 3417 5240 pietatem
3448 5168 3694 5227 adduxit.

2115 5270 2252 5324 Cum
2286 5275 2492 5327 autem,
2554 5265 2698 5320 sicut
2728 5262 3081 5331 esposuistis,
3127 5262 3401 5318 domicilia
3447 5276 3695 5319 commu-

2118 5374 2326 5428 nesque
2375 5356 2739 5412 habitationes
2774 5366 2971 5408 vestra:
3001 5369 3194 5409 nunties
3241 5354 3498 5410 radicatae
3528 5353 3697 5422 lapsa

2117 5458 2242 5503 sunt
2268 5448 2442 5512 fluxu,
2472 5456 2529 5502 et
2558 5446 2715 5500 ruina
2766 5444 2991 5509 montis,
3046 5442 3139 5498 ubi
3185 5444 3476 5499 residentia
3528 5445 3696 5501 vestri

2118 5537 2431 5597 communis
2460 5538 2567 5592 sita
2595 5546 2736 5604 erat,
2764 5537 2991 5607 locaque
3018 5533 3219 5591 fertilia
3246 5535 3390 5592 dicto
3419 5551 3549 5592 casu
3583 5545 3699 5594 ste-

2122 5634 2277 5690 rilem
2302 5630 2638 5700 susceperint
2660 5628 3050 5695 conditionem,
3088 5629 3441 5699 snpplicastis
3474 5629 3696 5686 humili-

2132 5738 2239 5793 tcr,
2275 5734 2333 5781 ut
2356 5738 2578 5781 causam
2604 5722 2868 5779 baberent
2896 5722 3147 5780 homines
3186 5723 3410 5781 minime
3430 5721 3695 5782 deseren-
