3970 6148
254 246 380 291 CXXV

255 347 616 405 dientumuue
655 358 924 414 vestrum,
950 347 1092 418 quod
1137 347 1461 403 imminuere
1487 349 1836 417 dignaremur

254 455 345 510 pro
367 443 592 496 dimidio
642 457 915 497 summam
943 443 1204 496 librarum
1241 441 1639 509 quinquaginta
1695 442 1829 491 dua—

256 549 406 597 rum,
473 533 778 588 solidorum
833 533 1134 597 tredecim,
1193 532 1540 586 denariorum
1601 541 1834 600 quatuor

255 626 450 680 Bouon.
472 641 618 694 quos
644 626 862 695 singulo
884 639 1030 678 anno
1083 623 1294 680 solvere
1325 640 1422 690 pro
1469 634 1583 674 rata
1645 622 1828 676 salarii

255 719 570 774 vicariorum
596 719 943 790 Capugnani,
968 733 1032 771 ac
1053 718 1194 787 quod
1219 717 1408 772 saltem
1446 715 1523 768 sal
1576 714 1732 768 vobis
1777 725 1832 768 et

253 825 426 866 vestro
450 812 734 866 communi
767 811 1141 866 necessarium
1170 808 1395 864 daretur
1444 807 1600 862 vobis
1651 824 1681 861 a
1743 824 1834 861 ca-

257 918 404 958 mera
436 902 640 957 saliunt
674 903 1014 958 Bononiense
1040 918 1141 972 pro
1194 900 1348 954 libris
1401 901 1573 953 tribus
1623 899 1830 955 Bouon.

255 996 314 1046 ad
348 995 615 1048 rationem
647 993 858 1058 Corbis,
889 994 1030 1049 sicut
1055 995 1113 1047 [it
1142 992 1352 1048 caeteris
1387 993 1510 1046 aliis
1563 994 1835 1047 comitati-

258 1086 348 1139 bus
373 1087 785 1142 communitatis
811 1085 1020 1141 Bonon.
1057 1093 1284 1154 propter
1317 1099 1507 1137 eorum
1541 1093 1832 1153 pauperta-

257 1187 376 1231 tem.
405 1177 511 1231 Nos
543 1188 727 1233 autem
761 1180 865 1232 etsi
914 1176 1145 1232 iirttiiter.
1199 1178 1488 1233 credamus
1539 1176 1736 1231 damna
1781 1184 1836 1231 et

251 1267 480 1337 jacturas
507 1277 747 1332 vestras,
778 1278 958 1324 tamen
990 1269 1194 1324 habere
1225 1270 1473 1323 volumus
1523 1270 1574 1322 in
1622 1282 1682 1323 re
1719 1268 1834 1336 ipsa

253 1376 460 1416 Omnem
492 1362 813 1430 possibilem
876 1361 1359 1426 informatiOnent;
1401 1375 1644 1426 remque-
1683 1375 1832 1414 com-

255 1454 493 1506 misimus
525 1455 828 1509 reverenda
861 1455 925 1509 Β.
971 1456 1315 1510 thesaurario
1354 1465 1409 1509 et
1455 1452 1836 1507 defensoribus

256 1546 458 1599 bavcris
495 1547 810 1600 communis
833 1546 1039 1600 Bouon.
1067 1545 1171 1616 Ipsi
1197 1548 1338 1600 enim
1370 1545 1629 1600 inlirmati
1657 1544 1837 1597 ﬁrma-

255 1647 438 1689 verunt
473 1637 640 1690 nobis
663 1651 725 1688 ea
747 1651 863 1704 qua:
886 1637 938 1689 in
973 1636 1365 1706 supplicatione
1389 1650 1485 1706 per
1506 1649 1601 1690 vos
1621 1641 1836 1687 narrata

256 1740 396 1794 sunt,
462 1744 594 1782 vera
657 1745 799 1795 esse,
853 1730 1250 1798 imminerequo
1314 1725 1381 1782 ad
1437 1729 1549 1782 lucc
1600 1725 1835 1797 pericula

255 1829 443 1887 praeter
465 1823 610 1890 ipsa,
635 1837 756 1891 qua:
794 1838 952 1876 mons
973 1821 1087 1892 ipse
1115 1823 1290 1877 adhuc
1321 1821 1574 1876 teuditad
1604 1820 1838 1874 dceisio—

257 1926 371 1965 nem
406 1926 421 1963 :
454 1914 605 1966 unde
623 1913 922 1966 suadebant
977 1914 1155 1980 nobis,
1202 1913 1347 1982 quod
1403 1916 1630 1981 gratiam
1679 1914 1836 1968 vobis

257 2003 555 2060 iaceremus
592 2023 610 2060 :
643 2007 784 2074 quod
811 2005 891 2059 sal
932 2007 1084 2062 vobis
1129 2007 1350 2060 daretur
1396 2005 1605 2060 ratione
1659 2006 1838 2060 corbis

259 2112 351 2162 pro
379 2098 535 2153 libris
564 2099 744 2153 tribus
765 2095 974 2154 Bonon’.
1003 2113 1032 2151 a
1088 2113 1324 2162 camera,
1353 2113 1445 2153 seu
1478 2097 1665 2167 canipa
1711 2099 1837 2151 salis

259 2198 472 2244 nostra:
497 2199 553 2244 et
584 2192 732 2260 quod
763 2190 1018 2246 salarium
1039 2191 1346 2245 communis
1369 2191 1561 2250 vestri,
1585 2189 1838 2244 videlicet

259 2283 513 2338 librarum
537 2283 1204 2353 quinquagintaduaruin,
1231 2281 1530 2337 solidorum
1557 2281 1836 2342 tredecim,

257 2375 606 2428 denariorum
648 2387 898 2444 quatuor,
927 2374 1070 2444 quod
1123 2379 1404 2428 annuatim
1442 2373 1649 2428 solvere
1685 2387 1839 2428 tene-

260 2465 382 2520 π.ὴί
412 2481 511 2536 pro
543 2468 752 2520 salario
779 2467 1108 2521 vicariorum
1155 2467 1501 2536 Capugnaui;
1554 2467 1696 2536 quod
1757 2480 1839 2519 re.

260 2560 625 2624 mitteremus,
664 2571 718 2615 et
777 2560 1226 2616 imminueremus
1279 2563 1346 2615 ad
1412 2561 1578 2615 libras
1619 2561 1836 2630 triginta

262 2651 390 2705 duas
421 2652 631 2707 solidos
691 2653 968 2716 tredecim,
1020 2653 1277 2708 denarios
1350 2663 1582 2722 quatuor
1627 2654 1833 2708 Bouon.

259 2759 374 2813 quae
398 2745 688 2799 annuatim
715 2745 851 2798 solvi
889 2761 983 2813 per
1005 2761 1098 2799 vos
1128 2761 1223 2814 pro
1256 2745 1455 2800 salario
1506 2745 1834 2799 vicariorum

261 2845 566 2892 teneantur.
602 2837 894 2892 Residuum
948 2849 1149 2904 autem,
1179 2839 1429 2893 videlicet
1470 2841 1637 2893 libras
1664 2838 1735 2892 20
1763 2854 1836 2894 ne

261 2927 636 2998 prajudiciuut
669 2927 763 2985 ﬂat
788 2944 1020 2983 caruere
1049 2940 1137 2982 aut
1170 2931 1291 2982 aliis
1328 2931 1834 2999 communitatibus,

261 3022 470 3076 solvant
493 3023 602 3076 boc
635 3023 817 3093 modo,
842 3033 945 3078 etc.
981 3021 1116 3076 Nam
1140 3022 1281 3078 facta
1309 3037 1391 3079 est
1415 3026 1546 3078 alias
1570 3027 1836 3080 constitu-

263 3112 333 3168 tio
364 3128 460 3182 per
491 3114 763 3185 regimina
786 3116 1022 3172 civitatis
1051 3114 1301 3173 Bononia:
1321 3127 1374 3173 et
1401 3115 1716 3172 continuata
1744 3133 1839 3189 per

263 3205 549 3272 quemdam
581 3204 1088 3259 reverendissimutn
1119 3206 1448 3260 cardinalem
1497 3205 1631 3260 alias
1657 3203 1838 3259 Bono-

267 3293 361 3348 nia:
385 3293 648 3364 legatum,
679 3294 822 3362 quod
870 3295 1126 3350 introitus
1180 3294 1325 3350 Dacii
1382 3295 1836 3361 molendinorum,

265 3387 348 3455 qui
378 3401 476 3454 pro
503 3394 623 3442 rata
658 3389 1012 3456 contingente
1050 3388 1536 3441 communitatibus
1569 3385 1836 3451 Succidaa,

263 3468 642 3548 Garnaglonis,
670 3487 727 3532 et
750 3477 1066 3548 Capuguani
1112 3478 1176 3532 ad
1227 3480 1491 3534 rationem
1539 3479 1838 3534 solidorum

265 3564 491 3641 quatuor
534 3582 634 3640 pro
662 3575 832 3626 bucca
855 3584 1210 3641 personarum
1230 3571 1496 3626 dictarum
1521 3576 1837 3626 comitatum

264 3672 711 3718 converterentur
739 3662 804 3716 ad
834 3661 1232 3729 reparationem
1263 3673 1315 3716 et
1339 3663 1408 3717 ad
1445 3663 1838 3732 reaptationem

266 3754 579 3811 balneorum
608 3755 675 3810 de
699 3753 988 3823 Laporetta
1022 3754 1425 3810 communitatis
1456 3754 1838 3812 Bononiensis.

265 3845 391 3902 Cum
423 3855 610 3902 autem
635 3849 953 3903 constitutio
991 3849 1103 3916 ipsa
1124 3849 1234 3917 jam
1261 3848 1415 3902 annis
1441 3849 1628 3902 decem
1658 3864 1843 3903 serva-

269 3948 316 3994 ta
339 3942 432 4006 sit,
470 3941 958 4009 reparatiouesque
983 3957 1078 4009 pro
1120 3941 1328 4010 majore
1360 3954 1510 4011 parte
1566 3943 1678 3996 sint
1716 3958 1841 4013 per-

267 4031 434 4098 fectae,
470 4045 778 4101 parumque
809 4041 976 4086 restet
1001 4034 1064 4086 ad
1091 4047 1242 4087 suam
1270 4031 1676 4105 perfectionem,
1710 4049 1840 4088 sua-

268 4125 490 4193 debant,
521 4125 669 4196 quod
695 4139 762 4180 ex
787 4125 1010 4180 introitu
1049 4127 1306 4194 pra’dicto
1328 4126 1475 4179 Dacii
1503 4127 1842 4182 molendina-

270 4235 381 4273 rntn
412 4235 516 4290 pro
570 4231 688 4273 rata
750 4220 1102 4288 contingente
1135 4221 1298 4274 dictis
1343 4221 1696 4274 comitatibus
1748 4222 1840 4291 qui

269 4327 360 4383 per
385 4314 648 4370 olliciales
677 4313 964 4382 deputatos
994 4313 1268 4384 colligitur
1294 4328 1454 4368 causa
1498 4316 1656 4369 dicta:
1689 4329 1840 4383 repa-

270 4407 515 4472 rationis,
552 4406 838 4474 capiantur
886 4403 1045 4459 dictae
1103 4404 1251 4459 librae
1297 4405 1367 4460 20
1424 4421 1522 4473 pro
1570 4407 1841 4476 completa

271 4499 539 4556 solutione
569 4512 758 4553 eorum
788 4505 907 4567 qua:
951 4497 1164 4550 solvere
1199 4499 1528 4552 tenebatnini
1564 4515 1661 4566 pro
1701 4499 1843 4554 sala-

273 4594 346 4647 rio
398 4592 592 4647 vicarii
648 4590 837 4654 vestri,
874 4589 1148 4642 residuum
1196 4602 1326 4642 vero
1373 4589 1627 4643 introitus
1669 4590 1842 4659 depu-

274 4697 406 4742 tetur
433 4688 503 4740 ad
531 4685 744 4741 solitam
779 4683 1044 4739 dictorum
1072 4681 1386 4737 balneorum
1421 4683 1841 4752 reparationem.

275 4778 380 4836 Hoc
411 4782 562 4834 enim
600 4777 780 4832 suasis
807 4775 964 4830 nobis
1002 4785 1224 4843 propter
1248 4761 1455 4828 damna
1521 4784 1700 4829 vestra
1738 4792 1841 4830 non

278 4873 618 4929 mediocriter
679 4869 925 4939 placuit:
986 4869 1130 4920 unde
1184 4867 1426 4922 volentes
1473 4869 1523 4920 in
1584 4871 1670 4932 iis,
1725 4885 1845 4938 qua:

278 4979 584 5034 possumus,
617 4962 770 5017 vobis
824 4972 880 5013 et
925 4951 1115 5012 votum
1175 4961 1469 5012 calamitati
1529 4963 1842 5026 subvenire,

277 5054 594 5110 auctoritate
622 5051 920 5121 apostolica
962 5064 1064 5118 qua
1091 5047 1380 5117 iungimur
1421 5051 1652 5120 gratiam
1691 5053 1844 5106 vobis

278 5146 522 5211 iacimus,
543 5144 896 5199 concedimus
925 5151 978 5196 et
1011 5141 1310 5211 illargimur
1365 5146 1661 5198 secundum
1700 5145 1844 5212 quod

280 5241 328 5293 in
369 5237 650 5294 relatione
689 5235 949 5306 prmdicta
989 5234 1348 5302 significatum
1398 5246 1504 5299 est,
1567 5239 1713 5305 quod
1765 5238 1846 5290 sal

279 5335 524 5390 videlicet
542 5330 697 5387 vobis
725 5344 823 5400 pro
855 5344 956 5382 usu
1001 5337 1182 5382 vestro
1209 5328 1535 5381 exbibeatur
1571 5343 1599 5381 a
1653 5331 1845 5395 canipa

281 5429 400 5483 salis
446 5426 659 5482 Bouon.
706 5432 806 5495 pro
861 5423 1014 5476 libris
1076 5421 1246 5473 tribus
1311 5419 1518 5476 Bouon.
1584 5434 1848 5489 quatenus

280 5522 539 5592 siquidem
571 5518 781 5574 solvere
807 5523 1018 5568 tantum
1049 5511 1291 5566 debeatis
1328 5528 1424 5581 pro
1458 5512 1658 5567 salario
1690 5515 1849 5566 vica-

284 5616 339 5669 rii
365 5615 684 5685 Capugnani
711 5608 995 5662 annuatim
1045 5605 1215 5659 libras
1276 5605 1560 5673 prandimus
1625 5605 1843 5674 triginta

339 5743 406 5805 (l)
441 5742 581 5794 Falsa
617 5735 929 5804 pontiﬁcatus
963 5739 1093 5781 nuta.
1276 5779 1279 5782 .

722 5822 990 5885 Panos.
1035 5820 1150 5877 Gtt.
1199 5815 1396 5878 ςωιι.

1322 228 1400 297 ΙΝ
1449 230 1888 332 ΗΞΕᾹΤΙΟΝΕ
1935 231 2430 299 BONON‘IENSI.

3381 238 3537 282 (Μαι

1942 353 2094 410 duas.
2136 352 2338 406 solidos
2403 348 2686 415 tredecim,
2746 342 3002 404 denarios
3068 352 3300 415 quatuor
3368 344 3541 398 Bono-

1942 444 2192 496 nieuscs:
2223 442 2339 500 alizc
2381 458 2514 495 vero.
2543 441 2613 496 20
2645 442 2798 496 libra!
2831 449 3041 494 tantum
3092 438 3377 493 solvantur
3449 436 3520 486 de

1943 533 2168 588 introitu
2205 536 2460 603 deputata
2517 550 2614 604 pro
2673 534 2988 590 balneorum
3041 531 3385 603 reparatione
3439 543 3535 596 per

1938 638 2084 690 eum,
2115 625 2196 676 vel
2219 641 2332 692 cos,
2371 627 2464 691 qui
2492 628 2559 679 ad
2593 626 2828 680 similem
2882 625 3230 686 exactionem
3284 622 3530 690 deputati

1939 725 2092 780 sunt,
2119 718 2260 771 sicut
2279 716 2438 771 latius
2459 717 2704 783 superius
2731 729 3050 784 expressum
3077 725 3192 776 eat;
3222 712 3537 768 mandantes

1944 803 2279 858 tbesaurario
2319 819 2550 859 camena
2583 803 2798 858 Bouon.
2830 805 2921 868 qui
2979 818 3076 871 pro
3120 813 3363 872 tempore
3396 804 3526 864 erit,

1938 894 2322 950 defensoribus
2347 897 2586 955 baveris.
2617 895 3064 959 conductoribus,
3090 909 3153 949 ac
3207 902 3532 962 superstan.

1941 987 2084 1040 tibus
2117 989 2269 1054 salis,
2304 990 2659 1043 exactoribus
2692 989 2910 1044 vicariis
2936 986 3282 1056 (Iapugnani,
3324 986 3532 1041 cilicia-

1940 1077 2085 1132 ‘tibus
2132 1080 2406 1149 deputatis
2447 1080 2514 1133 ad
2576 1079 2702 1134 dicti
2761 1079 3016 1134 introitus
3055 1080 3394 1134 exactionem
3438 1095 3536 1148 pro

1942 1172 2289 1238 reparatione
2321 1172 2639 1227 balneorum
2672 1187 2736 1226 ac
2763 1172 3016 1226 omnibus
3044 1182 3097 1224 et
3142 1171 3373 1240 singulis
3403 1173 3524 1226 aliis

1938 1261 2259 1320 ollicialibus
2290 1265 2491 1319 nostris
2517 1273 2572 1318 et
2603 1267 2911 1319 communis
2945 1263 3300 1318 Bononiensis
3330 1265 3532 1333 quibus

1940 1363 2147 1422 spectat
2177 1365 2270 1409 aut
2312 1367 2560 1426 spectare
2615 1358 2784 1425 possit
2833 1358 2887 1410 in
2948 1356 3212 1421 futurum,
3265 1365 3534 1426 quaternis

1941 1445 2085 1500 hanc
2137 1459 2381 1502 nostram
2411 1446 2638 1517 gratiam
2677 1459 2913 1514 servent,
2949 1447 3256 1517 faciantque.
3281 1449 3348 1502 de
3398 1461 3532 1502 tcnt~

1940 1555 2072 1610 pore
2104 1542 2157 1594 in
2186 1549 2399 1612 tempus
2426 1541 2493 1594 ab
2523 1542 2648 1597 aliis
2676 1542 2982 1597 observari.
3020 1542 3076 1595 In
3097 1558 3328 1608 quorum
3369 1543 3528 1596 iidem

1941 1635 2224 1702 praesentis
2241 1635 2615 1689 concessionis
2648 1646 2847 1690 nostra:
2877 1636 3152 1689 decretum
3204 1635 3344 1700 ﬁeri,
3380 1635 3532 1704 sigila-

1941 1727 2088 1793 lique
2110 1725 2283 1782 nostri
2319 1726 2534 1781 rotundi
2574 1725 2842 1796 iussimus
2909 1726 3265 1794 impressione
3311 1729 3529 1782 muniri.

2013 1819 2204 1871 Datum
2234 1819 2488 1873 Bononia!
2524 1819 2577 1872 in
2619 1819 2819 1890 palatio
2851 1829 3049 1874 nostrae
3082 1820 3411 1883 residentia',
3446 1821 3532 1874 die

1939 1911 2132 1982 quitth
2166 1911 2378 1968 decimo
2401 1911 2604 1965 mensis
2638 1909 2920 1965 Februarii
2960 1909 3122 1975 “5'2,
3183 1909 3532 1980 pontiﬁcatus

1941 2003 2281 2061 sanctissimi
2327 2003 2533 2057 domini
2563 2003 2736 2058 nostri
2779 2001 2840 2056 Ι).
2887 2001 3114 2071 Eugenii
3167 2001 3326 2073 Papa:
3387 2016 3531 2059 anno

1901 2131 1904 2134 ~
1938 2101 2116 2167 primo
2149 2099 2250 2166 (ιι),
2279 2107 2387 2152 etc.

2689 2192 2783 2247 IX.

2011 2280 2140 2338 Post
2175 2282 2335 2354 cujus
2378 2284 2598 2355 quidem
2625 2283 2830 2340 decreti
2867 2294 2920 2338 et
2970 2283 3162 2338 indulti
3214 2284 3524 2339 C0I|C058l04

1942 2390 2090 2436 nem,
2123 2374 2441 2441 spectabilis
2474 2369 2632 2430 miles
2657 2367 2721 2432 ῐ).
2761 2372 3020 2431 Nicolaus
3048 2378 3112 2430 de
3142 2375 3361 2430 Sanatis
3395 2376 3529 2430 civi-

1942 2471 2071 2522 tatis
2103 2467 2466 2523 Bouoniensis
2486 2468 2815 2523 auctoritate
2832 2467 3126 2538 apostolica
3160 2467 3214 2520 in
3264 2467 3524 2523 comitem

1940 2561 2239 2616 Palatinum
2271 2571 2605 2632 assumptus,
2651 2564 2702 2616 in
2747 2562 2964 2616 titulum
2997 2561 3080 2616 sui
3119 2561 3414 2615 comitatus
3442 2561 3526 2614 lo-

1940 2673 2063 2712 eum
2098 2656 2440 2727 prmdictum,
2472 2655 2564 2725 qui
2599 2655 2802 2711 dicitur
2830 2655 3160 2724 Laporetta,
3198 2669 3321 2709 cum
3351 2655 3530 2709 omnia

1943 2751 2043 2805 bus
2080 2749 2428 2820 pertinentiis
2467 2758 2521 2804 et
2545 2747 3022 2821 iurisdictionibus
3051 2749 3191 2810 suis,
3253 2761 3314 2802 ac
3359 2749 3523 2801 etiam

1941 2857 2064 2896 cum
2099 2841 2364 2896 vicariatu
2397 2840 2667 2922 dicturum
2702 2851 2995 2902 terrarum,
3025 2848 3078 2893 et
3109 2839 3381 2893 solutione
3424 2852 3520 2892 so-

1944 2938 2176 2992 lidorum
2235 2947 2472 3005 quatuor
2526 2950 2624 3002 pro
2655 2935 2896 3004 qualibet
2925 2934 3094 2989 bucca
3132 2933 3414 2987 hominum
3473 2942 3528 2984 et

1945 3045 2299 3099 personarum
2329 3030 2382 3083 in
2415 3029 2546 3098 ipsis
2575 3030 2732 3087 terris
2761 3028 3163 3092 exsistentium,
3183 3037 3342 3095 prout
3369 3034 3544 3079 antea-

1941 3138 2039 3193 pro
2067 3123 2344 3178 macinatu
2379 3136 2607 3177 camera:
2634 3119 2992 3174 Bononiensis
3027 3117 3239 3173 solvere
3297 3132 3527 3172 consue-

1942 3223 2155 3278 verant,
2196 3214 2392 3269 eadem
2432 3214 2762 3269 auctoritate
2791 3209 3030 3266 obtinuit
3052 3207 3345 3280 prorideri,
3370 3216 3530 3278 prout

1941 3307 2224 3362 in=litteris
2256 3307 2570 3376 apostolicis
2599 3305 2725 3360 inde
2755 3301 3042 3366 confectis,
3067 3310 3122 3357 et
3147 3317 3332 3357 coram
3362 3301 3524 3355 nobis

1942 3401 2201 3457 exhibitis
2228 3403 2374 3457 clare
2407 3408 2642 3457 constat.
2673 3399 2808 3456 Cum
2840 3409 3021 3454 autem
3049 3397 3193 3451 inter
3229 3395 3518 3468 praefatum

1943 3495 2264 3566 generosum
2290 3494 2544 3549 comitem
2574 3501 2631 3548 et
2661 3491 3014 3560 spectabilem
3049 3489 3274 3544 militem
3309 3501 3375 3544 ex
3410 3499 3514 3542 una

1942 3598 2095 3661 parte
2116 3599 2168 3644 et
2202 3587 2433 3643 vicarius
2461 3602 2557 3656 pro
2581 3594 2825 3656 tempore
2846 3587 3131 3654 deputatas
3158 3584 3225 3636 ad
3278 3583 3520 3652 regimen

1941 3692 2211 3738 terrarum
2247 3695 2313 3734 ex
2343 3682 2538 3747 altera,
2574 3695 2639 3735 ac
2677 3680 2841 3734 etiam
2881 3676 3309 3733 communitates
3335 3687 3386 3731 et
3425 3675 3523 3730 bo;-

1942 3775 2118 3828 mines
2148 3773 2462 3827 earumdem
2492 3779 2645 3841 parte
2666 3785 2731 3825 ex
2761 3769 2931 3825 altera
2962 3769 3158 3838 saepius
3207 3781 3526 3823 controver-

1943 3866 2022 3919 sia
2057 3864 2245 3925 fuerit.
2267 3864 2501 3917 etetiam
2532 3865 2711 3933 vigeat
2739 3861 2803 3916 de
2835 3862 3088 3931 praesenti
3123 3861 3412 3916 occasione
3436 3878 3524 3913 δυσ

1951 3953 2177 4012 lutionis
2212 3953 2400 4010 salarii
2432 3953 2561 4010 dicti
2588 3953 2907 4019 vicariatus,
2937 3963 2994 4009 et
3023 3952 3187 4008 etiam
3234 3951 3526 4006 solutionis

1943 4046 2205 4104 librarum
2259 4047 2469 4117 viginti,
2523 4059 2659 4114 quas
2712 4045 2950 4117 praefata:
2996 4044 3439 4105 communitates,
3471 4051 3525 4098 ct

1946 4141 2192 4197 homines
2210 4156 2308 4211 pro
2336 4155 2523 4196 eorum
2555 4139 2743 4212 buccis
2764 4139 3070 4194 macinatus
3089 4139 3199 4208 jam
3227 4132 3393 4193 certis
3413 4137 3525 4192 ela-

1945 4235 2056 4302 psis
2084 4236 2244 4289 annis
2300 4231 2512 4288 solvere
2572 4247 2668 4300 pro
2703 4231 3048 4303 reparatione
3096 4231 3419 4287 balneorum
3455 4230 3524 4284 de

1946 4325 2238 4395 Laporetta
2279 4335 2706 4387 consueverunt,
2773 4325 2838 4378 ad
2901 4339 3136 4392 quorum
3193 4322 3519 4378 solutionem

1947 4419 2180 4485 praefata:
2210 4417 2590 4472 universitates
2611 4423 2664 4470 e't
2688 4416 2936 4472 homines
2953 4417 3224 4472 dietarum
3247 4426 3516 4472 terrarum

1946 4512 2275 4568 auctoritate
2305 4509 2603 4579 pratinserti
2633 4509 2839 4566 decreti
2886 4526 2946 4566 se
2989 4517 3245 4566 asserunt
3290 4525 3397 4566 non
3437 4523 3518 4567 te-

1947 4606 2104 4660 neri:
2140 4618 2239 4657 nos
2285 4618 2412 4674 ergo
2455 4603 2763 4674 iurgiorum
2827 4604 3084 4660 materias
3115 4615 3398 4675 amputare
3425 4619 3521 4657 cu.

1946 4690 2176 4767 pientes,
2211 4711 2272 4752 ac
2304 4697 2446 4765 paci,
2481 4695 2648 4764 quieti
2677 4705 2732 4750 et
2762 4697 3144 4766 tranquillitati
3183 4699 3522 4753 subditorum

1948 4794 2254 4845 nostrorum
2275 4788 2558 4856 providere
2585 4787 2877 4858 plurimum
2902 4786 3246 4852 ad‘ectantes,
3270 4789 3522 4856 pmseuti

1950 4893 2135 4936 nostro
2159 4881 2378 4935 decreto
2420 4875 2720 4945 firmamus,
2749 4879 2894 4949 quod
2926 4879 3163 4949 praelate
3195 4879 3523 4934 universitao

1950 4981 2028 5027 tcs
2053 4983 2107 5026 et
2143 4971 2388 5026 homines
2412 4971 2731 5025 earumdem
2761 4986 2859 5040 pro
2880 4971 3026 5024 omni
3058 4986 3125 5026 co
3150 4982 3202 5024 et
3225 4982 3356 5034 toto,
3377 4975 3523 5039 quod

1947 5066 2234 5118 occasione
2264 5063 2393 5117 dicti
2418 5063 2719 5116 macinatus
2752 5071 2850 5128 pro
2897 5074 3085 5116 eorum
3121 5063 3308 5116 buccis
3339 5077 3518 5114 came-

1954 5171 2026 5210 ra:
2068 5154 2397 5209 Bononiensi
2445 5153 2658 5207 solvere
2693 5162 2944 5208 tenentur
2998 5153 3064 5206 de
3096 5161 3298 5208 caetero
3330 5167 3524 5208 omnes

1949 5247 2194 5318 singulas
2228 5248 2393 5301 libras
2451 5247 2702 5300 undecim
2765 5245 2974 5301 Bonon.
3046 5256 3244 5301 etnon
3301 5247 3527 5300 ulterius

1951 5317 2174 5411 praefato
2205 5338 2262 5392 D.
2301 5338 2520 5393 Nicolao
2547 5337 2732 5392 comiti
2763 5338 3020 5408 prtedicto
3059 5347 3112 5392 et
3147 5337 3302 5392 militi
3333 5353 3361 5392 a
3391 5347 3529 5390 tem-

1952 5447 2083 5502 pore
2108 5429 2484 5485 concessionis
2546 5429 2871 5484 auctoritate
2903 5430 3200 5499 apostolica
3247 5427 3348 5484 sibi
3383 5426 3524 5480 tnta

1953 5526 2088 5580 citra
2120 5539 2186 5579 ex
2238 5514 2602 5590 computando
2642 5522 2769 5576 illud
2810 5532 2974 5576 totum
3017 5521 3085 5576 de
3132 5521 3281 5576 dicta
3310 5535 3525 5575 summa

1953 5620 2097 5692 quod
2142 5617 2328 5672 dictas
2356 5613 2743 5672 universitates
2779 5627 2839 5673 et
2885 5617 3135 5671 homines
3189 5613 3413 5686 praelato
3459 5613 3526 5670 υ.
