3972 6164
404 330 572 377 cxutt
1657 326 1925 391 JOANN.
1956 333 1972 387 l

2107 379 2117 388 .
2163 332 2498 393 BABRICII
2529 312 2548 420 .'_
3524 351 3674 393 οων

409 465 494 521 his
522 463 762 536 suppleri
794 477 956 534 posse
988 463 1236 520 Bandlnii
1269 468 1720 525 commentarium
1749 470 1818 526 de
1845 469 2187 535 Bessarione.
2251 473 2410 539 eique
2462 474 2626 527 multa
2659 473 2762 527 alia
2793 483 2846 529 et
2875 472 3098 545 majoris
3131 475 3350 546 quidem
3417 481 3676 535 momenti

410 555 653 609 addenda
687 565 912 609 restare.
948 555 1090 609 Idem
1129 573 1181 622 p.
1222 555 1349 620 120,
1373 567 1426 610 et
1458 558 1580 627 i2],
1619 557 1748 623 219,
1776 559 1902 622 250,
1933 558 2064 620 209,
2096 561 2162 614 de
2210 562 2332 615 aliis
2395 562 2552 615 codd.
2604 577 2743 631 quos
2777 562 3029 618 Bessario
3059 564 3485 620 conscribendos
3517 582 3676 622 cura-

410 642 484 693 vit
511 656 524 692 :
555 639 621 692 ad
651 638 860 691 initium
890 639 1047 708 primi
1082 651 1209 694 sunt
1235 641 1543 698 Andronici
1583 643 1842 713 (Callisti)
1899 643 2187 716 Byzantini
2237 664 2425 704 versus
2475 650 2774 704 hexametri
2807 652 3340 721 undequinquaginta
3369 653 3422 706 in
3459 653 3673 713 laudem

411 729 748 784 Iiessarionis
777 730 845 784 ob
872 731 1048 785 editos
1081 745 1176 794 pro
1205 732 1432 788 Platone
1459 734 1645 796 libros,
1685 735 1774 802 qui
1808 737 1971 790 etiam
2002 745 2218 790 exstant
2273 739 2325 788 in
2378 733 2538 787 codd.
2601 733 2982 789 Laurentianis
3012 738 3151 804 apud
3176 734 3410 792 Bandin.
3451 748 3580 791 tom.
3605 737 3672 799 II,

412 833 462 879 p.
498 816 588 879 92.
620 816 711 882 96,
737 826 786 872 et
812 818 952 872 aliis.
976 850 1046 859 —
1070 817 1213 874 Idem
1236 820 1340 874 cel.
1371 819 1622 876 illorcllus
1645 821 1801 886 ibid.,
1841 839 1888 891 p.
1929 824 2030 880 114
2052 841 2156 895 sq..
2183 826 2362 885 docet,
2393 822 2766 878 Bessarionem
2800 825 2918 879 cod.
2964 823 3130 880 Marc.
3159 823 3281 890 I90,
3304 825 3395 894 qui
3430 826 3676 881 continet

413 902 589 957 Procli
634 903 990 960 Commentar.
1029 907 1082 961 in
1141 906 1383 961 Platonis
1440 907 1722 972 Tintazum,
1786 919 1958 965 tctum
2016 909 2474 966 adnotatiunculis
2507 907 2571 961 ad
2602 918 2920 977 argumenta
2957 910 3436 964 commonstranda
3477 926 3573 981 rep
3595 911 3674 967 le-

415 993 617 1059 vissc;-
651 1000 713 1047 ad
764 991 980 1048 initium
1035 1003 1217 1051 autem
1245 1008 1366 1051 esse
1391 997 1500 1052 duo
1530 998 1944 1068 epigrammata,
1981 998 2209 1051 alterum
2263 995 2598 1049 Bussariunis
2623 994 2953 1062 epitaphium
2980 995 3032 1049 in
3063 1009 3120 1048 se
3151 995 3339 1051 Gratce
3375 997 3669 1065 scriptum,

411 1096 440 1133 ι
483 1077 688 1136 Theod.
739 1081 881 1136 Gazzt
917 1081 1111 1137 Latine
1158 1085 1449 1152 redditum,
1520 1087 1748 1140 alterum
1801 1087 1958 1141 Gaza:
2002 1087 2053 1141 in
2111 1085 2319 1138 Bessar.
2391 1083 2601 1136 laudem
2635 1081 2836 1137 Latine'
2899 1080 3139 1148 factum;
3175 1093 3469 1153 utrumque
3496 1099 3670 1138 esse:

415 1167 677 1225 Ilattdinio
736 1172 941 1225 editum
1003 1174 1056 1227 in
1111 1173 1289 1230 Catal.
1345 1175 1472 1230 Mss.
1535 1175 1818 1242 Laurent.,
1876 1176 1942 1238 II,
1995 1190 2048 1244 p.
2099 1172 2224 1234 155,
2260 1171 2532 1238 posterius
2575 1180 2898 1222 tamennon
2951 1171 3069 1224 sine
3101 1170 3330 1225 mendis.
3366 1202 3436 1213 —
3470 1169 3670 1225 Veneto

414 1255 689 1312 Marciano
724 1262 846 1314 cod.
875 1260 1005 1325 504,
1039 1262 1132 1331 qui
1163 1262 1406 1318 continet
1439 1261 1680 1319 Euclidis
1705 1265 1922 1334 Optica,
1955 1261 2172 1318 Bessar.
2226 1276 2319 1328 per
2369 1267 2537 1312 totum
2566 1259 2813 1311 codicem
2841 1259 3312 1314 adnotatiunculas
3344 1260 3571 1329 adjecit,
3607 1261 3672 1316 de

415 1346 610 1415 quibus
651 1347 854 1405 More".
909 1349 944 1402 I.
972 1363 1022 1408 c.
1057 1365 1109 1419 p.
1150 1348 1348 1405 I85.—
1377 1365 1432 1420 p.
1470 1351 1590 1408 180.
1618 1354 1683 1408 de
1707 1352 2050 1410 Archimedis
2102 1364 2226 1419 Opp.
2273 1349 2324 1400 in
2357 1346 2484 1401 cod.
2519 1347 2622 1401 505
2663 1361 2822 1416 quem
2868 1346 3154 1402 Bessarion
3187 1361 3350 1402 manu
3385 1363 3482 1410 sua
3536 1361 3667 1416 pas-

411 1435 519 1489 sim
565 1437 854 1502 supplevit.
883 1465 950 1476 --
979 1436 1164 1492 Romae
1201 1438 1254 1492 in
1297 1440 1418 1494 cod.
1474 1441 1604 1497 bibl.
1657 1441 1946 1501 Vaticana.
1996 1436 2220 1492 Andrea:
2255 1437 2407 1490 :Irt‘It.
2445 1436 2614 1491 Rhodi
2673 1435 2927 1506 Apologia
2961 1439 3030 1490 ad
3064 1435 3428 1491 Bessurionem
3466 1438 3667 1503 missa;

420 1536 470 1574 ν.
510 1517 806 1578 Monti'auc.
863 1522 1003 1578 Bibl.
1055 1527 1475 1594 biblioth.mss.,
1509 1545 1561 1598 p.
1612 1528 1643 1581 7
1703 1525 2020 1584 C.--Ibid.
2070 1541 2123 1596 p.
2181 1524 2281 1578 100
2321 1523 2383 1587 C,
2439 1534 2491 1577 et
2547 1539 2668 1593 pag.
2727 1523 2828 1576 “2
2858 1522 2922 1587 Β,
2949 1527 3003 1577 in
3065 1524 3194 1578 bibl.
3242 1525 3415 1580 Vatic.
3451 1527 3574 1580 cod.
3609 1542 3666 1580 ιι.

408 1607 548 1665 2711
580 1619 741 1679 atque
778 1629 830 1668 n.
857 1612 1016 1667 5920.
1057 1610 1126 1669 N.
1163 1615 1389 1685 episcopi
1425 1615 1686 1670 Firmiani
1716 1620 1886 1671 oratio
1909 1620 1962 1671 in
2001 1619 2184 1685 [nitere
2214 1619 2420 1670 cardiu.
2477 1613 2828 1668 Bessariouis.
2903 1613 3298 1669 Bibliotiiecam
3353 1614 3668 1684 locupletis-

413 1700 632 1761 simum,
675 1699 1052 1758 Graecislibris
1081 1717 1280 1772 magno
1313 1715 1530 1774 sumptu
1565 1708 1616 1760 in
1645 1707 1853 1761 Italiam
1889 1705 2238 1765 transvectis,
2284 1703 2527 1758 Venetiis
2577 1704 2866 1756 Bessarion
2891 1702 3240 1764 condiderat;
3270 1715 3389 1754 eam
3429 1702 3671 1757 moriens

415 1783 636 1845 Venetia
691 1790 1002 1859 reipublicm
1043 1793 1186 1846 dono
1213 1794 1379 1848 dedit.
1417 1795 1577 1851 Couf.
1615 1794 1893 1864 Lambec.,
1926 1795 2012 1859 III,
2039 1811 2096 1865 ι).
2131 1793 2252 1856 165,
2290 1803 2400 1846 ηυι.
2436 1790 2666 1856 Kollar.,
2695 1800 2751 1844 et
2803 1788 2950 1843 inira.
3000 1806 3056 1843 ιι.
3093 1788 3183 1843 25.
3223 1789 3453 1856 Quidam
3489 1799 3669 1845 tamen

415 1877 578 1932 codd.
613 1865 751 1947 quos
791 1880 1105 1949 possederat
1134 1882 1418 1937 Bessarion
1471 1895 1840 1954 pervenerunt
1889 1886 1939 1939 in
1974 1884 2103 1938 bibl.
2163 1880 2370 1935 Ciesar.
2411 1878 2474 1933 γ.
2515 1877 2768 1931 [.auibec.
2797 1876 2934 1939 VIII,
2967 1893 3020 1946 p.
3058 1877 3212 1943 1095,
3242 1877 3422 1946 ibique
3454 1885 3571 1934 not.
3602 1905 3670 1918 -—

410 1957 591 2022 Catal.
624 1966 676 2020 ltt
706 1966 839 2023 bibl.
872 1967 1044 2022 Vatic.
1079 1984 1130 2022 ν.
1163 1968 1459 2026 Motttfattc.
1494 1969 1632 2028 Bibl.
1667 1973 1904 2026 bibliotlt.
1938 1991 2092 2040 mss.,
2117 1990 2168 2043 p.
2202 1974 2270 2026 ‘27
2303 1973 2363 2033 C,
2387 1987 2433 2025 et
2467 1986 2516 2036 μ.
2563 1970 2660 2022 lii
2692 1969 2754 2035 Α,
2783 1983 2834 2038 ρ.
2875 1970 3031 2024 1181.
3062 1966 3382 2024 "ARLEiIUS.

1525 2089 1812 2145 SCRIPTA
1860 2090 2305 2147 BESSAIKIONIS
2351 2089 2605 2165 GIIASGA
2645 2109 2661 2146 :

489 2193 543 2250 1.
580 2195 768 2248 Oratio
793 2197 856 2250 de
886 2199 1078 2252 unione
1135 2198 1388 2253 ineunda.
1435 2199 1627 2268 Incipit
1650 2215 1666 2255 :
1693 2201 1814 2257 Τῶν
1848 2201 2057 2272 μεγάλα

2162 2198 2510 2270 πραγμάτων
2549 2198 2612 2251 οὐ
2666 2198 2733 2251 τὰ
2784 2197 2912 2270 τέλη
2962 2198 3145 2268 μόνον.
3183 2197 3369 2255 Grece
3406 2208 3461 2255 ei
3482 2196 3673 2257 Latino

416 2279 469 2338 in
501 2281 652 2337 Actis
711 2285 926 2340 concilii
949 2285 1271 2354 Florentini,
1303 2296 1438 2346 tom.
1474 2287 1589 2343 XIII
1630 2287 1853 2355 Lobbei,
1877 2303 1930 2358 p.
1964 2288 2152 2354 55-46,
2175 2299 2228 2342 et
2267 2295 2407 2342 tom.
2432 2285 2501 2340 IX
2529 2285 2814 2350 Ilarduini,
2842 2303 2894 2355 p.
2931 2286 3121 2343 27-35.
3149 2287 3311 2342 Fasti.
3362 2317 3432 2330 —
3464 2287 3671 2345 Monac.

415 2367 470 2423 in
503 2370 628 2428 cod.
651 2372 721 2426 27
751 2384 878 2428 sunt
900 2376 1049 2444 plura
1079 2377 1384 2432 Bessarion.
1420 2378 1641 2446 scripta,
1674 2394 1794 2447 qua:
1816 2379 1950 2433 duce
1983 2376 2206 2430 Hardtio
2241 2376 2292 2430 itt
2333 2377 2538 2429 Aretini
2570 2376 2886 2447 Beytnigen,
2921 2385 3054 2438 etc.,
3084 2391 3135 2429 e.
3169 2375 3328 2445 1805,
3361 2385 3585 2446 partas,
3617 2392 3669 2449 ρ,

419 2456 455 2512 5
483 2475 604 2528 sqq.
637 2465 936 2518 secundum
971 2466 1216 2520 ordinem
1250 2465 1411 2522 Fabr.
1438 2469 1628 2534 paucis
1656 2468 1944 2523 indicabo:
1969 2465 2088 2521 scil.
2117 2481 2170 2534 p.
2202 2466 2259 2529 5,
2287 2481 2341 2518 ιι.
2366 2464 2422 2522 2.
2455 2465 2508 2518 in
2541 2479 2702 2532 capp.
2727 2465 2908 2519 decem
2940 2463 3132 2528 divisa,
3159 2479 3284 2519 cum
3312 2465 3476 2521 variis
3520 2466 3674 2530 lecti,

413 2552 473 2600 et
505 2548 649 2604 notis
683 2550 740 2605 in
765 2553 1006 2623 margine
1036 2555 1324 2622 positis,et
1345 2571 1401 2609 η.
1433 2555 1466 2611 6
1499 2571 1620 2611 cum
1651 2556 1801 2611 notis
1823 2555 2050 2624 margin.
2077 2562 2131 2607 et
2165 2571 2217 2622 p.
2248 2553 2300 2619 6,
2333 2570 2386 2608 ιι.
2415 2553 2483 2619 7;
2509 2567 2627 2622 pag.
2659 2551 2690 2605 7
2730 2571 2742 2605 ε
2783 2551 2990 2606 Bessar.
3010 2552 3262 2608 allocutio
3281 2554 3347 2608 ad
3382 2555 3670 2632 synodum,

418 2633 562 2704 (quae
579 2635 630 2688 in
655 2638 776 2692 cod.
801 2639 1001 2694 dicitur
1025 2641 1175 2710 VIII.)
1203 2641 1630 2713 Florentin.:ittc.
1659 2643 1780 2698 Τῶν
1805 2643 1986 2714 μεγάλε

2100 2641 2439 2714 τρπγμάτων,
2463 2650 2567 2699 etc.
2596 2641 2816 2709 Reliqua
2839 2642 2952 2696 suis
2975 2643 3107 2695 locis
3139 2644 3474 2698 memorabo.
3497 2643 3668 2700 Ηιιιι..

484 2721 541 2777 2.
578 2723 765 2782 Oratio
790 2725 1096 2797 dogmatica
1149 2730 1211 2784 de
1247 2732 1458 2786 unione.
1487 2730 1678 2801 Incipit
1711 2750 1726 2787 :
1758 2730 1873 2801 Τὴν
1907 2732 2007 2800 μὲν

2105 2730 2167 2784 ὢν
2211 2729 2553 2800 Ἐκκλησιῶν
2608 2728 2699 2783 τοῦ
2729 2729 2888 2785 Θεοῦ.
2933 2729 3120 2786 Grrece
3173 2737 3227 2784 et
3265 2731 3452 2786 Latine
3483 2732 3673 2787 Bestia-

421 2814 577 2874 rione
602 2815 720 2883 ipso
751 2816 1047 2886 interprete
1096 2820 1150 2872 in
1185 2820 1336 2876 Actis
1360 2820 1574 2877 concilii
1621 2820 1943 2887 Florentini,
1990 2833 2123 2876 tom.
2183 2819 2246 2876 IV
2279 2818 2442 2882 Binii,
2481 2833 2533 2888 p.
2569 2817 2713 2884 557;
2751 2828 2884 2874 tom.
2915 2815 3035 2874 XIII
3069 2818 3298 2883 Labbei,
3330 2834 3381 2889 p.
3410 2821 3670 2886 591-155,

412 2914 469 2960 et
506 2904 768 2962 Harduini
821 2921 952 2964 tom.
1015 2910 1106 2976 IX,
1143 2929 1194 2982 p.
1227 2914 1483 2976 519-579,
1509 2915 1708 2971 Confer
1765 2917 2019 2971 Allatium
2055 2929 2136 2976 lli,
2169 2913 2223 2975 5,
2266 2911 2336 2966 De
2373 2927 2651 2972 consensu.
2697 2927 2750 2981 p.
2801 2911 2925 2967 951.
2975 2911 3141 2967 Ρλβιι.
3174 2912 3551 2968 “Florentiae
3615 2915 3666 2970 in

417 2996 546 3050 bibl.
579 2994 839 3054 Laurent.
869 3001 992 3056 cod.
1031 3001 1118 3066 M,
1154 3019 1208 3057 ιι.
1239 3002 1293 3068 2,
1325 3006 1458 3072 plut.
1501 3005 1586 3071 10,
1617 3005 1712 3062 Gr.
1747 3005 1812 3061 ν.
1848 3003 2077 3061 Bandin.
2113 3000 2234 3056 Cat.
2264 2994 2422 3056 codd.
2459 3000 2554 3055 Gr.
2605 2999 2766 3053 Laur.
2799 2997 2840 3064 I,
2873 3015 2925 3068 p.
2962 2999 3091 3067 485,
3126 3001 3216 3069 qui
3240 3003 3483 3068 adnotat,
3523 3002 3669 3057 illaut

417 3095 564 3157 orant.
606 3095 830 3142 exstare
864 3087 962 3144 Gr.
1008 3098 1066 3144 et
1092 3089 1214 3148 Lat.
1253 3093 1305 3146 in
1345 3094 1480 3147 edit.
1538 3095 1836 3151 Coucilior.
1878 3093 2101 3152 Veneta,
2160 3089 2319 3157 1752,
2357 3098 2490 3144 tom.
2515 3086 2709 3151 XVIII,
2748 3103 2798 3156 p.
2834 3088 2958 3144 185.
2986 3119 3058 3129 -—
3088 3087 3144 3142 In
3174 3087 3297 3144 eod.
3330 3089 3482 3153 cod.,
3515 3107 3571 3146 ιι.
3616 3090 3667 3155 5,

415 3155 617 3239 legitnr
664 3173 972 3230 Bessarion.
1015 3187 1156 3233 orat.
1190 3180 1255 3232 ad
1291 3179 1401 3234 VIII
1463 3183 1751 3252 synodum,
1806 3181 2016 3252 publice
2064 3155 2412 3254 pronuntiata
2456 3179 2507 3231 itt
2567 3155 2806 3245 ejusdem
2835 3175 3123 3245 principio,
3153 3175 3409 3236 Octobris
3432 3179 3485 3232 ιι.
3527 3177 3666 3245 VIII»,

417 3259 533 3314 iud.
562 3277 600 3315 ιι
655 3265 836 3332 (quam
868 3266 1032 3320 etiam
1066 3268 1118 3320 in
1149 3270 1270 3322 cod.
1297 3268 1494 3324 Bavar.
1519 3282 1756 3333 exstare,
1784 3271 1942 3338 paulo
1997 3284 2122 3323 ante
2176 3267 2622 3334 signiﬁcavimus,
2663 3266 2758 3322 sed
2789 3266 2933 3322 conl‘.
2971 3268 3100 3322 ibid.
3132 3277 3244 3323 not.
3275 3267 3545 3340 Hardtii);
3576 3261 3676 3346 ιιι-ς

414 3363 564 3413 que,
594 3350 890 3406 adnotante
938 3352 1223 3422 Bandinio,
1283 3357 1427 3410 edita
1475 3369 1556 3413 est
1595 3357 1688 3413 Gr.
1730 3366 1782 3412 et
1809 3357 1922 3410 Lat.
1965 3357 2019 3410 in
2075 3359 2162 3412 ed.
2210 3355 2505 3410 Concilior.
2546 3367 2678 3409 tom.
2713 3356 2834 3421 cit.,
2869 3370 2921 3425 p.
2952 3355 3041 3410 55.
3073 3373 3193 3426 sqq.
3235 3387 3308 3398 —-
3343 3357 3585 3416 Venetiis
3611 3361 3665 3415 in

419 3434 551 3491 bibl.
587 3439 750 3493 Maro.
777 3440 898 3494 cod.
929 3441 1055 3503 527,
1092 3440 1144 3495 in
1177 3457 1286 3511 quo
1330 3445 1492 3498 etiam
1543 3446 1646 3500 alia
1695 3459 1820 3500 sunt
1854 3461 1978 3515 opp.
2005 3459 2175 3512 eaque
2223 3447 2521 3496 semiudum
2571 3443 2846 3508 ordinem,
2875 3459 2903 3494 ι
2934 3441 3184 3500 Fabricio
3218 3443 3580 3516 designatum,
3608 3451 3675 3502 ιι.

416 3522 473 3585 7.
509 3524 596 3589 16.
647 3527 702 3592 4.
737 3527 821 3592 17,
867 3529 930 3584 18
956 3541 1009 3583 ct
1069 3529 1154 3595 19,
1191 3530 1373 3586 Griece
1403 3542 1455 3588 et
1480 3532 1690 3588 Latine.
1721 3565 1790 3576 --
1819 3532 1956 3588 Ibid.
1990 3533 2044 3587 in
2075 3535 2196 3586 coal.
2227 3531 2352 3595 589,
2387 3529 2480 3585 0r.
2534 3530 2599 3584 de
2624 3533 2838 3598 unione,
2886 3531 3015 3586 item
3050 3546 3157 3587 sec.
3197 3532 3441 3588 ordinem
3476 3533 3666 3590 Fabri-

417 3615 510 3678 cii,
549 3632 602 3668 tt.
635 3614 688 3682 6,
721 3617 752 3670 9
779 3625 830 3670 et
869 3618 952 3673 I6.
988 3618 1048 3674 V.
1083 3629 1187 3675 cat.
1217 3621 1378 3676 codd.
1426 3620 1517 3677 Gr.
1551 3621 1740 3683 Marc"
1803 3638 1855 3691 p.
1889 3622 1993 3676 285
2025 3631 2079 3676 et
2118 3621 2242 3675 509.
2275 3652 2341 3662 —-
2372 3620 2446 3674 De
2471 3621 2591 3674 cod.
2647 3619 2820 3675 Paris.
2857 3635 2907 3674 ν.
2938 3622 3002 3675 ad
3037 3637 3092 3675 ιι.
3129 3620 3180 3673 7.
3235 3619 3333 3675 lIn.
3363 3651 3434 3662 —
3457 3621 3676 3690 Vindo:

417 3704 548 3760 bam
606 3707 658 3759 in
692 3709 811 3761 md.
847 3707 986 3763 Cies.
1037 3709 1162 3777 9.57,
1216 3726 1270 3764 η.
1303 3711 1354 3778 7,
1394 3708 1490 3767 0r.
1523 3711 1586 3767 de
1624 3715 1814 3772 unione
1843 3714 1894 3766 in
1943 3710 2170 3765 concilio
2226 3709 2538 3764 Florentino
2575 3724 2629 3762 a.
2691 3709 2828 3764 1459
2862 3709 3064 3763 habita.
3121 3709 3186 3764 γ.
3219 3706 3476 3766 Lambec.
3511 3709 3576 3779 ν,
3607 3695 3676 3783 ι).²

417 3792 546 3850 560.
577 3820 645 3837 --
667 3793 874 3849 Latina
902 3805 1068 3852 orati.
1094 3799 1232 3853 bime
1261 3800 1323 3853 de
1350 3802 1563 3866 unione,
1593 3816 1719 3855 cum
1753 3801 1871 3855 aliis
1926 3798 2262 3854 Bessariottis
2293 3797 2388 3851 Lat
2442 3813 2571 3867 opp.
2601 3795 2842 3854 Venetiis
2874 3799 2925 3852 in
2963 3797 3096 3854 bibl.
3135 3798 3302 3855 Marc.
3339 3801 3497 3856 codd.
3537 3801 3660 3866 951,

419 3897 483 3937 tte
515 3882 686 3937 tribus
707 3898 863 3953 seqq.
896 3881 961 3939 V.
997 3885 1128 3955 Lat.
1146 3897 1201 3940 et
1227 3887 1411 3940 Italica
1446 3887 1508 3944 D.
1531 3886 1693 3941 Marci
1721 3888 2045 3941 bibliotheca
2077 3887 2233 3941 co-ld.
2263 3886 2613 3950 mss,Venet.
2650 3886 2806 3951 1741,
2845 3887 2962 3951 fol.,
2989 3905 3042 3955 p.
3073 3886 3138 3940 ’Π
3173 3903 3322 3958 sqq.,
3355 3898 3408 3944 et
3435 3890 3662 3946 adnota-

421 3980 532 4035 tur,
595 3979 882 4040 utramqne
948 3975 1250 4028 orationem
1294 3986 1516 4030 exstare
1581 3975 1636 4030 in
1665 3974 2016 4030 conciliorum
2067 3973 2267 4029 stbei
2322 3972 2456 4028 edit.
2498 3972 2725 4037 Veneta,
2784 3973 2944 4031 1752.
2977 3991 3030 4044 p.
3066 3975 3156 4043 55,
3187 3976 3480 4043 599,.46“1.
3511 3980 3662 4036 -ιη

418 4057 788 4114 Montl'attcon.
837 4058 979 4114 Bibl.
1028 4060 1271 4127 biblioth.
1322 4080 1448 4118 mss.
1502 4064 1585 4117 hic
1645 4069 1808 4117 oratt.
1849 4062 2064 4130 aliaque
2115 4060 2450 4116 Bessarionis
2480 4075 2610 4131 opp.
2645 4062 2695 4116 itt
2727 4065 2893 4130 variis
2924 4065 3082 4118 codd.
3117 4072 3173 4118 ut
3200 4063 3491 4132 plurimum
3525 4068 3664 4123 haud

324 4159 326 4161 ’
422 4148 691 4203 distincta:
718 4159 1049 4214 occurrunt;
1079 4163 1372 4218 eorumque
1405 4152 1633 4206 indicem
1669 4152 1846 4206 verbis
1877 4148 2261 4206 Moutt‘au‘conii
2315 4149 2643 4219 subiungere
2689 4149 2916 4204 licebit:
2945 4166 3069 4220 pag.
3100 4151 3204 4207 489
3237 4152 3304 4212 Α,
3341 4152 3548 4210 Patavii
3579 4172 3662 4227 ap.

421 4235 733 4296 Ficbettttn.
763 4234 1110 4291 Bessarionis
1145 4239 1443 4304 orationes;
1481 4253 1534 4306 p.
1572 4237 1672 4292 109
1704 4238 1768 4291 Α.
1799 4249 1852 4292 et
1883 4238 1987 4292 IN
2019 4239 2084 4294 Α.
2116 4237 2327 4308 (Romae
2383 4239 2437 4293 In
2491 4237 2624 4293 bibl.
2656 4237 2832 4296 Etic.
2859 4257 2916 4304 ιι,
2951 4239 3113 4306 2520,
3151 4240 3291 4296 5585
3319 4250 3372 4297 et
3399 4242 3565 4311 5586,
3603 4260 3665 4302 ac

422 4324 580 4392 4037,
635 4326 781 4377 varia
814 4324 1124 4395 opuscula.)
1154 4355 1222 4365 —-
1251 4327 1378 4396 Pag.
1436 4326 1536 4382 186
1569 4329 1632 4389 Λ,
1675 4325 1810 4381 ibid.
1839 4327 1890 4380 in
1947 4328 2072 4382 cod.
2115 4326 2373 4383 Ottobon.
2412 4341 2494 4382 or.
2529 4326 2596 4381 ad
2627 4328 2912 4398 synodum,
2944 4340 3077 4399 etp.
3111 4329 3236 4386 I9I.
3264 4329 3331 4387 Β.
3362 4332 3499 4390 Ibid.
3527 4335 3665 4393 liber

421 4413 764 4484 dogmaticus
813 4411 880 4466 de
933 4413 1160 4478 unitate,
1211 4413 1304 4468 Gr.
1357 4424 1490 4470 tom.
1543 4414 1604 4483 II,
1638 4430 1762 4485 pag.
1796 4415 1898 4472 169
1949 4416 1988 4472 C
2023 4425 2076 4471 et
2110 4413 2157 4468 ι)
2197 4429 2260 4469 ac
2289 4428 2414 4484 pag.
2476 4413 2584 4470 4Ἱο
2615 4417 2680 4479 Α,
2715 4430 2903 4486 opera,
2933 4415 3124 4476 Venet.
3162 4418 3218 4472 in
3242 4418 3374 4476 bibl.
3402 4419 3569 4482 Marc.
3596 4452 3664 4470 φ-

417 4497 552 4572 Pag.
591 4501 697 4556 485
729 4499 798 4564 Ε,
833 4514 971 4571 opus
1029 4501 1094 4557 de
1125 4502 1324 4558 unione
1361 4503 1615 4558 Ecclesia:
1668 4503 1872 4558 Latinae
1910 4513 2032 4559 etim
2087 4503 2295 4558 Graeca.
2326 4501 2518 4557 Venet.
2569 4501 2622 4556 in
2672 4501 2804 4560 bibl.
2839 4500 3156 4560 Justiniani.
3192 4509 3346 4564 —~P.
3375 4509 3506 4576 5M,
3546 4511 3664 4568 Flo-

417 4590 647 4650 rent,.'in
691 4589 825 4645 bibl.
876 4588 1160 4657 Laurent.,
1210 4590 1348 4660 plot.
1395 4590 1484 4657 54,
1527 4591 1673 4646 inter
1723 4593 1880 4647 codd.
1929 4591 2256 4662 scriptorum
2285 4588 2496 4655 Latin.,
2529 4591 2649 4646 cod.
2680 4590 2735 4656 2,
2766 4607 2850 4646 or.
2889 4593 3128 4663 dogmat.
3161 4587 3230 4650 de
3261 4597 3476 4663 unione,
3503 4614 3660 4668 quam

413 4676 608 4733 Graece
660 4678 899 4735 habitam
952 4676 1206 4734 Bessario
1252 4680 1369 4749 ipse
1415 4679 1756 4747 postmodum
1807 4678 1934 4734 fecit
1984 4677 2277 4744 Latinam;
2333 4677 2627 4735 dcclaratio
2658 4680 2967 4748 aliquorum
3004 4698 3128 4752 quatl
3151 4683 3208 4739 in
3234 4685 3379 4742 dicta
3414 4687 3664 4744 oratione

416 4767 788 4832 continentur,
853 4781 975 4836 quas
1023 4766 1228 4823 Graecis
1279 4767 1585 4834 notissima,
1640 4766 1847 4821 Latinis
1891 4769 2068 4837 ignota
2102 4776 2259 4834 sunt;
2293 4765 2372 4822 De
2400 4783 2646 4822 successu
2697 4768 2884 4838 synodi
2911 4765 3236 4827 Florentiae
3255 4781 3304 4826 et
3334 4776 3663 4843 processimus

413 4854 565 4924 Spir.
602 4853 705 4921 Sti,
730 4868 779 4910 s.
812 4853 964 4924 Epist
995 4855 1060 4909 ad
1090 4853 1362 4920 Alesiam,
1389 4869 1525 4919 etc.,
1561 4855 1794 4924 primum
1825 4853 2011 4913 Graece
2041 4855 2180 4911 liber
2207 4857 2409 4920 editus,
2447 4855 2642 4911 deinde
2675 4856 2742 4910 ab
2770 4857 2884 4925 ipso
2914 4855 3122 4915 Latinis
3151 4860 3351 4918 litteris
3385 4863 3660 4931 donatus;

424 4943 764 5014 Defensiones
815 4944 944 4998 recti
994 4945 1344 5013 catholicique
1393 4943 1652 5014 dogmatis
1676 4943 2006 5009 Latinorum,
2049 4942 2303 4999 videlicet
2348 4941 2417 4996 de
2469 4957 2712 5013 process.
2753 4943 2898 5014 Spir.
2926 4943 3038 5000 Scti
3070 4945 3331 5003 adversus
3363 4948 3657 5019 Palsmam,

415 5033 576 5105 cujus
602 5032 1062 5089 contradictiones
1094 5030 1248 5086 Vecci
1274 5031 1610 5102 argumentis
1669 5031 2020 5088 confutantur
2049 5051 2063 5097 ;
2101 5061 2173 5072 —
2196 5030 2439 5100 Epistola
2484 5033 2747 5101 generalis
2785 5035 2853 5086 ad
2876 5031 3110 5101 Gra'cos,
3144 5037 3442 5094 exhortans
3471 5052 3566 5100 eos
3596 5039 3660 5093 ad

415 5120 784 5178 obedientiam
829 5118 1089 5175 Romanae
1134 5117 1410 5186 Ecclesiae,
1443 5130 1576 5188 etc.,
1606 5131 1662 5176 et
1691 5123 1754 5176 de
1786 5121 2050 5177 electione
2099 5135 2194 5175 sua
2227 5121 2283 5176 in
2326 5121 2724 5190 patriar-citam,
2752 5138 2914 5194 quam
2943 5123 3041 5179 Gr.
3069 5135 3124 5179 et
3153 5124 3273 5180 Lat.
3312 5125 3572 5195 fecit;—
3598 5127 3662 5183 de

407 5219 750 5267 sacramento
820 5208 1172 5266 Eucharistiw
1193 5224 1214 5274 ;
1243 5239 1311 5253 -α
1340 5209 1552 5266 deloco
1599 5208 1874 5280 Evangelii
1917 5208 2143 5266 Joannis
2176 5211 2251 5278 (ν.
2283 5210 2446 5267 Febr.
2483 5229 2537 5267 ιι.
2575 5211 2647 5267 91
2685 5212 2847 5284 infra)
2882 5230 2973 5280 ;--
3003 5214 3158 5270 Orat.
3194 5216 3261 5270 ad
3287 5230 3446 5271 arma
3473 5227 3658 5274 contra

419 5299 628 5355 Turcas
667 5297 1022 5368 capessenda,
1071 5296 1251 5352 habita
1285 5295 1338 5352 in
1395 5305 1660 5352 conventu
1727 5295 2018 5354 Mantuano
2051 5295 2130 5352 Pii
2163 5297 2206 5352 II
2239 5298 2431 5368 pontii.
2493 5300 2654 5357 Rom.
2680 5299 2833 5367 jussu
2859 5313 3188 5373 congregato
3229 5303 3451 5374 (prodiit
3485 5304 3657 5362 Islebii

415 5403 470 5444 tt.
499 5385 692 5459 1603);
721 5417 794 5428 -
818 5389 912 5442 Or.
946 5385 1118 5442 altera
1155 5387 1441 5456 ipsiusmet
1472 5385 1795 5457 argumenti,
1831 5386 2010 5442 bsbita
2046 5387 2100 5442 in
2129 5394 2397 5441 conventu
2425 5384 2891 5459 Noritnltergensi,
2917 5403 3044 5444 cum
3080 5391 3195 5448 illic
3232 5393 3442 5464 legatus
3492 5407 3654 5460 esset,

418 5478 597 5534 soluto
653 5477 941 5533 Mantuano
987 5485 1289 5543 conventu;
1318 5476 1589 5544 replicatio
1628 5476 1698 5529 ad
1733 5475 2117 5546 responsionem
2149 5474 2442 5546 legatorum
2476 5471 2788 5540 Germanice,
2824 5466 3002 5548 ejusd.
3034 5481 3333 5549 argumenti
3357 5500 3449 5552 ;—
3470 5497 3657 5554 eorum

416 5587 540 5642 quia».
576 5581 697 5640 post
735 5569 1036 5640 proximam
1090 5568 1208 5639 ejus
1236 5566 1642 5639 réplicationcm
1702 5575 1885 5623 secuta
1913 5577 2062 5632 sunt,
2109 5567 2273 5622 brevis
2306 5575 2356 5621 et
2392 5563 2662 5622 succincta
2721 5569 3030 5634 enarratio;
3057 5599 3124 5612 -—
3155 5582 3295 5626 orat.
3329 5571 3511 5628 habita
3563 5590 3658 5646 pro

414 5660 530 5717 ﬁne
558 5671 614 5714 et
657 5659 923 5714 solutione
953 5671 1109 5712 conv.
1141 5654 1501 5725 Viennensis;
1537 5687 1600 5697 —
1629 5653 1868 5726 Epistola
1894 5655 2190 5727 legatorum
2217 5654 2456 5710 omnium
2479 5655 2782 5711 Germaniae
2833 5655 3130 5728 principum
3162 5658 3227 5714 ad
3260 5657 3659 5730 Bessarionem,

414 5757 598 5817 apost.
653 5750 799 5803 sedis
857 5754 1228 5816 tegatum;-
1261 5743 1587 5799 Βαίου-δοιώ
1631 5745 1898 5814 responsio
1944 5744 2010 5800 ad
2070 5743 2614 5814 legatos;-—ejusd.
2678 5745 2734 5799 in
2765 5744 2984 5799 civitate
3033 5743 3274 5802 Bononia
3295 5747 3455 5818 legati
3481 5753 3658 5808 oratio

423 5825 628 5901 habita,
670 5852 788 5891 cum
827 5833 1032 5889 Ludov.
1067 5833 1402 5890 Bcntivolcn.
1443 5834 1636 5889 vexillo
1665 5835 1911 5896 donaret,
1948 5845 2103 5901 quem
2127 5831 2379 5891 Nicolaus
2419 5833 2458 5888 ν
2521 5833 2680 5889 natali
2713 5833 3017 5888 Senatorii
3055 5845 3213 5890 nocte
3258 5850 3387 5890 ense
3423 5841 3656 5896 donave-
