3970 6148
335 328 465 375 ων
1449 307 1767 370 NOTITIA
1811 306 1890 367 IN
1936 303 2506 368 BESSARIONEM.
2951 362 2954 366 ,
3449 313 3610 360 cum

342 445 460 503 rat;
486 463 562 475 —
599 445 741 490 orat.
791 435 846 487 in
885 439 1044 502 caput
1067 427 1290 485 Androm
1351 427 1599 498 apostoli,
1641 442 1671 478 e.
1705 426 2076 494 Peloponneso
2130 423 2358 480 Romam
2411 425 2636 481 allatum
2671 433 2778 495 etc.
2805 453 2880 467 -—
2911 425 3086 480 oratio
3126 423 3197 478 ad
3243 421 3480 503 Pulsus
3511 421 3611 482 ΙΙΙ

339 525 526 599 ponti].
559 534 608 578 et
634 533 872 578 oratores
927 520 1105 579 Italia:
1133 521 1206 578 de
1237 520 1491 590 periculis
1527 518 1623 570 toti
1654 514 1818 568 Italiae
1849 513 2296 578 imminentibus;
2324 545 2391 557 —
2424 530 2504 568 or.
2537 509 2603 570 ad
2634 512 2852 569 eosdem
2890 512 2963 569 de
2993 502 3284 568 discordiis
3313 506 3596 582 sedatum,

340 595 396 671 et
424 615 574 670 bello
609 614 665 668 In
694 611 903 668 Turcas
933 611 1276 668 decernendo
1302 627 1317 676 ;
1353 639 1423 651 —
1459 602 1693 672 Epistolu
1725 603 1790 656 ad
1817 603 2037 654 Paulum
2079 599 2169 653 Ill.
2235 602 2296 654 de
2325 601 2496 667 prima
2551 599 2850 670 Philippica
2883 595 3286 666 Demostﬁe'n‘is;
3311 621 3382 640 δ-
3409 597 3609 654 Demo-

341 704 556 762 stheuis
585 719 670 758 or.
700 703 789 756 illa
818 721 844 756 a
879 701 1206 756 Bessarione
1237 701 1521 762 traducta;
1548 723 1618 734 -—-
1639 694 1794 762 epist.
1832 691 1897 743 ad
1952 691 2199 743 eumdem
2232 688 2541 760 pontiﬁcem
2592 691 2660 746 de
2717 687 2909 743 eadem
2943 681 3234 754 oratione;
3268 716 3338 728 --
3363 684 3611 758 Epistola

347 797 411 846 ad
442 793 505 850 Ρ.
541 791 603 844 υ.
638 791 1014 845 Bessarionem
1047 788 1166 844 ord.
1212 789 1272 842 S.
1314 783 1591 841 Benedict.
1636 781 1883 837 soi-ietat.
1937 776 2000 832 S.
2027 774 2278 841 iunium,
2318 787 2372 831 et
2431 775 2684 833 abbatem
2720 773 2780 832 S.
2816 772 3364 846 SeveriuiNeapolis,
3396 772 3601 844 scripta

343 879 530 934 Romae
572 893 620 944 γ,
659 879 799 946 Aug.
848 874 1002 930 H70.
1030 873 1248 931 Gratias
1274 875 1405 941 agit,
1437 871 1580 942 quod
1630 883 1823 940 prore:
1889 863 2286 933 Neapolitanus
2308 879 2367 918 se
2403 878 2524 918 cum
2581 864 2752 933 copiis
2791 863 2907 920 suis
2973 863 3240 919 adverSus
3270 860 3479 946 Turcas
3509 872 3610 932 pa-

345 968 681 1022 ratissimum
716 945 832 1020 iure
861 974 1165 1034 spondeat;
1197 992 1266 1004 —
1295 964 1428 1016 Acta
1457 957 1726 1028 generalis
1753 963 1961 1009 uttnva:
1987 953 2198 1022 synodi,
2233 952 2334 1004 suh
2371 951 2608 1020 Eugenio
2643 949 2713 1006 IV
2746 951 3010 1007 Ferraria
3039 951 3288 1022 inceptae,
3324 945 3612 1005 Florentia

344 1069 470 1108 rem
499 1063 758 1123 peracuta,
786 1067 816 1106 e
843 1051 1034 1107 Graeco
1063 1052 1116 1104 in
1150 1050 1328 1106 Latin.
1362 1062 1533 1116 nuper
1571 1044 1842 1102 traducta.
1879 1042 2176 1110 interprete
2213 1037 2457 1094 Barthul.
2483 1040 2794 1096 Abrahamu
2824 1037 3068 1097 Cretensi
3095 1057 3111 1108 ;
3147 1068 3215 1081 -
3253 1039 3384 1094 item
3412 1034 3608 1093 Bessa-

344 1142 511 1196 riouis
553 1170 622 1182 σ-
655 1137 839 1194 Oratio
870 1139 934 1194 ad
965 1139 1184 1194 Graecos
1215 1135 1394 1192 habita
1421 1151 1537 1204 quae
1569 1131 1878 1186 inscribitur
1909 1128 2213 1197 dogmatica
2243 1155 2314 1167 --
2348 1128 2472 1183 cod.
2528 1125 2853 1184 Bessarione
2886 1129 3222 1198 interprete;
3254 1125 3428 1196 ejusd.
3473 1123 3609 1181 Bes-

342 1245 448 1286 sar.
469 1231 656 1300 ep..de
685 1244 927 1284 successu
953 1229 1116 1308 ipsius
1149 1228 1336 1298 synodi
1367 1241 1429 1278 ac
1461 1225 1524 1277 de
1552 1221 1695 1288 Spir.
1724 1218 1780 1274 8.
1816 1217 2164 1308 processionc.
2196 1217 2265 1270 ad
2302 1217 2549 1271 Alexium
2575 1216 2878 1308 Lascarins,
2904 1215 3028 1272 eod.
3061 1215 3393 1308 interprete;
3412 1212 3612 1308 iturum

341 1333 432 1389 ap.
468 1298 598 1373 Ant.
632 1318 854 1373 Bladum
888 1320 954 1372 de
971 1298 1169 1381 'Asula,
1205 1315 1360 1370 1526.
1393 1314 1447 1368 in
1481 1313 1576 1368 i'ol.
1620 1310 1679 1363 ν.
1709 1307 1887 1363 Catal.
1923 1305 2014 1359 des
2044 1303 2224 1360 Livres
2258 1304 2332 1358 du
2379 1305 2582 1359 cabinet
2611 1306 2676 1361 de
2714 1334 2779 1346 —-
2803 1301 3059 1373 Gaignat,
3095 1318 3195 1372 par
3224 1300 3371 1358 Guil.
3402 1298 3608 1356 Fratre.

340 1388 404 1462 de
438 1407 598 1471 nun,
627 1415 758 1460 ιοιη.
792 1404 833 1468 l.
866 1421 919 1477 p.
951 1401 1041 1470 61,
1073 1412 1127 1458 01
1151 1401 1268 1461 Cat.
1303 1401 1436 1477 bibl.
1467 1399 1644 1467 Leid.,
1683 1414 1737 1468 p.
1764 1395 1856 1452 εγ.
1880 1425 1908 1436 -

2091 1403 2224 1451 tom.
2282 1392 2326 1449 Il
2389 1393 2619 1463 operis:
2681 1392 2748 1448 Ἦ
2813 1393 2945 1461 ἁγία
2989 1393 3088 1447 καὶ
3145 1390 3502 1462 οἰκουμενικὴ
3550 1388 3613 1443 ὲν

340 1494 654 1568 Φλωρεντίᾳ
693 1473 930 1560 σύνοδος,
965 1489 1004 1548 1.
1035 1509 1086 1546 a.
1119 1508 1172 1561 p.
1204 1473 1469 1556 187-275,
1505 1499 1591 1544 est
1615 1497 1756 1542 orat.
1790 1487 1908 1554 dog!

2035 1497 2112 1540 ca:
2149 1483 2332 1539 versio
2370 1481 2493 1536 Lat.
2531 1483 2602 1538 ab
2635 1483 2756 1549 ipso
2782 1480 3101 1538 Besssrione
3137 1481 3307 1548 facta,
3339 1489 3394 1535 et
3421 1477 3600 1536 multo

339 1567 555 1653 longior
588 1596 748 1652 quam
781 1597 843 1635 ea
877 1595 1000 1650 quae
1026 1579 1217 1635 Graece
1265 1577 1466 1648 scripta
1527 1575 1628 1632 l‘uit
1657 1579 1724 1629 ab
1749 1576 1870 1643 illo;
1923 1583 1978 1631 et
2021 1573 2193 1644 ipsius
2239 1569 2454 1626 Bessar.
2485 1567 2664 1626 versio
2691 1568 2813 1624 Lat.
2845 1582 2962 1624 sum
2997 1569 3388 1624 Declarationis
3423 1568 3601 1639 (post-

340 1673 455 1727 hac
483 1687 537 1726 n.
569 1670 631 1722 21
668 1674 1022 1736 memoratae).
1054 1668 1118 1725 γ.
1154 1665 1472 1736 Baumgart.
1494 1665 1807 1720 Nachricht.
1841 1682 1940 1721 oon
1968 1661 2280 1717 merkwitrd.
2308 1657 2572 1724 Bitonem,
2608 1666 2742 1713 tom.
2770 1653 2863 1725 IX,
2903 1672 2957 1727 p.
2985 1655 3087 1714 451
3119 1672 3204 1728 sq.
3233 1656 3410 1712 Hau.

406 1759 470 1814 5.
502 1758 743 1828 Physica:
766 1758 1238 1812 demonstrationes
1281 1754 1346 1810 de
1375 1753 1506 1822 Deo,
1539 1753 1606 1808 de
1647 1753 2053 1808 immortalitate
2104 1751 2298 1804 anima:
2327 1757 2382 1803 et
2426 1745 2496 1802 de
2553 1746 2928 1801 incarnatione
2957 1742 3185 1812 Christi,
3217 1759 3350 1801 mss.
3379 1742 3437 1799 in
3469 1741 3605 1801 bibi.

338 1847 636 1904 Bodleiana
651 1885 665 1900 .
3459 1843 3465 1848 '

406 1939 462 1993 4.
493 1937 695 1992 Contra
722 1933 962 1990 Marcum
996 1932 1302 2003 Ephesium,
1341 1945 1466 1987 cum
1493 1931 1561 1986 ad
1595 1929 1778 2000 priora
1818 1927 1936 1997 eius
1988 1925 2165 1995 capita
2203 1939 2316 1978 xvu
2363 1921 2576 1978 Latinis
2616 1922 2869 1992 opposita
2903 1922 3275 1993 respondisset
3306 1921 3613 1992 Gregorius

338 2025 798 2099 protosyncellus,
836 2033 890 2080 et
924 2036 1121 2080 cetera
1151 2020 1434 2077 absolvere
1465 2019 1693 2090 perlata
1730 2018 1923 2074 luisset
1977 2013 2302 2099 prohibitus.
2337 2008 2475 2066 Vide
2523 2010 2968 2099 Arcudium-__lib.
3006 2010 3052 2064 ll
3101 2008 3611 2099 Decopcordiaip.

341 2095 466 2172 115.
528 2095 809 2169 λιιειιίυω.
872 2128 996 2183 pag.
1055 2110 1182 2176 952,
1219 2119 1276 2166 et
1300 2109 1647 2164 Lambecium
1695 2107 1791 2162 lib.
1824 2122 1876 2169 ν,
1916 2119 2040 2174 pag.
2073 2101 2192 2166 171,
2224 2098 2437 2172 (Flam)
2469 2111 2519 2155 s.
2547 2113 2674 2168 pag.
2701 2097 2808 2153 566
2834 2097 3064 2163 Kollar.,
3093 2111 3151 2155 0.
3179 2097 3235 2153 6.
3262 2097 3400 2154 God.
3431 2095 3612 2152 257-

337 2205 553 2260 Blunac.
588 2203 641 2257 in
668 2201 790 2258 cod.
825 2200 1018 2256 Bavar.
1053 2199 1142 2253 ad.
1178 2215 1234 2253 n.
1269 2196 1326 2253 2.
1359 2198 1480 2259 cit.,
1503 2198 1644 2264 apud
1703 2194 1914 2259 IIardl.,
1947 2209 2071 2271 pag.
2108 2189 2194 2255 12,
2228 2198 2354 2244 sunt
2403 2187 2500 2244 101.
2539 2186 2684 2244 I80:
2713 2186 2879 2242 Marci
2911 2187 3125 2257 Ephesii
3168 2186 3423 2258 Eugenici
3452 2199 3612 2258 capp.

337 2293 674 2362 syllogistica
709 2291 775 2344 sd
813 2288 1079 2352 Latinos;
1107 2284 1354 2356 sequitur
1385 2283 1484 2340 fol.
1523 2283 1655 2345 221.
1689 2281 2022 2338 Bessariouis
2077 2279 2358 2351 responsio
2407 2281 2474 2334 ad
2528 2289 2693 2348 caput
2752 2294 2915 2346 mu,
2949 2294 3048 2345 per
3084 2279 3303 2335 modum
3343 2276 3609 2347 epistola‘.

339 2411 411 2424 —-
459 2381 688 2435 l’enetiis
732 2380 788 2432 in
818 2377 948 2433 bibl.
983 2376 1147 2430 Marci
1188 2375 1312 2430 cod.
1357 2374 1484 2438 527,
1522 2376 1588 2428 ad
1646 2389 1703 2427 n.
1747 2373 1782 2426 2
1837 2373 1932 2426 cit.
1964 2397 2035 2409 —-
2063 2367 2302 2423 l‘lorcnt.
2351 2367 2404 2423 in
2450 2367 2580 2422 bibl.
2625 2366 2886 2422 Laurent.
2949 2366 3072 2422 cod.
3141 2366 3226 2432 14,
3261 2365 3432 2431 0.14,
3471 2363 3609 2434 plut.

345 2471 432 2537 10,
462 2469 652 2524 Marcii
692 2465 913 2537 Ephesii
941 2480 1097 2534 capp.
1127 2464 1374 2532 sequitur
1403 2461 1616 2532 Georgii
1649 2461 1914 2516 Scholnrii
1962 2457 2243 2525 responsio
2283 2456 2349 2508 ad
2389 2467 2553 2523 capp.
2608 2468 2773 2508 t-xvu
2822 2453 3125 2520 inclusive;
3182 2463 3294 2508 tum
3325 2451 3610 2509 Bessario-

342 2563 434 2616 nis
453 2557 744 2628 responsio
803 2553 868 2608 ad
901 2567 1058 2624 capp.
1093 2551 1304 2620 reliqua
1351 2565 1462 2605 ut.
1497 2546 1562 2602 γ.
1587 2547 1813 2612 Bandini
1858 2547 1981 2604 Cal.
2011 2549 2104 2601 cit.
2137 2544 2180 2608 I,
2240 2561 2362 2616 pag.
2396 2543 2525 2600 484.
2555 2574 2622 2586 —
2660 2543 2950 2599 Mediolani
3008 2543 3064 2598 in
3103 2544 3235 2598 bibl.
3260 2543 3510 2598 Ambros.
3541 2541 3613 2598 de

339 2660 588 2718 process.
609 2644 757 2714 Spir.
787 2641 900 2698 Scti
952 2649 1141 2695 contra
1169 2637 1407 2693 Marcum
1438 2638 1802 2708 Ephesinum;
1851 2645 2014 2707 epist.
2052 2637 2116 2691 ad
2157 2636 2423 2705 Ephesios
2468 2635 2532 2690 de
2578 2635 2680 2703 ﬁde
2707 2634 2969 2690 catholica
2995 2643 3045 2689 et
3080 2633 3304 2688 Romani
3345 2631 3612 2717 pontiﬁcis

341 2711 603 2803 primatu.
643 2711 704 2787 Ῠ.
737 2727 1034 2785 Montlauc.
1065 2725 1208 2783 Bibl.
1246 2725 1484 2780 bibliotlt.
1523 2741 1673 2790 mss"
1705 2741 1756 2795 p.
1800 2726 1905 2780 510
1936 2727 1995 2780 C.
2025 2759 2092 2768 —
2123 2726 2365 2783 Venetiis
2400 2728 2452 2780 in
2505 2727 2640 2787 bibl.
2690 2725 2857 2782 Marc.
2893 2728 2947 2782 iu
2979 2723 3140 2783 codd.
3168 2725 3378 2780 Latinis
3413 2718 3520 2778 155
3547 2711 3611 2778 et

343 2825 551 2882 duobus
577 2835 731 2891 seqq.
763 2818 976 2874 Bessar.
1013 2816 1272 2872 adversus
1295 2822 1694 2884 argumentum,
1727 2829 1832 2882 quo
1865 2815 1918 2867 in
1956 2817 2146 2885 primis
2176 2817 2275 2870 niti
2325 2815 2530 2872 solebat
2579 2817 2794 2873 advers.
2823 2814 3146 2872 catholicam
3200 2813 3362 2868 (idem
3393 2811 3617 2874 Marcus

237 2939 241 2942 -
345 2910 708 2982 Ephesiorum
738 2906 967 2961 antistes
999 2923 1014 2960 :
1045 2905 1164 2958 init.
1192 2901 1397 2974 _ll!ugna
1431 2901 1526 2955 illa
1553 2903 1691 2956 inter
1734 2902 1946 2957 Grteros
1995 2915 2042 2958 et
2068 2902 2310 2958 Latinos.
2359 2903 2620 2974 Sequitur
2672 2903 2892 2960 Bessar.
2924 2901 3248 2973 opusculum
3277 2899 3346 2954 ab
3373 2897 3519 2964 aliis,
3548 2904 3610 2951 ut

348 3005 422 3053 ait
451 3008 645 3054 auctor
685 3006 791 3051 cat.
832 2994 992 3050 codd.
1021 2991 1178 3046 latin.
1215 2991 1346 3047 bibl.
1380 2989 1545 3046 Marc.
1574 3006 1697 3063 pag.
1730 2991 1821 3056 78,
1861 2993 2005 3047 haud
2039 3003 2397 3048 memoratum
2436 3007 2452 3047 :
2488 2990 2891 3062 Confutationes
2915 2991 3236 3062 reliquorum
3266 2996 3609 3060 argumento-

349 3104 468 3143 rum
499 3087 666 3158 ipsius
701 3083 911 3154 Ephesii
940 3078 1191 3149 confecta
1218 3090 1374 3150 atque
1400 3080 1575 3134 editae.
1608 3081 1690 3132 An
1727 3080 1882 3149 prius
1911 3097 2102 3152 opusc.
2137 3083 2384 3138 continet
2415 3083 2826 3154 responsionem
2870 3083 2938 3137 ad
2971 3096 3093 3152 cap.
3117 3092 3271 3144 mn,
3337 3076 3617 3149 posterius

359 3187 538 3229 autem
575 3175 641 3226 ad
672 3173 876 3242 reliqua
904 3185 1061 3239 capp.
1099 3167 1504 3235 responsionem
1537 3168 1614 3238 (1)
1636 3168 1659 3220 ‘l
1683 3167 1852 3225 ﬂant.

423 3265 476 3322 5.
506 3261 750 3333 Epistola
775 3261 842 3314 ad
874 3258 914 3313 Τ
917 3261 1087 3313 homo:
1125 3254 1426 3327 Palteologi
1449 3255 1684 3325 ﬁliorum
1733 3259 2099 3330 pwdugogum,
2155 3260 2436 3317 Anconam
2489 3261 2652 3317 missa
2680 3260 2850 3315 Roma
2879 3258 2914 3316 9
2967 3261 3106 3330 Aug.
3141 3255 3300 3322 1165,
3329 3262 3545 3311 servata
3575 3267 3610 3308 ι

346 3351 590 3410 Phrauza
612 3367 694 3415 ut,
725 3349 819 3416 27,
849 3359 903 3404 et
941 3365 971 3402 a
1023 3347 1144 3403 Jac.
1173 3345 1415 3400 Pontano
1453 3346 1598 3400 notis
1629 3346 1695 3400 ad
1728 3347 2027 3402 Phranzam
2057 3363 2109 3418 p.
2141 3347 2272 3404 509.
2337 3349 2545 3415 Graece,
2595 3351 2791 3406 deinde
2816 3365 2846 3405 a
2871 3348 3104 3403 Meursio
3132 3347 3317 3402 Graece
3337 3352 3393 3399 et
3414 3340 3612 3398 Latine

346 3445 512 3509 edita,
541 3455 643 3496 nec
675 3456 782 3495 non
815 3453 880 3495 ex
913 3435 1134 3492 ﬂeursii
1172 3433 1412 3490 editione
1441 3448 1469 3486 a
1500 3430 1740 3498 Lahbeo,
1775 3443 1833 3488 ut
1861 3434 1974 3490 dixi
2041 3429 2238 3492 v'olum.
2271 3434 2363 3505 Vl,
2401 3454 2456 3510 p.
2484 3437 2584 3493 211
2621 3437 2693 3512 [s.
2719 3453 2774 3509 p.
2811 3438 2914 3495 545
2941 3437 3045 3494 vol.
3078 3434 3171 3491 VII
3200 3452 3256 3490 n.
3289 3430 3431 3504 ed.].
3467 3428 3614 3486 Inci-

353 3536 430 3602 pis
462 3548 478 3585 :
511 3529 876 3593 Εὐγενέστατε
913 3527 1045 3597 ἄνερ
1073 3525 1171 3579 καὶ
1209 3520 1364 3594 ἡμῶν
1395 3520 1617 3592 φίλτατε
1657 3521 1848 3590 φίλων,
1906 3522 2175 3596 ἐδεξάμην
2205 3526 2303 3579 καὶ
2337 3526 2629 3596 πρότερον.

416 3622 474 3674 ti.
499 3617 764 3689 rEpt'stola
809 3616 880 3670 ad
917 3613 1166 3670 Aletrinas
1217 3609 1490 3664 Lascan’at
1519 3605 2033 3680 Philanthropenum
2067 3614 2210 3669 dicta
2235 3616 2523 3670 Antidotus
2575 3618 2646 3674 de
2674 3631 2929 3672 successu
2970 3616 3158 3687 synodi
3193 3614 3518 3672 Florentino:
3547 3623 3604 3673 et

345 3709 410 3764 de
433 3708 770 3780 pracessione
795 3703 857 3760 8.
891 3701 949 3760 8.
985 3701 1178 3771 Incipit
1206 3715 1222 3755 :
1255 3700 1330 3752 Σὺ
1355 3698 1455 3766 μὲν
1480 3697 1542 3750 οὐ
1593 3700 1663 3750 τὰ
1691 3698 1913 3771 ἀνθρώπ

2055 3704 2260 3773 μόνον..
2298 3703 2486 3760 Graece
2520 3713 2576 3759 et
2619 3703 2808 3759 Latine
2832 3718 2900 3759 ex
2934 3703 3135 3775 duplici
3169 3706 3439 3770 versione,
3470 3705 3607 3761 Bes-

346 3796 586 3853 sarionis
635 3795 808 3864 ipsius
862 3792 1067 3858 altera,
1118 3789 1287 3844 altera
1333 3785 1579 3854 Arcudii,
1629 3786 1773 3841 edita
1818 3789 1885 3842 ab
1945 3792 2059 3861 ipso
2109 3793 2340 3850 Arcadio
2374 3793 2426 3847 in
2462 3792 2742 3863 Opusculis
2798 3795 2974 3848 aureis
3009 3793 3334 3866 theologicis,
3367 3795 3608 3866 vulgatis

346 3888 536 3944 Italus:
577 3883 742 3946 1650,
773 3884 827 3948 4,
850 3890 906 3937 et
933 3879 1140 3936 recusis
1165 3877 1325 3939 1671,
1354 3877 1408 3931 4.
1446 3875 1640 3930 Latine
1671 3887 1850 3931 exstat
1890 3877 1914 3932 il

2040 3880 2225 3937 luciliis
2267 3880 2476 3939 Labbei
2530 3891 2663 3938 tom.
2689 3881 2832 3949 XIII,
2869 3880 2991 3954 pag.
3029 3884 3364 3948 I228-1262.
3391 3886 3608 3941 011101³-

347 3974 495 4028 duiui
553 3979 688 4029 tom.
738 3969 831 4035 lx,
882 3985 1005 4040 pag.
1064 3965 1397 4022 tota-4077.
1428 3962 1809 4021 FABR.-—-MS.
1839 3963 1915 4020 Vi:

2038 3983 2142 4026 ton.
2194 3970 2248 4025 in
2298 3972 2422 4027 cod.
2489 3971 2629 4027 Caes.
2659 3971 2788 4036 257,
2821 3988 2876 4026 0.
2901 3971 2955 4027 8.
2994 3969 3056 4027 V.
3092 3971 3346 4027 Lambec.
3382 3973 3446 4039 ν,
3479 3976 3606 4048 pag.

344 4060 477 4126 567,
508 4061 692 4132 ibique
728 4070 841 4125 not.
879 4057 1091 4112 Kollar.
1120 4055 1246 4110 add.
1280 4052 1537 4109 Lambcc.
1578 4053 1638 4120 ν,
1675 4069 1794 4124 mg.
1825 4055 1952 4125 516,
1982 4057 2034 4112 in
2066 4069 2192 4113 nota
2238 4061 2291 4124 1,
2331 4069 2384 4115 ct
2414 4059 2617 4115 Kollar.
2643 4061 2959 4117 adnimadv.
2992 4062 3046 4117 in
3090 4071 3205 4116 not.
3236 4061 3300 4115 Β.
3337 4093 3408 4106 -—
3433 4061 3612 4120 Vene-

343 4153 434 4209 tiis
466 4152 519 4204 iu
549 4149 680 4204 bibl.
710 4146 882 4202 Marc.
918 4146 1040 4200 cod.
1075 4143 1202 4211 589,
1228 4152 1283 4198 et
1309 4142 1499 4197 Latine
1535 4143 1678 4198 inter
1714 4145 1872 4200 codd.
1897 4143 2015 4200 Lat.
2046 4145 2107 4202 V.
2145 4149 2262 4204 Cat.
2292 4150 2438 4206 illius
2462 4150 2712 4205 biblioth.
2752 4151 2910 4206 codd.
2963 4150 3060 4208 Gr.
3094 4166 3219 4222 pag.
3246 4151 3373 4218 509,
3405 4167 3469 4207 ac
3505 4151 3611 4208 La-

345 4240 508 4294 tiuor.
546 4253 670 4307 pag.
707 4236 792 4292 78.
824 4265 896 4276 -——
923 4234 1159 4288 Florent.
1195 4236 1252 4285 in
1278 4230 1400 4285 cod.
1457 4228 1715 4284 Laurent.
1749 4232 1852 4300 11,
1897 4249 1913 4286 ι

2072 4239 2203 4307 plut.
2238 4239 2324 4294 10.
2351 4238 2414 4294 γ.
2452 4239 2682 4295 Bandin.
2712 4240 2753 4296 l.
2780 4256 2830 4295 0.
2855 4241 2898 4306 I,
2924 4258 3049 4312 pag.
3085 4240 3209 4307 185,
3236 4242 3330 4311 qui
3349 4243 3604 4309 adnotat,

345 4334 399 4390 id
421 4345 616 4401 opusc.
651 4327 842 4383 Latine
869 4334 1087 4380 exstare
1117 4323 1169 4376 in
1198 4320 1328 4376 edit.
1384 4320 1680 4375 Conciliur.
1723 4320 1910 4378 Venet.
1943 4341 1993 4379 a.
2048 4328 2206 4394 1752,
2263 4339 2396 4383 tum.
2427 4328 2618 4394 XVIII,
2659 4346 2712 4396 β.
2775 4330 2913 4386 1241
2945 4345 3071 4403 sqq.
3101 4361 3173 4373 -—
3197 4330 3356 4386 Conf.
3412 4331 3606 4386 Bauni-

341 4433 533 4496 επωο
593 4418 908 4475 Nachriclit.
964 4434 1062 4471 von
1117 4412 1435 4469 merkws‘trd.
1485 4412 1754 4481 Bticheru,
1819 4427 1952 4473 tom.
1987 4415 2079 4483 Vl,
2107 4433 2228 4489 pag.
2263 4418 2389 4484 127,
2445 4417 2542 4474 451
2581 4435 2728 4490 sqq.,
2785 4421 2884 4476 151
2915 4436 3062 4493 sqq.,
3095 4430 3150 4476 et
3179 4436 3334 4490 supr.
3366 4422 3433 4477 ad
3459 4437 3514 4477 n.
3547 4420 3606 4478 2.

341 4514 518 4571 Ilus.
1345 4546 1350 4552 .

411 4601 470 4656 7.
494 4598 757 4668 Apologia
781 4599 1031 4667 adversus
1059 4591 1370 4663 Gregorium
1399 4594 1678 4650 Palamam
1703 4610 1798 4666 pro
1822 4592 2047 4650 Joannis
2077 4592 2226 4648 Vecci
2254 4596 2574 4664 patriarcha:
2599 4597 2751 4669 Cpol.
2781 4598 2920 4655 libro
2941 4601 3202 4656 adversus
3229 4601 3610 4670 responsiones

340 4693 658 4748 Grecorum
687 4687 758 4743 de
802 4686 1150 4755 processione
1192 4683 1429 4752 Spiritus
1459 4685 1517 4740 S.
1547 4700 1577 4740 ι
1605 4685 1763 4741 Filio.
1814 4683 2003 4740 Graece
2027 4693 2082 4736 et
2103 4681 2221 4736 Lat.
2244 4683 2296 4736 in
2333 4682 2524 4739 iisdem
2563 4686 2860 4755 opusculis.
2886 4686 3130 4741 Ftan.—-
3145 4686 3247 4743 Ms.
3274 4685 3514 4742 Venetiis
3549 4687 3606 4740 in

340 4763 506 4836 codd.
555 4776 719 4832 Μαι-0.
769 4772 872 4829 527
904 4780 1088 4828 contra
1141 4788 1294 4844 capp.
1332 4769 1561 4827 Maximi
1588 4770 1847 4827 Planudis
1877 4773 1941 4826 de
1966 4773 2296 4839 processione
2341 4769 2483 4842 Spir.
2545 4771 2604 4828 8.
2637 4783 2693 4830 et
2717 4773 2842 4830 589.
2867 4785 3053 4830 contra
3081 4775 3356 4830 Palansam
3394 4792 3490 4846 pro
3512 4775 3602 4830 10.

354 4860 539 4924 Vecco.
571 4863 636 4920 ν.
667 4871 779 4939 cat.
805 4863 924 4925 cit.,
953 4877 1006 4932 p.
1042 4861 1153 4918 285
1175 4870 1228 4916 et
1259 4859 1390 4928 510,
1423 4869 1476 4916 et
1511 4857 1709 4915 Latina
1745 4859 2076 4915 Bessarionis
2108 4862 2274 4915 vorsio
2303 4862 2357 4914 iu
2406 4869 2639 4931 quatuor
2666 4863 2824 4919 codd.
2864 4861 2931 4918 γ.
2964 4871 3074 4919 cat.
3103 4864 3260 4918 codd.
3301 4861 3425 4918 Lat.
3469 4861 3601 4918 bihl.

343 4955 535 5022 “arci,
567 4968 621 5024 p.
650 4953 721 5009 78
738 4967 860 5022 sqq.
889 4949 1153 5007 —Paris.
1209 4950 1263 5006 in
1315 4950 1439 5007 cod.
1486 4949 1620 5006 bibl.
1663 4949 1812 5020 pubi.
1860 4949 2018 5015 1270,
2063 4949 2116 5016 5,
2147 4959 2202 5005 et
2237 4946 2479 5007 Florent.
2507 4951 2562 5005 in
2585 4953 2707 5007 cod.
2741 4950 3004 5009 Laurent.
3035 4951 3125 5019 14,
3159 4967 3216 5007 0.
3247 4952 3304 5017 4,
3330 4951 3416 5007 Jo.
3457 4942 3605 5007 γειτεὲ

339 5043 708 5112 inscriptiones
732 5037 877 5104 XII,
925 5040 979 5094 in
1011 5039 1301 5094 sententias
1330 5035 1435 5105 SS.
1461 5035 1710 5100 Patrum,
1741 5054 1874 5108 quas
1916 5037 2122 5109 collegit
2174 5038 2240 5093 de
2269 5055 2498 5108 process.
2540 5038 2684 5106 Spir.
2721 5038 2782 5095 S.
2809 5057 2926 5095 cum
2968 5041 3190 5097 totidem
3219 5038 3456 5112 Gregorii
3492 5039 3602 5095 Pa-

343 5137 500 5188 lansar
529 5127 986 5201 confutationibus
1033 5137 1079 5182 et
1107 5125 1443 5182 Bessarionis
1475 5127 1729 5198 apologiis
1756 5141 1775 5180 :
1803 5127 1904 5182 sub
1938 5129 2033 5182 lin.
2079 5127 2294 5182 ilzorum
2329 5143 2520 5198 opusc.
2575 5129 2883 5200 iterumque
2912 5145 2967 5183 n.
3003 5130 3056 5196 6,
3085 5127 3312 5184 Maximi
3337 5127 3602 5183 Planudte

342 5225 408 5278 ds
434 5235 671 5290 process.
701 5215 798 5286 Sp.
829 5213 890 5274 8.
919 5224 1101 5270 contra
1126 5213 1347 5270 Latinos
1375 5214 1668 5287 syllogismi
1703 5230 1780 5279 tv,
1805 5231 1928 5270 cum
1963 5213 2296 5270 Bessarionis
2328 5217 2775 5284 responsionibus.
2808 5215 2870 5272 V.
2899 5216 3132 5273 Bandin.
3162 5217 3204 5284 I,
3227 5234 3280 5274 c.
3310 5217 3352 5285 I,
3382 5234 3435 5288 p.
3467 5217 3596 5274 ‘83.

341 5341 411 5353 —
442 5307 750 5363 Vindobon.
773 5305 830 5359 in
861 5303 988 5360 cod.
1018 5301 1175 5369 CCL,
1203 5319 1265 5358 n.
1291 5302 1384 5366 15,
1417 5304 1621 5358 rarior.
1651 5301 1876 5358 Patrum
1908 5302 2089 5359 Latin.
2125 5305 2440 5383 testimonia
2464 5306 2531 5361 de
2555 5321 2800 5375 process.
2833 5305 2980 5376 Spir.
3015 5306 3102 5374 5.,
3134 5317 3189 5362 et
3223 5326 3276 5362 u.
3306 5306 3398 5362 16.
3433 5306 3595 5366 Becci

343 5415 390 5459 s.
421 5399 588 5457 Vecci
635 5398 965 5470 epigrapbte,
1009 5396 1259 5470 Gregorii
1302 5397 1542 5475 Palamae
1563 5397 1853 5451 conlutatt.
1905 5404 1960 5452 et
2002 5395 2344 5454 Bessarionis
2365 5402 2751 5470 responsiones
2773 5414 2873 5470 pro
2909 5397 3104 5455 Vecco.
3147 5397 3212 5454 Υ.
3245 5398 3501 5453 Lambec.
3533 5397 3597 5465 V,

345 5507 465 5564 pag.
491 5490 622 5558 516,
655 5489 838 5559 ibique
859 5496 978 5545 not.
1005 5485 1235 5552 Kollar.,
1268 5495 1324 5542 et
1351 5501 1475 5557 pag.
1507 5483 1610 5540 517
1638 5500 1782 5556 sqq.,
1817 5485 1912 5554 qui
1942 5501 2008 5540 ex
2037 5484 2234 5538 Allatio
2265 5483 2342 5537 De
2378 5481 2628 5538 Ecclesia:
2667 5482 2849 5539 Occid.
2881 5493 2930 5539 et
2964 5480 3168 5538 Orient.
3197 5491 3446 5552 perpetua
3471 5498 3599 5536 con-

343 5583 605 5651 sensione,
636 5595 692 5653 p.
724 5578 851 5647 766,
887 5577 1107 5648 longum
1135 5575 1311 5634 locum
1328 5574 1396 5632 de
1424 5575 1534 5631 illis
1581 5573 1875 5645 excerpsit,
1907 5572 2244 5642 notariique,
2294 5572 2426 5628 ibid.
2483 5572 2606 5629 libr.
2637 5572 2727 5639 lIl’,
2755 5585 2874 5643 cap.
2899 5572 2953 5637 5,
2988 5570 3017 5643 ς
3069 5588 3107 5640 ι,
3141 5586 3264 5642 pag.
3311 5570 3442 5638 950,
3477 5583 3600 5636 spe-

343 5743 480 5856 ing)
494 5695 1082 5856 gpgiscoggiﬂarcum
1103 5733 1374 5800 Ephesium
1393 5729 1645 5785 inchoavit
1666 5727 1967 5781 Scholarius.
1991 5725 2193 5778 absolvit
2225 5723 2500 5779 Bessarion.
2535 5724 2803 5790 Utriusque
2826 5732 3116 5790 argumenta
3145 5721 3358 5786 iunctim
3382 5724 3594 5776 edemus
