3992 6148
448 327 552 388 139

1819 335 2106 399 BESSAR
2121 337 2329 398 lONIS

3583 323 3693 389 Ῑίίῐ

442 454 574 494 νει-ο
611 455 790 511 pugna
829 449 884 496 et
928 443 1253 500 difficillima
1293 445 1454 502 simul
1503 455 1556 502 et
1605 447 1840 501 maxime
1892 447 2014 500 diu-

2124 463 2240 512 γονε
2273 449 2515 510 πάντων,
2552 445 2660 499 οὐδ’
2688 446 2837 500 ἔστιν
2868 444 3070 517 εύρετν,
3104 443 3217 498 οὐθ’
3264 441 3408 504 ὅστις
3438 439 3533 495 ἐπὶ
3559 454 3686 491 τοσ-

444 546 601 584 mrna
649 533 897 587 omnium
936 534 1110 602 facta;
1163 553 1343 607 neque
1393 540 1555 593 aliam
1606 539 1854 594 invenire
1906 547 2013 604 est,

441 638 563 691 quat
625 629 674 679 in
729 639 940 682 tantum
996 635 1457 698 perseveraverit,
1517 649 1695 702 neque
1743 649 1866 703 qn‘e
1921 634 2016 688 tali

444 727 603 782 pacm
643 716 912 773 adversus
945 720 1180 776 invicem
1222 723 1275 777 in
1318 723 1561 780 furorem
1599 725 1898 793 conjccerit
1937 733 2018 779 at—

441 825 551 876 que
582 811 921 866 accenderit.
949 813 1139 882 Neque
1181 815 1329 871 enim
1378 819 1554 872 solum
1603 819 1902 887 impietatis
1933 818 2017 872 vi-

446 901 634 954 cissim
688 918 748 956 se
790 915 1100 976 aspergunt
1127 909 1448 977 opprobrio,
1485 910 1616 964 licet
1665 910 1768 965 sub
1819 910 2014 965 eodem

445 989 739 1049 Servatore
765 1003 822 1048 et
866 995 1100 1050 Domino
1127 999 1446 1065 constituti;
1481 1015 1670 1055 verum
1716 1009 1772 1055 et
1810 1001 2016 1071 saepius

445 1100 579 1154 pace
610 1087 941 1158 conposita,
974 1104 1138 1157 quam
1185 1091 1238 1145 in
1289 1107 1458 1146 unum
1507 1095 1807 1149 convenire
1861 1094 2017 1149 vide-

445 1190 663 1243 rentur,
694 1195 915 1235 rursum
952 1180 1020 1236 ab
1050 1182 1284 1238 invicem
1319 1192 1449 1238 sunt
1484 1185 1746 1255 separati,
1782 1195 1837 1240 et
1865 1185 2012 1255 quod

442 1269 600 1339 pejus
663 1279 772 1336 est,
825 1271 1029 1327 acriori
1085 1273 1266 1330 adhuc
1327 1276 1539 1331 insania
1593 1286 1786 1332 contra
1841 1285 2016 1332 semet

442 1359 678 1417 invicem
707 1365 762 1418 in
784 1364 959 1420 aciem
988 1377 1376 1434 processerunt
1396 1379 1452 1424 et
1476 1367 1655 1424 adhuc
1683 1367 2013 1438 procedunt,

443 1453 767 1524 impietatis,
793 1456 1073 1522 atheistni,
1098 1460 1324 1524 erroris,
1346 1461 1680 1522 duplicitatis
1708 1461 2013 1533 principio-

441 1562 566 1600 rum
627 1547 972 1621 (dyarcltize),
1032 1554 1430 1607 contractionis
1483 1563 1539 1608 et
1592 1555 2014 1609 innumerarum

443 1637 731 1692 ltmreseon
769 1654 892 1695 reos
922 1652 1100 1696 semet
1133 1643 1372 1698 invicem
1403 1643 1700 1699 ostendere
1723 1654 2011 1700 conantes.

443 1730 550 1785 Sed
592 1730 776 1786 Latini
809 1733 1030 1802 quidem
1059 1743 1115 1790 et
1142 1734 1462 1790 Latinorum
1500 1737 1854 1804 vetustiores,
1886 1752 2010 1790 cum

2120 538 2277 592 οὖτον
2327 535 2651 609 διήρκεσεν,
2704 538 2818 593 οὔθ’
2851 541 2999 602 ὅστις
3054 535 3198 591 οὕτω
3250 535 3316 587 τά
3374 533 3515 614 μέρη
3565 527 3685 585 κατ’

2119 630 2370 701 ἀλλήλων
2396 631 2680 702 ἐξέμηνεν.
2710 633 2785 686 Ού
2815 634 2926 704 γὰρ
2958 631 3118 704 μόνον
3143 628 3398 690 ἀσεϐείας
3425 623 3692 694 ἐγκαλοῦ-

2120 741 2206 777 σιν
2239 724 2539 793 ἀλλήλους,
2578 725 2755 779 καίτοι
2797 726 2901 778 ὑπὸ
2935 725 3026 777 τὸν
3061 724 3222 778 αὐτὸν
3252 716 3530 780 τελοῦντες
3572 718 3689 770 Σω-

2117 818 2262 886 τῆρά
2299 836 2357 871 τε
2404 820 2498 871 καὶ
2542 819 2842 887 Δεσπότην,
2886 818 3020 872 ἀλλὰ
3066 818 3159 870 καὶ
3205 813 3464 874 πολλάκις
3505 810 3690 871 αὐτοῖς

2117 909 2414 963 διαλύσεων
2438 911 2759 979 γινομένων,
2790 912 3048 976 δόξαντες
3081 908 3378 978 συμϐῆναι.
3405 905 3562 966 αὖθις
3593 903 3688 955 ἀλο

2119 997 2296 1063 λήλων
2327 999 2621 1069 διέστησαν
2646 1041 2660 1066 ,
2688 1000 2782 1054 καὶ
2811 1001 2870 1053 τὸ
2899 1003 3081 1070 χεῖρον
3103 1040 3116 1062 ,
3150 998 3292 1068 μετὰ
3317 995 3564 1056 πλείονος
3592 992 3687 1060 τῆς

2121 1090 2323 1158 μανίας
2364 1092 2484 1144 κατ’
2517 1090 2765 1160 ἀλλήλων
2810 1089 3096 1161 ἐχώρησαν
3137 1106 3196 1141 τε
3239 1087 3337 1141 καὶ
3376 1083 3647 1156 χωροῦσιν
3675 1095 3689 1111 ⁸

2118 1176 2372 1242 ἀσεϐείας
2395 1219 2413 1247 ,
2457 1178 2678 1244 ἀθεῒας,
2726 1181 2968 1248 πλάνης.
3015 1178 3277 1249 δυαρχίας
3299 1217 3316 1242 ,
3361 1171 3696 1241 συναλοιφῆς

2119 1272 2215 1324 καὶ
2263 1273 2474 1341 μυρίων
2517 1273 2784 1342 αἱρέσεων
2834 1273 3053 1342 ἐνόχους
3104 1270 3371 1340 ἀλλήλους
3414 1264 3694 1319 δεικνύναι

2117 1361 2478 1433 πειρώμενοι.
2515 1363 2680 1417 ama
2714 1364 2932 1417 Λατῖνοι
2967 1363 3066 1433 μὲν
3099 1362 3191 1414 καὶ
3223 1360 3466 1414 Λατίνιον
3499 1357 3548 1409 al
3579 1371 3694 1407 πα-

2118 1455 2393 1527 λαιότεροι
2439 1458 2587 1525 ἅπαξ
2632 1460 2761 1529 περὶ
2799 1447 3006 1512 τούτων
3050 1457 3297 1518 εἰπόντες
3343 1451 3695 1506 ἐπαύσαντοσ

2119 1553 2214 1605 καὶ
2242 1551 2366 1605 τότε
2400 1552 2473 1622 τῷ
2508 1552 2742 1622 δόγματι
2777 1552 2896 1605 καθ’
2920 1550 3049 1604 αὐτὸ
3087 1549 3291 1620 μᾶλλον
3327 1541 3699 1615 συνηγοροῦν-

2117 1661 2210 1707 τες
2253 1645 2288 1717 1)
2321 1645 2464 1698 κατὰ
2517 1645 2626 1700 τῶν
2657 1643 3074 1709 άντιδοξούντων
3103 1642 3395 1712 φερόμενοι
3421 1654 3435 1670 ο
3467 1633 3702 1707 Γραικοὶ

2119 1737 2175 1790 δὲ
2205 1737 2301 1790 καὶ
2329 1737 2534 1791 τούτων
2562 1738 2610 1792 οἱ
2639 1739 2796 1803 δόξαν
2826 1737 3135 1807 θηρώμενοι
3160 1775 3176 1800 ,
3205 1734 3330 1786 ἐπεὶ
3363 1730 3439 1802 μὴ
3470 1727 3698 1783 ἄλλοθεν

442 1822 624 1877 scmel‘
667 1822 734 1877 de
785 1821 874 1879 his
907 1825 1074 1880 verba
1117 1826 1398 1892 fecissent,
1447 1827 1828 1895 quiescebant,
1884 1837 2014 1883 tunc

2124 1827 2392 1894 δύνανται,
2440 1829 2540 1899 τὴν
2580 1829 2676 1882 τοῦ
2726 1828 2968 1899 πλήθους
3013 1826 3401 1887 κολακεύοντες
3443 1819 3696 1888 ἀλογίαν.

445 1930 666 1983 quoque
717 1930 842 1971 cum
879 1917 1255 1988 disputarent,
1291 1919 1531 1989 dogmati
1569 1919 1669 1987 ipsi
1706 1921 2012 1975 secundum

2124 1919 2512 1990 δημαγωγοῦσί
2539 1937 2597 1974 τε
2629 1920 2828 1982 αὐτοὺς
2859 1922 2954 1973 καὶ
2981 1919 3082 1988 τὴν
3112 1916 3173 1984 ἐξ
3209 1915 3384 1971 ab“:th
3415 1913 3698 1980 εὐφημίαν

446 2021 507 2060 se
536 2009 967 2077 patrocinantes,
1006 2012 1178 2080 magis
1207 2027 1372 2080 quant
1410 2011 1686 2065 contraria
1713 2012 2014 2066 sentientes

2124 2014 2483 2086 καρποῦνται,
2509 2013 2571 2067 οὐ
2602 2013 2868 2068 παύονταί
2897 2030 2949 2067 τι
2980 2012 3299 2082 βλάσφημον
3328 2007 3700 2078 ἀπορῤίπτον-

447 2097 658 2169 impetu
711 2099 839 2156 τοι·ιί
888 2102 1311 2171 aggredientes;
1341 2101 1516 2156 ϐιωσί
1549 2115 1680 2156 vero
1711 2110 1764 2156 et
1791 2102 1884 2170 qui
1921 2117 2014 2154 co-

2124 2121 2212 2166 τες
2252 2104 2395 2157 κατὰ
2434 2104 2684 2158 Λατίνων
2718 2105 2828 2170 ἀεὶ,
2863 2103 2957 2158 καὶ
3001 2104 3143 2176 ῥητά
3185 2102 3277 2156 καὶ
3317 2101 3531 2171 ἇρῤητα
3572 2092 3698 2150 κατ’

445 2203 566 2242 rum
622 2192 970 2247 venabantur
1019 2193 1378 2256 sententiam.
1431 2193 1690 2262 quoniam
1747 2192 2013 2262 (quando)

2124 2195 2302 2248 αὐτῶν
2333 2194 2594 2264 ἐμοῦντες
2626 2196 2726 2264 (1).

444 2283 672 2354 aliunde
727 2301 840 2340 rem
887 2285 1161 2370 coniicere
1221 2293 1528 2356 nequeunt,
1593 2286 1966 2341 multitudinis
2035 2285 2318 2356 imperitia:
2362 2289 2678 2351 adulantur,
2733 2288 3052 2360 popularem
3103 2286 3340 2341 favorem
3371 2289 3594 2353 captant
3639 2290 3698 2336 et

443 2380 671 2450 gloriam
727 2382 798 2437 ab
843 2383 976 2452 ipsis
1023 2382 1246 2438 student
1331 2383 1642 2451 acquirere,
1723 2399 1901 2452 neque
1979 2383 2253 2439 desistunt
2306 2402 2334 2439 a
2393 2384 2750 2457 projiciendis
2808 2385 2864 2438 in
2919 2384 3146 2439 Latinos
3229 2378 3585 2451 blasphemiis
3641 2387 3698 2431 et

443 2475 512 2530 ab
598 2476 922 2532 evomendis
972 2478 1027 2532 in
1076 2492 1172 2532 eos
1229 2477 1500 2542 dicterits,
1550 2493 1894 2548 qumcunque
1945 2478 2131 2549 lingua
2190 2480 2424 2549 proferri
2510 2489 2749 2548 possunt
2823 2493 3056 2548 quaeque
3116 2476 3282 2532 fando
3332 2471 3524 2530 referri
3598 2484 3698 2524 ne-

438 2580 674 2641 queunt.

510 2714 663 2774 Talis
688 2727 909 2787 quoque
939 2725 1023 2772 est
1051 2717 1145 2787 qui
1181 2731 1331 2772 nunc
1360 2716 1522 2772 nobis
1550 2719 1795 2772 occurrit
1839 2733 2017 2774 novus

442 2809 758 2880 theologus.
823 2805 1042 2862 Marcus
1091 2807 1389 2878 Ephesius,
1442 2808 1604 2862 homo
1650 2824 1829 2877 neque
1879 2809 2042 2862 alio»

447 2906 583 2975 quin
620 2903 862 2975 prudens
882 2909 936 2956 et
973 2899 1256 2970 sapientiae
1296 2901 1439 2962 loco,
1475 2899 1592 2971 ejus
1622 2903 1806 2970 specie
1835 2900 2017 2970 reple-

445 3010 557 3054 tus.
604 2997 779 3067 Hujus
822 2995 1075 3050 nutantia
1122 2993 1214 3054 illa
1271 2993 1598 3062 inﬁrmaque
1645 2994 2014 3064 sepltistnata,

2193 2712 2318 2780 Οἷος
2344 2716 2439 2770 καὶ
2465 2718 2491 2771 6
2520 2715 2618 2773 νῦν
2643 2718 2779 2788 ἡμῖν
2805 2717 3062 2787 ὲπιφυεὶς
3089 2715 3247 2770 καινδ
3265 2733 3292 2778 ς
3319 2716 3397 2786 (Ξ)
3424 2711 3583 2776 οὗτος
3607 2721 3698 2778 θεο

2119 2808 2293 2875 λόγος,
2325 2806 2552 2878 Μάρκος
2577 2811 2604 2862 ὁ
2631 2807 2884 2876 Ἐφέσου,
2915 2809 3054 2878 ἀνὴρ
3081 2806 3195 2861 οῦτ⁸
3215 2808 3392 2872 ἄλλως
3418 2812 3698 2884 φρενήρης

2119 2900 2214 2955 καὶ
2252 2898 2571 2970 δοξοσοφίας
2605 2903 2727 2956 ἀντὶ
2765 2901 2957 2968 σοφίας
2987 2900 3455 2970 ,ἐμπεπλησμένος
3479 2942 3494 2968 ,
3531 2905 3594 2958 οὖ
3629 2908 3696 2961 τά

2119 2990 2296 3061 σαθρά
2325 2995 2515 3054 ἐκεῖνα
2550 2994 2863 3064 σοφίσματα
2885 3035 2900 3057 ,
2931 2994 3000 3048 δι’
3023 2990 3098 3048 ὧν
3127 2996 3225 3064 τὴν
3255 2996 3476 3068 ἀρραγῆ
3508 3017 3568 3052 τε
3601 3003 3696 3056 καὶ

445 3091 653 3164 quibus
687 3098 890 3146 rectam
935 3096 992 3143 et
1043 3086 1526 3158 inexpugnabilem
1574 3087 2011 3142 Christianorum

2124 3085 2285 3156 ὀρθὴν
2315 3086 2664 3156 Χριστιανῶν
2694 3085 2975 3153 θεολογίαν
3005 3086 3362 3142 ὑποσαλεύειν
3396 3091 3692 3163 ίπιχειρεῖ,

446 3183 776 3254 theologiam
843 3182 1164 3251 impugnare
1224 3193 1499 3242 conatur,
1555 3181 1871 3250 quibusque
1927 3196 2016 3235 me

447 3289 747 3331 occurrere
787 3274 969 3345 iubes,
1009 3272 1142 3328 licet
1172 3273 1348 3342 magis
1375 3283 1430 3327 tu
1467 3273 1585 3342 ipse
1618 3272 1671 3326 id
1712 3272 1933 3339 valeas;
1969 3274 2017 3327 si

442 3383 608 3438 quem
633 3362 1030 3430 scandalizant,
1065 3365 1371 3435 praesertim
1404 3381 1471 3438 ex
1517 3364 1608 3431 iis,
1662 3365 1755 3435 qni
1778 3367 1887 3436 jam
1919 3381 2018 3419 an-

443 3463 677 3532 tiquitus
700 3467 756 3512 et
787 3474 814 3512 a
840 3457 1164 3528 parentibus
1189 3456 1459 3526 ejusmodi
1481 3456 1786 3512 rationibus
1819 3457 2018 3512 imbuti

442 3563 501 3610 et
532 3552 899 3623 prmoccupati
930 3561 1062 3607 sunt
1095 3560 1263 3621 atque
1300 3550 1548 3605 nondum
1579 3551 1794 3604 veriora
1827 3550 2020 3605 audie-

445 3654 597 3708 runt,
631 3643 686 3700 id
744 3643 947 3698 mirum
996 3658 1108 3698 non
1161 3651 1264 3706 est,
1318 3650 1373 3696 et
1433 3640 1590 3695 venia
1640 3644 1805 3696 detur
1847 3641 2016 3696 animi

447 3733 849 3805 perturbationi
893 3733 1080 3804 (malo,
1127 3731 1274 3801 quod
1321 3731 1653 3801 patiuntur).
1712 3730 2019 3788 Consenta-

442 3838 620 3879 neum
650 3832 830 3879 tamen
882 3833 968 3878 est
995 3837 1060 3878 ac
1088 3821 1267 3887 decet,
1314 3821 1777 3890 quemadmodum
1818 3832 1873 3876 et
1903 3821 2018 3891 ipse

437 3917 623 3986 jubes,
659 3915 938 3970 veriorum
979 3913 1258 3968 rationum
1288 3913 1340 3976 vi
1371 3913 1632 3983 obtusum
1658 3913 1887 3979 illorum
1921 3931 2019 3969 au-

445 4010 627 4064 ditum
657 4023 987 4079 expurgare.
1022 4006 1292 4074 Quoniam
1327 4006 1496 4078 igitur
1520 4008 1576 4074 in
1613 4007 1703 4074 iis,
1727 4023 1852 4078 qua:
1885 4008 2020 4065 alias

445 4101 515 4156 de
548 4109 818 4172 praesente
851 4099 1106 4170 dogmate
1134 4099 1351 4168 scripsi,
1387 4108 1445 4153 et
1475 4098 1634 4168 attigi
1667 4100 1872 4166 omnia,
1895 4115 2018 4170 quae

444 4208 595 4248 nunc
621 4193 726 4247 ille'
749 4190 960 4263 profert
995 4199 1150 4261 (sunt
1202 4191 1347 4245 enim
1395 4206 1720 4246 communes
1762 4201 1821 4247 et
1873 4190 2018 4266 trita

445 4286 695 4341 rationes
720 4284 1083 4353 omniumque
1139 4281 1196 4336 in
1227 4295 1325 4338 ore
1359 4291 1666 4348 versantes,
1703 4294 1869 4352 atque
1919 4283 2019 4338 has

443 4392 641 4433 omnes
683 4391 810 4432 cum
845 4375 978 4441 Deo,
1014 4373 1205 4430 utdici
1233 4373 1398 4437 solet,
1439 4373 1785 4429 sufficienter
1817 4383 2022 4430 nutan-

2120 3171 2200 3240 οἷς
2251 3178 2532 3231 ἀντειπεῖν
2587 3195 2655 3247 με
2706 3177 2985 3248 κελεύεις,
3039 3178 3217 3234 καίτοι
3276 3181 3481 3252 μᾶλλον
3532 3186 3695 3249 αὐτὸς

2119 3268 2277 3323 τοῦτο
2310 3269 2637 3338 δυνάμενος,
2677 3270 2733 3322 ετ
2757 3286 2878 3323 τινα
2913 3269 3295 3335 σκανδαλίζει,
3329 3271 3424 3325 καὶ
3459 3274 3696 3343 μάλιστα

2122 3361 2228 3415 τῶν
2258 3361 2466 3417 ἄνωθέν
2495 3379 2555 3415 τε
2581 3361 2684 3427 ,καὶ
2720 3363 2784 3417 ὲκ
2821 3362 3103 3432 προγόνων
3132 3365 3244 3423 τοῖς
3275 3365 3482 3433 ὁμοίοις
3513 3364 3697 3434 λόγοις

2121 3454 2582 3524 προειλημμένων
2602 3494 2617 3518 ,
2657 3454 2751 3507 καὶ
2798 3454 2967 3524 μήπω
2997 3452 3106 3506 τῶν
3139 3454 3521 3525 ἀληθεστᾶρων
3554 3458 3694 3527 ἀκη-

2122 3545 2348 3607 κοότων,
2395 3544 2713 3613 θαυμαστὸν
2757 3544 2856 3612 μὲν
2903 3542 3078 3605 οὐδὲν,
3123 3545 3220 3596 καὶ
3268 3544 3572 3616 συγγνώμη
3617 3544 3697 3615 τῷ

2123 3637 2285 3690 πάθει
2314 3652 2328 3668 ο
2368 3635 2449 3688 δεῖ
2493 3634 2537 3687 δ’
2565 3635 2752 3703 ὅμως,
2795 3633 2870 3696 ὡς
2912 3637 3006 3687 καὶ
3047 3635 3212 3699 αὐτὸς
3257 3637 3535 3703 κελεύεις,
3583 3638 3696 3703 τοὶς

2120 3731 2502 3800 άληθεστέροις
2553 3729 2664 3783 τῶν
2712 3728 2887 3796 λόγων
2936 3727 3035 3799 τὴν
3088 3731 3338 3801 άλμυράν
3388 3731 3466 3800 (3)
3516 3733 3696 3786 αὐτῶν

2121 3823 2291 3892 ἀκοὴν
2339 3821 2692 3886 άποκλύζειν.
2739 3821 2891 3874 Ἐπεὶ
2941 3821 3072 3891 γοῦν
3121 3825 3180 3876 ὲν
3229 3817 3312 3886 οἷς
3361 3823 3550 3878 ἄλλοτὲ
3603 3840 3697 3892 μοι

2122 3915 2250 3986 περὶ
2279 3913 2371 3968 τοῦ
2405 3914 2674 3985 παρόντος
2708 3913 3125 3983 συγγέγραπται
3155 3913 3457 3984 δόγματος.
3491 3915 3697 3970 τούτων

2121 4005 2410 4074 άπάντων,
2438 4003 2476 4058 ἃ,
2501 4005 2597 4058 νῦν
2623 4020 2788 4074 φησιν
2819 4004 3006 4069 οὗτος,
3033 4005 3261 4076 ἡψάμην
3294 4004 3418 4075 (καὶ
3451 4006 3558 4078 γάρ
3587 4007 3695 4059 sict

2123 4100 2296 4154 κοινοί
2328 4116 2386 4153 τε
2421 4100 2515 4153 καὶ
2544 4095 2902 4172 τετριμμένοί
2938 4099 3083 4169 λόγοι
3119 4101 3214 4155 καὶ
3250 4104 3417 4156 πᾶσιν
3452 4103 3545 4158 ἐπὶ
3579 4104 3696 4155 στό-

2125 4185 2313 4261 μ’ἇτος,
2347 4193 2556 4256 πάντας
2587 4208 2647 4245 τε
2683 4193 2780 4245 σὺν
2808 4190 2930 4264 Θεῷ
2961 4193 3039 4264 τῷ
3068 4194 3238 4265 λογίῳ
3265 4197 3460 4260 εἰπεῖν,
3495 4196 3696 4260 ἱκανῶς

2122 4288 2432 4358 ὑπόσαθρόν
2464 4304 2523 4340 τε
2559 4285 2655 4341 καὶ
2687 4284 2944 4355 κίϐδηλον
2979 4287 3248 4357 ἠχοῦντας
3292 4287 3552 4353 ἀπέδειξα
3583 4288 3694 4351 τοῖς

2121 4379 2228 4438 τῶν
2264 4379 2590 4448 φθασάντων
2618 4379 2773 4452 ,ἡμᾶς
2812 4381 3101 4451 μακαρίων
3137 4379 3345 4450 ἀνδρῶν
3379 4381 3698 4452 συγκρησὰ-

447 4481 533 4525 tes
568 4478 624 4525 et
651 4467 905 4539 spurium
955 4481 1024 4520 ac
1053 4480 1379 4536 perversum
1421 4465 1560 4536 quid
1613 4475 1877 4521 sonantes
1921 4466 2016 4521 de-

2130 4489 2286 4543 μενος
2321 4471 2524 4542 λόγοις)
2546 4486 2561 4504 ⁶
2599 4473 2806 4545 πέμπω
2839 4489 2922 4525 σοι
2955 4470 3128 4525 ταῦτα
3154 4487 3169 4501 ο
3204 4471 3301 4525 καὶ
3337 4470 3574 4542 μάλιστα
3604 4471 3696 4525 τὸν

445 4563 775 4626 monstravi,
831 4560 1356 4618 ratiocinationibus
1401 4569 1566 4629 utens
1607 4576 1637 4615 ιι
1687 4560 1885 4628 beatis,
1918 4560 2015 4631 qui

449 4665 576 4711 ante
607 4669 711 4710 nos
739 4652 1020 4718 vixerunt,
1051 4653 1193 4708 viris
1223 4651 1500 4722 adductis)
1531 4672 1545 4707 :
1576 4653 1692 4708 haec
1728 4653 1826 4708 tibi
1857 4654 2017 4708 mitto

447 4757 504 4800 ct
531 4747 584 4802 in
614 4745 806 4817 primis
830 4745 1034 4802 librum
1058 4743 1125 4798 ad
1164 4745 1440 4811 Alexium,
1474 4747 1570 4814 qui
1600 4746 1852 4802 antidoto
1892 4761 2017 4803 esse

449 4841 653 4909 poterit
673 4839 762 4903 iis,
785 4853 922 4910 quos
964 4853 1182 4894 morsus
1205 4840 1543 4907 serpentium
1569 4839 1852 4896 haereseon
1887 4840 2015 4895 vul—

444 4934 682 4998 neravit,
707 4941 946 5003 apteque
977 4931 1280 4985 secundum
1309 4944 1485 4984 meam
1517 4931 1738 5001 quidem
1782 4940 2015 4988 senten-

448 5029 582 5083 tiam
613 5025 681 5083 ad
714 5027 901 5080 omnia
943 5037 1002 5078 se
1034 5022 1222 5084 habet.
1260 5021 1402 5076 Sunt
1431 5037 1564 5078 vero
1589 5025 1762 5092 multa
1792 5039 2016 5096 quoque

446 5122 558 5177 huc
589 5117 925 5192 pertinentia
961 5117 1018 5172 in
1049 5115 1356 5188 dogtnatica
1393 5119 1508 5175 sive
1543 5134 1665 5190 qua:
1707 5119 1776 5174 de
1810 5119 2018 5178 unione

446 5223 533 5272 est
562 5215 836 5281 oratione,
864 5228 1085 5270 rursum
1112 5221 1170 5271 et
1193 5212 1250 5268 in
1282 5212 1351 5269 iis
1373 5227 1495 5283 quae
1517 5221 1708 5269 contra
1740 5213 2015 5269 Patamam

515 5420 593 5494 (l)
627 5420 839 5494 Eodem
877 5419 1002 5494 fere
1061 5418 1242 5494 rnon
1277 5416 1386 5494 jlm
1442 5415 1534 5494 diu
1596 5427 1722 5494 ante
1770 5416 2011 5494 ﬁeccns.

443 5486 587 5550 orat.
617 5492 670 5553 1.
691 5492 764 5547 De
798 5491 934 5545 unit.
961 5489 1105 5545 Eccl.
1131 5505 1186 5556 c.
1212 5486 1394 5560 ὅροι.
1425 5487 1574 5542 ortb.
1603 5490 1645 5549 l,
1672 5503 1731 5556 rp.
1764 5487 1832 5543 68
1857 5503 2013 5560 seqq.

541 5563 600 5628 2)
627 5561 767 5620 Cod.
793 5562 978 5616 Vatic.
1004 5560 1164 5625 “28,
1199 5560 1235 5614 t'.
1279 5559 1379 5612 176
1411 5573 1463 5613 a.
1499 5575 1514 5613 :
1548 5560 1727 5622 κενός.

541 5565 600 5628 2)
627 5565 767 5620 Cod.
793 5565 978 5616 Vatic.
1004 5565 1164 5625 1428,
1199 5565 1235 5614 Ι.
1279 5565 1362 5612 Π(

517 5565 596 5700 ξ’ὅ)
633 5631 776 5688 Μοη.
808 5631 846 5687 f.
875 5631 981 5685 224
1013 5632 1066 5692 ι),
1101 5630 1362 5701 ἁλμιράν,

519 5697 597 5774 (4)
627 5703 686 5774 in
714 5704 857 5774 cod.
877 5697 1305 5774 ttostrthona'g.
1347 5698 1386 5752 f.
1417 5697 1676 5774 9.763566.
1711 5699 1851 5774 Edit.
1889 5703 2008 5759 Lat.

453 5769 592 5843 apud
625 5772 788 5830 ilat‘d.
820 5773 988 5830 Couc.
1019 5770 1111 5836 IX,
1144 5769 1280 5827 1045
1308 5785 1482 5840 scqq.,
1509 5771 1601 5826 Gr.
1629 5772 1770 5841 apud
1807 5776 2009 5829 ATCU'J.

2124 4564 2262 4637 πρὸς
2295 4563 2534 4632 Ἀλέξων
2563 4563 2656 4618 τὸν
2673 4546 3127 4646 ,Φιλανθρὼπινον
3157 4563 3314 4631 λόγον
3349 4561 3450 4634 (ι),
3481 4562 3694 4618 ἀντίδοι

2122 4673 2214 4710 τον
2242 4656 2354 4719 τοῖς
2383 4655 2663 4726 δηχθείσιν
2692 4647 2973 4726 ἰσόμενον,
3005 4655 3209 4719 ἱκανῶς
3239 4653 3360 4708 κατ’
3384 4655 3525 4725 ἐμὴν
3551 4653 3693 4723 γνώ-

2126 4767 2235 4821 μην
2266 4747 2453 4820 ἐχοντα
2490 4749 2626 4818 πρὸς
2661 4749 2914 4804 ἅπαντα·
2949 4750 3055 4803 είσλ.
3089 4752 3272 4818 μέντοι
3304 4763 3368 4817 γε
3401 4747 3573 4800 πολλὰ
3604 4746 3692 4800 καὶ

2123 4843 2181 4894 ὲν
2217 4841 2295 4911 τῷ
2335 4841 2648 4911 δογματικῷ
2689 4841 2720 4911 ἢ
2765 4842 2894 4912 περὶ
2935 4840 3182 4902 ἐνώσεως
3221 4838 3378 4910 ήμῶν
3413 4838 3557 4909 λόγῳ
3592 4823 3691 4911 (5),

2121 4935 2204 4988 ἔτι
2240 4951 2303 5004 γε
2345 4936 2451 5004 μὴν
2482 4937 2584 4987 κάν
2612 4936 2724 4998 τοῖς
2757 4934 2894 5004 πρὸς
2926 4932 3197 5003 Παλαμᾶν
3226 4932 3365 5002 ὑπὲρ
3393 4931 3489 4984 τοῦ
3527 4928 3697 5000 σοφοῦ·

2123 5028 2450 5100 Βικκουξαὶ),
2473 5027 2566 5082 σοῦ
2589 5027 2946 5091 κελεύσαντος
2968 5027 3059 5097 ὑφ’
3076 5025 3567 5100 ἡμῶνείρημένοις
3589 5023 3693 5094 (7),

2121 5121 2302 5192 πάντη
2328 5121 2421 5175 τὸν
2447 5123 2674 5191 Ἑφέσου
2699 5123 2806 5176 τῶν
2828 5120 3004 5188 λόγων
3020 5122 3296 5193 ,συρφετὸν
3315 5118 3690 5184 ἁποκλύζοντά

2118 5230 2181 5267 τε
2203 5215 2297 5268 καὶ
2319 5214 2534 5286 παρτσύ
2545 5231 2725 5285 ροντα,
2747 5212 2785 5268 ἃ.
2804 5211 3045 5285 ζητήσας
3065 5215 3093 5268 ὁ
3116 5212 3440 5285 βουλόμενος
3463 5215 3520 5267 ιν
3553 5209 3691 5266 ὲκεί-

2121 5419 2174 5476 in
2208 5419 2465 5490 Opnseul,
2517 5419 2703 5474 Tltenl.
2740 5434 2860 5474 aur.
2888 5419 3097 5483 Romae,
3126 5419 3284 5486 1630,
3317 5419 3497 5484 I670.)

2191 5488 2269 5561 (ὃ)
2299 5491 2502 5562 luﬂcod.
2533 5493 2631 5562 cit.
2664 5490 2704 5548 Τ.
2731 5491 2857 5544 1-ἓῖ
2885 5507 2936 5547 a.
2973 5491 3130 5562 Apud
3157 5491 3326 5546 Hard.
3360 5491 3459 5547 Gr.
3488 5488 3689 5552 etLat.

2118 5560 2286 5618 Cone.
2303 5560 2421 5632 _I_X.
2453 5561 2556 5616 519
2582 5577 2737 5632 seqq.

2193 5632 2269 5699 (ὁ)
2303 5629 2477 5686 Vatic.
2514 5632 2609 5686 cit.
2642 5629 2816 5688 {.176
2842 5633 2916 5688 b:
2953 5632 3093 5703 ὑπὲρ
3123 5632 3218 5689 τοῦ
3256 5631 3349 5687 σοῦ
3377 5631 3436 5687 Β.

2155 5776 2162 5782 θ
2192 5706 2266 5772 t7)
2301 5703 2354 5758 in
2388 5703 2512 5758 cod.
2545 5703 2690 5759 Moti.
2725 5706 2762 5759 i'.
2801 5705 2863 5758 57
2897 5705 3026 5760 a-7'2.
3057 5701 3107 5759 εἰ.
3152 5705 3308 5775 Apud
3342 5701 3543 5758 At‘cud.
3592 5717 3687 5776 op.

2119 5783 2214 5830 Cll.
