3992 6148
475 320 575 382 Ῑὶῗ

1851 324 2304 387 BESSARIONI
2316 326 2356 386 S

3632 320 3732 389 168

467 457 538 497 ex
569 440 849 497 communi
878 456 1070 498 eorum
1102 452 1303 499 natura
1332 443 1416 499 vel
1448 453 1507 501 ut
1533 459 1600 500 cx
1627 442 1829 499 virtute
1856 445 2034 515 spira-

2161 439 2215 504 ὸς
2246 444 2313 496 ἐκ
2349 442 2448 512 τῆς
2489 440 2679 513 κοινῆς
2699 439 2880 496 αὐτῶν
2917 443 3151 511 φύσεως,
3179 440 3211 510 ἢ
3240 439 3302 497 ἑκ
3328 438 3425 510 τῆς
3446 438 3735 511 προϐλητι·

471 534 579 588 tiva
608 536 907 603 procedere
932 534 1198 605 Spiritum
1223 547 1472 592 sanetum
1503 536 1656 600 dicit,
1680 536 2048 607 undequaque

469 638 572 677 nos
604 623 1019 683 inevitabilihns
1068 629 1283 697 laqueis
1309 642 1371 683 se
1403 630 1786 699 constringere
1814 639 2038 698 putans,

471 716 898 786 respondemus.
934 719 1180 788 inquam,
1227 736 1297 775 ex
1350 722 1617 791 spirativa
1661 722 1886 792 quidem
1934 722 2048 777 vir-

470 818 589 863 tute
619 808 889 880 Spiritum
915 822 1164 867 sanctum
1200 814 1525 883 procedere,
1550 814 1690 871 hanc
1722 825 1906 871 tamen
1941 815 2051 869 vir-

470 912 643 957 tutem
676 903 994 973 spirativam
1028 921 1095 959 ex
1119 922 1225 961 una
1254 906 1478 976 quidem
1514 922 1669 977 parte
1698 922 2048 963 communem

464 1008 593 1048 esse
616 994 762 1049 Patri
795 1006 850 1049 et
880 994 1020 1049 Filio
1049 1008 1240 1067 utpote
1268 1014 1379 1052 non
1414 998 1814 1070 hypostaticam
1864 1009 2053 1069 pater-

466 1100 555 1139 na:
582 1101 854 1155 persona},
884 1098 939 1143 et
994 1089 1204 1145 idcirco
1254 1098 1312 1144 et
1360 1105 1710 1146 communem
1774 1092 1936 1158 Filio,
1989 1100 2051 1147 ut

464 1176 601 1231 alibi
634 1177 1070 1236 demonstratum
1097 1183 1219 1243 fuit.
1259 1198 1324 1236 ex
1355 1182 1527 1238 altera
1556 1199 1686 1239 vero
1713 1196 1869 1256 parte
1896 1201 2050 1242 eam-

465 1268 596 1323 dem
628 1273 852 1325 realiter
889 1288 1009 1327 csse
1041 1290 1163 1328 cum
1214 1274 1395 1328 divina
1437 1278 1697 1340 essentia,
1748 1280 2050 1334 secundum

470 1362 743 1417 rationem
772 1364 1041 1420 duntaxat
1082 1366 1390 1434 diversam;
1440 1367 1570 1423 hinc
1602 1371 1807 1426 frustra
1837 1379 2050 1427 tantum

470 1455 751 1509 rationum
776 1472 1007 1512 examen
1044 1459 1183 1515 adeo
1216 1460 1412 1517 inutile
1449 1462 1759 1533 projectum
1794 1473 1901 1520 est.
1930 1462 2056 1534 Spi-

470 1547 613 1603 ritus
648 1556 831 1603 autem
868 1550 1108 1619 seipsum
1140 1568 1250 1607 non
1283 1554 1479 1623 spirat,
1510 1555 1641 1610 licet
1672 1556 1921 1627 ejusdem
1950 1573 2052 1613 na—

474 1649 612 1697 tura:
652 1642 954 1712 particeps,
995 1648 1124 1713 quia
1163 1645 1218 1700 id
1270 1647 1392 1717 ejus
1447 1649 1775 1719 proprietati
1826 1650 2055 1708 omnino

474 1734 798 1804 opponitur.
824 1735 1303 1803 Quemadmodum
1333 1748 1391 1795 et
1422 1742 1591 1797 Filius
1624 1758 1691 1799 cx
1736 1746 2050 1815 generativa

470 1827 678 1885 virtute
704 1830 944 1899 genitus,
983 1847 1107 1902 quae
1141 1850 1198 1888 re
1229 1835 1418 1891 eadem
1454 1847 1540 1891 est
1572 1852 1698 1891 cum
1730 1837 1918 1893 divina
1964 1855 2052 1895 es-

470 1920 673 1983 sentia,
706 1936 816 1976 non
862 1930 920 1977 et
952 1923 1197 1993 scipsum
1233 1940 1482 1993 generat,
1517 1927 1648 1983 licet
1678 1928 1926 2000 ejusdem
1956 1947 2052 1987 na-

474 2023 613 2069 tura
640 2026 696 2069 et
724 2018 981 2073 essentia
1013 2018 1313 2088 particeps.
1345 2018 1535 2089 Neque
1582 2000 1733 2076 enim
1770 2021 1917 2077 idem
1950 2037 2055 2092 po~

472 2115 585 2163 test
631 2124 754 2165 esse
808 2111 894 2166 sui
934 2111 1093 2166 simul
1155 2112 1488 2183 principium
1546 2122 1602 2169 et
1641 2114 2055 2185 principiatum.

470 2199 601 2256 Haec
646 2212 830 2258 autem
888 2204 1149 2273 spirativa
1199 2205 1398 2274 virtus,
1448 2221 1571 2277 qum
1607 2224 1713 2262 una
1752 2208 2056 2279 eademque

474 2308 712 2349 numero
749 2304 835 2350 est
865 2296 919 2350 in
950 2296 1113 2352 Patre
1146 2306 1203 2352 et
1231 2292 1395 2360 Filio,
1428 2298 1608 2367 ipsius
1656 2299 2054 2369 principiorum

473 2383 796 2439 dualitatem
826 2385 1126 2442 absurdam
1159 2403 1386 2456 prorsus
1415 2387 1604 2458 ell‘ngit
1632 2396 1689 2443 et
1726 2402 1853 2443 eum
1909 2387 2057 2443 l'rus-

472 2486 560 2535 tra
600 2485 679 2531 tot
707 2478 1165 2535 ratiocinationes
1189 2488 1614 2543 connectentem
1653 2480 1939 2550 relinquit,
1961 2480 2057 2551 qui

475 2585 548 2627 ne
574 2570 629 2626 id
662 2571 889 2642 quidem
913 2573 1227 2645 intelligere
1250 2574 1420 2638 valet,
1448 2583 1654 2643 quanta
1684 2573 1755 2629 sit
1789 2572 2059 2628 timeren-

478 2665 550 2718 tia
588 2666 734 2720 inter
765 2666 1167 2736 generativam,
1205 2682 1329 2737 quae
1358 2675 1446 2722 est
1494 2666 1549 2720 in
1580 2675 1735 2730 patre
1767 2674 1824 2721 et
1856 2673 2055 2727 matre.

478 2755 819 2822 facultatem,
848 2768 906 2813 et
930 2758 1279 2835 Spirativam.
1305 2775 1428 2829 quae
1456 2769 1542 2815 est
1570 2760 1625 2813 in
1653 2766 1810 2829 patre
1840 2766 1893 2813 et
1923 2757 2056 2823 tilio,

478 2850 718 2920 ideoque
759 2851 1077 2920 turpissime
1112 2851 1182 2905 de
1232 2852 1399 2919 rebus
1436 2851 1693 2906 maximis
1748 2850 2059 2906 hallucina—

483 2950 593 2996 tur.
629 2939 722 2997 llla
753 2942 901 2996 enim
934 2950 1020 2996 est
1058 2941 1262 3011 duplex
1304 2958 1540 2999 numero
1568 2953 1625 2998 et
1667 2952 1958 3013 propterea
2003 2950 2061 2998 ct

479 3034 675 3087 fimum
709 3032 1013 3102 duplicem,
1063 3034 1174 3088 imo
1220 3042 1277 3090 et
1323 3035 1681 3104 multiplicem
1740 3034 2055 3105 progignit;

2151 535 2257 604 κῆς
2297 534 2586 606 δυνάμεως
2612 534 2861 605 προϊέναι
2907 534 2971 588 τδ
3002 533 3250 603 Πνεῦμα,
3286 531 3557 588 πάντοθεν
3585 533 3733 604 ἡμᾶς

2147 628 2399 699 οἰόμενος
2447 626 2712 697 ἀφύκτοις
2763 627 3083 697 περιλαϐεῖν
3136 626 3377 697 ἕρκεσιν,
3409 625 3485 687 ῶς
3520 626 3587 678 εκ
3630 624 3739 692 ﬁt;

2150 719 2519 791 προδλητικῆς
2548 720 2647 789 μὶν
2670 719 2955 789 δυνάμεως
2973 718 3032 771 τὸ
3050 717 3273 787 Πνεῦμα
3294 717 3355 770 τὸ
3379 717 3532 785 ἅγιον
3561 718 3732 770 ἐκπο-

2151 811 2400 883 ρεύεται,
2434 811 2575 881 αῦτη
2612 811 2803 881 μέντοι
2837 811 2873 881 ἠ
2896 810 3267 881 ’προϐλητικὴ
3297 808 3527 878 δύναμις
3571 807 3735 861 τοῦτο

2154 901 2255 974 μὲν
2290 902 2446 972 κοινὴ
2479 902 2537 955 τι
2570 904 2688 955 ἐστι
2727 901 2904 969 Πατρὶ
2936 902 3033 955 καὶ
3066 899 3182 970 Υίῷ
3213 898 3309 952 ατε
3340 899 3465 970 μηδ’
3490 898 3734 952 ὑποστα-

2151 997 2280 1063 τικὴ
2336 990 2475 1049 οὖσα
2519 995 2617 1048 τοῦ
2670 992 2968 1066 προσώπου
3002 992 3091 1046 τοῦ
3154 992 3445 1064 πατρικοῦ,
3496 992 3593 1046 καὶ
3639 991 3732 1045 διὰ

2152 1086 2317 1141 τοῦτο
2367 1087 2464 1142 καὶ
2507 1087 2591 1160 τῷ
2621 1086 2742 1159 Υίῷ
2775 1087 2952 1156 κοινὴ,
2995 1086 3068 1151 ὡς
3106 1087 3165 1139 ὲν
3204 1085 3384 1148 ἀλλοις
3409 1084 3678 1138 δέδεικται
3712 1100 3728 1115 ·

2152 1179 2312 1234 τοῦτο
2349 1178 2409 1237 δὲ
2460 1181 2494 1251 ἡ
2536 1180 2677 1252 αὐτή
2712 1182 2833 1233 ἐστι
2866 1179 3155 1250 πράγματι
3181 1181 3249 1248 τῇ
3280 1177 3400 1250 θείᾳ
3437 1177 3615 1248 οὐσίᾳ,
3652 1175 3732 1246 τῷ

2153 1288 2217 1341 γε
2250 1271 2397 1343 λόγῳ
2424 1273 2762 1343 διαφέρουσα
2814 1271 2997 1341 μόνον,
3030 1272 3126 1324 καὶ
3156 1263 3310 1333 οὗτος
3339 1273 3365 1324 ὁ
3392 1271 3645 1340 περιττός
3672 1286 3732 1322 τε

2154 1364 2251 1417 καὶ
2275 1362 2534 1427 τοσοῦτος
2562 1365 2671 1417 τῶν
2700 1365 2909 1419 ἐκείνου
2942 1364 3117 1431 λόγων
3159 1363 3325 1435 ἑσμὸς
3358 1364 3535 1433 μάτην
3560 1363 3734 1433 ἀπέρ-

2157 1460 2370 1529 ριπται.
2404 1458 2479 1511 Τὸ
2522 1457 2751 1529 Πνεῦμα
2782 1457 2838 1511 δὲ
2872 1459 3033 1511 ἑαυτῆ
3064 1457 3125 1511 οὐ
3173 1456 3498 1529 προβάλλει,
3546 1454 3733 1509 καίτοι

2154 1553 2256 1622 τῆς
2290 1550 2463 1619 αὐτῆς
2498 1549 2793 1605 κοινωνοῦν
2839 1553 3058 1620 φύσεως
3086 1549 3175 1604 διὰ
3204 1549 3266 1603 τὸ
3292 1552 3364 1620 ’τῇ
3410 1546 3577 1602 αὑτοῦ
3608 1546 3734 1600 ἰδιό-

2155 1658 2280 1712 τητι
2308 1642 2658 1697 ἀντιπίπτειν
2684 1659 2697 1673 ·
2733 1641 2923 1714 ὥσπερ
2958 1644 3051 1696 καὶ
3084 1644 3112 1696 ὁ
3146 1642 3274 1707 Υίδς
3316 1644 3379 1695 ὲκ
3410 1641 3507 1712 τῆς
3538 1656 3733 1708 γεννη-

2159 1734 2319 1805 τικῆς
2368 1733 2710 1805 γεννώμενος
2752 1735 3058 1802 δυνάμεως,
3089 1736 3190 1806 τῆς
3223 1733 3391 1804 αὐτῆς
3442 1734 3734 1806 πράγματι

2154 1830 2220 1899 τῇ
2254 1827 2376 1900 θείᾳ
2421 1825 2587 1899 οὔσης
2616 1826 2798 1899 οὐσία,
2833 1829 2896 1880 οὐ
2939 1828 3033 1881 καὶ
3062 1827 3257 1881 ἑαυτὸν
3286 1826 3496 1897 γεννᾷ,
3552 1824 3733 1878 καίτοι

2155 1925 2255 1995 τῆς
2290 1922 2463 1993 αὐτῆς
2503 1921 2781 1975 κοινωνῶν
2809 1922 3028 1991 φύσεώς
3060 1938 3119 1975 τε
3168 1920 3263 1973 καὶ
3289 1920 3498 1985 οὐσίας.
3526 1920 3602 1974 οο
3633 1918 3731 1973 δῦ-

2156 2032 2319 2070 ναται
2360 2013 2470 2086 γὰρ
2519 2012 2581 2065 τὸ
2607 2012 2740 2065 αὐτὸ
2772 2011 2968 2065 ἑαυτοῦ
2998 2012 3173 2065 αἴτιον
3204 2010 3320 2079 ἅμα
3354 2011 3449 2064 καὶ
3486 2007 3732 2062 αίτιατδν

2158 2099 2322 2158 εἶναι.
2362 2103 2432 2157 Ἦ
2482 2100 2828 2172 προϐλητικὴ
2876 2101 2923 2153 δ’
2953 2100 3092 2172 αῦτη
3142 2098 3378 2169 δύναμις
3424 2097 3521 2168 μία
3565 2098 3660 2150 καὶ
3696 2095 3732 2165 ἠ

2159 2197 2298 2268 αὐτὴ
2328 2196 2550 2269 ἀριθμῷ
2608 2193 2744 2249 οὖσα
2773 2197 2830 2247 ὲν
2860 2194 3037 2265 [lupi
3085 2193 3181 2247 καὶ
3209 2190 3325 2261 Υίῷ
3371 2190 3472 2262 τὴν
3505 2188 3735 2247 ἀσυλλό-

2157 2307 2346 2361 γιστον
2377 2290 2590 2347 ἐκείνου
2618 2286 2883 2359 δυαρχίαν
2923 2286 3251 2355 ἀποφεύγει,
3293 2286 3389 2338 καλ⁵
3432 2286 3611 2356 μάτην
3638 2281 3736 2337 αὖ·

2156 2383 2250 2435 τὸν
2281 2380 2525 2435 τοσαῦτα
2555 2380 2950 2451 παρενείροντα
2974 2377 3316 2442 καταλείπει,
3343 2377 3465 2430 οὐδὲ
3491 2375 3734 2429 συνιέναι

2158 2473 2481 2545 δυνάμενον,
2510 2474 2637 2527 ὅσον
2667 2474 2797 2526 ἐστι
2822 2472 2883 2525 τὸ
2901 2472 3161 2541 διάφορον
3187 2471 3285 2541 τῆς
3317 2468 3645 2540 γεννητικῆς
3676 2469 3738 2523 ἐν

2162 2567 2335 2636 πατρὶ
2362 2566 2457 2619 καὶ
2499 2566 2668 2638 μητρὶ
2687 2565 2974 2636 δυνάμεως
3004 2565 3101 2619 καὶ
3142 2564 3244 2635 τῆς
3267 2562 3644 2634 προελητικῆς
3675 2562 3735 2614 ὲν

2160 2660 2333 2727 πατρὶ
2358 2659 2454 2713 καὶ
2482 2658 2607 2729 υἱῷ,
2639 2662 2734 2713 καὶ
2767 2658 2856 2712 διὰ
2889 2659 3051 2713 τοῦτο
3082 2658 3341 2729 αἴσχιστα
3385 2660 3516 2728 περὶ
3544 2658 3615 2712 τά
3642 2657 3737 2728 μι-

2160 2769 2322 2820 γιστα
2357 2752 2743 2821 ἀπατώμενον.
2788 2752 2853 2805 Ἦ
2890 2752 2991 2823 μὲν
3016 2753 3122 2821 γὰρ
3146 2751 3299 2820 διττὴ
3336 2749 3613 2823 τάριθμῷ,
3640 2749 3741 2805 καὶ

2159 2845 2249 2900 διὰ
2274 2846 2435 2899 τοῦτο
2492 2847 2589 2901 καὶ
2623 2845 2873 2914 διπλοῦν,
2913 2845 3115 2917 μᾶλλον
3153 2845 3210 2899 δὲ
3258 2846 3354 2899 καὶ
3394 2840 3738 2899 πολλαπλοῦν

2160 2939 2437 3011 ἀπογεννᾷ
2460 2956 2474 2971 ο
2510 2941 2545 3009 ἡ
2580 2939 2638 2993 δὲ
2680 2938 3026 3011 προελητικὴ
3058 2936 3290 3007 δύναμις
3339 2939 3398 2991 ἒν
3433 2936 3610 3007 Πατρὶ
3641 2934 3735 2989 καί

2164 3030 2280 3103 Υἱῷ
2331 3030 2429 3100 μία
2458 3032 2552 3085 καὶ
2601 3032 2633 3103 ἡ
2663 3030 2804 3102 αὑτὴ
2850 3029 3149 3102 τάριθμῷν
3176 3030 3273 3084 καὶ
3298 3028 3389 3083 διὰ
3441 3028 3602 3082 τοῦτο
3638 3028 3738 3099 μία

478 3125 596 3181 haec
645 3142 778 3180 vero
829 3126 1092 3195 spiratlva
1140 3126 1319 3181 virtus
1377 3126 1432 3181 in
1474 3126 1638 3183 Patre
1687 3137 1742 3183 et
1778 3125 1916 3182 Filio
1948 3143 2053 3183 una

2161 3126 2303 3199 ἀρχὴ
2333 3128 2432 3181 καὶ
2463 3126 2522 3179 ἓν
2555 3126 2741 3195 ἄκρως
2767 3124 3171 3197 προϐάλλουσα.
3197 3122 3310 3195 Τὴν
3333 3123 3389 3177 δὲ
3420 3122 3521 3193 τῆς
3568 3119 3737 3175 αὐτοῦ

476 3218 783 3288 eademque
839 3227 925 3274 cat
972 3234 1247 3288 numero,
1301 3226 1469 3289 atque
1535 3230 1826 3291 propterea
1880 3237 2051 3277 unum

480 3311 815 3381 principium
838 3321 894 3368 ct
926 3311 1319 3382 principiatum
1348 3328 1705 3384 summopere
1736 3328 1906 3369 unum
1932 3328 2057 3385 pro-

478 3402 656 3457 ducit.
690 3403 828 3457 Dum
859 3418 992 3458 vero
1041 3403 1377 3459 solutionem
1422 3405 1725 3475 vituperat,
1761 3420 1924 3475 quam
1959 3403 2060 3461 La-

481 3495 583 3550 tini
627 3495 809 3551 adhuc
833 3504 1028 3551 contra
1054 3495 1231 3565 ipsius
1256 3494 1563 3551 antithesin
1594 3496 1853 3563 aderunt,
1887 3511 2059 3553 nove-

463 3588 556 3642 ‘rit
584 3603 644 3643 se
680 3587 867 3642 divum
899 3586 1267 3659 Augustinum
1302 3587 1640 3658 vituperare,
1669 3589 1832 3660 cujus
1858 3589 1911 3643 in
1958 3590 2065 3645 Ec-

484 3676 656 3733 clesia
684 3678 755 3733 ob
783 3678 1279 3750 incomparabilem
1331 3680 1664 3748 sapientiam
1692 3696 1757 3736 ac
1798 3681 2060 3737 virtutem

486 3774 740 3828 eminens
765 3772 1005 3843 dignitas
1035 3787 1098 3827 οε
1129 3771 1230 3843 ipsi
1259 3772 1397 3844 satis
1417 3774 1714 3829 uccludere
1736 3774 1909 3841 valet;
1945 3775 2064 3845 ipse

486 3862 636 3916 enim
667 3872 751 3917 est
781 3861 875 3931 qui
908 3862 1120 3932 primus
1146 3861 1287 3919 hanc
1324 3863 1625 3919 antithesin
1658 3865 1871 3920 invenit
1903 3877 1959 3921 et
1989 3867 2063 3921 ita

486 3953 1000 4010 dissolvitJlarcus
1028 3968 1162 4021 vero
1211 3955 1355 4011 nihil
1410 3956 1572 4023 dicit,
1622 3955 1829 4013 [rustra
1890 3960 2066 4013 multa

485 4058 845 4105 connectens.
887 4048 1077 4119 Neque
1119 4052 1269 4104 enim
1301 4051 1573 4120 sequitur,
1623 4052 1751 4106 idco
1796 4051 2064 4123 Spiritum

488 4151 800 4197 creaturam
823 4155 967 4208 esse,
992 4141 1037 4196 si
1066 4157 1135 4197 ex
1166 4143 1419 4213 exemplo
1486 4152 1543 4197 et
1573 4142 1815 4213 imagine
1842 4146 2069 4201 omnino

488 4234 657 4309 simili
691 4250 874 4290 rerum
902 4244 1211 4290 creatarum
1259 4244 1373 4290 tum
1408 4235 1501 4292 ille
1532 4236 1750 4303 doctor,
1804 4246 1918 4292 tum
1966 4252 2068 4294 nos

491 4326 984 4409 reprehensionem
1014 4326 1173 4380 illam
1215 4325 1594 4394 dissolvimus,
1628 4328 1849 4399 quando
1874 4336 1929 4382 et
1963 4330 2070 4385 hoc

2158 3216 2489 3280 ἀντιθέσεως
2522 3217 2631 3271 ὑπὸ
2663 3214 2911 3270 Λατίνων
2943 3214 3353 3284 ἐπιφερομένην
3386 3212 3545 3266 λῦσιν
3593 3227 3740 3282 μεμ-

2158 3313 2394 3383 φόμενος
2419 3312 2511 3365 τὸν
2548 3310 2692 3364 θεῖον
2730 3310 3101 3378 Δύγουςτῖνον
3158 3306 3292 3360 ῖστω
3348 3304 3733 3376 μεμφόμενος,

2159 3399 2222 3462 οὗ
2247 3404 2309 3461 rb
2334 3409 2391 3461 iv
2437 3403 2740 3477 Ἐκκλησία
2766 3402 2857 3457 διὰ
2888 3404 2987 3475 τὴν
3031 3399 3418 3472 ἀπαράμιλλον
3448 3398 3643 3469 σοφίαν
3676 3414 3738 3452 τε

2160 3501 2257 3557 καὶ
2319 3497 2522 3572 ἀρετὴν
2575 3497 2799 3569 ἀξίωμα
2866 3495 3052 3551 ἱκανὸν
3112 3494 3280 3549 αὐτὴν
3332 3493 3687 3563 ἐπιστομίσαι
3720 3507 3736 3524 ο

2162 3596 2371 3660 ᾶκεῖνος
2394 3594 2504 3663 γάρ
2533 3594 2683 3647 ἐστιν
2714 3593 2741 3646 ό
2774 3591 2870 3647 καὶ
2898 3589 2999 3662 τὴν
3037 3588 3315 3644 ἀντίθεσιν
3334 3586 3544 3655 ταύτην
3586 3584 3744 3657 πρῶ-

2162 3706 2254 3753 τος
2285 3688 2461 3761 εὑρὼν
2492 3687 2586 3741 καὶ
2618 3686 2791 3748 οὕτως
2839 3682 3258 3746 ὲπιλυσάμενος.
3309 3680 3539 3752 Μάρκος
3565 3676 3625 3732 δὲ
3676 3678 3739 3730 οὐ

2165 3783 2315 3852 λέγει
2362 3781 2516 3836 οὐδὲν
2553 3781 2735 3852 μάτην
2764 3778 2935 3831 πολλά
2972 3777 3273 3846 συνείρων·
3300 3774 3423 3828 οὐδὲ
3454 3771 3564 3844 γὰρ
3603 3770 3741 3825 επε-

2164 3894 2255 3931 ται
2306 3875 2396 3930 διὰ
2427 3875 2586 3933 τοῦτο
2616 3874 2823 3943 κτίσμα
2856 3868 2999 3925 εῖναι
3022 3870 3084 3923 τὸ
3106 3868 3354 3945 Πνεῦμα,
3386 3867 3437 3920 εί
3470 3869 3534 3920 ὲκ
3559 3881 3741 3936 παρα-

2165 3969 2463 4039 δείγματος
2491 3969 2586 4023 καὶ
2617 3965 2826 4029 εἰκόνος
2851 3965 2953 4034 τῆς
2988 3961 3219 4025 κτίσεως
3263 3961 3441 4032 πάντη
3468 3958 3661 4031 ὁμοίας
3680 3958 3743 4011 τὸ

2167 4063 2364 4131 επιφυό
2374 4078 2536 4132 μενον
2566 4062 2594 4114 ὀ
2617 4058 2943 4122 διδάσκαλός
2982 4072 3041 4111 τε
3082 4055 3177 4112 καλ⁸
3206 4056 3372 4127 ἡμεῖς
3401 4052 3741 4123 ἑπιλυόμεθα

2168 4156 2338 4227 ἐγκλη
2349 4172 2427 4226 μα
2442 4162 2459 4188 δ
2480 4155 2618 4209 ὅπου
2644 4170 2707 4224 γε
2727 4153 2892 4207 ταυτο
2906 4151 3065 4205 τοῦτο
3080 4150 3176 4204 καὶ
3191 4150 3243 4203 ot
3261 4151 3294 4219 ή
3305 4148 3431 4219 μέτε
3442 4165 3524 4220 ροι
3543 4147 3742 4201 ἀνατο-

2168 4250 2312 4304 λικοὶ
2346 4248 2599 4320 Πατέρες
2637 4263 2699 4299 τε
2731 4244 2827 4299 καὶ
2864 4242 3176 4298 διδάσκαλοι
3203 4242 3308 4295 ικαὶ
3343 4241 3437 4293 ἐπὶ
3470 4238 3545 4312 μὴ
3567 4238 3744 4309 πάντη

2169 4345 2378 4414 ὁμοῖων
2406 4338 2679 4405 ποιοῦσιν,
2705 4340 2768 4391 ἐκ
2790 4337 2997 4408 ψυχῆς,
3030 4336 3123 4390 νοῦ
3153 4336 3252 4389 καὶ
3279 4335 3465 4404 λόγου,
3493 4334 3599 4389 εῖτε
3630 4332 3745 4398 νοῦ,

490 4404 639 4474 idem
662 4429 722 4474 et
753 4404 931 4476 nostri
958 4420 1259 4475 orientales
1287 4419 1477 4476 Patres
1507 4430 1564 4476 et
1611 4420 1867 4476 doctores
1895 4421 2058 4476 etiam

2171 4404 2332 4501 λόγου
2360 4432 2455 4485 καὶ
2477 4404 2790 4499 πνεύματος
2807 4404 2906 4482 τοῦ
2933 4404 3218 4500 ⁷ἡμετέρου
3252 4427 3349 4481 καὶ
3373 4426 3743 4498 ἀνθρωπίνου,

488 4511 547 4566 in
583 4526 691 4593 non
718 4512 947 4591 omnino
970 4512 1247 4597 slunilibus
1280 4511 1512 4580 faciunt,
1534 4528 1601 4568 ex
1633 4515 1841 4579 anima,
1880 4522 2058 4571 mente

2172 4490 2259 4577 ετξ
2274 4522 2343 4577 δὲ’
2363 4521 2536 4593 ἡλίου,
2557 4490 2786 4596 ἀκτῖνος
2802 4520 2894 4574 καὶ
2911 4490 3236 4589 caduca-aet
3261 4514 3418 4584 αὖθις
3439 4490 3746 4589 ὀφθαλμοῦ,

487 4614 547 4661 et
575 4604 746 4661 verbo
782 4608 898 4660 sive
926 4618 1133 4670 mente,
1168 4608 1340 4661 verbo
1372 4616 1430 4661 et
1452 4607 1675 4677 spiritu,
1698 4615 1886 4663 nostro
1913 4606 2068 4663 vide-

488 4699 623 4756 licet
653 4707 708 4753 et
744 4697 1013 4763 humano,
1053 4697 1255 4755 deinde
1298 4715 1365 4754 ex
1404 4698 1540 4766 sole,
1579 4698 1735 4755 radio
1766 4710 1824 4755 et
1856 4699 2066 4756 lumine

486 4802 546 4847 et
574 4798 859 4847 rursus‘ex
886 4791 1069 4852 oculo.
1104 4789 1251 4845 fonte
1288 4781 1345 4846 et
1375 4790 1564 4859 ﬂuvio,
1594 4808 1716 4863 quze
1756 4793 1928 4864 magis
1963 4794 2065 4848 tria

465 4894 622 4940 sunt
647 4900 809 4955 quam
842 4900 1037 4947 unum,
1081 4883 1263 4939 Patris
1309 4894 1367 4940 et
1396 4884 1521 4939 F-ilii
1557 4894 1615 4940 et
1654 4884 1894 4955 Spiritus
1942 4901 2068 4941 san-

468 4976 570 5031 ‘cti
606 4976 662 5030 in
717 4986 926 5029 natura
958 4973 1172 5029 unitate
1210 4975 1826 5045 realem‘personarum
1875 4974 2065 5030 Trini—

492 5078 662 5125 tatem
693 5067 974 5123 illustrant
1016 5066 1113 5138 (u).
1150 5056 1755 5138 lpseieromanifeste
1790 5068 2064 5124 contraria

489 5158 632 5215 dicit
662 5158 881 5214 veritati
918 5158 1048 5213 dum
1081 5159 1159 5213 ait
1185 5158 1237 5213 id
1279 5159 1426 5229 quod
1480 5173 1579 5230 per
1634 5160 1974 5215 creationem
2035 5175 2066 5214 a

490 5255 680 5313 multis
722 5264 906 5312 ortum
936 5253 1101 5312 habet
1122 5265 1178 5312 et
1208 5255 1263 5310 in
1291 5255 1458 5312 rebus
1497 5256 1755 5311 humanis
1778 5262 1836 5311 et
1864 5255 1919 5311 in
1953 5264 2073 5311 arte
2176 5259 2428 5329 οὐδαμῶς
2454 5274 2472 5292 ο

490 5351 654 5423 {actis
694 5364 762 5406 ex
807 5362 918 5402 uno
951 5362 1074 5402 esse
1125 5346 1310 5403 dicere
1342 5346 1513 5403 licere
1541 5387 1557 5413 ,
1599 5346 1747 5417 quod
1796 5362 1929 5401 vero
1981 5362 2080 5402 na-

488 5441 745 5499 turaliter
813 5454 882 5494 cx
930 5437 1149 5494 duobus
1193 5448 1319 5504 est,
1383 5440 1537 5494 nullo
1609 5452 1836 5509 prorsus
1910 5439 2074 5494 modo

488 5533 834 5592 contrarium
862 5533 1089 5587 omnino
1130 5531 1313 5588 locum
1350 5531 1536 5587 habet.
1574 5532 1790 5588 Etenim
1827 5530 1879 5588 id
1914 5533 2062 5601 quod

565 5673 641 5748 (l)
684 5673 758 5728 Τε
794 5670 1033 5729 decstin
1066 5671 1205 5730 uir.
1241 5673 1342 5731 167
1368 5675 1408 5731 ι.
1439 5674 1530 5732 60.

2174 4614 2361 4685 πηγῆς
2408 4612 2504 4667 καὶ
2538 4610 2810 4682 ποταμοῦ,
2846 4611 2883 4666 ἃ
2932 4610 3139 4682 μᾶλλόν
3162 4611 3268 4664 είσι
3315 4610 3446 4680 τρία
3478 4609 3511 4681 ἦ
3542 4609 3622 4675 ἐν,
3650 4610 3749 4681 τὴν

2174 4704 2414 4775 Ιῐατρὸς,
2442 4702 2576 4757 Υἱοῦ
2602 4720 2663 4757 τε
2708 4703 2803 4757 καλ⁵
2834 4702 3156 4774 Πνεύματος
3186 4704 3247 4759 ἐν
3275 4702 3488 4783 ὶ-νότητι
3531 4702 3749 4774 φύσεως

2172 4796 2567 4868 πραγματικὴν
2615 4791 2725 4849 τῶν
2764 4795 3072 4867 προσώπων
3118 4796 3328 4869 Τριάδα
3387 4794 3748 4866 παραμυθού-

2176 4905 2349 4960 μενοι.
2397 4890 2458 4943 '0
2491 4888 2550 4942 δὲ
2578 4888 2670 4942 καὶ
2698 4887 2953 4961 φανερῶς
2993 4889 3256 4943 τάναντία
3283 4887 3438 4958 λέγει
3481 4891 3595 4953 τοῖς
3618 4890 3748 4959 ἄλης

2172 4981 2290 5036 θὲσι
2324 4984 2550 5052 φάσκων
2576 5000 2590 5014 ·
2628 4981 2702 5036 Τὸ
2737 4983 2835 5053 μὲν
2861 4982 3275 5053 δημιουργικῶς
3297 4983 3361 5037 ἐκ
3408 4981 3622 5037 πολλῶν
3654 4999 3748 5051 γε·

2172 5072 2400 5142 νόμενον
2456 5076 2553 5127 καὶ
2601 5075 2695 5127 ἐπὶ
2725 5073 2832 5127 τῶν
2861 5070 2981 5127 καθ’
3013 5075 3160 5146 ἡμᾶς
3207 5090 3271 5127 τε
3320 5073 3399 5146 (l)
3432 5075 3527 5128 καὶ
3556 5092 3745 5144 τεχνη-

2169 5167 2282 5220 τῶν
2314 5168 2392 5237 (2)
2419 5162 2560 5221 εἶναι
2584 5167 2761 5221 εἰπεῖν
2791 5167 2852 5232 ἐξ
2882 5168 3025 5233 ἐνὸς,
3059 5170 3119 5222 τὸ
3145 5168 3206 5222 δὲ
3233 5169 3481 5237 φυσικῶς
3510 5169 3574 5222 ἐκ
3604 5168 3745 5221 δυοῖν

2520 5259 2838 5313 τούναντίον
2892 5261 3003 5331 γὰρ
3047 5263 3193 5315 ἆπαν
3239 5261 3375 5316 ἐστί.
3428 5262 3502 5314 Τὸ
3528 5262 3640 5333 γὰρ
3687 5262 3744 5314 ὲκ

2182 5352 2329 5405 δυοῖν
2369 5368 2541 5405 τινοιν
2581 5352 2856 5421 τεχνίταιν
2888 5352 3136 5422 γεγονὸς,
3185 5353 3281 5408 ἅτε
3343 5354 3440 5409 καὶ
3498 5353 3743 5425 τάριθμῷ

2190 5445 2283 5497 καῖ⁹
2312 5445 2491 5515 πάντη
2541 5444 2687 5499 δυοῖν
2721 5445 2918 5511 ὄντοιν,
2964 5447 3242 5511 παντελῶς
3290 5448 3438 5501 ἐστιν
3486 5449 3551 5501 ὲκ
3585 5448 3742 5510 δυοῖν,

2172 5535 2234 5588 τὸ
2266 5534 2309 5587 δ’
2332 5537 2396 5588 ἐκ
2430 5534 2574 5588 δυοῖν
2605 5552 2770 5590 τινων
2801 5536 3018 5605 φύσεως
3044 5538 3137 5590 καὶ
3170 5538 3411 5609 μάλιστα
3438 5539 3582 5593 οὕτω
3603 5556 3739 5593 νῖονο

2248 5675 2322 5747 ('2)
2359 5674 2452 5732 Sic
2490 5674 2704 5732 Monac.
2736 5677 2835 5745 27;
2862 5679 2935 5734 al.
2963 5679 3250 5748 τεχνίτων.

568 5830 644 5899 (d‘.
700 5830 887 5899 Quoad
934 5832 1195 5907 imagines
1247 5842 1302 5891 ct
1351 5832 1628 5905 anulosias
1680 5835 1814 5891 istas
1853 5833 2033 5894 confer
2079 5833 2175 5890 Pet
2217 5832 2381 5899 vium,
2428 5836 2502 5889 Do
2538 5833 2802 5892 Trinitate
2849 5834 2884 5890 l.
2924 5849 3015 5903 νυ,
3044 5822 3161 5901 cap;
3195 5830 3251 5885 Δ.
