4008 6166
323 328 435 396 1&9

1367 336 1809 400 REFUTATIO
1849 341 2091 402 MARCI
2135 343 2525 402 EE’IIESINI.

3479 339 3580 410 150

323 449 502 516 μένης
533 447 604 510 ὡς
638 448 728 501 ini.
761 449 858 518 τῆς
891 450 1042 516 θείας
1075 451 1418 520 λαμϐάνεται
1443 453 1684 519 φύσεως,
1713 457 1904 525 ἥντινα

2010 474 2039 511 a
2073 459 2285 512 duobus
2320 459 2631 514 artiﬁcibus
2659 457 2866 512 factum
2895 465 3002 519 est,
3031 454 3235 525 quippe
3267 452 3360 524 qui
3396 463 3452 508 et
3477 469 3580 508 nu.

324 541 460 606 μίαν
491 542 589 595 καὶ
633 545 735 611 τὴν
761 544 958 614 ἀὐτὴν
983 545 1243 616 τὰριθμῷ
1294 550 1386 600 καὶ
1435 548 1809 619 ὑφεστηκυῖαν
1843 551 1900 602 ἐν

320 633 503 704 [lupi
529 635 626 686 καὶ
662 635 778 704 Υἱῷ
820 636 848 687 6
893 636 1053 705 ὀρθὸς
1093 637 1308 702 δοξάζει
1340 639 1519 706 λόγος,
1573 640 1647 702 ὡς
1680 639 1740 705 ἐξ
1786 642 1903 705 ὲνδς

322 721 511 794 λέγειν
542 725 779 797 ἀνάγκη.
823 726 963 780 Οὔτε
1002 729 1111 798 μὴν
1156 730 1421 800 διάφορον
1459 733 1679 787 Λατῖνοι
1712 734 1810 802 τὴν
1839 735 1903 786 ὲκ

324 813 545 883 Πατρὸς
580 815 676 868 τοῦ
711 816 1031 886 Πνεύματος
1071 820 1297 887 πρόοδον
1325 822 1426 889 τῆς
1456 820 1516 886 ἐξ
1549 821 1681 875 Υἱοῦ
1711 823 1904 890 λέγουο

326 918 414 955 σιν
445 904 688 973 (ἐκείνου
714 907 824 976 γάρ
852 909 971 960 ἐστι
996 908 1156 962 τοῦτο
1185 911 1278 963 καὶ
1299 911 1398 980 τῆς
1430 912 1641 964 ἐκείνου
1666 914 1904 975 διανοίας

321 995 712 1065 ἀνάπλασμα),
753 997 890 1051 ἀλλὰ
946 999 1079 1069 μίαν
1129 1004 1223 1053 καὶ
1279 1002 1379 1068 τὴν
1431 1002 1621 1074 αὐτὴν,
1681 1003 1905 1070 ἀμέσως

326 1085 519 1153 μέντοι
545 1105 607 1155 γε
631 1090 727 1142 καὶ
760 1090 1018 1158 ἑμμέσως
1039 1094 1102 1144 ὲκ
1130 1092 1224 1144 τοῦ
1255 1092 1383 1145 Υἱοῦ
1411 1093 1470 1145 τὸ
1499 1093 1721 1161 Πνεῦμά
1747 1111 1900 1162 φασι,

323 1177 386 1230 τὺ
421 1178 522 1248 μὲν
550 1180 639 1233 διὰ
671 1181 772 1250 τὴν
809 1181 1039 1250 ἑνότητᾶ
1063 1200 1124 1236 τε
1175 1184 1269 1238 καὶ
1301 1185 1609 1255 ταυτότητα
1641 1186 1741 1256 τῆς
1768 1203 1905 1255 προ-

323 1267 595 1340 σλητικῆς
627 1269 935 1338 δυνάμεως,
966 1272 1030 1325 τὸ
1059 1271 1119 1324 6's
1158 1273 1250 1328 διὰ
1279 1274 1380 1345 τὴν
1428 1276 1605 1341 τάξιν,
1710 1276 1903 1342 προτέ-

317 1377 527 1413 τακται
578 1361 678 1430 μὲν
727 1365 755 1417 6
810 1364 1020 1436 Πατὴρ,
1077 1363 1276 1420 ἕπεται
1315 1367 1376 1420 δι
1415 1368 1444 1421 6
1475 1367 1600 1429 Υἱὸς
1632 1368 1728 1421 καὶ
1785 1367 1904 1440 μετ’

318 1453 539 1506 ἐκεῖνον
569 1455 629 1507 τὸ
654 1455 904 1522 Πνεῦμα,
940 1456 1121 1526 ὀρθῶς
1146 1459 1463 1523 διαιτῶντες
1498 1460 1576 1530 τῷ
1616 1461 1779 1530 λόγῳ,
1805 1463 1905 1532 οὐχ

316 1545 397 1610 ὡς
429 1548 646 1612 ἐκεῖνός
685 1565 746 1602 τε
773 1550 871 1603 καὶ
918 1553 967 1603 οί
997 1551 1118 1604 κατ’
1157 1551 1347 1618 αὐτὸν,
1401 1554 1571 1624 μηδὲν
1614 1554 1753 1617 ὅλως
1789 1553 1905 1607 δια-

321 1643 578 1696 στέλλειν
603 1645 832 1711 είδότες,
865 1647 939 1709 ὡς
967 1647 1027 1700 ἐν
1054 1647 1238 1712 ἄλλοις
1273 1648 1410 1718 πρὸς
1442 1648 1536 1702 τδν
1565 1649 1730 1702 αὑτοῦ
1758 1649 1904 1704 διδά-

322 1739 530 1814 σκαλον
579 1740 846 1807 Παλαμᾶν
885 1745 1192 1814 εἰρήκαμεν
1216 1746 1568 1814 τελεώτερον.
1613 1746 1686 1800 Τὸ
1714 1746 1771 1800 δὲ
1795 1745 1903 1798 τῶν

318 1798 656 1898 “aliqle
685 1798 873 1905 ἀρχῶν
900 1798 1102 1898 αύτοῦ,“
1123 1836 1278 1890 λύσιν
1405 1798 1507 1892 καί
1537 1798 1814 1892 ἀντίθεσιν
1843 1839 1903 1891 ὃν
1936 1803 1980 1858 Β

316 1925 408 1993 (οὑ
432 1925 820 1995 γὰρΛατίνων
860 1928 887 1980 6
927 1928 1108 1999 λόγος)
1143 1930 1294 2001 αὖτῷ
1324 1932 1422 1984 καὶ
1451 1930 1698 1985 εὐθύνειν
1733 1949 1903 1986 κατα-

313 2017 609 2088 λείπομεν.
641 2019 832 2073 Καίτοι
858 2021 953 2074 καὶ
983 2020 1193 2091 ταύτην
1238 2025 1353 2087 τοῖς
1398 2023 1585 2087 αὐτοῖς
1611 2025 1678 2078 ἄν
1707 2043 1794 2089 τις
1822 2024 1906 2078 λό-

313 2128 446 2179 γοις
501 2109 685 2173 καλῶς
715 2111 949 2182 ἔχουσαν
986 2114 1184 2178 δείξει.
1229 2114 1294 2167 Ἦ
1339 2115 1389 2168 δ’
1430 2116 1667 2185 ἀκρισὴς
1717 2117 1904 2188 ἐκείνη

312 2206 436 2256 τῶν
460 2202 628 2258 αὐτοῦ
658 2204 836 2271 λόγων
862 2205 1154 2259 ἀκολουθία
1182 2207 1282 2261 οὒκ
1306 2203 1405 2260 οἷδ’
1439 2207 1560 2260 ὃθεν
1589 2208 1801 2273 ἕπεται,
1828 2211 1904 2271 ὡς

313 2299 374 2350 εί
411 2296 592 2350 πάντα
629 2297 697 2350 τὰ
725 2297 1005 2367 κτίσματα
1035 2299 1122 2352 διὰ
1155 2299 1250 2352 τοῦ
1296 2299 1424 2353 Υἱοῦ
1451 2319 1511 2353 τε
1547 2302 1641 2354 καὶ
1678 2302 1736 2368 ἐξ
1770 2303 1903 2356 Υίοῦ

314 2389 575 2442 ἔκτισται
592 2389 775 2459 (τοῦτο
797 2389 906 2458 γὰρ
929 2391 1183 2461 σημαίνει
1199 2393 1261 2444 τὸ
1276 2393 1574 2462 γέγονεν),
1597 2394 1656 2446 τὸ
1682 2394 1902 2464 Πνεῦμα

319 2483 404 2553 μὴ
443 2482 652 2553 κτίσμα
699 2481 760 2535 ὃν
794 2483 929 2553 μηδὲ
959 2485 1186 2552 γεγονὸς
1243 2484 1366 2538 οὔτε
1399 2484 1459 2550 ἐξ
1516 2485 1646 2540 Υίοῦ
1685 2486 1808 2539 οὔτε
1836 2487 1902 2541 δι’

318 2575 462 2630 Υἱοῦ
494 2575 631 2641 ὅλως
698 2576 870 2632 ἐστίν.
931 2577 1056 2632 Εἴτε
1088 2577 1199 2649 γὰρ
1256 2579 1315 2631 ἐν
1362 2577 1606 2649 δευτέρῳ
1660 2581 1905 2651 σχήματι

315 2669 487 2722 τοῦτο
515 2669 762 2738 συνάγει,
793 2671 856 2722 ἐκ
884 2668 979 2724 τοῦ
1043 2673 1111 2723 τὰ
1155 2670 1256 2738 μὲν
1314 2671 1591 2741 κτίσματα
1619 2676 1904 2740 γεγονέναι

315 2763 392 2817 δι’
430 2761 584 2827 Υίοῦ,
609 2763 670 2816 τὸ
698 2761 754 2816 δὲ
790 2762 1019 2833 Πνεῦμα
1061 2763 1135 2834 μὴ
1163 2757 1305 2817 εἶναι
1331 2765 1563 2835 κτίσμα,
1594 2766 1657 2818 τὸ
1681 2767 1905 2838 Πνεῦμα

277 2919 279 2921 _
324 2857 405 2927 μὴ
441 2852 582 2911 εἶναι
630 2855 721 2910 διὰ
752 2855 849 2909 τοῦ
894 2856 1026 2910 Υῑοῦ
1055 2863 1473 2929 συμπεραίνων,
1533 2859 1903 2927 ἀσυλλόγιστα

324 2950 732 3019 συλλογίζεται,
771 2950 866 3004 τὸν
921 2951 1088 3020 μέσον
1117 2953 1195 3020 (1)
1243 2952 1307 3006 ὲκ
1344 2952 1438 3005 τοῦ
1486 2952 1794 3023 γεγονέναι
1821 2954 1906 3019 είς

322 3045 387 3098 τὸ
418 3040 576 3098 εἷναι
629 3043 1008 3115 μεταμείϐων,
1043 3047 1139 3098 καὶ
1162 3045 1222 3098 τὸ
1252 3045 1330 3116 πῆ
1380 3045 1566 3111 ἁπλῶς
1619 3049 1904 3118 παρασυλ-

2007 567 2159 606 mero
2184 562 2237 606 et
2268 539 2494 607 omnino
2532 552 2641 606 duo
2669 562 2819 615 sunt,
2865 565 3094 619 prorsus
3127 560 3211 603 εει
3238 563 3303 602 ex
3332 547 3578 611 duobus;

2006 644 2151 712 quod
2181 661 2310 699 vero
2336 660 2402 698 ex
2434 645 2669 698 duorum
2701 642 3068 711 quorumdam
3100 649 3334 704 matura,
3359 648 3414 693 et
3443 654 3580 708 prae-

2007 737 2194 792 sertim
2227 748 2422 790 natura
2454 738 2526 790 ita
2565 737 2866 796 intellecta,
2923 745 2983 788 ut
3033 736 3088 788 in
3143 733 3326 786 divina
3383 740 3579 784 natura

2006 828 2295 896 accipitur,
2329 843 2492 896 quant
2549 841 2711 879 unam
2770 825 3136 892 eamdemque
3172 836 3402 875 numero
3435 831 3489 873 et
3522 837 3577 873 tn

2005 919 2166 973 Patre
2194 927 2249 972 et
2281 919 2415 972 Filio
2443 918 2837 972 subsistentem
2858 927 3004 971 recta
3033 916 3285 969 doctrina
3313 912 3577 974 celebrat,

2004 1024 2070 1062 ex
2104 1023 2213 1062 uno
2272 1009 2458 1064 dicere
2518 1025 2744 1064 necesse
2786 1019 2893 1062 est.
2948 1009 3138 1076 Neque
3192 1007 3339 1060 enim
3399 1004 3578 1059 Latini

2006 1103 2416 1171 processionem
2466 1102 2704 1171 Spiritus
2739 1118 2803 1157 ex
2855 1103 3012 1156 Patre
3062 1101 3334 1154 diversam
3389 1096 3582 1151 dicunt

2003 1207 2036 1247 a
2068 1194 2419 1263 processionc
2441 1210 2505 1248 ex
2539 1193 2675 1248 Filio
2701 1195 2874 1262 (illius
2892 1193 3040 1246 enim
3066 1201 3150 1245 est
3179 1189 3324 1244 istud
3347 1201 3400 1242 et
3427 1203 3582 1242 meno

2007 1286 2078 1341 tis
2104 1289 2223 1357 ejus
2265 1288 2557 1356 inventio),
2596 1303 2786 1342 verum
2843 1300 3006 1339 unam
3043 1294 3099 1340 et
3145 1283 3432 1343 eamdem;
3477 1281 3576 1332 im-

2007 1378 2246 1433 mediate
2280 1371 2465 1433 tamen
2501 1377 2720 1448 quidem
2756 1386 2810 1430 et
2839 1376 3078 1431 mediate
3104 1391 3170 1428 ex
3220 1374 3360 1427 Filio
3411 1373 3586 1443 Spiri-

2008 1483 2124 1526 tum
2157 1470 2332 1533 aiunt,
2385 1468 2519 1523 illud
2557 1469 2779 1538 quidem
2820 1469 2889 1524 ob
2921 1470 3191 1522 unitatem
3240 1477 3297 1520 et
3331 1465 3586 1520 ideulita-

2009 1572 2116 1618 tem
2144 1562 2373 1618 virtutis
2403 1561 2709 1631 spirativas,
2745 1561 2849 1615 hoc
2900 1576 3032 1615 vero
3061 1562 3132 1615 ob
3165 1559 3443 1623 ordinem,
3477 1575 3587 1627 quo

2008 1656 2351 1724 preponitur
2384 1654 2572 1717 Pater,
2593 1654 2844 1722 sequitur
2869 1650 3044 1707 Filius
3071 1661 3127 1707 et
3160 1660 3427 1722 posteum
3461 1651 3588 1722 Spi-

2010 1748 2148 1802 ritus
2174 1757 2422 1810 sanctus,
2455 1756 2604 1801 recte
2641 1746 2852 1800 ratione
2895 1745 3209 1815 iudicantes
3243 1760 3351 1799 non
3387 1753 3447 1798 ut
3479 1744 3582 1799 ille

2009 1841 2215 1910 quique
2245 1840 2322 1894 illi
2356 1840 2636 1896 adhterent
2663 1839 2819 1894 nullo
2849 1841 3010 1893 modo
3032 1836 3374 1908 distinguere
3404 1838 3620 1910 scien--.

2009 1942 2116 1998 tes,
2148 1943 2208 1987 ut
2248 1933 2380 1989 alibi
2425 1933 2690 1988 adversus
2733 1933 2886 1988 illius
2933 1932 3255 2002 magistrum
3308 1931 3585 1987 Palamam

2007 2025 2298 2081 docuimus
2353 2025 2717 2080 enucleatius.
2750 2023 2909 2090 Quod
2958 2039 3092 2078 vero
3148 2024 3216 2077 ad
3260 2023 3586 2079 subalterna

2007 2118 2276 2192 principia
2311 2125 2543 2187 spectat,
2598 2131 2720 2187 qua:
2761 2116 3090 2170 solutionem
3161 2125 3218 2168 et
3281 2115 3585 2171 antithesin

2007 2211 2153 2281 apud
2182 2225 2309 2265 eum
2345 2211 2556 2264 faciunt
2589 2210 2791 2278 (neque
2837 2209 2980 2263 enim
3015 2208 3337 2262 Latinorum
3369 2218 3454 2262 est
3484 2211 3586 2263 iste

2007 2301 2236 2370 sermo),
2282 2302 2362 2358 illi
2395 2302 2446 2357 id
2495 2301 2657 2356 etiam
2689 2302 3104 2372 dijudicandum
3163 2300 3586 2370 corrigendum.

2005 2410 2114 2464 que
2147 2394 2535 2464 relinquimus.
2569 2393 2892 2462 Quanquam
2948 2402 3003 2448 et
3051 2394 3195 2449 hanc
3247 2394 3584 2448 solutionem

2007 2485 2206 2542 iisdem
2237 2486 2397 2556 plane
2429 2486 2746 2547 rationibus
2802 2494 2950 2541 recte
2996 2486 3296 2556 procedere
3349 2486 3584 2539 demou-

2003 2580 2169 2637 strari
2205 2580 2431 2650 poterit.
2462 2581 2734 2636 Accurata
2760 2595 2893 2635 vero
2935 2581 3022 2635 illa
3073 2581 3348 2635 rationum
3389 2595 3584 2642 conse-

2007 2675 2233 2744 quentia
2273 2675 2468 2729 nescio
2518 2673 2666 2728 unde
2699 2682 2986 2745 sequatur,
3019 2689 3124 2743 qua
3161 2673 3294 2729 dicit
3338 2692 3352 2727 :
3389 2674 3585 2746 quodsi

2007 2781 2201 2822 omnes
2231 2781 2320 2822 res
2350 2774 2552 2822 creata
2576 2781 2675 2837 per
2700 2767 2901 2821 Filium
2929 2775 2986 2822 et
3017 2784 3081 2822 ex
3105 2767 3248 2821 Filio
3280 2780 3409 2822 sunt
3433 2783 3587 2822 crea-

2008 2867 2073 2913 ta:
2128 2858 2205 2929 (id
2260 2860 2412 2914 enim
2463 2861 2740 2930 signiﬁcat
2795 2859 2983 2916 illud:
3037 2861 3182 2931 quod
3226 2860 3424 2916 factum
3478 2863 3584 2927 est)

2007 2949 2270 3021 Spiritus,
2318 2966 2446 3028 cum
2485 2947 2736 3006 creatura
2770 2966 2883 3005 non
2917 2954 2988 3006 sit
3018 2946 3120 3008 nec
3167 2953 3331 3006 etiam
3383 2952 3581 3012 factus.

1995 3055 2188 3110 neque
2218 3057 2284 3095 ex
2315 3040 2458 3095 Filio
2487 3056 2668 3110 neque
2701 3056 2798 3111 per
2829 3041 3030 3095 Filium
3070 3057 3295 3111 prorsus
3328 3055 3432 3097 εει.
3457 3042 3585 3099 Sive

323 3137 679 3209 λογιζόμενος
703 3154 718 3170 °
753 3140 866 3193 εἴτε
887 3140 954 3210 τῇ
990 3139 1088 3192 σὺν
1109 3138 1384 3192 ἀντιθέσει
1408 3139 1741 3210 ἀναστροφῇ
1765 3141 1900 3210 χρῆ-

2009 3134 2156 3187 enim
2191 3133 2244 3186 in
2295 3134 2540 3188 secunda
2595 3133 2774 3204 figura
2816 3133 2921 3187 hoc
2953 3133 3184 3202 colligit,
3221 3134 3351 3187 dum
3383 3149 3447 3186 ex
3493 3149 3582 3197 eo,

324 3248 439 3296 ται,
468 3231 605 3286 ἴστω
634 3231 776 3285 πάνυ
811 3224 911 3300 τῆς
971 3231 1291 3294 ἀκολουθίας
1346 3231 1561 3303 ἐκείνης
1598 3236 1900 3286 ἐκπίπτων.

324 3325 484 3396 Ἔχει
511 3324 619 3394 γὰρ
651 3323 862 3385 οὕτως·
894 3323 942 3376 εί
973 3321 1060 3376 διὰ
1089 3321 1182 3376 τοῦ
1221 3321 1351 3375 Υἱοῦ
1378 3323 1443 3377 τὰ
1479 3324 1660 3378 πάντα
1683 3324 1902 3394 γέγονε,

317 3420 384 3475 σεδ
423 3419 500 3490 μὴ
533 3417 759 3486 γεγονὸς
781 3417 882 3470 οὐκ
914 3415 1030 3470 ἔστι
1064 3417 1154 3470 διὰ
1174 3417 1270 3471 τοῦ
1301 3417 1434 3471 Υἱοῦ
1458 3432 1473 3447 °
1511 3419 1572 3471 τὸ
1601 3418 1658 3471 δὲ
1678 3418 1905 3488 Πνεῦμα

320 3514 387 3568 οὐ
425 3515 674 3581 γεγονὸς,
703 3513 803 3565 οὐκ
836 3511 948 3581 ἄρα
969 3510 1059 3564 διὰ
1089 3510 1184 3564 τοῦ
1218 3510 1349 3564 Υἱοῦ
1394 3509 1507 3565 οὔτ’
1530 3513 1597 3565 ὲκ
1625 3510 1720 3564 τοῦ
1766 3511 1902 3566 Υίοῦ

323 3613 504 3664 ἐστιν.
546 3606 634 3669 Ὧς
664 3601 794 3672 εὖγε
832 3605 931 3672 τῆς
968 3602 1136 3656 αὐτοῦ
1184 3603 1381 3671 σοφίας
1426 3602 1636 3668 ἀξέωςί
1670 3605 1818 3658 Ἔδει
1848 3605 1904 3658 δέ

319 3717 391 3768 γε
426 3699 520 3752 τὸν
566 3697 816 3767 τεχνικὸν
876 3695 1053 3747 εἰπεῖν
1077 3709 1094 3727 ⁸
1124 3695 1184 3748 τὸ
1218 3695 1294 3766 μὴ
1349 3697 1574 3765 γεγονὸς
1621 3696 1680 3750 ού
1708 3697 1903 3767 γέγονε

317 3794 415 3848 διὰ
443 3791 537 3844 τοῦ
571 3789 724 3854 Υίοῦ,
756 3789 853 3843 καὶ
903 3787 1079 3851 οὕτως
1122 3789 1456 3861 ὲπαγαγεῖνῖ
1505 3790 1624 3848 ,Οὐκ
1671 3789 1777 3861 ἄρα
1815 3791 1904 3844 διὰ

317 3845 423 3941 σεο-ὖ
468 3883 598 3939 Υἱοῦ
631 3845 724 3935 τὸ,
747 3881 976 3952 Πνεῦμα
1007 3845 1219 3950 γέγονε
1555 3882 1634 3952 μὴ
1679 3845 1905 3950 γεγονὸς

319 3981 466 4043 ὅλως
499 3979 620 4048 μηδ’
654 3975 716 4030 ὃν
754 3977 964 4044 κτίσμα
995 3974 1110 4027 οὐτ’
1138 3975 1199 4039 ἐξ
1226 3975 1358 4030 Υἱοῦ
1387 3975 1510 4028 οὔτε
1534 3975 1604 4030 δι’
1635 3976 1762 4029 Υίοῦ
1791 3975 1912 4030 οὔτ’·

320 4073 387 4139 ἐξ
415 4071 574 4126 ἄλλοι)
599 4088 691 4123 του
728 4068 803 4141 (2)
855 4069 889 4140 ἢ
925 4066 993 4122 δι’
1019 4067 1182 4122 ἄλλου
1209 4069 1485 4140 γέγονεν),
1535 4066 1678 4124 εῖναι
1713 4073 1903 4140 μέντοι

321 4166 423 4220 καὶ
475 4164 724 4236 προϊέναι
755 4163 833 4231 (5)
893 4161 1096 4215 κωλύει
1152 4162 1328 4216 οὐδέν.
1367 4161 1556 4232 Τούτῳ
1591 4163 1700 4234 γὰρ
1737 4164 1902 4218 αὐτοῦ

318 4256 405 4330 τῷ
429 4256 575 4324 λόγῳ
602 4255 724 4308 οὐδὲ
754 4257 782 4308 6
804 4253 934 4318 Υἱὸς
964 4253 1121 4308 ἔσται
1152 4255 1215 4306 ὲκ
1243 4253 1337 4306 τοῦ
1371 4253 1590 4324 Πατρός
1615 4270 1629 4285 '
1665 4254 1736 4307 τὰ
1762 4255 1904 4309 αὑτᾶ

319 4347 436 4417 γὰρ
475 4346 690 4399 ἅπαντα
726 4343 837 4397 τῶν
875 4344 1020 4412 ὅρων
1053 4344 1259 4413 ὁμοίως
1291 4344 1614 4415 τιθεμένων,
1643 4347 1718 4409 ὡς
1747 4348 1900 4420 ὁρᾷς,

321 4436 430 4490 εἴτ’
459 4437 518 4490 ἐν
547 4437 790 4506 δευτέρῳ
824 4437 1067 4506 σχήματι
1103 4437 1212 4488 εἴτε
1243 4437 1386 4489 κατὰ
1417 4435 1512 4506 τὴν
1554 4438 1652 4490 σὺν
1686 4439 1898 4492 ἀντιθέ-

326 4545 416 4582 σει
440 4528 811 4598 ἀντιστροφὴν
847 4527 1135 4598 συμὸαίνει
1160 4529 1254 4582 καὶ
1279 4527 1374 4581 ἐπὶ
1400 4527 1496 4580 τοῦ
1526 4528 1677 4583 Υίοῦ.
1714 4531 1898 4583 Πάντα

325 4623 438 4695 γὰρ
471 4623 536 4676 ἐκ
562 4621 656 4675 τοῦ
709 4622 925 4691 Πατρὸς
961 4621 1178 4690 γέγονε,
1231 4622 1327 4675 καὶ
1357 4620 1528 4691 χωρὶς
1561 4622 1728 4675 αὑτοῦ
1776 4621 1901 4690 ἐγέ-

325 4729 450 4767 νετο
489 4713 644 4768 οὐδὲν
681 4711 709 4765 6
755 4713 1000 4780 γέγονεν.
1038 4710 1262 4777 Ἐπάξει
1304 4708 1400 4766 οὖν
1442 4713 1548 4774 τοῖς
1584 4715 1770 4780 σοφοῖς
1798 4715 1900 4767 αὐ-

322 4804 420 4858 τοῦ
457 4805 669 4868 τούτοις
699 4803 898 4873 λόγοις,
932 4804 1009 4867 ὼς
1040 4804 1068 4856 ὃ
1099 4805 1174 4875 μὴ
1213 4805 1464 4874 γέγονεν.
1504 4805 1606 4859 οὐκ
1643 4805 1702 4870 ἐξ
1734 4804 1900 4860 αὑτοῦ

323 4897 600 4968 δήπουθεν
627 4899 708 4963 ὃν,
752 4896 915 4953 τοῦτο
943 4896 992 4951 δ’
1017 4899 1167 4952 ἐστὶν
1200 4899 1228 4951 6
1260 4899 1384 4962 Υίός
1413 4899 1516 4972 (4).
1547 4899 1732 4972 Οξῦτως
1774 4900 1904 4953 ἀκο-

396 5058 474 5127 (l)
510 5057 680 5117 Marc.
706 5057 746 5112 f.
772 5056 861 5112 διὰ
905 5055 960 5111 τὸ
991 5057 1180 5127 μέσον.

396 5131 474 5201 (ὲ)
513 5145 592 5184 εε.
627 5145 795 5189 τινος.

2008 3224 2156 3297 quod
2203 3234 2469 3282 creaturae
2516 3235 2646 3280 sunt
2700 3225 2856 3280 facta:
2903 3240 3001 3294 per
3050 3223 3291 3290 Filium,
3344 3223 3585 3294 Spiritus

2007 3332 2142 3372 vero
2174 3325 2432 3372 creatura
2463 3331 2573 3371 non
2619 3328 2724 3378 est.
2773 3316 3188 3371 conclusionem
3223 3315 3410 3378 infert,
3457 3316 3585 3385 Spi-

2008 3409 2177 3464 ritum
2205 3424 2315 3464 non
2341 3424 2463 3464 esse
2489 3424 2589 3479 per
2619 3407 2848 3475 Filium,
2877 3408 3336 3462 irrationabiliter
3362 3409 3588 3462 ratioci-

2006 3511 2174 3558 natur
2208 3502 2450 3557 medium
2487 3502 2784 3557 terminqu
2830 3516 2896 3578 ex
2928 3501 3129 3570 factum
3159 3515 3269 3554 esse
3301 3509 3583 3554 transum-

2008 3607 2130 3653 tans
2159 3597 2211 3650 iu
2247 3613 2376 3662 esse,
2407 3607 2463 3652 et
2495 3597 2643 3667 quod
2677 3595 2984 3651 secundum
3020 3594 3154 3664 quid
3203 3605 3286 3648 est
3319 3595 3586 3664 simplici-

2009 3705 2092 3749 ter
2115 3695 2250 3750 l‘also
2290 3697 2667 3759 concludens;
2712 3694 3228 3753 sive'conversione
3258 3709 3383 3748 cum
3412 3707 3586 3762 Oppo-

2006 3788 2209 3842 sitione
2245 3788 2422 3842 utitur
2445 3831 2460 3852 ,
2518 3787 2664 3840 sciat
2688 3801 2748 3840 se
2780 3786 2971 3856 procul
3020 3785 3088 3839 ab
3119 3785 3208 3839 illa
3236 3800 3584 3851 consequen-

2009 3880 2082 3935 tia
2128 3879 2402 3935 excidere.
2458 3879 2538 3934 lta
2576 3879 2724 3934 enim
2776 3894 2834 3934 se
2873 3878 3037 3933 habet
3081 3878 3184 3934 :Si
3234 3895 3333 3949 per
3381 3879 3581 3934 Filium

2006 3973 2191 4027 omnia
2229 3972 2370 4027 facta
2420 3980 2569 4035 sunt,
2606 3971 2752 4041 quod
2790 3986 2898 4025 non
2943 3981 3027 4025 est
3087 3971 3292 4026 factum
3339 3987 3447 4025 non
3499 3984 3587 4027 est

2005 4081 2105 4134 per
2140 4062 2377 4132 Filium;
2415 4063 2655 4133 Spiritus
2699 4071 2884 4116 autem
2917 4079 3023 4115 non
3071 4073 3156 4117 est
3196 4065 3408 4130 factus;
3451 4080 3591 4134 ergo

2005 4172 2115 4212 non
2153 4164 2239 4212 est
2267 4172 2365 4226 per
2392 4157 2592 4212 Filium
2629 4157 2714 4212 vel
2744 4174 2810 4211 ex
2855 4155 3015 4210 Filio.
3053 4157 3206 4221 Quod
3239 4166 3584 4226 quantopere

2004 4262 2089 4308 est
2118 4254 2238 4324 ejus
2269 4252 2540 4321 sapientia
2588 4252 2850 4323 dignum!
2907 4251 3210 4319 Oportebat
3244 4252 3393 4304 enim
3447 4251 3586 4303 artis

2006 4347 2244 4414 peritum
2293 4343 2528 4397 dicere:
2566 4343 2722 4409 Quod
2770 4357 2876 4396 non
2928 4341 3248 4395 estfactum
3277 4380 3291 4401 ,
3342 4353 3449 4392 non
3495 4348 3582 4392 est

2006 4436 2207 4491 factum
2244 4451 2342 4503 per
2386 4434 2604 4500 Filium,
2639 4443 2696 4490 et
2743 4433 2822 4490 sic
2865 4434 3070 4489 inferre
3104 4449 3118 4485 :
3152 4431 3270 4486 Non
3303 4446 3435 4501 ergo
3482 4446 3582 4500 per

2006 4524 2208 4581 Filium
2237 4527 2480 4598 Spiritus
2504 4529 2680 4600 tactus
2712 4525 3014 4593 cst.(Quod
3042 4524 3191 4578 enim
3213 4538 3319 4576 non
3351 4522 3577 4580 factum.

2005 4636 2235 4690 prorsus
2285 4635 2396 4676 non
2448 4630 2695 4676 creatum
2722 4621 3027 4681 exsisteus.
3069 4631 3173 4671 nec
3210 4632 3278 4670 ex
3311 4614 3450 4668 Filio
3480 4628 3583 4668 nec

2007 4727 2106 4783 per
2133 4710 2334 4767 Filium
2383 4727 2484 4769 nec
2536 4728 2634 4782 per
2679 4713 2845 4766 alium
2876 4711 3190 4780 quempiam
3230 4707 3314 4761 vel
3351 4705 3582 4760 ex‘alio

2004 4806 2211 4865 factum
2239 4807 2367 4876 est.)
2398 4805 2532 4859 Esse
2558 4817 2747 4860 tamen
2776 4813 2832 4859 et
2873 4802 3098 4870 prodire
3152 4801 3302 4854 nulla
3338 4815 3397 4856 re
3451 4815 3582 4868 μεθ-ι

2007 4900 2235 4956 bibcntc
2265 4909 2468 4970 potest.
2506 4900 2622 4954 lloc
2659 4912 2896 4967 namque
2931 4897 3049 4964 ejus
3079 4893 3370 4949 ratiocinio
3400 4905 3585 4960 neque.

2083 5055 2164 5124 (ε)
2204 5054 2313 5108 Καὶ
2340 5053 2493 5110 autin
2544 5062 2670 5125 post
2704 5053 2949 5124 προϊέναι
2979 5050 3127 5106 Men.
3157 5049 3249 5119 27,
3284 5049 3324 5105 ι.
3359 5047 3486 5104 226.

395 5225 474 5296 (ὁ)
525 5225 578 5278 ln
618 5223 764 5280 Non.
790 5229 849 5278 et
875 5221 934 5276 in
959 5221 1130 5277 Marc.
1162 5219 1230 5278 ad
1256 5219 1562 5292 marginem
1600 5218 1876 5290 adscripta
1905 5225 1993 5274 est
2024 5216 2142 5272 hac
2174 5214 2345 5286 ﬁgura
2372 5229 2388 5268 :

1772 5343 1840 5397 τὰ
1873 5340 2139 5410 γεγονότι

1852 5413 2130 5466 Π.ιΔ

1691 5483 1778 5538 διά
1805 5443 2057 5593 τᾶἵΔ
2091 5443 2149 5607 ii”

1741 5627 1874 5681 Υἱοῦ
1963 5631 1998 5678 Δ
2098 5629 2171 5680 Ην
2184 5625 2329 5698 εῦμα.

327 5793 524 5856 Deinde
570 5794 769 5869 legitur
807 5814 818 5851 :
856 5794 950 5849 Ἐκ
987 5793 1176 5850 τούτου
1225 5794 1319 5850 τοῦ
1373 5786 1732 5867 συλλογισμοῦ
1786 5793 2075 5864 συνάγεται
2115 5794 2177 5848 τὸ
2218 5791 2443 5864 Πνεῦμα
2492 5789 2565 5862 μὴ
2620 5787 2930 5860 γεγονέναι
2975 5787 3061 5842 διὰ
3095 5783 3184 5839 τοῦ
3227 5781 3379 5839 λ’ίοῦ.
3421 5781 3480 5840 Ὀ
3505 5784 3574 5839 δὲ.
