3992 6148
484 260 591 327 163

1863 265 2378 330 BESSARIONIS

3635 219 3754 325 ist

483 378 580 435 hic
612 386 795 436 autem
819 390 1000 452 neque
1030 379 1206 437 ambae
1241 389 1373 438 sunt
1423 382 1834 456 generationes,
1887 398 2060 455 neque

2173 379 2436 451 ὁμοειδεῖς
2472 377 2635 445 εἰσιν,
2663 375 2900 434 ἐνταῦθα
2935 355 3014 452 (ί)
3041 375 3098 432 δι
3129 376 3245 435 οὔτ’
3269 365 3437 449 ἄμφω
3474 378 3763 452 γεννήσεις

480 473 655 530 ambae
676 468 1077 544 proceSsiones.
1105 475 1461 547 Relinquitur
1498 492 1630 549 ergo
1671 476 1850 548 quoad
1881 492 2065 532 causa:

479 564 750 622 rationem
779 568 1228 639 progressionum
1260 568 1629 625 differentiam
1658 570 1841 625 locum
1865 570 2069 626 habere

478 670 642 728 posse
686 667 919 714 tantum.
949 661 1018 716 At
1050 659 1097 716 si
1126 661 1278 716 solus
1309 663 1471 718 Pater
1512 679 1677 719 causa
1723 663 1850 728 erit.
1891 679 2069 734 neque

479 749 783 804 secundum
811 752 953 808 hanc
976 756 1246 811 rationem
1274 754 1587 811 differentia
1613 756 1838 812 habebit
1861 757 2065 812 locum.

479 841 672 899 Abibit
723 861 855 916 ergo
885 845 1008 902 Filii
1063 856 1120 905 et
1173 849 1348 903 sancti
1410 848 1652 920 Spiritus
1689 850 1982 906 distinctio
2012 856 2069 904 et

481 937 633 992 nulla
692 937 748 992 in
801 939 889 995 his
948 940 1442 1005 eritditl‘erentia,
1500 956 1689 996 verum
1767 952 2067 1011 utrumque

483 1031 650 1088 unius
684 1047 935 1100 personae
972 1034 1080 1088 erit
1106 1051 1120 1100 ;
1150 1033 1256 1088 hoc
1289 1043 1475 1089 autem
1523 1033 1827 1090 absurdum
1879 1045 1963 1089 est
2011 1043 2069 1090 et

481 1121 612 1178 lidei
646 1140 983 1196 repugnans.
1016 1125 1250 1182 Necesse
1289 1125 1458 1197 igitur
1486 1135 1589 1194 est,
1637 1127 1682 1182 si
1715 1126 1914 1182 divinae
1939 1142 2066 1197 pero

479 1232 630 1272 sonm
660 1219 730 1272 ab
761 1217 996 1273 invicem
1029 1217 1434 1288 distinguendae
1485 1230 1650 1283 sunt,
1706 1220 2067 1292 liypostatieis

477 1307 845 1363 relationibus
908 1325 1003 1366 eas
1054 1319 1108 1365 et
1165 1311 1426 1366 constitui
1464 1321 1520 1366 et
1564 1313 1852 1384 distingui,
1900 1322 2066 1384 atque

478 1399 829 1469 oppositione
864 1400 930 1454 ad
963 1401 1200 1460 invicem
1227 1417 1349 1472 quae
1402 1411 1486 1458 est
1534 1402 1678 1458 sicut
1738 1405 2060 1474 relatorum,

477 1499 531 1546 et
553 1506 621 1546 ex
651 1492 738 1546 his
767 1491 993 1561 quidem
1025 1509 1087 1549 ea
1122 1510 1246 1563 quce
1283 1503 1369 1550 est
1399 1496 1705 1550 secundum
1750 1511 1970 1552 causam
2008 1507 2066 1554 et

478 1592 786 1645 causatum,
819 1593 985 1655 atque
1019 1585 1221 1640 Filium
1252 1583 1473 1656 quidem
1514 1603 1562 1642 at
1593 1587 1755 1644 Patre
1796 1589 2062 1662 distingui

479 1671 747 1728 filiatione
797 1682 853 1728 ct
891 1676 1245 1743 paternitate,
1302 1675 1570 1745 Spiritum
1631 1693 1787 1745 vero,
1841 1682 1985 1737 sicut
2032 1697 2061 1736 a

2177 470 2295 527 οὔτ’
2343 473 2514 543 ἄμφω
2540 471 2925 545 ἑκπορεύσεις.
2975 473 3240 528 Λείπεται
3271 472 3454 527 τοίνυν
3487 472 3640 543 παρά
3669 474 3761 548 τον

2176 567 2271 620 τοῦ
2303 567 2476 620 αἰτίου
2510 567 2670 635 λόγον
2702 562 2842 621 εἶναι
2891 567 2989 639 τὴν
3021 567 3130 621 τῶν
3169 569 3417 643 προόδων
3463 566 3758 638 διαφοράν.

2191 659 2332 712 Ἀλλ’
2364 662 2410 713 εί
2462 660 2622 730 μόνος
2662 663 2688 714 ὁ
2721 661 2913 733 Πατὴρ
2969 659 3143 724 αἴτιος
3198 657 3354 714 ἔσται
3385 699 3405 727 ,
3439 659 3567 713 οὐδὲ
3627 657 3760 730 παρ’

2177 754 2389 806 ἐκεῖνον
2438 755 2614 808 ἔσται·
2648 754 2938 824 οἰχήσεται
2989 753 3099 824 ἄρα
3147 755 3180 826 ἡ
3218 753 3315 807 τοῦ
3354 753 3487 807 Υίοῦ
3530 754 3625 808 καὶ
3659 753 3758 822 ⁸ςοῖι

2177 844 2334 911 ἁγίου
2380 847 2706 916 Πνεῦματος
2742 845 3046 915 διάκρισις,
3081 845 3180 899 καὶ
3230 845 3460 914 οὐδεμία
3513 847 3572 897 ἐν
3628 844 3760 899 τού-

2175 953 2291 1000 τοις
2330 937 2483 991 ἔσται
2514 939 2772 1007 διαφορὰ,
2823 937 2948 990 ἀλλ’
2982 937 3103 1000 ἐνὸς
3139 939 3356 991 ἔσονται
3385 937 3552 1006 ἄμφω
3589 954 3760 1007 προσο

2176 1025 2325 1080 ώπου
2351 1043 2364 1058 δ
2398 1027 2558 1081 τοῦτο
2611 1028 2666 1081 δὲ
2723 1028 2932 1082 ἄτοπον
2987 1028 3082 1081 καὶ
3111 1031 3175 1095 τῇ
3202 1026 3381 1079 πίστει
3421 1024 3756 1095 μαχόμενον.

2188 1119 2430 1189 ’Λνάγκη
2457 1120 2588 1189 ἄρα,
2628 1122 2674 1173 εἰ
2709 1119 2956 1190 μέλλοιεν
2991 1117 3244 1190 ἀλλήλων
3271 1118 3338 1172 τὰ
3391 1117 3511 1170 θεῖα
3542 1117 3758 1186 διακρί-

2173 1212 2364 1265 νεσθαι
2394 1213 2686 1283 πρόσωπα,
2732 1215 2856 1275 ταῖς
2885 1213 3279 1275 ὑποστατικαίς
3314 1211 3623 1282 ἀναφοραῖς
3658 1211 3760 1279 ὐφ-

2181 1301 2438 1357 ίστασθαί
2490 1319 2550 1356 τε
2597 1305 2693 1357 καὶ
2737 1304 3139 1374 διακρίνεσθαι,
3178 1305 3273 1357 καὶ
3304 1305 3372 1373 τῇ
3401 1301 3477 1366 ὦς
3519 1305 3590 1356 τὰ
3616 1302 3759 1375 πρός

2173 1410 2228 1448 τι
2261 1395 2398 1464 πρὸς
2433 1395 2645 1465 ἄλληλα
2695 1396 2998 1459 ἀντιθέσει,
3048 1398 3144 1450 καὶ
3185 1395 3391 1450 τούτων
3422 1398 3489 1466 τῇ
3525 1396 3670 1448 κατὰ
3701 1395 3762 1448 τὸ

2172 1483 2356 1539 αίτιον
2389 1489 2485 1540 καί
2520 1487 2788 1551 αίτιατόν,
2829 1487 2925 1540 καὶ
2961 1487 3053 1541 τὸν
3095 1487 3194 1556 μὲν
3235 1487 3364 1540 Υίὸν
3402 1486 3498 1540 τοῦ
3541 1485 3762 1556 Πατρδς

2171 1581 2382 1650 νεότητι
2437 1581 2533 1634 καὶ
2592 1583 2917 1652 πατρότητι.
2970 1581 3032 1633 τὸ
3070 1581 3127 1634 δὲ
3178 1579 3406 1646 Πνεῦμα
3435 1579 3629 1650 ὥσπερ
3657 1577 3757 1632 τοῦ

2174 1672 2413 1742 Πατρὸς,
2451 1672 2594 1725 οὕτω
2634 1674 2732 1725 ’καὶ
2763 1672 2856 1725 τοῦ
2889 1670 3022 1724 Υίοῦ
3060 1672 3126 1742 τῇ
3169 1669 3263 1723 τοῦ
3307 1670 3754 1742 προῦαλλομένου

477 1765 665 1830 Patre,
692 1767 764 1821 ita
787 1768 951 1822 etiam
985 1782 1016 1822 a
1048 1767 1209 1832 Filio,
1243 1769 1511 1826 relatione
1557 1770 1752 1841 spirati
1786 1771 1854 1827 ad
1886 1774 2060 1852 spira-

2173 1763 2305 1833 πρὸς
2335 1764 2428 1817 τὸν
2462 1763 2841 1834 προϐάλλοντα
2873 1764 3144 1834 ἀναφορᾷ,
3191 1764 3288 1816 καὶ
3323 1763 3400 1833 μὴ
3433 1762 3610 1826 ἄλλως
3633 1764 3755 1820 διαη

465 1871 656 1917 torem
683 1878 699 1924 ;
731 1876 910 1930 neque
938 1861 1045 1916 alio
1073 1862 1237 1917 modo
1268 1861 1531 1934 distingui
1567 1873 1826 1934 poterunt
1859 1866 1956 1937 (a).

550 1953 605 2008 5.
654 1952 1055 2023 Dispulaudum
1109 1969 1245 2008 vero
1296 1954 1362 2009 ad
1404 1955 1506 2010 ltos
1549 1966 1605 2011 et
1661 1957 1818 2026 illud,
1861 1967 2066 2029 quotu-

475 2044 695 2116 pliciter
745 2046 1175 2117 uniuscujusque
1236 2047 1316 2102 rei
1366 2049 1702 2119 principium
1777 2061 1833 2106 et
1896 2066 2061 2108 Causa

476 2137 807 2207 accipiatur,
843 2153 906 2192 ac
934 2139 1256 2206 dicendum,
1287 2141 1626 2212 principium
1671 2140 1868 2214 duplex
1904 2160 2060 2214 esse;

476 2231 711 2287 alterum
741 2232 910 2288 veluti
941 2231 1000 2304 id,
1029 2247 1094 2286 ea:
1126 2249 1228 2302 quo
1255 2235 1339 2288 vel
1387 2251 1417 2288 α
1443 2250 1544 2304 qua
1579 2248 1635 2291 et
1665 2237 1890 2293 omnino
1919 2239 2064 2294 unde

476 2337 589 2396 res,
615 2323 701 2404 vel
733 2325 879 2394 quod
928 2321 1072 2379 idem
1124 2325 1210 2380 est
1263 2328 1585 2398 principium
1623 2331 1792 2401 quod;
1829 2347 1916 2386 ex.
1976 2349 2061 2404 gr.

477 2414 570 2471 hic
600 2403 797 2473 artifex
829 2426 886 2472 et
907 2417 1210 2473 univcrsim
1247 2418 1300 2472 id
1333 2421 1480 2490 quod
1509 2423 1654 2494 agit;
1677 2424 1908 2479 alterum
1933 2403 2063 2482 vero

475 2507 812 2576 principium
845 2507 997 2564 velut
1036 2507 1089 2562 id
1123 2525 1219 2578 per
1241 2511 1382 2578 quod
1418 2510 1502 2564 vel
1553 2529 1654 2582 quo
1693 2521 1751 2567 ut
1799 2515 2059 2584 speciem,

475 2612 602 2666 qua:
642 2601 853 2671 agentis
890 2600 1078 2656 animo
1105 2600 1287 2667 inest,
1323 2604 1410 2656 cui
1452 2603 1632 2658 simile
1663 2605 1793 2660 facit
1825 2606 1877 2660 id
1910 2608 2063 2678 quod

477 2693 626 2762 agit;
666 2708 829 2748 omne
857 2693 1007 2749 enim
1031 2708 1198 2763 agens
1229 2694 1407 2749 siu‘iile
1429 2695 1534 2751 sibi
1576 2696 1827 2766 producit
1859 2714 2061 2755 secun-

478 2785 611 2840 dum
680 2785 940 2855 speciem,
972 2802 1078 2857 qua
1138 2787 1250 2857 agit
1298 2787 1398 2856 (b).
1451 2789 1616 2847 Verbi
1668 2791 1841 2860 gratia
1900 2808 2060 2849 causa

465 2876 647 2949 hujus
678 2878 935 2946 imaginis
961 2888 1046 2933 est
1069 2888 1126 2932 et
1150 2878 1268 2949 ipse
1294 2879 1469 2948 pictor
1495 2888 1755 2952 tanquam
1779 2883 1834 2938 id
1863 2900 1928 2939 ex
1952 2901 2060 2955 quo

477 2981 535 3026 et
567 2971 713 3028 unde
758 2971 1091 3043 principium
1134 2981 1190 3026 et
1226 2972 1530 3029 universim
1561 2977 1717 3045 quod,
1767 2988 1821 3033 et
1851 2982 2061 3050 species

472 3079 597 3136 qua:
644 3064 872 3134 pictoris
921 3066 1104 3119 animo
1141 3064 1468 3120 obversatur
1501 3067 1651 3122 velut
1704 3069 1759 3124 id
1796 3088 1920 3142 quo,
1964 3073 2130 3166 cuia

472 3157 713 3214 similem
751 3155 882 3211 fecit
901 3155 1217 3227 imaginem.
1244 3155 1450 3210 Eodem
1479 3168 1610 3221 vero
1634 3160 1796 3216 modo
1821 3162 2060 3220 dicimus

473 3260 533 3306 et
589 3249 646 3304 in
701 3248 904 3304 divinis
943 3248 1196 3318 personis
1227 3248 1470 3322 Patrem,
1516 3250 1630 3305 hoc.
1673 3262 1761 3319 est
1814 3255 2060 3311 divinam

472 3343 596 3416 ejus
657 3342 981 3413 hypostasin
1027 3358 1250 3397 causam
1293 3359 1416 3401 esse
1449 3355 1708 3416 tanquam
1739 3349 2061 3421 principium

475 3435 618 3506 quod
637 3435 753 3490 sive
778 3450 839 3488 ex
877 3450 1001 3504 quo,
1032 3434 1270 3491 divinam
1304 3453 1438 3491 vero
1465 3436 1589 3507 ejus
1611 3440 1910 3494 essentiam
1948 3451 2064 3498 tan-

475 3543 642 3599 quam
693 3528 1015 3597 principium
1047 3544 1171 3598 quo.
1221 3529 1341 3597 Ipsa
1374 3530 1524 3585 enim
1567 3539 1656 3586 est
1711 3533 2061 3602 species,’cui

479 3619 684 3675 similia
740 3619 1124 3690 producuntur
1179 3636 1301 3690 quae
1344 3637 1412 3677 ex
1460 3621 1581 3691 ipso
1644 3625 2059 3693 producuntur;

476 3711 630 3768 unde
656 3723 713 3768 et
761 3711 936 3766 Filius
981 3720 1038 3767 et
1083 3712 1327 3783 Spiritus
1382 3714 1882 3774 consubstantiales
1934 3727 2062 3774 sunt

422 3794 423 3798 “
478 3806 611 3877 ipsi,
640 3806 768 3877 quia
806 3821 966 3861 omne
998 3805 1312 3876 producens
1341 3808 1522 3864 simile
1557 3810 1809 3880 producit
1835 3815 2059 3884 speciei,

477 3912 590 3972 qua.
642 3897 934 3967 producit;
988 3896 1131 3952 Deus
1188 3912 1320 3952 vero
1370 3899 1534 3955 Pater
1577 3901 1765 3958 divina
1827 3905 2061 3960 essentia

474 3989 734 4059 producit
773 3987 978 4044 Filium
1023 4001 1078 4043 et
1128 3988 1397 4059 Spiritum
1429 4000 1485 4046 et
1533 3991 1741 4048 idcirco
1772 3994 1878 4049 sibi
1925 4013 2059 4052 con-

476 4081 872 4138 substantiales
897 4079 1177 4152 producit.
1207 4082 1362 4138 Unde
1406 4085 1612 4152 evenit,
1646 4101 1770 4140 cum
1820 4090 2061 4144 essentia

479 4174 792 4230 communis
821 4174 894 4229 sit
925 4173 1229 4244 eademque
1271 4189 1504 4230 numero
1545 4174 1691 4231 Patri
1735 4187 1789 4233 et
1826 4178 1964 4234 Filio
2007 4190 2064 4237 et

479 4264 734 4340 Spiritui,
764 4278 928 4337 atque
964 4266 1020 4321 in
1061 4265 1306 4337 qualibet
1352 4268 1661 4341 divinarum
1700 4285 2060 4341 personarum

481 4361 773 4424 subsistat,
805 4367 971 4431 prout
1005 4357 1212 4413 dictum
1238 4365 1344 4424 est,
1371 4367 1431 4412 ut
1464 4358 1511 4414 si
1539 4359 1672 4428 quid
1697 4376 1763 4415 ex
1793 4362 2062 4421 ambobus

2170 1854 2461 1925 κρίνεσθαι
2492 1851 2625 1910 εἶεν.

2238 1946 2309 2017 γ’.
2342 1951 2666 2004 Διαλεκτέον
2717 1950 2772 2004 δὲ
2830 1951 2969 2022 πρὸς
3033 1944 3260 2015 τούτους
3301 1953 3393 2006 καὶ
3447 1951 3668 2022 ὁσαχῶς
3724 1953 3759 2023 ἠ

2168 2033 2400 2098 ἑκάστου
2425 2045 2755 2114 πράγματος
2788 2044 2933 2115 ἀρχὴ
2965 2045 3060 2098 καὶ
3089 2044 3242 2111 αἰτία
3269 2044 3616 2115 λαμϐάνεται
3647 2044 3754 2117 (2).

2166 2135 2382 2202 Ταύτην
2405 2134 2496 2189 οὖν
2517 2135 2700 2205 διττὴν
2727 2131 2887 2201 εἶναι,
2920 2140 3016 2189 καὶ
3050 2136 3149 2207 τὴν
3182 2136 3282 2206 μὲν
3320 2137 3395 2197 ὠς
3419 2137 3479 2190 τὸ
3505 2135 3576 2201 ἐξ
3597 2132 3674 2192 οὗ
3709 2134 3750 2206 ἢ

2164 2228 2267 2294 ὑφ’
2291 2223 2363 2283 οὗ
2407 2220 2574 2294 εἶναι,
2605 2229 2700 2281 καὶ
2730 2227 2866 2290 ὅλως
2893 2228 2929 2295 ή
2966 2227 3125 2296 ἀρχὴ
3169 2211 3431 2299 (ζῆ-ὄθεν
3474 2229 3535 2281 τὸ
3570 2229 3757 2298 πρᾶγ-

2168 2342 2268 2395 μα,
2301 2322 2465 2376 ταυτδ
2493 2321 2538 2376 δ’
2562 2323 2759 2386 εἰπεῖν,
2791 2321 2845 2385 ὃ,
2879 2316 2993 2374 οἷον
3022 2321 3108 2376 ὅδε
3132 2322 3163 2375 ὁ
3189 2322 3443 2393 τεχνίτης
3469 2323 3570 2375 καὶ
3604 2322 3752 2386 ὅλως

2163 2420 2223 2470 τὸ
2251 2415 2465 2472 ποιοῦνο
2503 2416 2604 2487 τὴν
2637 2415 2684 2469 δ’
2716 2415 2790 2478 ὡς
2823 2417 2882 2468 τὸ
2906 2408 2975 2483 ᾧ,
3007 2410 3120 2490 οἷον
3159 2416 3219 2468 τὸ
3253 2415 3372 2468 ὲνὸν
3399 2419 3464 2486 τῇ
3497 2415 3592 2468 τοῦ
3629 2431 3758 2468 ποι-

2164 2509 2352 2573 οῦντος
2403 2507 2549 2581 ψυχῇ
2585 2505 2746 2574 εἶδος,
2795 2501 2840 2578 ᾧ
2882 2508 3072 2578 ὅμοιον
3105 2508 3253 2561 ποιεί
3276 2509 3337 2566 τὸ
3375 2507 3583 2562 ποιοῦν⁸
3637 2509 3756 2562 πᾶν

2163 2604 2274 2672 γὰρ
2321 2603 2510 2655 ποιοῦν
2562 2602 2752 2671 ὅμοιον
2785 2603 2966 2674 ἐαυτῷ
3014 2602 3250 2673 προάγει
3297 2585 3441 2657 πατὰ
3486 2603 3551 2656 τὸ
3581 2597 3752 2671 εἶδος,

2163 2687 2207 2762 ᾧ
2251 2693 2330 2765 (4)
2381 2694 2548 2748 ποιεῖ.
2592 2696 2766 2762 Λόγου
2799 2695 2966 2764 χάριν
2997 2694 3159 2766 τῆσδε
3208 2695 3313 2766 τῆς
3355 2695 3563 2760 είκόνος
3588 2695 3752 2751 αἰτία.

2164 2789 2258 2842 καὶ
2308 2787 2471 2851 αὐτὸς
2525 2788 2555 2840 ό
2616 2787 2929 2858 ζωγράφος,
2969 2787 3045 2851 ὡς
3078 2788 3140 2841 τὺ
3189 2788 3249 2853 ἐξ
3299 2782 3363 2841 οὗ
3423 2789 3517 2844 καὶ
3554 2789 3751 2862 ὄθενή

2162 2878 2328 2949 ἁρχὴ,
2360 2876 2454 2932 καὶ
2483 2878 2619 2944 ὅλως
2651 2879 2712 2932 τὸ
2747 2877 2778 2932 ὃ
2812 2882 2906 2934 καὶ
2935 2881 2994 2933 τὸ
3025 2881 3085 2933 ὲν
3116 2883 3181 2952 τῇ
3216 2879 3360 2953 ψυχῇ
3389 2881 3486 2948 τοῦ
3519 2883 3752 2956 ζωγρά-

2165 2991 2266 3043 φου
2311 2971 2450 3038 εἶδος
2495 2974 2570 3037 ὡς
2598 2973 2658 3028 τὸ
2703 2968 2772 3041 ᾧ,
2805 2966 2849 3042 ᾧ
2882 2973 3073 3040 ὁμοίαν
3103 2977 3373 3045 πεποίηκε
3409 2975 3507 3046 τὴν
3529 2979 3753 3032 εἰκόνα.

2163 3069 2252 3138 Τῷ
2286 3068 2331 3121 δ’
2362 3068 2513 3138 αὑτῷ
2541 3070 2726 3140 τρόπῳ
2746 3069 2843 3123 καὶ
2871 3071 2928 3121 ὲν
2958 3070 3072 3132 τοῖς
3100 3068 3270 3134 θείοις
3305 3072 3620 3141 προσώποις
3652 3072 3753 3125 τὸν

2170 3161 2269 3231 μὲν
2317 3163 2563 3232 Πατέρα,
2617 3161 3000 3234 τουτέστιτὴν
3031 3161 3188 3215 θείαν
3235 3161 3405 3216 αὐτοῦ
3452 3163 3759 3224 ὑπόστασιν

2166 3254 2345 3307 αἶτὶαν
2377 3236 2630 3318 εἷναξὼς
2657 3254 2718 3308 τὺ
2751 3255 2804 3318 ὃ,
2841 3255 2964 3309 εἴτε
2992 3255 3062 3320 ἐξ
3091 3251 3187 3322 οὗ,
3222 3255 3323 3326 τὴν
3365 3255 3422 3309 δὲ
3470 3256 3622 3310 θείαν
3651 3258 3754 3312 αὒ-

2164 3350 2256 3400 τοῦ
2288 3350 2482 3403 οὐσίαν
2538 3350 2614 3411 ὡς
2663 3350 2722 3401 τὸ
2755 3340 2822 3413 ᾧ·
2860 3347 3000 3418 αὕτη
3051 3349 3160 3419 γάρ
3222 3349 3342 3402 ἐστι
3389 3350 3450 3403 τὺ
3508 3342 3674 3414 εἶδος,
3705 3343 3754 3419 ᾧ

2163 3439 2324 3510 ὅμοια
2355 3443 2659 3511 προάγεται
2693 3439 2762 3494 τὰ
2796 3440 2854 3504 ὲξ
2885 3440 3051 3493 αὐτοῦ
3089 3440 3469 3511 προαγόμενω
3500 3440 3623 3496 οθεν
3647 3443 3754 3503 καὶ

2165 3533 2257 3588 τὸν
2284 3533 2412 3586 Υἰὸν
2465 3534 2561 3587 καὶ
2610 3534 2670 3586 τὸ
2708 3533 2935 3602 Πνεῦμα
2968 3535 3236 3603 όμοούσια
3267 3529 3408 3587 εἶναι
3447 3534 3756 3613 αὐτῷλβιὰ

2163 3628 2226 3681 τὸ
2254 3629 2363 3680 πᾶν
2401 3627 2479 3696 (5)
2519 3627 2582 3680 τὸ
2611 3627 2870 3698 παράγον
2891 3629 3079 3696 ὅμοιον
3113 3629 3384 3697 παράγειν
3412 3628 3491 3701 τῷ
3523 3623 3678 3695 εῖδει,
3706 3623 3754 3701 ᾧ

2164 3721 2427 3788 παράγει.
2463 3720 2570 3775 Τὸν
2599 3721 2656 3773 δὲ
2680 3721 2814 3774 Θεὸν
2846 3722 2940 3773 καὶ
2975 3722 3196 3788 Πατέρα
3227 3725 3294 3793 τῇ
3320 3724 3444 3793 θείᾳ
3471 3706 3631 3798 οὐσίᾳ
3656 3721 3759 3778 ’τὸν

2165 3812 2292 3866 Υίὸν
2319 3813 2499 3866 καὶτὸ
2523 3811 2753 3881 Πνεῦμα
2795 3813 3081 3883 προάγειν,
3121 3809 3214 3869 καὶ
3240 3816 3330 3869 διὰ
3357 3816 3515 3870 τοῦτο
3543 3817 3758 3886 ὁμοσύ-

2167 3919 2258 3957 σια
2290 3903 2470 3974 ἑαυτῷ
2504 3905 2800 3974 προάγειν,
2835 3905 2982 3959 ὥστε
3039 3907 3388 3973 συμϐαίνειν,
3426 3909 3525 3975 τῆς
3564 3909 3759 3975 οὐσίας

2164 3989 2355 4058 κοινῆς
2391 3991 2486 4044 καὶ
2516 3992 2610 4060 τῆς
2645 3990 2820 4062 αὐτῆς
2858 3993 3114 4065 τάριθμῷ
3169 3996 3344 4066 Πατρὶ
3378 3998 3472 4051 καὶ
3506 3997 3623 4068 Υἱῷ
3652 4003 3753 4054 καὶ

2163 4084 2446 4154 Πνεύματι
2489 4084 2656 4157 οῠσης
2684 4125 2699 4152 ,
2735 4087 2816 4140 ἔτι
2861 4104 2921 4140 τε
2974 4090 3032 4141 ὲν
3063 4090 3272 4163 ἑκάστῃ
3307 4091 3393 4160 (6)
3424 4092 3532 4145 τῶν
3581 4092 3751 4147 θείων

2163 4175 2477 4245 προσώπων
2508 4177 2902 4248 ὑφεστηκυίας,
2933 4178 3010 4243 ὼς
3051 4179 3302 4250 εἴρηται,
3351 4183 3406 4235 εί
3440 4197 3493 4233 τι
3543 4183 3603 4250 ἐξ
3637 4185 3752 4254 ἁμ-

2163 4269 2287 4337 φοῖν
2326 4267 2528 4337 προΐοι,
2560 4269 2623 4322 οὐ
2661 4271 2864 4338 μᾶλλον
2899 4271 2976 4333 ὡς
3006 4271 3068 4324 ὲκ
3091 4271 3237 4326 δυοῖν
3268 4273 3300 4342 ἢ
3338 4272 3396 4338 ἐξ
3425 4274 3545 4338 ἑνὸς
3591 4281 3751 4345 προῖ-

2163 4359 2302 4424 ἑναι,
2339 4358 2428 4413 διὰ
2458 4361 2519 4413 τὸ
2545 4359 2647 4428 τὴν
2679 4359 2756 4424 ὡς
2783 4358 2921 4425 εἶδος
2949 4361 3124 4434 ἀρχὴν
3160 4363 3293 4432 μίαν
3318 4359 3462 4418 εἷναι
3500 4357 3604 4420 καῖ
3643 4367 3749 4438 τὴν

481 4451 732 4526 prodeat,
764 4451 820 4507 id
863 4465 974 4506 non
1008 4449 1180 4524 magis
1215 4458 1272 4504 ut
1313 4463 1382 4504 ex
1413 4449 1628 4505 duobus
1659 4466 1820 4521 quam
1851 4467 1918 4507 ex
1951 4469 2060 4509 uno

2173 4450 2342 4521 αὐτὴν
2374 4451 2596 4524 ἀριθμῷ
2628 4452 2720 4506 καὶ
2753 4453 2938 4524 ἄκρως
2992 4456 3146 4524 μίαν.

479 4551 734 4624 prodeat,
759 4547 889 4620 quia
923 4545 1283 4617 principium,
1318 4543 1467 4615 quod
1503 4545 1656 4601 velut
1685 4546 1898 4616 species
1954 4559 2268 4624 est,_unum
2327 4549 2587 4620 idemque
2643 4563 2876 4603 numero
2927 4555 2982 4602 et
3031 4563 3193 4618 quam
3273 4550 3510 4604 maxime
3573 4567 3752 4608 unum

481 4654 585 4702 εει.

553 4737 681 4794 Haec
722 4736 866 4791 dicta
896 4742 1024 4790 sunt
1052 4733 1121 4789 ad
1170 4741 1244 4799 te,
1283 4734 1622 4788 sanctissime
1672 4730 1893 4789 domine
1917 4776 1932 4802 ,
1968 4733 2061 4804 qui

482 4832 682 4886 melius
712 4830 872 4884 nobis
921 4843 986 4884 ea
1035 4828 1180 4882 nosti
1230 4841 1294 4881 ac
1344 4826 1515 4880 multa
1546 4841 1645 4895 pro
1678 4824 1780 4880 hac
1834 4828 2063 4881 veritate

481 4925 722 4980 libenter
767 4937 963 4996 passus
1017 4935 1118 4986 es;
1164 4920 1305 4974 dicta
1366 4935 1499 4974 vero
1543 4928 1674 4974 sunt
1733 4920 2061 4976 obedientia‘:

482 5031 651 5073 causa
681 5025 735 5071 et
768 5019 897 5086 quia
941 5028 1170 5085 prorsus
1213 5011 1368 5067 nefas
1401 5013 1714 5081 putavimus
1747 5015 1855 5067 tuis
1905 5029 2059 5068 man-

553 5185 631 5254 (1)
665 5183 878 5239 Monac.
913 5180 951 5235 ί.
975 5179 1102 5254 ἓὸθ,
1140 5177 1195 5254 b_,
1234 5175 1488 5254 syretico.

657 5255 736 5308 Ad
769 5267 939 5324 marg.
973 5251 1129 5304 rubr.
1155 5249 1228 5313 ὡς
1257 5249 1418 5317 διχῶς
1453 5249 1486 5318 ἡ
1527 5246 1670 5319 ἀρχὴ
1695 5246 1770 5311 ὡς
1801 5248 1861 5301 τὺ
1899 5247 1933 5300 ὃ
1963 5248 2056 5302 καὶ

480 5329 540 5383 τὸ
663 5323 951 5395 Κανὼνγκ

553 5393 630 5468 (δ)
664 5393 942 5468 δῖοςρίιά·
1025 5462 1042 5468 ,
1229 5460 1247 5468 __

551 5459 629 5541 (4)
658 5467 749 5524 Sic
775 5463 987 5520 Monac.
1019 5462 1058 5517 f.
1085 5462 1188 5518 250
1229 5460 1300 5530 b;
1327 5461 1491 5516 Marc.
1529 5461 1568 5516 l‘.
1597 5459 1665 5518 66
1694 5459 1747 5528 b,
1787 5461 1838 5515 ὁ.

550 5630 628 5702 (ο)
657 5629 947 5702 Yideipost
976 5611 1040 5683 S.
1065 5625 1354 5702 Thomam,
1398 5636 1454 5692 p.
1487 5635 1524 5687 ι,
1557 5634 1613 5690 q.
1643 5617 1714 5674 '56
1742 5631 1770 5672 a
1797 5618 1852 5685 2,
1878 5617 2054 5674 Plate-

479 5693 622 5757 litim,
653 5693 844 5774 Tlteol'.
883 5716 935 5769 p.
972 5713 1165 5774 l_.___(;“P-
1195 5697 1247 5774 δ’
1271 5693 1297 5765 §
1475 5762 1489 5774 .
1554 5761 1639 5774 ..η
1743 5759 1757 5774 .
1986 5761 1998 5772 .

559 5774 633 5845 (ὁ)
668 5773 800 5831 Vide
852 5759 920 5828 li.
975 5759 1158 5826 sum
1214 5759 1294 5822 ιη’
1321 5762 1514 5823 Theol.
1554 5759 2001 5832 Wirceburgensi
2033 5800 2050 5830 ,

2245 4729 2437 4786 Ταῦτα
2471 4729 2691 4800 εἴρηται
2733 4727 2831 4796 μὲν
2875 4726 3013 4797 πρὸς
3049 4725 3128 4791 σὲ,
3184 4725 3430 4780 θειότατε
3480 4728 3746 4795 δέσποτα,

2170 4825 2260 4879 τὸν
2285 4823 2486 4894 μᾶλλόν
2507 4839 2564 4875 τε
2593 4822 2752 4891 ἡμῶν
2779 4820 2966 4873 εἰδότα
2993 4823 3087 4873 καὶ
3115 4821 3286 4874 πολλὰ
3318 4822 3458 4892 ὑπὲρ
3482 4824 3581 4893 τῆς
3611 4825 3750 4894 ἀλη-

2173 4918 2325 4981 θείας
2372 4917 2578 4985 ταύτης
2628 4913 2866 4982 ἄσμενον
2911 4911 2989 4984 (7)
3051 4913 3359 4975 πεπονθότα
3386 4929 3402 4946 ο
3435 4914 3654 4984 εἴρῃται
3687 4917 3749 4969 δὲ

2169 5009 2415 5081 ὑπακοῆς
2448 5009 2634 5061 εἵνεκα
2669 5004 2765 5060 καὶ
2815 5005 2908 5059 τοῦ
2961 5008 3040 5078 μὴ
3097 5007 3309 5062 οἴεσθαι
3356 5007 3581 5078 θεμιτὸν
3606 5008 3750 5070 ὅλως

2239 5179 2317 5250 (5)
2348 5179 2462 5250 Μεν
2490 5176 2615 5250 add.
2641 5176 2851 5231 Monac.
2884 5175 2921 5230 f.
2958 5174 3084 5250 256,
3108 5174 3164 5231 b.

2237 5245 2256 5318 (
2273 5249 2305 5302 6
2322 5259 2339 5319 )
2399 5249 2477 5304 Ac
2534 5248 2580 5302 si
2641 5256 2968 5317 sequeretur
3023 5246 3400 5305 ὑποστάσεων.
3476 5245 3542 5301 L.
3610 5248 3745 5304 ἑκά-

2167 5336 2296 5390 cup.

2239 5392 2342 5462 (7)
2401 5389 2564 5445 Marc.
2622 5387 2659 5444 ί.
2724 5388 2832 5457 67,
2890 5404 2982 5443 a:

2165 5480 2289 5525 νως.

3035 5388 3272 5459 ἄσμενος
3301 5403 3315 5418 '
3377 5387 3506 5444 fort.
3565 5389 3741 5462 ἀσμέ-

2154 5627 2317 5747 Ξῖιὸι.
2348 5619 2433 5678 .Dc
2467 5617 2577 5676 Deo
2611 5617 2778 5688 trino,
2810 5627 2848 5674 t.
2891 5615 2958 5684 ll,
2995 5629 3117 5686 cap.
3164 5620 3214 5688 ί,
3259 5621 3368 5671 art.
3415 5615 3484 5684 2,
3521 5633 3579 5674 n.
3610 5616 3738 5688 568,
