4008 6166
453 271 560 341 179

1831 271 2340 350 BESSARIONIS

3607 273 3718 341 180

448 395 574 450 llacc
621 408 750 449 vero
779 392 902 450 Filii
945 393 1190 466 dignitas
1226 409 1336 449 non
1371 394 1649 452 adscititia
1687 405 1790 462 est,
1835 410 2014 465 neque

2129 393 2248 460 ᾓτδ
2299 392 2488 448 αἰτέαν·
2535 393 2676 462 μετὰ
2710 391 2805 448 τοῦ
2849 394 3065 466 Πατρδς
3089 395 3188 466 τῆς
3239 391 3332 447 τοῦ
3387 389 3709 460 Πνιύματος

443 499 510 540 ea
579 501 684 555 qua
727 485 982 542 dominus
1025 486 1194 557 pollet
1228 501 1335 557 pra:
1361 502 1545 554 servo,
1581 486 1674 542 sed
1701 502 1824 542 cum
1863 496 2025 541 natu-

449 576 582 632 ralis
618 577 714 642 sit,
762 579 896 650 quid
954 579 1117 650 plane
1160 580 1307 634 aliud
1353 581 1482 646 erit,
1516 580 1620 636 nisi
1662 580 1810 651 quod
1851 581 2026 648 Filius

448 663 573 726 cum
614 671 772 727 Patre
819 673 890 727 sit
920 687 1083 727 causa
1127 671 1439 744 hypostasis
1486 674 1723 750 Spiritus
1756 675 1930 729 sancti
1969 668 2026 728 et

448 760 614 815 simul
639 761 695 815 ei
721 761 959 831 Spiritus
980 772 1202 817 sanctus
1235 764 1307 818 sit
1325 765 1847 820 consubstantialis?
1869 764 2024 832 Quod

449 868 546 922 per
576 854 746 908 verba
785 855 872 908 illa
913 856 1173 924 majorem
1204 864 1254 909 et
1294 857 1551 926 (aqualem
1583 873 1813 928 magnus
1846 857 2033 912 declaq

451 953 534 998 rat
567 945 923 1006 Athanasius.
945 946 1100 1016 prius
1124 961 1307 1001 causa:
1334 947 1558 1009 rationi,
1591 949 1874 1017 posterius.
1896 949 2028 1003 sub-

447 1037 663 1090 stantia:
694 1036 1003 1092 clarissime
1039 1037 1312 1093 tribuens.
1345 1037 1510 1092 Juxta
1538 1039 1656 1094 haec
1680 1055 1813 1094 vero
1838 1037 2025 1094 omnia

451 1129 556 1198 ipsi
606 1129 867 1184 doctores
922 1141 978 1185 et
1029 1130 1478 1186 manifestissime
1534 1131 1726 1186 multis
1777 1133 1834 1187 ln
1886 1131 2026 1187 locis

448 1235 676 1276 suorum
725 1222 1021 1287 librorum,
1054 1223 1278 1292 quando
1327 1224 1494 1278 etiam
1535 1223 1840 1278 secundum
1876 1224 2026 1294 ipsos

449 1315 649 1369 licebat
705 1316 913 1383 absque
968 1315 1426 1384 pusillanimitate
1493 1330 1616 1385 quze
1687 1315 2025 1371 videbantur

447 1407 692 1475 edicere,
746 1409 838 1463 alii
874 1408 1096 1476 quidem
1136 1424 1202 1462 ex
1242 1407 1401 1463 Patre
1437 1424 1533 1478 per
1583 1407 1782 1462 Filium
1829 1421 2024 1479 proce-

447 1498 603 1562 dere,
638 1499 730 1553 alii
765 1514 828 1552 ex
861 1498 1021 1554 Patre
1063 1514 1161 1568 per
1191 1499 1390 1553 Filium
1422 1513 1544 1554 esse
1593 1497 1862 1569 Spiritum
1895 1503 2050 1554 sane

449 1601 600 1648 ctum
658 1591 1058 1661 deprzedicant,
1110 1591 1204 1645 alii
1253 1606 1387 1645 vero
1439 1591 1603 1646 etiam
1646 1606 1715 1646 ex
1770 1591 1929 1646 Patre
1969 1600 2027 1647 et

448 1683 611 1748 Filio,
648 1683 796 1755 quod
829 1699 962 1739 sane
1005 1682 1159 1737 haud
1189 1683 1394 1736 frustra
1425 1681 1688 1736 dixerunt
1733 1696 1913 1752 neque
1951 1683 2022 1736 ita

438 1776 772 1847 simpliciter
811 1776 1198 1846 protulissent,
1245 1775 1289 1828 si
1343 1789 1453 1828 non
1503 1773 1810 1840 novissent,
1860 1773 2025 1828 etiam

451 1871 652 1927 Filium
689 1869 754 1924 ad
788 1883 910 1924 esse
942 1868 1182 1938 Spiritus
1232 1867 1408 1922 sancti
1442 1866 1650 1936 aliquid
1697 1881 1818 1920 cum
1865 1863 2026 1921 Patre

447 1963 727 2019 conferre.
758 1961 990 2028 Quando
1039 1961 1226 2031 itaque
1271 1975 1394 2029 qua:
1430 1959 1692 2014 videntur
1738 1959 2026 2014 sententia:

451 2064 558 2109 tua
587 2051 924 2124 patrocinari
959 2053 1212 2122 exponis,
1239 2060 1460 2122 Oportet
1492 2059 1543 2106 te
1567 2051 1734 2106 etiam
1764 2050 2022 2116 aliormn,

447 2165 569 2220 qua:
605 2164 635 2204 a
671 2134 993 2203 doctoribus
1025 2147 1171 2202 dicta
1201 2155 1354 2210 sunt,
1393 2145 1710 2200 meminisse
1740 2152 1905 2214 atque
1932 2158 2026 2198 co-

449 2240 594 2301 nari,
639 2249 700 2295 ut
742 2247 937 2294 cuncta
985 2238 1090 2293 sibi
1147 2238 1510 2292 consonantia
1567 2237 1851 2303 ostendas,
1913 2251 2024 2289 non

448 2347 580 2389 vero
630 2343 911 2404 segmenta
946 2347 1009 2387 ac
1066 2330 1305 2386 frustula
1345 2345 1413 2385 ex
1441 2346 1632 2386 eorum
1681 2330 1840 2386 libris
1876 2329 2027 2385 acci-

449 2423 691 2495 pientem
727 2426 936 2496 reliqua
989 2425 1128 2480 mala
1157 2433 1275 2480 arte
1307 2424 1673 2480 abscondere.
1705 2424 1839 2480 lllud
1874 2425 2021 2480 enim

451 2518 697 2590 magistri
733 2528 844 2584 est,
875 2518 978 2573 hoc
1009 2534 1143 2573 vero
1174 2518 1516 2587 impudentis
1553 2517 1816 2587 sophista:
1839 2532 1977 2586 opus
2007 2536 2022 2584 ;

449 2611 586 2668 illud
639 2612 926 2666 veritatem
980 2611 1306 2676 scrutantis,
1346 2611 1451 2666 hoc
1480 2609 1673 2666 oculos
1710 2610 2026 2666 voluntarie

445 2718 640 2760 contra
680 2705 867 2758 lumen
902 2702 1272 2758 occludentis.
1323 2701 1529 2756 Verum
1559 2701 1934 2772 insipientiam
1971 2711 2028 2757 et

449 2800 815 2870 nugacitatem
867 2797 1072 2851 asseris
1119 2811 1264 2860 esse,
1325 2797 1537 2862 dicere,
1573 2811 1602 2849 a
1642 2796 1754 2851 Deo
1800 2796 2025 2866 quidem

451 2891 614 2947 Patre
645 2901 955 2947 creaturam
990 2890 1370 2946 exsistenoiam
1420 2890 1650 2955 habere,
1675 2888 2023 2945 eﬂormatam

447 3001 581 3040 vero
630 2993 688 3039 et
733 2965 982 3039 ornata'm
1017 2998 1140 3038 esse
1170 2999 1269 3053 per
1298 2983 1524 3045 Filium.
1573 2992 1627 3038 et
1681 2997 2024 3054 quaecunque

447 3080 536 3135 his
586 3079 810 3134 similia.
841 3077 1144 3147 Gregorius
1177 3087 1361 3133 autem
1396 3077 1716 3148 'l‘beologus
1743 3077 1858 3146 (ille
1889 3092 2020 3155 sane
2047 3087 2090 3145 ε

445 3189 556 3229 non
610 3176 773 3242 paulo
807 3174 1044 3237 doctior,
1079 3173 1200 3241 plus
1233 3173 1442 3242 aliquid
1485 3172 1637 3227 novit
1669 3187 1836 3243 super
1872 3181 2020 3228 tuam

443 3266 891 3335 grammaticam)
922 3281 1030 3318 non
1059 3265 1438 3334 insipientiam
1479 3272 1536 3318 et
1567 3264 1935 3335 nugacitatem
1968 3263 2021 3317 id

442 3360 735 3426 reputavit.
759 3356 914 3412 Sicut
937 3359 1081 3411 eiiim
1115 3357 1318 3411 dixerit
1343 3355 1508 3412 Deum
1545 3359 1601 3412 in
1639 3357 1816 3413 tribus
1840 3358 2022 3414 maxi-

447 3450 550 3503 mis
594 3459 762 3514 stare,
797 3464 988 3508 causa.
1023 3439 1315 3503 conditore
1379 3459 1433 3503 et
1464 3459 1932 3515 consummatore,
1965 3450 2024 3503 in

446 3540 608 3596 Patre
636 3551 694 3595 et
721 3541 862 3594 Filio
883 3549 942 3595 et
982 3539 1192 3610 Spiritu
1227 3551 1446 3605 sancto.
1494 3544 1567 3598 ita
1603 3557 1738 3598 sane
1787 3542 2020 3607 diceret,

446 3634 492 3688 si
538 3634 687 3689 hunc
722 3633 776 3688 in
814 3634 1038 3688 modum
1079 3644 1364 3705 oporteret
1395 3651 1711 3691 sermonem
1749 3636 2021 3706 proferre,

452 3728 642 3782 mundi
688 3728 860 3782 Deum
908 3727 1125 3782 Patrem
1173 3744 1296 3784 esse
1325 3745 1572 3795 causam,
1606 3730 1803 3785 Filium
1839 3730 2028 3785 condi-

450 3828 650 3885 torem,
682 3821 952 3890 Spiritum
986 3829 1238 3878 sanctum
1277 3834 1781 3878 consummatorem
1808 3841 1823 3888 ;
1852 3839 2026 3893 quan-

447 3928 611 3984 quam
662 3930 785 3968 cum
821 3913 965 3968 idem
1001 3915 1315 3985 signiﬁcent
1352 3915 1469 3971 haec
1515 3919 1760 3982 nomina,
1797 3916 2025 3973 deduci-

445 4014 538 4060 tur
583 4007 710 4062 inde
763 4011 930 4062 etiam
991 4018 1103 4064 tres
1157 4023 1423 4079 personas
1467 4009 1632 4064 simul
1674 4025 1841 4063 unam
1897 4025 2023 4066 esse

454 4115 641 4154 rerum
674 4109 988 4156 creat-arum
1039 4115 1300 4167 causam;
1355 4101 1615 4170 quaelibet
1665 4103 1815 4156 enim
1861 4103 2024 4158 trium

453 4207 809 4262 personarum
844 4194 960 4249 haec
997 4194 1182 4250 omnia
1229 4202 1337 4258 est,
1365 4193 1513 4263 quod
1547 4210 1614 4249 ne
1649 4174 1768 4265 ipse
1805 4197 2028 4264 quidem

447 4288 756 4356 negaveris,
787 4302 968 4357 neque
1002 4287 1241 4341 alterum
1268 4285 1339 4340 ab
1375 4287 1553 4362 altero
1584 4296 1899 4343 removetur
1931 4305 2030 4360 per

445 4378 780 4433 divisionem
809 4393 1001 4433 earum
1059 4377 1488 4449 particularum,
1524 4388 1585 4433 ut
1612 4389 1668 4433 tu
1705 4381 2024 4447 somniari‘s,

449 4485 639 4524 verum
671 4471 857 4527 omnia
889 4471 1148 4526 omnibus
1177 4472 1565 4527 contenientia
1595 4473 2024 4544 quodlibeteui-

445 4561 583 4617 libet
613 4578 978 4633 personarum
1033 4566 1250 4631 tribuit,
1300 4566 1614 4621 rationibus
1646 4567 1910 4622 nimirum
1943 4567 2028 4622 di-

448 4655 646 4708 versis.
686 4653 802 4709 [loc
846 4670 978 4711 vero
1033 4658 1213 4731 ipsum
1273 4659 1438 4712 etiam
1499 4659 1812 4727 exemplum
1871 4668 2026 4713 tuum

447 4762 640 4802 versus
675 4749 838 4803 tinem
869 4750 1130 4814 ostendit,
1151 4765 1314 4821 quam
1342 4751 1724 4819 imprudenter
1749 4760 1806 4805 et
1833 4752 2025 4806 nescio

449 4856 556 4910 qua
593 4841 884 4897 inscientia
917 4843 987 4897 sit
1019 4842 1332 4898 inductum.
1365 4842 1628 4913 Opinaris
1655 4845 1824 4910 enim,
1853 4859 2031 4914 quan-

449 4934 520 4987 do
569 4932 830 4998 dicimus.
889 4935 1242 5004 beneplacito
1295 4936 1474 4991 Patris
1524 4943 1585 4989 et
1639 4937 2030 5004 cooperatione

458 5027 700 5096 Spiritus
739 5031 917 5083 sancti
957 5029 1356 5084 incarnationis
1389 5028 1862 5098 dispensationem
1910 5046 2032 5086 esse

461 5119 685 5183 factam,
719 5122 890 5176 verba
947 5123 1062 5177 IIIBC
1089 5123 1319 5177 omnino
1351 5121 1579 5176 diﬂcrre
1607 5132 1664 5177 et
1694 5122 1926 5176 alterum
1961 5121 2032 5174 ab

457 5215 630 5267 altero
663 5216 912 5282 excludi;
947 5215 1052 5270 hoc
1083 5231 1214 5270 vero
1263 5215 1348 5269 vel
1389 5214 1634 5284 cogitare
1666 5214 1810 5270 absit
1838 5223 2028 5284 utpote

456 5305 869 5375 blaspbcmum.
905 5309 1040 5364 Nam
1096 5317 1154 5363 et
1205 5308 1448 5377 Spiritus
1479 5308 1656 5362 sancti
1687 5307 2031 5377 bencplacito

458 5397 821 5455 nihilominus
853 5417 1018 5471 quam
1059 5401 1238 5455 Patris
1267 5411 1323 5454 et
1369 5401 1538 5454 etiam
1573 5399 1744 5467 ipsius
1790 5401 1912 5454 Filii
1947 5400 2034 5454 in-

455 5493 797 5548 carnalionis
820 5495 1156 5566 mysterium
1188 5493 1566 5562 dispensatum
1600 5502 1719 5560 est;
1779 5492 1909 5547 licet
1952 5503 2034 5548 ta-

459 5596 589 5637 men
617 5585 993 5643 dividentibus
1023 5603 1120 5657 per
1146 5585 1447 5657 particulas
1476 5586 1859 5658 conjunctivas
1887 5586 2036 5642 dice-

527 5703 603 5776 (l_)
650 5702 794 5776 Men.
833 5704 881 5776 [.7
929 5704 1036 5760 255
1069 5707 1122 5772 Ι),
1158 5707 1485 5776 Καμμιεοντι

2130 486 2480 550 ὑποστάσεως
2515 484 2651 540 εἶναι
2683 489 2776 543 καὶ
2819 487 2937 558 ἅμα
2971 487 3258 558 όμοούσιον
3289 482 3439 555 αὑτῷ
3474 479 3618 536 εἶναι
3650 482 3708 534 τὸ

2131 575 2389 646 Πνεῦμας
2430 579 2495 630 Ὃ
2527 578 2621 632 διὰ·
2644 578 2740 632 τοῦ
2763 577 3010 648 μείζονα
3041 580 3142 634 καὶ
3170 579 3310 632 ἶσον
3335 579 3366 632 ό
3406 579 3584 648 μέγας
3613 577 3708 644 δη-

2127 668 2210 720 λοῖ
2263 668 2603 735 Ἀθανάσιος,
2647 673 2704 724 τὸ
2740 673 2842 740 μὲν
2888 671 2965 742 τῷ
2997 672 3178 740 αἰτίῳ,
3210 670 3272 724 τὸ
3302 669 3356 723 δὶ
3384 670 3575 730 οδσίας
3613 685 3712 722 σα-

2129 760 2373 828 φέστατα
2403 761 2710 825 ἀποδιδούς.
2767 763 2928 834 Παρά
2957 764 3137 817 πάντα
3166 763 3225 816 δδ
3255 762 3430 815 ταῦτα
3476 762 3526 814 oi
3554 761 3713 814 αὐτοὶ

2129 853 2445 907 διδάσκαλοι
2502 855 2595 910 καὶ
2647 857 2967 925 σαφέστατα
3007 852 3278 925 πολλαχοῦ
3332 853 3441 906 τῶν
3495 852 3714 907 ἑαυτῶν

2126 945 2326 1014 λόγων,
2361 948 2449 1000 ὅτι
2479 947 2573 1000 καὶ
2607 947 2733 1002 καθ’
2761 948 2960 1011 αὐτοὺς
2990 947 3117 1015 ἐξῆν
3146 947 3276 1001 ἄνευ
3305 944 3609 1015 ὑποστολῆς
3641 943 3710 998 τὰ

2127 1039 2390 1094 δοκοῦντα
2445 1041 2650 1109 λέγειν,
2685 1040 2735 1093 oi
2787 1040 2887 1111 μὲν
2928 1042 2990 1092 ἐκ
3024 1038 3233 1109 Πατρδς
3271 1038 3341 1092 δι’
3374 1037 3504 1091 Υίοῦ
3543 1040 3709 1091 ἐκπο-

2130 1134 2411 1204 ρεύεσθαι,
2449 1135 2499 1188 οἱ
2521 1134 2576 1189 δὲ
2604 1135 2667 1187 lx
2701 1134 2916 1204 Πατρδς
2953 1134 3022 1187 δι’
3059 1132 3192 1186 Υιοῦ
3220 1127 3362 1187 εἶναι
3391 1133 3450 1185 τδ
3482 1131 3707 1199 Πνεῦμα

2129 1226 2472 1294 θεολογοῦσιν
2497 1243 2513 1258 ο
2550 1228 2600 1280 oi
2632 1227 2688 1280 δὲ
2721 1227 2780 1280 ἐκ
2813 1225 3030 1297 Πατρδς
3060 1225 3156 1279 καὶ
3183 1223 3337 1290 Υἱοῦ,
3369 1225 3468 1278 οὐκ
3495 1224 3561 1278 ἂν
3604 1224 3707 1292 μά·

2125 1337 2226 1390 την
2256 1320 2428 1375 ταῦτα
2463 1321 2746 1392 εἰρηκότες
2777 1321 2872 1398 και
2922 1319 3098 1380 οὕτως
3129 1318 3322 1384 ἀπλῶς
3369 1317 3710 1389 ἀπορρίψαν-

2124 1428 2239 1477 τις,
2288 1413 2336 1464 τί
2375 1413 2448 1482 μή
2499 1430 2551 1465 τι
2589 1413 2683 1465 καὶ
2728 1413 2822 1465 τὸν
2855 1412 2986 1467 Υίδν
3038 1412 3262 1484 ᾔδεισαν
3308 1411 3389 1482 τῷ
3440 1407 3584 1464 εἶναι
3613 1409 3708 1463 τοῦ

2129 1503 2448 1574 [πνεύματος
2483 1504 2581 1557 σὺν
2607 1504 2686 1574 τῷ
2718 1505 2892 1576 Πατρὶ
2919 1503 3386 1575 συμϐαλλόμενον.
3416 1502 3587 1556 Ὅταν
3615 1497 3710 1556 οὖν

2127 1597 2195 1650 τὰ
2229 1595 2492 1650 δοκοῦντά
2520 1613 2614 1650 σου
2641 1598 2709 1666 τῇ
2739 1596 2868 1669 δόξῃ
2897 1599 3226 1669 συνηγορεῖν
3258 1595 3508 1666 emtam,
3538 1596 3620 1648 δεῖ
3649 1610 3708 1647 σι

2129 1689 2358 1744 καὶτῶν
2392 1689 2569 1745 ἀλλων
2617 1692 2731 1752 τοῖς
2762 1689 3105 1753 διδασκάλοις
3147 1681 3463 1760 εἰρημένων
3497 1687 3710 1758 μιμνῆ-

2131 1783 2281 1849 σΘαι,
2331 1782 2426 1836 καὶ
2456 1783 2635 1836 πάντα
2666 1783 2964 1852 πειρᾶσθαι
3014 1782 3286 1853 σύμφωνα
3340 1781 3516 1846 δεῖξαι
3550 1780 3713 1849 ἀλλη-

2127 1873 2262 1937 λοις,
2289 1874 2425 1928 ἀλλά
2459 1873 2534 1945 μὴ
2564 1891 2622 1927 τε
2632 1874 2803 1945 μάχιά
2829 1892 2954 1929 τινα
2983 1875 3092 1929 τῶν
3121 1864 3350 1929 ἐκείνων
3369 1875 3547 1943 λόγων
3576 1873 3708 1926 ξιπο-

2128 1967 2479 2037 λαμϐάνοντα
2520 1970 2588 2022 τὰ
2619 1968 2783 2021 λοιπά
2829 1959 3164 2039 κακούργως
3225 1965 3704 2036 ἀποκρύπτεσθαι.

2140 2059 2347 2113 Ἐκεῖνο
2407 2060 2508 2131 μὲν
2561 2059 2671 2132 γὰρ
2727 2060 3075 2127 διδασκάλου,
3132 2059 3290 2114 τοῦτο
3336 2059 3393 2112 δὲ
3449 2057 3707 2129 σοφιστοῦ

2128 2151 2485 2223 ἀναισχύντου
2519 2153 2679 2223 ἔργον
2705 2169 2719 2184 ο
2752 2157 2974 2208 κάκεῖνο
3005 2154 3104 2223 μὲν
3129 2157 3228 2224 τὴν
3261 2154 3520 2226 ἀλήθειαν
3553 2155 3706 2222 ἐρευ-

2129 2246 2348 2313 νῶντος,
2373 2246 2532 2300 τοῦτο
2554 2247 2596 2296 δ’
2617 2247 2798 2300 ἑκοντὶ
2827 2247 3178 2317 καμμύοντος
3201 2247 3278 2317 (ί)
3303 2245 3439 2318 πρὸς
3477 2246 3538 2299 τὸ
3568 2244 3704 2315 φῶς.

2142 2338 2284 2392 Ἄλλο
2330 2339 2649 2409 ἀδιανόητον
2701 2341 2796 2394 καὶ
2849 2341 3167 2412 ἀδολεσχίαν
3202 2339 3308 2412 φῂς
3342 2335 3505 2404 εῖναι,
3553 2341 3708 2409 παρὰ

2133 2432 2230 2504 μὲν
2252 2431 2346 2484 τοῦ
2371 2415 2507 2484 Θεοῦ
2535 2433 2629 2484 καὶ
2664 2433 2876 2504 Πατρὸς
2907 2433 3212 2501 ὑποστῆναι
3241 2431 3424 2501 λέγειν
3457 2431 3557 2503 τὴν
3592 2433 3709 2486 κτί-

2131 2545 2235 2592 σιν,
2292 2526 2634 2596 κεκοσμῆθαι
2681 2526 2736 2578 δὲ
2769 2525 2860 2580 διὰ
2893 2517 3000 2580 τοῦ
3033 2525 3186 2590 Υίοῦ,
3236 2526 3331 2579 καὶ
3371 2527 3473 2580 ὃσα
3520 2527 3704 2590 ὅμοια.
3801 2592 3803 2595 ι

2128 2619 2433 2690 Γρηγόριος
2458 2618 2514 2670 δὲ
2539 2621 2566 2671 ό
2595 2617 2853 2684 Θεολόγος
2886 2616 2967 2687 (οὐ
3001 2616 3199 2687 μικρόν
3223 2635 3279 2671 τι
3307 2617 3472 2671 πλέον
3502 2617 3708 2692 ἐκεῖνός

2129 2730 2192 2782 γε
2225 2714 2361 2784 ὑπὲρ
2396 2715 2492 2783 τὴν
2534 2711 2630 2781 σὴν
2659 2711 3056 2784 γραμματικὴν
3093 2708 3274 2772 εἰδὼς)
3323 2709 3422 2761 οὐκ
3454 2704 3709 2782 ἀδιανόή-

2127 2821 2221 2857 τον
2250 2782 2407 2856 τοῦτο
2455 2802 2565 2856 οὐδ’
2596 2801 2912 2870 ἀδολεσχίαν
2948 2782 3158 2872 ηγήστο
3186 2816 3201 2831 ⁸
3241 2800 3436 2871 ὥσπερ
3479 2801 3589 2871 γὰρ
3638 2799 3712 2868 ετ-

2132 2913 2266 2968 ρηκε
2294 2895 2428 2948 Θεὸν
2457 2895 2516 2947 ὲν
2550 2896 2730 2964 τρισὶν
2764 2893 3018 2962 ἵσταο-θαι
3053 2894 3163 2951 τοῖς
3201 2893 3508 2962 μεγίστοις,
3547 2879 3708 2968 αἰτίῳ

2131 2987 2224 3041 καὶ
2254 2985 2570 3056 δημιουργῷ
2618 2986 2714 3038 καὶ
2763 2983 3104 3053 τελειοποιῷ,
3138 2985 3198 3037 ὲν
3248 2984 3424 3054 Πατρὶ
3471 2983 3566 3036 καὶ
3598 2981 3710 3053 Tit}.

2125 3082 2217 3133 καὶ
2251 3079 2391 3149 ἁγίῳ
2423 3078 2700 3148 Πνεύματι
2729 3078 2828 3148 (‘2),
2859 3076 3034 3142 οὕτως
3057 3074 3213 3132 εἶπεν
3242 3078 3331 3142 ἂν,
3369 3079 3416 3130 εί
3441 3075 3710 3138 οὔτωίτδν

2123 3169 2280 3238 λόγον
2319 3169 2507 3239 ἐδέησε
2540 3171 2918 3238 προενεγκεῖν,
2951 3167 3048 3221 τοῦ
3079 3169 3284 3236 κόσμου
3313 3169 3404 3222 τδν
3439 3168 3542 3238 μὲν
3575 3167 3708 3221 Θεδν

2124 3264 2220 3316 καὶ
2253 3263 2470 3330 Πατέρα
2528 3257 2668 3315 εἶναι
2702 3261 2902 3326 αἰτίαν,
2949 3261 3040 3314 τὸν
3066 3261 3122 3314 δὲ
3173 3262 3299 3315 Υίὸν
3344 3262 3701 3330 δημιουργὸν,

2122 3355 2183 3408 τὸ
2216 3353 2271 3406 δὲ
2301 3353 2530 3423 Πνεῦμα
2559 3354 2893 3407 τελειοποιόν
2920 3368 2933 3381 ·
2959 3353 3135 3406 καίτοι
3159 3352 3220 3406 τὸ
3250 3353 3383 3406 αὐτὸ
3407 3352 3517 3406 τῶν
3538 3350 3705 3424 τριῶν

2122 3447 2329 3500 τούτων
2385 3447 2762 3517 σημαινόντων
2809 3447 3094 3513 ὀνομάτων
3149 3447 3290 3500 κατὰ
3318 3460 3381 3514 γε
3414 3445 3474 3498 τὸ
3507 3445 3608 3498 καὶ
3636 3443 3706 3498 τά

2123 3541 2252 3609 τρία
2278 3538 2546 3609 πρόσωπα
2578 3537 2695 3608 ἅμα
2733 3537 2832 3591 ἕνα
2867 3540 2968 3608 τῆς
3013 3537 3245 3599 κτίσεως
3280 3520 3464 3592 αἰτίαν
3514 3531 3659 3591 εἷναι
3689 3555 3705 3572 ο

2125 3629 2731 3701 πάνταογάριὲκαστον
2786 3629 2895 3682 τῶν
2945 3629 3113 3701 τριῶν
3166 3628 3482 3698 προσώπων
3534 3629 3706 3694 ἐστὶν,

2125 3723 2263 3793 ὅπερ
2293 3722 2401 3774 οὐδ’
2433 3723 2498 3775 ἂν
2531 3722 2694 3785 αὐτὸς
2726 3724 3014 3792 ἀρνήσαιο,
3049 3721 3158 3775 οὐδ’
3192 3723 3515 3791 ἀφαιρεῖται
3545 3720 3709 3773 Bau-

2129 3833 2223 3888 ρου
2257 3817 2485 3885 θάτερον
2523 3817 2612 3870 διὰ
2655 3816 2749 3870 τοῦ
2787 3816 2895 3869 τῶν
2946 3816 3264 3884 συνδέσμων
3313 3813 3520 3867 τούτων
3554 3831 3743 3886 μεριο.

2130 3907 2292 3980 σμοῦ,
2315 3909 2391 3973 ὡς
2426 3909 2594 3973 αὐτὸς
2627 3909 2994 3980 ὀνειρώττεις,
3035 3907 3172 3961 ἀλλὰ
3201 3906 3380 3958 πάντα
3412 3907 3584 3958 πᾶσιν
3613 3906 3712 3975 ἁρ-

2132 4005 2366 4076 μόζοντα
2425 4004 2662 4057 ἕκαστον
2695 4003 2946 4064 ἑκάστοις
3003 4000 3299 4053 ἀποδίδωσι
3350 3999 3458 4052 τῶν
3496 3997 3711 4070 προσώ-

2129 4116 2272 4166 πων,
2307 4098 2487 4163 λόγοις
2519 4096 2722 4166 δηλαδὴ
2757 4095 3056 4166 διαφόροις.
3086 4093 3160 4145 Τδ
3185 4094 3231 4146 δ’
3258 4093 3390 4146 αὐτὸ
3423 4095 3587 4145 τουτο
3618 4091 3710 4144 xci.

2128 4193 2190 4246 τὺ
2219 4184 2310 4245 σδν
2334 4192 2429 4244 ἐπὶ
2456 4190 2603 4243 τέλει
2631 4188 2877 4241 δείκνυσι
2908 4187 3266 4257 παράδειγμα
3294 4185 3369 4248 ὡς
3407 4183 3714 4255 ἀπερισκέ-

2131 4302 2300 4350 πτως,
2329 4285 2423 4337 καὶ
2454 4284 2555 4336 οὐκ
2577 4278 2672 4335 οἷδ’
2697 4281 2846 4343 ὅπως
2873 4279 3100 4351 ἀμαθῶς
3128 4280 3400 4349 είσαχθέν.
3421 4271 3548 4331 Ὀἴει
3583 4281 3712 4348 γαρ,

2131 4380 2206 4442 ὼς
2235 4381 2361 4433 ὅταν
2385 4376 2658 4448 λέγωμεν,
2692 4374 2912 4444 εὐδοκία
2930 4373 3024 4426 τοῦ
3055 4373 3270 4444 Πατρὸς
3295 4375 3388 4425 καὶ
3415 4374 3714 4443 συνεργιίᾳ

2132 4471 2227 4526 τοῦ
2261 4471 2583 4538 Πνεύματος
2618 4468 2713 4536 τὴν
2761 4467 3076 4536 οἰκονομίαν
3111 4453 3208 4536 τῆς
3242 4464 3718 4536 σαρκώσεως·γε-

2134 4565 2346 4632 νέοθαι,
2376 4564 2659 4631 διαφέρειν
2694 4578 2753 4614 τε
2784 4545 2851 4613 τά
2893 4561 3117 4631 ῥήματα
3149 4557 3320 4613 ταῦτα
3354 4557 3453 4610 καὶ
3479 4557 3713 4628 θάτερον

2134 4658 2494 4730 ἀφαιρεῖσθαι
2529 4656 2763 4726 θατέρου
2792 4671 2804 4684 ·
2831 4653 2992 4706 τοῦτο
3022 4655 3078 4706 δὲ
3134 4656 3230 4706 καὶ
3279 4651 3713 4721 ἐννοῆσαιδγοῦν

2135 4754 2303 4825 ἀπείη
2331 4752 2407 4815 ὡς
2436 4751 2782 4822 βλάσφημον.
2820 4751 2929 4802 Καὶ
2978 4747 3087 4819 γὰρ
3121 4749 3215 4800 καλ⁵
3246 4748 3340 4800 τοῦ
3392 4747 3712 4816 Πνεῦματος

2129 4845 2350 4917 εὐδοκία
2401 4844 2557 4898 οὐδὲν
2592 4838 2752 4914 ἦττον
2783 4841 2858 4905 ὡς
2889 4841 2982 4894 τοῦ
3017 4841 3230 4910 Πατρδς
3278 4840 3374 4893 καὶ
3418 4839 3499 4893 ἔτι
3545 4838 3708 4892 αὑτοῦ

2129 4939 2225 4995 τοῦ
2253 4938 2382 4992 Υἱοῦ
2412 4938 2471 4990 τὸ
2494 4938 2595 5007 τῆς
2629 4935 2958 5006 σαρκώσεως
2983 4937 3284 5005 μυστήριον
3315 4935 3666 5006 ᾠκονόμηται
3691 4949 3703 4962 ·

2130 5033 2308 5097 ἔξεστι
2335 5033 2391 5086 δὲ
2422 5033 2572 5100 ὅμως
2627 5029 2900 5100 διαιροῦσι
2932 5028 3018 5082 διὰ
3057 5028 3167 5080 τῶν
3210 5029 3526 5096 συνδέσμων
3559 5028 3709 5080 εὐδο-

2133 5127 2227 5198 κίᾳ
2258 5126 2359 5197 μὲν
2387 5125 2482 5178 τοῦ
2515 5123 2726 5194 Πατρὸς
2759 5123 2962 5189 λέγειν,
3005 5125 3295 5193 συνεργεξᾳ
3329 5121 3385 5174 δὲ
3411 5121 3504 5173 τοῦ
3540 5121 3706 5173 Ilvati-

2134 5237 2304 5291 ματος
2358 5219 2666 5287 γεγονέναι.
2712 5217 2922 5286 Ὥσπερ
2976 5215 3106 5283 γοῦν
3151 5215 3243 5267 ἐπὶ
3297 5213 3525 5278 τούτων,
3569 5211 3708 5265 οὕτω

2129 5314 2266 5369 κάπὶ
2313 5313 2420 5366 τῶν
2452 5311 2833 5381 προκειμένων
2856 5327 2868 5340 ·
2907 5312 2954 5364 εί
3007 5309 3098 5362 καλ¹
3147 5311 3259 5372 τοῖς
3292 5308 3618 5377 συνδέσμοις
3653 5309 3704 5360 οἱ

2129 5403 2443 5458 διδάσκαλοι
2477 5402 2750 5472 διαιροῦσι
2781 5401 2870 5454 τὸν
2897 5400 3075 5467 λόγον,
3104 5403 3204 5453 οὐκ
3238 5400 3366 5454 ἀλλο
3393 5400 3578 5470 μέντοι
3611 5400 3703 5454 1-1

2134 5495 2262 5550 ἄλλο
2293 5496 2470 5564 πάντη
2507 5499 2664 5566 φασὶ,
2700 5496 2840 5564 πλὴν
2870 5495 2994 5549 ὅσον
3018 5496 3109 5548 τὸν
3146 5495 3245 5565 μὲν
3284 5494 3506 5565 Πατέρα
3541 5496 3707 5566 ἀρχο-

2136 5590 2254 5659 ειδή
2288 5592 2383 5643 καὶ
2433 5589 2658 5662 πρώτην
2691 5589 2894 5660 αἰτίαν,
2948 5589 3036 5644 τὸν
3071 5588 3127 5642 δὲ
3174 5588 3298 5644 Υἱδν
3327 5589 3536 5644 ἐκεῖθεν
3565 5587 3704 5658 ἔχειν

536 5773 608 5843 (1')
642 5773 803 5846 Grcg.
843 5775 970 5834 Nata.
1005 5773 1270 5855 orat._2l,
1295 5773 1345 5849 p.
1384 5779 1485 5833 428
1511 5777 1597 5835 ed.
1627 5846 1630 5849 _
1663 5776 1786 5833 Bill.
1850 5781 2019 5850 (nunc
2056 5789 2137 5838 est
2171 5786 2311 5835 orat.
2339 5774 2452 5848 3i.)
