3992 6148
305 285 404 350 189

859 393 996 450 ῚὈΥ
1020 394 1331 455 ΝΙΚᾹΙᾹΣ.

373 510 529 565 Οὕτω
589 511 776 581 φαμὲν
829 512 923 567 τδν
959 512 1180 584 Πατέρα
1239 513 1334 567 καὶ
1367 514 1461 568 τὸν
1506 513 1636 567 Υίδν
1678 515 1793 583 ἄμα
1826 513 1887 567 ἓν

303 603 469 656 αἴτιον
525 603 622 658 τοῦ
673 604 1017 676 Πνεύματος,
1052 606 1128 667 ὡς
1181 607 1274 659 καὶ
1318 605 1410 660 τδν
1458 607 1680 677 Πατέρα
1725 610 1888 676 μόνον

305 697 426 768 ίδὶα,
455 695 489 767 ἢ
523 699 655 752 ὅσον
683 699 711 751 ὁ
765 697 959 769 Πατὴρ
998 699 1099 769 μὲν
1150 697 1245 766 ἀφ’
1275 699 1493 766 ἑαυτοῦ,
1523 701 1550 752 ὁ
1584 699 1713 761 Υἱὸς
1747 699 1794 752 δ’
1827 702 1890 752 ἐκ

301 790 387 843 τοῦ
420 790 640 860 Πατρδς
686 789 832 843 τοῦτ’
882 791 998 860 ἔχει
1057 790 1263 860 λαϐών..
1299 792 1410 862 Οὐχ
1462 791 1660 846 ἕπεται
1690 791 1748 846 δὲ
1797 792 1889 845 διὰ

305 883 455 937 τοῦτο
479 883 539 937 ἓν
581 884 881 957 πρόσωπον
916 886 1008 939 τὸν
1037 879 1256 956 Πατέρα
1287 887 1386 939 καὶ
1417 887 1509 938 τὸν
1543 884 1672 938 Υίὸν
1702 881 1844 938 εἶναι
1870 901 1883 914 ·

305 980 362 1030 οὐ
409 979 521 1049 γάρ
557 981 680 1032 ἐστι
733 980 1088 1049 προσωπικδν
1135 979 1192 1032 τὸ
1223 978 1566 1048 προῦάλλειν,
1603 978 1678 1041 ὡς
1727 978 1785 1029 ἐν
1828 995 1889 1030 τε

299 1067 474 1128 ἄλλοις
511 1071 613 1122 καὶ
641 1068 697 1120 ιν
729 1070 842 1131 τοῖς
883 1065 1020 1139 πρὸς
1057 1067 1117 1121 τδ
1163 1067 1382 1139 πρῶτόν
1423 1082 1516 1118 σου
1549 1066 1888 1135 ἐπιχείρημα

297 1158 593 1214 λέλεκται·
629 1157 761 1214 ὥστ’
804 1154 1184 1214 οὐδ”ὶνταῦθα
1227 1157 1405 1227 λέγεις
1452 1156 1627 1223 οὐδὲν,
1660 1156 1802 1229 μέγα
1833 1172 1887 1210 τι

299 1253 390 1306 καὶ
419 1253 724 1334 δυσνὸητον
769 1256 1015 1326 οἰόμενος
1050 1255 1469 1325 σύμπεραίνειν.

575 1480 717 1534 ΤΟΥ
757 1480 1020 1536 ΕΦΕΣυΥ
1049 1482 1206 1537 ΚΕΦ.
1238 1479 1290 1536 Z'
1338 1479 1491 1549 (ΚΝ)
1522 1481 1620 1552 (Ι).

367 1590 688 1647 Καθολικὸν
716 1609 845 1647 τινα
875 1594 1206 1665 διακρίσεως
1229 1593 1389 1662 λδγον
1431 1593 1739 1648 ἀποδιδόναι
1773 1596 1888 1660 τοῖς

299 1682 746 1757 διακρινομινοις
791 1685 999 1739 ἅπασιν
1027 1685 1077 1738 οἱ
1124 1686 1350 1740 Λατῖνοι
1403 1687 1841 1758 μεγαλαυχοῦσιν
1867 1703 1883 1719 ο

296 1775 456 1839 οὗτος
505 1777 566 1830 δέ
598 1777 811 1850 ἐπιεικῆ
845 1776 988 1831 κατὰ
1036 1778 1136 1847 τὴν
1190 1777 1324 1845 ὓλην
1359 1778 1390 1848 ἢ
1427 1779 1570 1831 κατὰ
1608 1780 1737 1850 μίαν
1777 1779 1888 1834 τῶν

298 1866 639 1922 ἀντιθέσεων
663 1867 808 1922 αὐτὰ
840 1868 1245 1938 διακρίνεσθαι.
1281 1867 1409 1920 Ὂτι
1445 1868 1548 1937 μὲν
1581 1869 1675 1922 οὖν
1704 1871 1753 1923 εί
1792 1872 1886 1924 καὶ

298 1960 392 2014 ἐπὶ
454 1958 570 2013 τῶν
622 1959 796 2013 δντων
855 1959 1065 2030 ἀληθὴς
1123 1956 1192 2032 ἦν
1238 1962 1272 2013 ’ὁ
1329 1960 1508 2028 λόγος,
1546 1962 1645 2014 οὐκ
1691 1962 1759 2017 ἂν
1815 1957 1886 2034 ἦν

299 2051 519 2124 ἀνάγκη
556 2053 893 2123 μεταφέρειν
913 2053 1076 2107 αὑτὸν
1106 2055 1246 2124 πρὸς
1273 2053 1344 2109 τά
1371 2053 1491 2107 θεῖα
1523 2055 1606 2126 (οὐ
1635 2055 1743 2126 γὰρ
1772 2059 1887 2122 τοῖς

300 2144 486 2209 αὐτοῖς
516 2145 705 2199 ἐκεῖνά
729 2161 788 2197 τε
823 2147 918 2198 καὶ
949 2145 1127 2200 ταῦτα
1154 2147 1338 2215 λόγοις
1368 2148 1704 2218 ὑπόκειται),
1731 2151 1791 2204 τό
1819 2168 1884 2222 τε

297 2236 400 2291 νῦν
429 2235 561 2307 εχον
596 2238 1017 2310 παραλελείφϐω
1037 2256 1054 2272 ο
1088 2240 1407 2309 προκείσθω
1434 2242 1492 2296 δὲ
1521 2243 1655 2314 ἡμῖν
1690 2243 1884 2314 δεῖξαι,

301 2328 384 2384 ὅτι
416 2328 532 2382 οὐδ’
562 2329 792 2384 ἐπὶτῶν
826 2330 951 2384 καθ’
972 2332 1120 2401 ἡμᾶς
1145 2332 1315 2386 ὄντων
1344 2334 1442 2388 καὶ
1473 2333 1726 2388 ὁπωσοῦν
1755 2337 1887 2406 ἡμῖν

305 2421 693 2492 ἐγνωσμένων,
725 2424 869 2491 λέγω
896 2425 960 2494 δὴ
993 2425 1104 2476 τῶν
1137 2424 1452 2495 κτισμάτων
1469 2425 1566 2497 (2),
1591 2427 1888 2495 ἀναγκαῖος

303 2513 332 2566 ὀ
359 2513 524 2582 λόγος
569 2513 680 2567 οὐδ’
710 2515 918 2585 ἀληθὴς
955 2515 1113 2582 ὅλως,
1149 2516 1210 2570 οὐ
1247 2517 1410 2586 μόνον
1451 2519 1536 2571 ὅτι
1572 2520 1633 2573 τὸ
1682 2521 1758 2591 μὴ
1792 2539 1890 2576 κα.

305 2605 464 2660 θόλου
502 2607 830 2662 ἀποδίδωσιν
865 2608 940 2670 ὡς
971 2609 1223 2674 καθόλου,
1256 2609 1372 2662 ἀλλ’
1401 2611 1484 2665 ὅτι
1513 2612 1606 2665 καὶ
1652 2614 1712 2666 ὲν
1741 2608 1820 2678 οἷς
1852 2616 1886 2687 ἡ

309 2701 470 2770 ὑλικὴ
516 2699 789 2772 διάκρισις
832 2699 864 2770 ἢ
912 2701 944 2772 ή
975 2701 1099 2755 κατ’
1133 2702 1411 2758 ἀντίθεσιν
1441 2703 1755 2774 θεωρεῖται,
1785 2707 1888 2760 οὐκ

305 2794 446 2863 αὐτὴ
495 2794 598 2866 τὴν
654 2793 834 2849 αἰτίαν
871 2795 974 2866 τῆς
1023 2795 1353 2865 διακρίσεως
1402 2796 1434 2865 ἡ
1467 2795 1567 2868 ὕλη
1597 2796 1628 2864 ῆ
1663 2798 1695 2867 ἡ
1735 2797 1886 2850 ἀντί-

305 2887 462 2951 θεσις
518 2887 652 2959 ἔχει,
691 2886 826 2941 ἀλλὰ
887 2877 1348 2959 διακεκριμένοις
1402 2889 1501 2959 ἤδη
1555 2891 1806 2963 καθάπερ
1835 2909 1886 2945 τι

311 2983 792 3059 παρακολούθημα
822 2982 1016 3036 ἕπεται
1062 2980 1272 3036 τούτων
1303 2982 1587 3054 ἑκάτερον,
1620 2987 1886 3054 ἐμφαῖνον

1300 333 1304 336 ι
1383 283 1829 350 REFUTATIO
1869 283 2110 346 MARCI
2145 283 2530 347 EPHESINI.

1914 399 1959 456 A
2643 388 2923 449 NICENI.

3472 281 3576 350 190

2065 507 2147 564 lta
2182 506 2421 563 dicimus
2447 506 2664 563 Patrem
2696 516 2753 562 et
2793 504 3000 560 Filium
3032 504 3201 562 simul
3236 523 3399 564 unam
3443 524 3574 567 cau-

1997 613 2112 653 sam
2136 614 2256 654 esse
2281 598 2522 669 Spiritus
2540 599 2739 665 sancti,
2762 598 2904 655 sicut
2923 615 3029 655 una
3055 615 3217 655 causa
3240 601 3401 657 Pater
3423 604 3575 660 solus

1996 693 2226 748 seorsim
2253 701 2338 747 est
2366 695 2449 748 vel
2481 693 2532 746 in
2557 700 2825 763 quantum
2868 695 3028 750 Pater
3056 710 3086 749 a
3111 709 3191 761 se,
3225 692 3398 749 Filius
3439 712 3571 753 vero

1996 799 2063 838 ex
2089 786 2250 840 Patre
2283 785 2389 840 hoc
2414 795 2700 856 acceptum
2731 786 2917 843 habet.
2945 787 3067 843 Non
3099 788 3353 859 sequitur
3385 800 3570 844 autem

1996 887 2314 949 prepterea,
2345 893 2508 933 unam
2539 892 2834 948 personam
2861 893 2986 934 esse
3011 879 3229 934 Patrem
3262 893 3318 935 et
3342 878 3570 936 Filium.

1997 970 2187 1042 Neque
2221 970 2369 1026 enim
2403 971 2712 1040 producere
2746 971 2862 1027 sive
2893 973 3108 1043 spirare
3143 973 3436 1043 personale
3460 983 3568 1039 est,

1999 1075 2060 1120 ut
2098 1075 2211 1119 tum
2246 1064 2299 1118 in
2335 1064 2459 1119 aliis
2489 1073 2600 1118 tum
2637 1064 2692 1118 in
2729 1064 3066 1120 refutatione
3092 1067 3254 1134 primi
3283 1067 3362 1122 tui
3405 1084 3571 1137 argu-

1997 1156 2167 1211 menti
2193 1155 2405 1212 dictum
2451 1165 2553 1213 est.
2595 1155 2783 1222 Quare
2809 1173 2988 1228 neque
3037 1158 3129 1214 hic
3160 1159 3300 1214 dicis
3335 1160 3569 1230 aliquid,

1995 1250 2128 1306 licet
2154 1265 2411 1322 magnum
2477 1253 2783 1324 quidquam
2858 1268 2924 1310 ac
2985 1252 3212 1309 difﬁcile
3284 1254 3567 1310 intellectu

2028 1344 2324 1399 oncludcre
2351 1347 2614 1414 opineris.

2384 1480 2656 1547 senss,
2699 1484 2763 1540 c.
2804 1482 2897 1539 vn
2944 1483 3186 1555 (XXIV).

2066 1593 2450 1652 Universalem
2520 1597 2815 1667 quamdam
2869 1597 3248 1653 distinctionis
3294 1597 3568 1652 rationem

1996 1690 2253 1746 omnibus
2309 1705 2436 1761 quae
2509 1690 2927 1761 distinguuntur
2987 1701 3177 1760 aptare
3238 1705 3297 1746 se
3356 1689 3569 1759 iactant

1922 1768 2209 1849 BLatini;
2269 1783 2570 1839 baacvero
2637 1793 2722 1838 est
2776 1783 2858 1837 vel
2923 1782 3228 1838 secundum
3279 1783 3564 1838 materiam

1960 1875 2080 1949 Ivel
2121 1874 2424 1930 secundum
2482 1891 2645 1930 unam
2679 1891 2744 1930 ex
2779 1874 3223 1944 oppositionibus
3269 1889 3334 1930 ea
3373 1873 3569 1928 distin-

1993 1967 2086 2036 gui
2133 1966 2256 2038 (a).
2323 1967 2480 2034 Quod
2542 1968 2709 2040 igitur
2770 1967 2900 2021 licet
2964 1967 3019 2021 in
3081 1967 3250 2022 rebus
3299 1967 3570 2022 exsisten-

1995 2057 2144 2114 tibus
2199 2074 2330 2113 vera
2385 2059 2524 2114 foret
2567 2075 2632 2116 ea
2701 2059 2997 2126 doctrina,
3054 2074 3165 2113 non
3228 2068 3410 2115 tamen
3466 2074 3568 2113 ne-

1991 2165 2147 2206 cesse
2176 2159 2322 2206 esset
2384 2165 2504 2205 eam
2561 2151 2626 2205 ad
2662 2165 2751 2205 res
2804 2149 3020 2204 divinas
3085 2149 3384 2203 transferre
3431 2147 3566 2219 (non

1992 2243 2139 2298 enim
2195 2241 2391 2297 iisdem
2457 2251 2572 2297 tum
2626 2241 2733 2296 illas
2795 2252 2912 2296 tum
2967 2241 3048 2296 liae
3103 2239 3408 2318 rationibus
3436 2239 3571 2294 sub-

1989 2331 2302 2405 jiciuntur),
2353 2332 2408 2388 id
2451 2334 2505 2387 in
2549 2333 2842 2402 praesentia
2876 2335 3364 2403 praetermittatur;
3405 2331 3564 2385 nobis

1995 2442 2145 2482 nunc
2175 2428 2555 2481 demonstrare
2607 2425 2952 2497 propositum
3004 2425 3096 2490 sit,
3155 2412 3341 2488 nefde
3393 2422 3564 2478 rebus

1995 2516 2241 2585 quidem,
2275 2533 2397 2586 qua:
2444 2531 2615 2586 penes
2666 2531 2766 2570 nos
2807 2524 2934 2571 sunt
2971 2524 3026 2569 et
3062 2514 3561 2585 quomodocunque

1948 2636 1951 2638 -
1995 2623 2025 2661 a
2056 2608 2214 2663 nobis
2252 2609 2508 2678 cognitae,
2543 2607 2612 2662 de
2661 2610 2843 2672 rebus,
2900 2608 3145 2676 inquam,
3195 2609 3420 2673 creatis,
3464 2622 3561 2662 ne-

1994 2699 2291 2756 cessariam
2348 2715 2471 2755 esse
2525 2701 2667 2755 hanc
2714 2701 3024 2758 doctrinam
3089 2716 3267 2771 neque
3329 2715 3563 2770 prorsus

1995 2809 2215 2858 veram;
2248 2809 2354 2848 non
2392 2794 2590 2861 solum,
2623 2796 2750 2864 quia
2781 2795 2930 2866 quod
2979 2810 3088 2850 non
3132 2804 3216 2849 est
3253 2792 3565 2848 universale

1996 2893 2256 2956 tanquam
2289 2886 2600 2942 universale
2644 2889 2924 2957 proponit,
2975 2887 3070 2942 sed
3120 2887 3287 2942 etiam
3329 2887 3458 2956 quia
3504 2897 3564 2941 et

1995 2979 2052 3034 in
2104 2980 2304 3048 quibus
2357 2980 2662 3035 materialis
2718 2980 3002 3035 distinctio
3061 2980 3146 3035 vel
3195 2993 3259 3034 ea
3307 2994 3430 3050 qua
3475 2990 3568 3034 est

311 3079 554 3152 μὲν,ὃτι
585 3077 680 3130 καὶ
733 3074 856 3130 κατ’
909 3074 1043 3129 αὐτὸ
1091 3074 1430 3145 διακρίνεται
1489 3075 1558 3129 τά
1612 3076 1889 3148 διακεκρι-

1993 3071 2298 3127 secundum
2354 3071 2762 3143 oppositionem
2826 3071 3234 3136 consideratur,
3283 3087 3388 3125 non
3447 3071 3565 3140 ipsa

313 3173 476 3243 μένα,
541 3168 644 3241 τῆς
703 3169 762 3222 δὲ
818 3167 1153 3239 διακρίσεως
1229 3167 1400 3221 αἴτιον
1475 3165 1536 3220 ὃν
1611 3167 1889 3238 οὐδαμῶς.

309 3265 597 3322 Σκεπτέον
632 3264 691 3318 δὲ
724 3265 934 3329 οὕτως*
963 3265 997 3335 ἡ
1027 3262 1129 3336 ὕλη
1178 3262 1300 3317 καθ’
1334 3264 1505 3335 αὐτήν
1540 3267 1690 3319 ἐστιν
1714 3264 1890 3319 ἀδιαί-

244 3430 251 3432 _
313 3377 467 3431 ρετος
495 3375 511 3392 ⁸
558 3356 750 3430 ὥσπερ
796 3357 907 3427 γὰρ
957 3357 1172 3419 ἄποιος,
1223 3354 1366 3408 οὕτω
1399 3358 1492 3409 καὶ
1539 3357 1787 3422 άποσος⁶
1830 3359 1891 3413 τὸ

309 3453 520 3511 άποσσν
546 3451 604 3505 δὲ
631 3450 943 3519 ἀδιαίρετον
960 3465 975 3481 ·
1009 3449 1071 3502 τὸ
1096 3447 1412 3518 ἀδιαίρετον
1436 3448 1493 3502 δὲ
1528 3446 1847 3520 ἀδιάκριτον
1868 3466 1884 3484 ο

307 3553 340 3610 ὃ
366 3556 424 3610 δὲ
455 3553 583 3610 καθ’
614 3553 747 3609 αὐτὸ
779 3555 855 3623 μὴ
900 3554 1200 3624 διαιρεῖται
1249 3553 1342 3608 καὶ
1372 3553 1739 3624 διακρίνεται,
1775 3555 1892 3617 πῶς

312 3650 378 3704 ἂν
406 3651 586 3720 ἑτέρῳ
613 3649 713 3718 τὴν
759 3647 940 3701 αἰτίαν
970 3646 1204 3717 παρέχοι
1251 3645 1349 3717 τῆς
1399 3645 1764 3716 διακρίσεωςς
1797 3648 1891 3702 καὶ

309 3741 339 3796 ὃ
388 3741 493 3813 τὴν
545 3741 842 3812 ἑτερότητα
901 3738 976 3811 μὴ
1032 3739 1324 3807 προσίεται
1381 3741 1556 3808 (πᾶσα
1616 3740 1727 3812 γὰρ
1787 3739 1889 3810 ὕλη

314 3835 471 3908 πάσῃ
505 3834 608 3906 ὕλῃ
646 3834 792 3888 ἐστὶν
817 3832 1120 3906 ἀδιάφορος
1164 3831 1310 3885 κατὰ
1343 3835 1433 3888 τὸν
1461 3834 1660 3888 οἰκεῖον
1684 3832 1886 3909 λόγον),

315 3932 435 3995 πῶς
470 3931 538 3986 ἂν
563 3930 770 4001 ἑτέροις
798 3929 969 3984 αἴτιον
1002 3930 1214 3999 γένοιτο
1245 3930 1342 3984 τοῦ
1398 3929 1608 4010 ἑτέροις
1641 3930 1891 4003 ἀλλήλων

317 4022 501 4095 sim;
535 4024 678 4080 ’Δλλ’
728 4025 812 4079 δτι
863 4023 925 4078 τὸ
953 4025 1152 4104 ,ὑλικὸν
1207 4024 1370 4097 σῶμα
1418 4025 1543 4079 κατ’
1593 4025 1764 4098 αὐτὴν
1794 4026 1892 4098 τὴν

315 4105 452 4193 Ελήν
485 4124 568 4185 εἰς
597 4121 742 4193 μέρη
776 4118 919 4174 ποσὰ
961 4119 1215 4190 διῄρηται
1244 4121 1334 4173 καὶ
1380 4118 1499 4172 ἔστι
1543 4118 1729 4172 λαϐεῖν
1760 4121 1890 4172 ἕκα-

317 4234 446 4272 στον
476 4216 686 4269 τούτων
740 4214 835 4268 καὶ
882 4212 987 4267 ἀνὰ
1031 4210 1418 4284 μέροςθεῖναι
1449 4212 1544 4265 καὶ
1571 4210 1742 4276 δεῖξαι
1771 4212 1892 4267 τόδε

314 4325 369 4364 τι
409 4308 470 4363 ὃν
530 4306 628 4362 καὶ
677 4304 779 4374 οὐχ
828 4303 970 4374 ὅπερ
1025 4302 1252 4375 ἕτερον,
1303 4301 1464 4373 ὑλικὴ
1515 4302 1787 4373 διάκρισις
1831 4303 1892 4357 τὸ

315 4399 561 4455 τοιοῦτον
613 4396 899 4451 καλεῖται’
947 4393 1106 4448 τοῦτο
1153 4392 1211 4446 δὲ
1258 4393 1318 4446 οὐ
1371 4392 1471 4464 τὴν
1525 4391 1660 4464 ὓλην
1712 4393 1892 4446 αἰτίαν

318 4492 529 4560 εἰσάγει
561 4490 662 4562 τῆς
706 4486 1033 4557 διακρίσεως
1069 4484 1211 4556 (πῶς
1255 4484 1365 4554 γὰρ
1418 4486 1517 4555 τὴν
1560 4485 1684 4539 καθ’
1718 4485 1892 4555 αὐτὴν

318 4585 635 4653 ἀδιάκριτον
655 4581 720 4651 ;),
756 4564 896 4634 ἀλλὰ
948 4578 1048 4649 τὴν
1095 4577 1239 4631 κατὰ
1288 4577 1388 4648 τὴν
1439 4576 1581 4648 ὕλην
1606 4576 1893 4649 διαίρεσιν,

317 4677 413 4745 ἀφ,
440 4670 508 4747 ἦς
540 4673 635 4726 καὶ
667 4672 725 4726 τὸ
771 4670 939 4724 ποσὸν
992 4670 1104 4732 τοῖς
1153 4666 1594 4738 διακρινομένοις
1641 4667 1852 4724 ἔπεισιν
1876 4687 1892 4702 ·

319 4767 511 4837 ὥσπερ
542 4762 765 4819 καὶτοῦ
814 4763 1059 4832 ἐνεργεῖν
1095 4762 1156 4813 οὐ
1206 4759 1267 4813 ab
1313 4754 1452 4823 εἶδος
1499 4761 1613 4823 τοῖς
1647 4761 1895 4832 σώμασιν

321 4862 496 4915 αἴτιον
527 4857 668 4930 (πῶς
693 4856 802 4930 γὰρ
827 4856 886 4909 τὸ
917 4854 1040 4909 καθ’
1081 4854 1216 4909 αὐτὸ
1248 4855 1550 4925 άνέργητον
1572 4854 1613 4925 ;)
1650 4855 1750 4926 (3),
1779 4856 1894 4910 ἀλλ’

321 4955 354 5023 ἡ
386 4951 524 5022 πρὸς
573 4950 674 5021 τὴν
705 4949 837 5020 ὓλην
880 4948 1044 5001 αὐτοῦ
1098 4947 1350 5009 σύνοδος·
1383 4947 1444 4999 οὐ
1477 4947 1586 5018 γὰρ
1634 4947 1688 4999 εί
1733 4967 1784 5000 τι
1818 4947 1896 5020 τῷ

326 5048 565 5116 συνθέτῳ
599 5042 745 5097 κατά
775 5059 828 5095 τι
859 5041 968 5095 τῶν
1007 5042 1067 5095 ὲν
1095 5040 1244 5112 αὐτῷ
1282 5040 1471 5093 ἁπλῶν
1501 5040 1762 5112 ὑπάρχει,
1800 5043 1896 5095 καὶ

323 5137 402 5210 τῷ
436 5136 593 5209 ἁπλῷ
644 5137 850 5210 κυρίως
911 5135 1146 5206 ὑπάρξει
1188 5134 1264 5206 (4)
1290 5150 1302 5163 ⁸
1334 5132 1446 5187 οὔτ’
1490 5135 1597 5205 ἄρα
1643 5136 1721 5205 τῷ
1769 5136 1896 5189 εἴδει

325 5231 385 5287 τὸ
431 5218 676 5304 ἐνεργεῖν
724 5230 986 5301 ὑπάρχει,
1025 5219 1304 5298 καίτοιγε
1346 5226 1485 5281 κατὰ
1517 5228 1579 5282 τὸ
1608 5224 1749 5292 εἶδος
1787 5231 1897 5294 τοῖς

397 5367 472 5438 (ι)
505 5367 572 5438 ιη,
596 5365 804 5421 Monac.
833 5365 939 5420 256
967 5364 1006 5421 ί.
1034 5365 1139 5420 299
1169 5381 1198 5438 a
1227 5375 1310 5421 est
1339 5379 1459 5434 cap.
1497 5365 1589 5420 25.

399 5435 714 5511 (2);:t‘erba
745 5437 1336 5511 .lé}m_1xttcu_dtmv,
1392 5451 1514 5506 quae
1581 5435 1782 5491 desunt
1834 5436 1891 5492 in

327 5506 471 5567 Ion;
495 5507 587 5576 27,
620 5523 693 5564 ex
731 5507 858 5563 cod.
883 5506 991 5562 256
1014 5508 1414 5577 supplevimus.

392 5693 482 5766 (α),
513 5691 762 5766 Respicit
790 5691 863 5766 ad
877 5760 881 5763 I
904 5692 968 5748 Ι).
996 5689 1247 5766 ῌΤίιοιιιιο
1285 5687 1571 5766 AAqninaIis

330 5759 725 5836 tclii'Thcol'og.
761 5778 815 5836 p.
850 5760 890 5832 Ι,
913 5778 967 5820 c.
993 5762 1046 5830 5,
1083 5761 1110 5834 §
1149 5763 1200 5830 5,
1229 5779 1283 5817 n.
1309 5759 1417 5814 ΞΜ
1437 5776 1554 5832 aeq.

1992 3161 2223 3216 materia
2255 3161 2342 3216 vel
2381 3162 2660 3232 oppositio
2699 3175 2925 3217 causam
2957 3161 3122 3215 habet
3161 3161 3564 3224 distinctionis.

1990 3267 2182 3308 verum
2207 3253 2318 3324 jam
2348 3253 2644 3308 distinctas
2693 3267 2783 3308 res
2819 3252 3016 3308 borum
3061 3262 3361 3324 utrumque
3411 3255 3566 3311 velut

1991 3360 2350 3416 consequens
2383 3345 2662 3415 quoddam
2695 3346 2972 3416 sequitur,
3009 3345 3298 3401 declarans
3337 3346 3560 3414 quidem

1989 3453 2053 3494 ea
2082 3453 2207 3507 qute
2251 3439 2515 3494 distincta
2564 3446 2718 3502 sunt,
2784 3440 2951 3493 etiam
3014 3439 3319 3496 secundum
3379 3440 3560 3510 ipsum

1991 3532 2278 3602 distingui,
2299 3532 2673 3588 distinctionis
2695 3548 2826 3588 vero
2844 3547 3006 3587 causa
3025 3533 3250 3589 minime
3264 3535 3563 3591 exsistens.

1989 3624 2398 3682 Consideranda
2446 3641 2578 3681 vero
2616 3641 2704 3681 res
2735 3634 2818 3680 est
2863 3626 2969 3681 hoc
3017 3637 3191 3695 pacto.
3220 3624 3443 3681 Materia
3473 3641 3561 3681 se-

1991 3719 2230 3776 cundum
2249 3734 2306 3773 se
2325 3727 2410 3772 est
2426 3704 2808 3783 indivisibilis;
2831 3733 2955 3773 nam
2974 3727 3032 3772 ut
3052 3719 3171 3773 sine
3186 3719 3470 3789 qualitate,
3491 3719 3566 3774 ita

1992 3821 2048 3867 et
2073 3811 2190 3867 sine
2206 3812 2514 3881 quantitate
2537 3819 2642 3875 est,
2664 3811 2810 3880 quod
2835 3826 2964 3866 vero
2984 3810 3104 3866 sine
3126 3813 3430 3880 quantitate
3456 3819 3564 3876 est,

1995 3905 2332 3961 indivisibile
2362 3917 2469 3973 est;
2512 3904 2846 3960 indivisibile
2882 3917 3010 3958 vero
3038 3913 3123 3959 est
3157 3903 3562 3967 indistinctum;

1991 4000 2136 4073 quod
2153 4015 2284 4056 vero
2303 3999 2606 4055 secundum
2630 3997 2872 4068 seipsu'm
2891 4012 3000 4051 non
3023 3997 3284 4051 dividitur
3303 4003 3360 4051 et
3376 3994 3568 4064 distin-

1993 4091 2198 4162 guitur,
2218 4089 2497 4161 quomodo
2516 4089 2622 4144 hoc
2643 4087 2801 4143 alteri
2829 4101 3048 4142 causam
3077 4085 3347 4157 praeberet
3371 4088 3567 4142 distin-

1991 4185 2232 4242 ctionis?
2263 4183 2486 4254 etquod
2531 4181 2905 4237 diversitatem
2941 4195 3052 4234 non
3084 4180 3324 4234 admittit
3353 4179 3559 4248 {omnis

1993 4281 2138 4336 enim
2179 4280 2405 4334 materia
2432 4276 2663 4332 cuilibet
2703 4275 2950 4331 materia
3003 4282 3091 4328 est
3123 4272 3450 4329 indiﬂ‘erens
3480 4289 3567 4330 u-

1995 4373 2232 4427 cnndum
2261 4372 2538 4441 propriam
2565 4369 2877 4435 rationem),
2899 4369 3178 4437 quomodo
3200 4354 3451 4422 lioc'aiiis
3474 4381 3566 4422 es-

1997 4471 2084 4517 set
2107 4476 2294 4526 eausa,
2315 4469 2374 4514 ut
2396 4459 2466 4515 ab
2490 4460 2725 4514 invicem
2750 4457 2963 4513 diversa
2983 4457 3132 4512 sint?
3157 4457 3263 4511 Sed
3286 4457 3434 4528 quod
3451 4473 3567 4513 ma-

1997 4553 2187 4608 teriale
2211 4567 2414 4623 corpus
2445 4551 2750 4608 secundum
2782 4552 2953 4621 ipsam
2984 4552 3268 4606 materiam
3296 4552 3352 4606 in
3379 4562 3562 4621 partes

1993 4656 2223 4718 quantas
2258 4645 2497 4701 divisum
2520 4654 2605 4700 est
2640 4654 2696 4699 et
2727 4659 3175 4715 unamquamque
3210 4645 3564 4702 earum‘licet

1994 4739 2245 4809 accipere
2290 4747 2345 4792 et
2395 4752 2557 4792 unam
2605 4745 2731 4806 post
2770 4736 3001 4791 alteram
3057 4752 3291 4807 ponere.
3323 4752 3556 4807 eamque
3631 4750 3634 4754 '

1995 4830 2283 4884 ostendere
2343 4830 2449 4886 hoc
2511 4839 2719 4884 certum
2777 4831 2985 4900 aliquid
3047 4831 3446 4897 exsistentem,
3510 4841 3566 4885 et

1995 4940 2104 4978 non
2141 4923 2195 4978 id
2240 4922 2387 4993 quod
2438 4923 2563 4990 alia,
2598 4922 2654 4977 id
2710 4922 3010 4976 materialis
3053 4922 3335 4977 distinctio
3379 4925 3570 4993 appel-

1995 5016 2159 5069 latur.
2227 5016 2341 5070 Hoc
2409 5023 2589 5069 autem
2657 5003 2768 5069 non
2839 5016 3118 5069 materiam
3196 5014 3408 5070 inducit
3455 5018 3566 5071 dis-

1998 5109 2278 5162 tinctionis
2339 5123 2555 5163 causam
2612 5108 2911 5178 (quomodo
2969 5109 3118 5164 enim
3178 5111 3404 5166 materia
3453 5112 3567 5166 hac

1996 5199 2138 5254 Ioret
2168 5215 2354 5266 causa,
2391 5214 2515 5253 cum
2562 5201 2865 5254 secundum
2902 5215 2962 5255 se
3002 5203 3075 5256 sit
3128 5202 3445 5259 indistincta
3475 5202 3563 5274 τ),

2069 5361 2146 5435 (ἒξ)
2177 5362 2332 5435 Non.
2356 5361 2464 5416 25:6
2559 5361 2684 5425 299,
2713 5363 2771 5435 il,
2793 5363 3175 5435 ἀνενέργητον.

2075 5432 2152 5502 (4)
2183 5433 2273 5487 Sic
2302 5443 2451 5488 recte
2490 5433 2636 5489 Men.
2671 5434 2815 5500 256;
2850 5432 2994 5490 Mori.
3025 5437 3114 5500 Ἡ,
3148 5435 3395 5507 παρέξει.

1611 5693 1886 5765 principia
1928 5689 2084 5750 Sum.
2152 5692 2323 5751 tbeol.
2384 5707 2438 5764 p.
2468 5691 2509 5759 l,
2538 5708 2592 5762 q.
2625 5691 2709 5748 36.
2745 5689 2947 5746 Confer
2972 5689 3043 5746 de
3075 5690 3160 5748 his
3189 5690 3417 5760 aliisque
3445 5690 3566 5747 Pla-
