4036 6140
380 231 481 294 195

1742 229 2252 293 ΒΕΞΞΑΒΙΟΝΙδ

3529 230 3629 293 ῐ96

374 348 689 404 Graecorum
714 347 1111 403 nonnullorum
1139 347 1449 404 doctrinam
1476 351 1633 404 multi
1657 351 1822 404 etiam
1850 349 1929 402 ali

2058 345 2334 418 Ἐλλήνων
2374 347 2524 402 ἐστιν
2577 342 2653 402 ὧν
2699 349 2864 418 λόγου
2893 389 2907 414 ,
2948 349 3138 403 πολλοὶ
3187 347 3290 419 μὶν
3341 349 3438 403 καὶ
3482 349 3629 404 ἄλλοι

371 451 497 494 ante
532 448 582 493 te
612 440 814 493 bellum
852 449 1217 509 susceperunt
1242 455 1307 496 ac
1346 443 1647 510 praesertim
1693 442 1938 496 Barlaam

369 532 602 589 Calaber
635 533 710 604 (a)
733 541 801 614 et
849 532 1003 587 Nilus
1032 532 1315 590 Cabasilas
1355 535 1452 603 (ὁ),
1500 549 1568 589 ex
1610 536 1810 604 quibus
1849 534 1943 587 de-

2049 444 2157 514 πρὸ
2189 443 2283 497 σοῦ
2315 444 2554 516 πόλεμον
2584 446 2839 516 ἤρξαντο,
2873 446 2969 499 καὶ
3023 446 3262 516 μάλιστα
3295 443 3560 515 Βαρλαὰμ
3595 447 3624 498 ὁ

2049 534 2333 608 Καλαὸρδς
2382 538 2477 591 καὶ
2528 540 2720 603 Νεῖλος
2763 542 2790 592 ὁ
2849 540 3188 603 Καϐασίλας,
3252 540 3344 609 ἀφ’
3398 531 3475 594 ὧν
3535 539 3628 592 καὶ

370 642 586 695 sumpta
616 634 747 680 sunt
773 627 940 680 etiam
967 641 1088 694 quae
1131 635 1186 679 tu
1220 625 1438 680 scribis.
1472 628 1731 680 Attamen
1771 624 1929 678 multc

2043 627 2210 689 αὐτὸς
2241 628 2482 698 εἰληφὼς
2508 632 2749 700 ,γράφεις
2779 632 2816 685 ἃ.
2860 631 3113 701 γράφεις.
3147 629 3295 701 Πλὴν
3324 632 3449 684 ὅσον
3480 632 3625 684 Exsi-

370 720 676 788 sapientius
707 718 782 772 illi
807 734 970 788 quam
1000 728 1058 773 tu
1084 729 1141 774 et
1171 720 1363 789 majori
1398 734 1522 775 cum
1555 718 1740 773 studio
1787 733 1942 787 qure-

2043 736 2124 772 νοι
2177 721 2278 790 μὲν
2327 724 2638 795 σοφεὺτερὸν
2671 743 2732 778 τε
2784 728 2879 780 καὶ
2913 726 3008 778 σοῦ
3064 725 3267 793 μᾶλλον
3299 724 3625 795 ἐπεξειργά-

370 815 605 866 stionem
635 811 775 865 hanc
805 819 1299 880 pertractant-tutu
1332 825 1468 866 vero
1497 810 1668 866 multo
1697 809 1855 880 pejus
1886 817 1929 864 et

2044 826 2206 862 σαντο
2235 811 2393 865 τοῦτο
2419 814 2477 865 τὸ
2513 816 2755 886 ζήτημα,
2793 817 2858 871 σὺ
2891 817 2947 870 δὲ
3000 817 3193 887 πολλῷ
3218 816 3403 888 χεῖρόν
3437 834 3497 870 τε
3531 821 3624 871 καὶ

367 905 639 958 inﬁrmius
696 919 812 957 rem
866 919 1150 972 exponens
1199 902 1538 957 contrarium
1593 903 1734 972 ejus,
1787 901 1938 972 quod

363 997 603 1051 intendis
635 997 808 1051 et‘ticis
849 1004 908 1051 et
955 1005 1007 1050 te
1048 996 1228 1064 ipsum
1263 1010 1370 1050 una
1400 1010 1525 1050 cum
1577 997 1684 1050 tuis
1734 995 1942 1049 antesi-

363 1092 556 1158 gnanis
632 1089 869 1141 refellis.
937 1087 1209 1154 Quoniam
1287 1101 1423 1142 vero
1487 1087 1937 1156 sapientissimus

365 1180 677 1236 Demetrius
751 1178 1038 1250 Cydonius
1114 1179 1323 1249 optime
1408 1178 1934 1249 sapientissimeque

360 1278 625 1332 Cabasilm
658 1276 890 1349 ejusque
919 1275 1227 1331 rationibus
1260 1275 1563 1345 respondit,
1619 1285 1784 1346 atque
1808 1290 1935 1330 eum

355 1370 704 1425 sufﬁcienter
749 1370 1009 1425 relutavit
1035 1369 1174 1424 nihil
1219 1371 1287 1424 ad
1312 1383 1426 1424 rem
1458 1368 1933 1424 accommodatum

359 1465 659 1528 dicentem,
701 1463 831 1518 licet
879 1473 1003 1533 post
1049 1461 1396 1519 Barlaamum
1452 1462 1736 1532 scripserit
1774 1471 1830 1516 et
1868 1463 1936 1517 iis

359 1575 480 1628 qua:
516 1559 608 1612 ille
637 1557 875 1624 dixerat,
913 1557 1016 1611 alia
1055 1572 1086 1612 a
1117 1556 1414 1627 semetipso
1452 1555 1742 1625 adiecerit,
1780 1556 1933 1610 solu-

2039 901 2435 976 ἀσθενέστερον
2489 906 2788 1004 ἐκθξαενος
2834 910 3152 963 τούναντίον
3209 909 3271 962 οὗ
3327 909 3405 981 (1)
3443 910 3621 980 βούλει

2041 995 2215 1057 ποιεῖς
2245 996 2339 1048 καὶ
2379 995 2695 1052 σαυτδνῗιαὶ
2723 1000 2852 1063 τοὺς
2899 1001 3006 1070 πρὸ
3043 999 3139 1052 σοῦ
3173 999 3434 1069 ἐλέγχων.
3465 1001 3622 1054 Ἐπεὶ

2039 1087 2084 1139 δ’
2121 1087 2150 1139 6
2195 1089 2514 1156 σοφώτατος
2544 1094 2862 1163 Δημήτριος
2913 1096 2940 1148 ό
2972 1093 3232 1165 Κυδὼνης
3269 1097 3347 1165 (2)
3375 1095 3619 1162 ιπιγινό-

2041 1195 2203 1247 μενος
2243 1180 2444 1250 ἄριστά
2478 1201 2538 1236 τε
2589 1186 2683 1237 καὶ
2722 1185 3016 1254 σοφώτατα
3069 1187 3359 1259 Καϐασίλᾳ
3387 1188 3620 1249 καὶτοῖς

2040 1272 2248 1327 ἐκείνου
2275 1274 2452 1342 λόγοις
2483 1277 2708 1331 ἀντεῖπε
2739 1296 2799 1332 τε
2835 1280 2926 1334 καὶ
2965 1279 3170 1343 idem;
3200 1281 3484 1353 ἀπήλεγξε
3518 1298 3620 1352 μη-

2036 1363 2126 1418 δὲν
2157 1366 2294 1436 πρὸς
2323 1366 2452 1430 ἔπος
2484 1368 2731 1437 λέγοντα,
2769 1373 2949 1426 καίτοι
2987 1373 3131 1442 μετὰ
3163 1374 3428 1445 Βαρλαᾶμ
3475 1374 3619 1442 de-

2039 1469 2201 1522 μενον
2236 1457 2326 1507 καὶ
2359 1455 2494 1526 πρὸς
2515 1460 2630 1521 τοῖς
2663 1459 2876 1513 ἐκείνου
2907 1464 3000 1514 καὶ
3030 1463 3166 1517 ἄλλα
3199 1465 3270 1518 τὰ
3294 1464 3388 1534 ἀφ’
3420 1463 3612 1519 ἑαυτοῦ

2037 1544 2364 1615 προσθέντα,
2401 1551 2498 1612 τὰς
2547 1550 2660 1605 τῶν
2696 1551 2807 1604 σῶν
2863 1554 3068 1607 τούτων
3139 1553 3314 1623 λόγων
3358 1540 3540 1616 δύσεις
3587 1558 3614 1606 ό

359 1652 538 1705 tiones
596 1657 1076 1720 argumentorum,
1149 1664 1271 1720 qua:
1338 1664 1490 1704 nunc
1537 1648 1775 1718 profers,
1835 1649 1929 1719 qui

2037 1638 2363 1709 βουλόμενος
2411 1641 2476 1704 ὲκ
2508 1643 2619 1696 τῶν
2671 1645 2768 1698 τοῦ
2801 1647 3033 1721 Κυδώνη
3079 1649 3312 1719 ζητείτω
3333 1667 3347 1681 ·
3384 1651 3477 1703 καὶ
3510 1650 3615 1718 γὰρ

357 1744 599 1798 voluerit
624 1759 690 1798 ex
717 1741 951 1814 Cydonii
983 1741 1144 1798 libris
1185 1750 1432 1812 quaerat;
1481 1743 1538 1796 in
1586 1742 1724 1811 ipsis
1777 1743 1925 1797 enim

2039 1732 2240 1796 ἱκανῶς
2295 1736 2353 1785 ἐν
2417 1735 2650 1800 ἐκείνοις
2725 1738 2951 1813 εὑρήσει
3002 1709 3180 1796 πάντα
3253 1709 3610 1813 ἐληλεγμένα.

359 1847 558 1891 cuncta
602 1835 828 1891 abunde
877 1835 1114 1890 refutata
1165 1834 1423 1904 reperiet.
1482 1833 1593 1890 Nos
1642 1845 1824 1891 autem
1875 1837 1932 1890 in

358 1928 648 1998 praesentia
703 1928 771 1982 ad
826 1926 1202 1982 universalem
1257 1927 1624 1997 quaestionem
1683 1927 1933 1983 dicemus

362 2022 528 2081 nihil;
560 2023 722 2077 inane
767 2021 915 2079 enim
970 2029 1056 2076 est
1109 2021 1300 2075 eadem
1334 2020 1404 2075 de
1454 2020 1658 2076 iisdem
1719 2021 1930 2085 dicere,

360 2117 663 2185 praesertim
701 2131 829 2171 cum
865 2117 903 2170 ii
937 2115 1032 2185 qui
1061 2131 1162 2171 nos
1190 2125 1594 2186 praecesserunt
1622 2115 1827 2186 optime
1864 2115 1933 2172 de

360 2210 428 2264 iis
451 2209 715 2275 dixerint,
747 2207 893 2263 sicut
935 2218 993 2263 et
1025 2219 1081 2261 tu
1116 2207 1277 2262 valde
1314 2206 1516 2262 frustra
1564 2207 1822 2262 laborasti
1867 2222 1932 2263 ea

359 2320 483 2374 qua:
517 2303 588 2357 ab
640 2302 1085 2358 antecessoribus
1127 2303 1239 2357 tuis
1281 2302 1482 2357 melius
1519 2301 1665 2358 dicta
1693 2301 1930 2370 fuerant,

358 2398 516 2467 pejus
545 2411 764 2449 rursum
796 2393 1146 2466 exponendo.
1168 2393 1248 2449 Ad
1269 2410 1332 2450 ea
1352 2410 1506 2459 vero,
1529 2412 1652 2466 quae
1680 2412 1710 2450 a
1736 2405 1933 2452 temet-

360 2490 480 2557 ipso
503 2487 592 2543 hic
623 2486 869 2558 profatus
883 2502 944 2546 es
965 2486 1249 2542 auditores
1272 2487 1454 2543 celare
1475 2503 1703 2558 prorsus
1720 2488 1930 2554 volens,

360 2583 510 2652 quod
553 2583 620 2635 ab
663 2581 783 2636 illis
803 2581 988 2636 omnia
1015 2578 1330 2651 sumpsisti;
1363 2581 1543 2650 aliqua
1575 2581 1822 2636 dicemus
1847 2597 1935 2638 os—

361 2676 672 2740 tendentes,
702 2690 864 2745 quam
885 2672 1224 2746 negligenter
1244 2673 1604 2744 philosophia
1628 2674 1929 2730 studueris.

431 2770 628 2823 Statim
653 2767 799 2836 quod
833 2767 902 2821 de
925 2766 1155 2820 materia
1193 2765 1354 2828 dicis,
1385 2766 1645 2821 videlicet
1663 2779 1783 2819 eam
1813 2766 1932 2820 sine

360 2864 627 2936 qualitate
664 2869 719 2915 et
746 2859 864 2914 sine
889 2857 1222 2928 quantitate,
1251 2857 1499 2927 adeoque
1525 2857 1931 2913 indivisibilem

360 2972 483 3012 esse
516 2969 582 3009 ac
622 2952 853 3023 proinde
907 2965 1015 3004 non
1058 2963 1182 3005 esse
1229 2949 1512 3019 aliquibus
1549 2947 1931 3005 distinctionis

2046 1823 2239 1894 Ἡμεῖς
2268 1825 2325 1879 δὲ
2357 1825 2419 1879 τό
2447 1844 2511 1896 γε
2565 1828 2664 1882 νῦν
2699 1824 2844 1885 εἶναι
2907 1835 3047 1903 πρὸς
3107 1835 3208 1902 μὲν
3259 1835 3320 1888 τδ
3376 1835 3610 1888 καθόλου

2036 1916 2258 1987 ζήτημα
2301 1918 2536 1991 ἐροῦμεν
2581 1923 2774 1976 οὐδέν’
2812 1925 3041 1993 μάταιον
3095 1927 3204 1994 γὰρ
3255 1928 3431 1981 ταυτά
3481 1929 3614 1995 περὶ

2033 2011 2143 2063 τῶν
2176 2012 2358 2064 αὐτῶν
2397 2013 2598 2082 λέγειν,
2634 2016 2730 2068 καὶ
2761 2017 2999 2085 μάλιστα
3047 2020 3200 2086 παρὰ
3221 2020 3328 2074 τῶν
3363 2020 3611 2088 φθασάν-

2034 2120 2142 2157 των
2201 2106 2350 2174 ἡμᾶς
2422 2107 2624 2176 ἄριστα
2703 2110 3058 2180 εἰρημένωνο
3121 2111 3313 2182 ὥσπερ
3385 2114 3481 2167 καὶ
3547 2114 3611 2166 σὺ

2036 2196 2198 2250 πλέον
2249 2200 2325 2269 (5)
2358 2199 2389 2271 ἢ
2421 2201 2598 2272 μάτην
2641 2202 2917 2272 ὲπόνησας
2958 2205 3025 2258 τὰ
3057 2207 3173 2266 τοῖς
3204 2207 3310 2277 πρὸ
3345 2205 3439 2260 σοῦ
3486 2207 3612 2278 5&1.-

2033 2307 2148 2344 τιον
2172 2293 2441 2363 εἰρημένα
2495 2296 2590 2348 ἐπὶ
2643 2296 2704 2348 τὸ
2739 2299 2919 2366 χεῖρον
2963 2297 3277 2370 ἐκθέμενος,
3311 2291 3455 2372 Πρὸς
3501 2299 3538 2357 ἃ
3564 2301 3610 2355 δ’

2034 2383 2142 2438 ἀπὸ
2203 2385 2402 2440 σαυτοῦ
2458 2388 2696 2443 ἐνταῦθα
2757 2390 2990 2462 εἴρηκας
3058 2392 3393 2465 βουλόμενος“
3425 2395 3611 2451 λαθεῖν

2033 2479 2159 2541 τοὺς
2189 2480 2508 2544 ἀκούοντας.
2549 2479 2625 2545 ὡς
2685 2480 2817 2551 παρ’
2851 2484 3081 2538 ἐκείνων
3121 2486 3305 2541 πάντα
3350 2486 3606 2559 εἴληφας,

2035 2572 2169 2643 πρὸς
2195 2570 2370 2627 ταῦτα
2431 2573 2670 2644 ἐροῦμέν
2694 2591 2837 2642 τινα,
2874 2577 3206 2645 δεικνύντες,
3242 2579 3367 2635 ὅσον
3396 2579 3610 2648 φιλοσο-

2033 2664 2162 2734 φίας
2198 2665 2456 2737 ὡλιτώρη
2466 2684 2584 2731 σας.

2102 2755 2311 2810 Αὐτίκα
2355 2755 2383 2808 ὃ
2434 2760 2542 2829 φῂς
2594 2763 2724 2831 rtspl.
2771 2762 2873 2833 τῆς
2901 2762 3056 2834 ὕλης,
3095 2765 3170 2829 ὡς
3195 2767 3386 2833 iuravi;
3421 2785 3479 2820 τε
3512 2769 3606 2823 καὶ

2034 2846 2254 2916 ἇποσος,
2307 2851 2605 2907 κάντεῦθεν
2669 2855 2978 2926 ἀδιαίρετος
3029 2857 3169 2915 οὖσα
3241 2861 3339 2914 οὒκ
3395 2862 3461 2916 ἂν
3519 2863 3604 2933 ειη

2034 2938 2186 2992 αἰτία
2217 2939 2324 2993 τισὶ
2354 2942 2701 3013 διακρίσεως,
2731 2946 2839 3000 ἴσθι
2875 2947 2952 3020 μὴ
2979 2950 3116 3018 πρὸς
3148 2951 3210 3004 τὸ
3241 2952 3606 3023 προκείμενον

360 3062 607 3112 causam,
641 3045 779 3100 scito
816 3043 868 3098 id
905 3057 1014 3096 non
1043 3042 1110 3095 ad
1160 3056 1302 3106 rem,
1336 3041 1407 3097 de
1434 3055 1538 3111 qua
1580 3041 1928 3112 agitur,esse

2038 3031 2326 3101 εἰρημένον
2375 3031 2536 3090 εἶναι.
2577 3038 2640 3090 0i
2694 3039 2802 3109 γὰρ
2854 3041 3107 3112 λέγοντες
3152 3046 3219 3115 τῇ
3259 3044 3360 3118 ὕλῃ
3393 3045 3540 3100 ἔστιν
3571 3048 3614 3102 ἃ..

361 3141 606 3197 dictum.
665 3135 880 3193 Etenim
943 3134 1040 3205 qui
1097 3134 1326 3198 dicunt,
1377 3134 1610 3189 materia
1664 3134 1928 3188 nonnulla

360 3233 646 3304 distingui,
678 3248 744 3288 ea
793 3229 1080 3293 nimirum,
1115 3229 1169 3282 in
1216 3225 1418 3297 quibus
1463 3228 1696 3282 materia
1744 3227 1927 3282 locum

363 3329 545 3391 habet,
605 3341 714 3380 non
777 3323 1091 3391 intelligunt
1142 3318 1287 3375 hanc
1323 3319 1556 3390 primum
1613 3327 1671 3375 et
1724 3319 1930 3390 speciei

361 3438 588 3492 prorsus
621 3428 900 3489 expertem
940 3413 1249 3475 materiam.
1280 3411 1376 3469 sed
1408 3428 1530 3468 eam
1558 3427 1680 3484 qua:
1715 3412 1931 3484 specie-

360 3531 480 3569 rum
516 3512 745 3567 cuilibet
784 3507 1032 3581 proxime
1090 3504 1318 3572 subest,
1357 3519 1588 3575 quaeque
1635 3503 1702 3558 ad
1751 3511 1925 3558 totum

357 3608 577 3677 quidem
615 3604 860 3658 materiae
894 3601 1164 3657 rationem
1208 3599 1394 3663 habet,
1429 3613 1540 3653 non
1584 3607 1769 3655 tamen
1806 3599 1930 3655 sine

357 3694 539 3764 specie
575 3703 691 3758 est;
725 3706 889 3761 quam
939 3688 1268 3745 Aristoteles
1299 3685 1525 3757 quidem
1575 3686 1824 3741 ultimam
1873 3695 1928 3742 et

356 3787 670 3855 contiguam
702 3782 1012 3848 materiam,
1042 3781 1221 3837 Latini
1258 3793 1389 3835 vero
1431 3793 1547 3834 rem
1590 3779 1773 3835 adhuc
1811 3779 1927 3835 cla-

359 3880 472 3934 rius
501 3877 837 3949 explicantes
867 3879 1153 3931 secundam
1192 3876 1514 3946 appellant;
1549 3889 1712 3944 quam
1757 3872 1925 3928 etiam

353 3973 658 4031 secundum
690 3975 993 4040 analogiam
1029 3974 1310 4028 materiam
1347 3973 1528 4028 vocari
1577 3971 1744 4028 tradit
1802 3971 1928 4026 Ari-

353 4070 613 4135 stoteles',
653 4068 806 4124 verbi
860 4069 1071 4140 gratia,
1110 4067 1342 4138 lignum,
1397 4083 1522 4122 cum
1556 4082 1661 4122 non
1697 4067 1769 4123 sit
1813 4082 1930 4121 ma-

356 4164 490 4217 teria
529 4164 634 4233 (est
662 4161 806 4217 enim
853 4176 977 4216 cum
1004 4159 1276 4230 ﬁgura-et
1303 4159 1520 4230 forma),
1569 4171 1748 4216 tamen
1793 4159 1925 4216 lecti

356 4259 640 4310 materiam
663 4270 808 4311 esse.
845 4252 1158 4309 Secundum
1202 4253 1340 4308 hanc
1367 4254 1534 4323 igitur
1568 4253 1921 4308 Aristotelem

353 4356 646 4417 sequentes
678 4361 740 4400 ea
765 4358 887 4413 quae
917 4343 1334 4414 distinguuntur
1354 4353 1609 4399 asserunt
1635 4343 1920 4412 distingui,

2036 3124 2430 3197 διακρίνεσθαι,
2462 3130 2532 3184 τὰ
2560 3133 2618 3184 ὲν
2641 3129 2725 3197 οἷς
2753 3134 3001 3203 δηλονότι
3050 3137 3234 3207 χώραν
3271 3140 3383 3209 ἔχει
3414 3141 3449 3212 ἡ
3479 3139 3603 3214 ὕλη,

2033 3219 2092 3272 οὑ
2119 3219 2218 3290 τὴν
2247 3222 2489 3290 πρώτην
2523 3222 2729 3292 ταύτην
2758 3228 2850 3280 καὶ
2879 3228 3058 3301 πάντη
3095 3231 3334 3286 ἀνείδεον
3371 3234 3446 3303 (ι)
3472 3234 3603 3305 ὕλην

2032 3314 2215 3380 φασιν,
2244 3313 2380 3368 ἀλλὰ
2414 3314 2515 3385 τὴν
2542 3316 2652 3370 τῶν
2695 3317 2854 3372 εἰδῶν
2887 3319 3106 3392 ἑκάστῳ
3137 3325 3424 3395 προσεχῶς
3474 3327 3605 3381 ὕπο.

2031 3406 2318 3476 κειμένην,
2347 3409 2443 3462 καὶ
2457 3410 2603 3480 -πρδς
2635 3412 2738 3480 μὲν
2762 3411 2825 3465 τὸ
2858 3413 2978 3467 ὅλον
3011 3415 3394 3487 ὖληςεχουσαν
3419 3420 3596 3486 λόγον,

2030 3498 2091 3552 οὗ
2134 3500 2317 3568 μέντοι
2366 3501 2497 3556 ἄνευ
2541 3505 2713 3568 εῐδους
2753 3499 2939 3571 οὖσαν,
2975 3506 3042 3579 ἣν
3068 3509 3451 3584 Ἀριστοτέλης
3498 3515 3599 3586 μὲν

2030 3593 2266 3664 ἐσχάτην
2313 3611 2374 3647 τε
2417 3597 2510 3650 καὶ
2568 3601 2811 3672 προσεχῆ
2860 3599 3017 3670 ὕλην,
3067 3604 3288 3660 Λατῖνοι
3330 3607 3374 3660 δ’
3405 3612 3496 3662 ἐπὶ
3542 3611 3602 3664 τὸ

2032 3687 2364 3758 σαφέστερον
2438 3691 2768 3758 μετάγοντες
2846 3693 3135 3765 δευτέραν
3198 3698 3479 3767 καλοῦσιν,
3535 3703 3600 3773 ἢν

2031 3782 2124 3832 καὶ
2163 3781 2286 3833 κατ’
2341 3783 2643 3851 ἀναλογίαν
2707 3784 2840 3862 ὕλην
2901 3789 3184 3843 καλεῖσθαι
3220 3792 3598 3865 Ἀριστοτέλης

2031 3869 2197 3941 φησιν
2221 3887 2237 3902 ο
2272 3871 2461 3942 ὥσπερ
2487 3873 2546 3927 τὸ
2575 3874 2733 3942 ξύλον
2783 3877 2858 3950 μὴ
2892 3879 3024 3950 ὓλην
3058 3880 3117 3935 ὃν
3151 3882 3288 3955 (ἐστὶ
3322 3885 3429 3956 γὰρ
3457 3886 3595 3960 μετὰ

2031 3964 2310 4033 σχήματος
2334 3964 2430 4019 καὶ
2463 3969 2722 4040 μορφῆς),
2745 3968 2878 4041 ὕλην
2899 3972 3050 4041 ὅμως
3084 3971 3227 4031 εἶναι
3248 3983 3355 4050 ¹τῆς
3389 3982 3591 4049 κλίνης.

2028 4056 2186 4109 Κατὰ
2216 4058 2422 4128 ταύτην
2453 4058 2548 4113 οῦν
2573 4061 2951 4130 ’Ἄριστοτέλει
2986 4067 3243 4137 ἑπόμενοι
3280 4075 3349 4124 τὰ
3381 4073 3596 4145 διακρι-

2026 4151 2227 4221 νόμινά
2281 4169 2415 4224 φασι
2477 4153 2890 4226 διακρίνεσθαι,
2957 4160 3201 4232 δηλονότι
3258 4167 3355 4238 οὐχ
3408 4167 3593 4235 ἁπλῶς

2026 4243 2206 4338 πάντα
2241 4247 2308 4300 τὰ
2337 4245 2489 4314 ὄντα,
2516 4248 2655 4302 ἀλλὰ
2697 4249 2766 4304 τὰ
2795 4254 2852 4304 ἐν
2895 4246 2977 4315 οἷς
3015 4253 3199 4324 χώραν
3247 4258 3364 4330 ἔχει
3411 4264 3443 4334 ἠ
3497 4263 3595 4338 ὕλη

2026 4336 2292 4401 νοοῦντες.
2327 4339 2399 4393 Σὺ
2447 4340 2503 4393 δὲ
2551 4341 2644 4395 καὶ
2682 4341 2839 4397 τοῦτο
2889 4344 3010 4399 λίαν
3045 4348 3075 4417 ἢ
3119 4336 3596 4429 συκοφαντικῶςη

358 4441 620 4494 nimirum
649 4450 757 4490 non
772 4433 879 4489 sim
890 4433 1105 4503 pliciter
1135 4448 1220 4488 res
1245 4448 1437 4488 omnes
1454 4434 1799 4496 exsistentes,
1825 4434 1918 4488 sed

2033 4431 2254 4499 ἀμαθῶς
2286 4434 2364 4497 εἰς
2405 4434 2495 4488 τὸν
2530 4435 2695 4505 σοφόν
2742 4453 2801 4489 τε
2834 4440 2928 4492 καὶ
2958 4438 3115 4507 ἅγιον
3144 4443 3317 4515 ἄνδρα.
3355 4447 3446 4501 τὸν
3477 4450 3596 4505 Θω-

357 4544 473 4594 eas,
512 4529 565 4581 in
604 4527 810 4596 quibus
836 4524 1062 4579 materia
1097 4523 1260 4577 habet
1280 4523 1488 4588 locum,
1521 4523 1916 4594 intelligentes.

357 4621 437 4676 Tu
485 4634 615 4673 raro
667 4627 724 4672 et
769 4616 872 4670 hoc
925 4615 1009 4668 vel
1044 4615 1380 4670 calumniose
1412 4615 1496 4670 vel
1540 4614 1793 4685 imperite
1825 4617 1925 4670 ad-

358 4711 579 4766 modum
614 4706 998 4777 insapientem
1028 4714 1392 4777 sanctumque
1441 4707 1620 4760 virum
1656 4705 1922 4762 Thomam

357 4805 631 4876 proiecisti
687 4801 897 4866 dicens,
937 4813 1066 4854 eum
1115 4799 1262 4869 quod
1309 4812 1417 4852 non
1470 4808 1555 4853 est
1605 4797 1921 4854 universale

357 4916 455 4968 pro
485 4894 782 4952 universali
817 4891 1123 4948 venditare.
1161 4889 1347 4961 Neque
1377 4892 1523 4945 enim
1565 4893 1632 4945 de
1659 4890 1916 4945 omnibus

353 4991 674 5064 simpliciter
708 4988 762 5043 id
806 4986 1068 5051 afﬁrmat,
1118 4985 1215 5040 sed
1262 4984 1331 5040 de
1378 4985 1469 5050 iis,
1501 4993 1554 5039 et
1602 4983 1659 5038 in
1692 4985 1819 5050 hoc,
1863 4993 1923 5040 ut

425 5149 501 5220 (l)
543 5147 636 5202 Sic
663 5141 830 5220 Marc.
855 5141 900 5208 ί,
926 5142 993 5198 75
1024 5142 1093 5211 b;
1126 5140 1270 5197 lion.
1304 5138 1374 5195 27
1392 5139 1438 5196 Ι.
1460 5138 1590 5208 240,
1618 5137 1674 5195 b.
1705 5147 1762 5196 et
1786 5137 1914 5195 Vat.

354 5223 393 5278 ί.
435 5215 537 5275 194
561 5233 590 5270 a
622 5235 635 5269 :
663 5215 693 5269 ὅ

422 5292 502 5359 (2)
537 5289 682 5343 Mon.
726 5283 1100 5359 [77,7K'JMW};

426 5358 503 5431 (3)
533 5360 678 5413 Dion.
708 5358 885 5410 πλεῖν.

422 5522 498 5591 (a)
536 5520 610 5574 De
643 5517 806 5591 hujus
845 5513 1103 5591 monachi
1138 5512 1526 5591 inconstantiae
1551 5513 1621 5591 _in
1660 5512 1916 5591 dogmate

354 5583 616 5646 sectanda
652 5603 680 5640 a
715 5583 833 5641 sitis
866 5585 1105 5641 accusati
1139 5583 1364 5653 scriptis
1394 5584 1518 5637 vide
1551 5583 1792 5639 {mortem
1824 5585 1916 5639 ΔΙ-

351 5663 567 5725 ὶοιιιιιη,
598 5659 671 5711 De
696 5658 908 5713 Eccles.
932 5654 1521 5725 Oecident.et0_rient.
1551 5665 1742 5723 perpet
1783 5669 1919 5708 con-

355 5748 498 5790 stas.
535 5723 573 5787 li.
614 5730 675 5798 ll,
717 5745 766 5785 c.
798 5727 881 5797 l7,
920 5743 973 5780 n.
1014 5725 1029 5779 l
1068 5741 1210 5796 seq.,
1253 5733 1306 5780 et
1335 5723 1640 5780 Fabricium
1677 5726 1727 5784 in
1775 5725 1914 5781 Bibl.

2030 4527 2140 4592 μᾶν
2191 4525 2507 4597 ἀπέρριψας
2557 4528 2635 4600 (5)
2685 4529 2878 4593 εἰπὼν.
2910 4533 2970 4585 τὸ
3021 4533 3094 4607 μὴ
3149 4535 3379 4595 καθόλου
3429 4544 3598 4600 αὑτὸν

2025 4617 2316 4672 ἀποδοῦναι
2348 4620 2421 4683 ὡς
2447 4620 2677 4675 καθόλου
2699 4637 2714 4654 ο
2744 4624 2804 4676 οὐ
2837 4625 2945 4695 γὰρ
2976 4627 3117 4682 κατὰ
3158 4631 3380 4687 πάντων
3404 4625 3596 4704 ἁπλῶς

2022 4710 2183 4764 τοῦτό
2208 4729 2393 4783 φησιν,
2424 4716 2538 4769 ἀλλ’
2580 4718 2638 4768 ὲν
2689 4711 2768 4781 οἷς
2801 4716 2983 4788 χώραν
3013 4721 3126 4791 ἔχει
3166 4725 3198 4793 ή
3260 4725 3386 4798 ὕλη,
3413 4730 3597 4794 αὐτοῖς

2029 4805 2272 4872 ῥήμασιν
2303 4806 2476 4867 οὕτως
2501 4810 2691 4872 εἰπὼν,
2723 4813 2817 4863 καὶ
2854 4813 3028 4880 τοῦθ’,
3057 4815 3131 4878 ὡς
3161 4818 3318 4888 ἔφην,
3353 4801 3593 4892 Ἀριστο-

2023 4896 2171 4948 τέλει
2219 4899 2510 4966 ἑπόμενος,
2559 4901 2619 4966 ὃς
2671 4904 2943 4976 πολλαχοῦ
2999 4909 3109 4962 τῶν
3171 4913 3366 4968 ἑαυτοῦ
3417 4919 3592 4987 λόγων

2024 4990 2120 5044 καὶ
2172 4990 2407 5060 μάλιστα
2456 4995 2565 5048 τῶν
2627 4999 2764 5066 μετὰ
2796 5000 2868 5052 τὰ
2915 5006 3120 5069 φυσικὰ
3172 5006 3230 5057 ὲν
3266 5008 3367 5077 μὲν
3399 5010 3477 5081 τῷ
3506 5029 3590 5064 τε-

2213 5149 2272 5237 in
2314 5149 2480 5237 Mare.
2606 5154 2672 5208 76
2702 5171 2757 5222 a,
2791 5156 2896 5211 alia
2933 5173 3099 5213 manu
3144 5159 3214 5216 ad
3258 5163 3586 5237 marginem,

2023 5219 2261 5273 ἀνείδεόν
2285 5238 2341 5273 τε
2378 5226 2473 5274 καὶ
2502 5226 2727 5280 ᾶποσον.

2084 5290 2174 5357 (5)
2214 5289 2307 5346 Sic
2332 5290 2499 5347 Marc.
2534 5294 2573 5349 t.
2607 5294 2674 5349 76
2700 5311 2761 5364 a;
2795 5296 3006 5355 Romi.
3040 5300 3139 5356 2H
3178 5320 3230 5373 a,
3252 5304 3588 5379 ἀπορρίψας.

2023 5532 2105 5587 gr.
2131 5517 2251 5574 vol.
2283 5518 2356 5582 Χ,
2386 5536 2442 5587 p.
2481 5520 2608 5586 4‘29,
2635 5520 2726 5578 ed.
2762 5531 2874 5580 vet.

2097 5536 2251 5574 ,τοι
2286 5536 2356 5582 λ,
2427 5559 2442 5574 .
2481 5536 2608 5586 429,
2635 5536 2726 5578 ea.
2762 5536 2874 5580 vet.

2097 5588 2354 5673 (blnl‘iilus
2372 5536 2654 5673 Eabasilas
2691 5595 3174 5673 saeeuIOAXleuit
3213 5600 3582 5673 archiepisco-

2025 5674 2128 5746 pus
2160 5661 2669 5746 "ILli'ess‘a'lpnicelt'sis
2697 5674 2756 5746 et
2786 5661 3585 5746 fortiter“lfatinos‘oppugnao

2026 5730 2122 5783 \‘ii.
2160 5730 2294 5787 Vide
2320 5731 2503 5785 Allutii
2539 5733 2841 5794 Di'atribam
2874 5737 2939 5794 de
2971 5735 3128 5809 Nilis,
3158 5754 3216 5812 p.
3248 5730 3339 5797 65.
