4090 6146
397 344 506 410 205

1430 356 1872 420 REFUTATIO
1910 356 2154 420 MARCI
2194 353 2614 416 EPHESINIL.

3546 347 3660 412 206

397 461 558 514 αὐτὸν
590 463 796 533 τρόπον
825 463 947 518 οῦδι
979 465 1119 536 πρὸς
1149 466 1246 539 τὴν
1277 468 1523 542 ἀλλήλων
1556 472 1794 545 ὓπαρξιν
1825 473 1978 527 οὐδὲν

2089 470 2388 526 secundum
2420 467 2939 526 eumdem-modum
2970 480 3153 538 neque
3181 464 3272 522 ad'
3302 478 3459 520 suam
3510 463 3664 533 ipso—

396 553 544 621 αὕτῴ
584 556 912 612 συντελέσει.
947 556 1075 612 Οὔτ⁹
1105 561 1215 630 ἄρα
1249 561 1328 631 τῷ
1369 565 1546 636 ﬂat-pi.
1587 566 1863 621 συναίτιον
1898 566 1979 628 είς

396 644 495 715 τὴν
533 646 627 700 τοῦ
670 647 809 702 Υίοῦ.
841 650 1098 720 γέννησιν
1136 651 1198 705 τὸ
1239 654 1464 726 Πνεῦμα
1501 657 1560 710 rb
1600 656 1776 726 ἅγιον,
1812 657 1928 712 οὔθ’
1953 660 1983 712 ὁ

400 735 524 802 Υἱὸς
557 739 645 809 τῷ·
667 742 844 814 ΠατρὶΙ
877 745 1016 816 πρὸς
1047 746 1145 817 τὴν
1175 746 1271 801 τοῦ
1309 749 1628 821 Πνεύματος
1663 752 1939 823 προϐολήν
1961 768 1989 785 ο·

401 833 620 904 πλήρης
659 834 778 905 γὰρ
804 836 838 906 ἡ
877 839 1173 912 γεννητικὴ
1211 841 1308 895 καὶ
1345 829 1690 914 προϐλητικὴ
1727 846 1981 916 ὲνέργεια

400 927 494 981 καὶ
527 927 630 994 μία
662 928 799 999 παρ’
826 929 945 994 ἑνὸς
982 930 1223 1003 ἑκατέρα
1260 934 1397 1005 πρὸς
1430 933 1532 1007 τὴν
1565 936 1683 1001 ἑνὸς
1719 935 1981 1010 ὕπαρξιν.

816 1219 957 1273 ΤΟΥ
994 1220 1216 1275 ΣΟΦΟΥ
1252 1223 1562 1280 ΝΙΚΑΙΑΣ.
1626 1290 1630 1294 _

471 1327 573 1381 Διὰ
603 1327 659 1382 τί
686 1328 766 1396 δὲ,
797 1330 846 1383 εί
879 1330 956 1401 μὴ
988 1332 1126 1404 πρὸς
1150 1334 1249 1404 τὴν
1278 1335 1490 1390 ἑαυτῶν
1523 1335 1762 1408 ὕπαρξιν
1793 1356 1985 1395 συντεο

397 1421 482 1476 λετ
505 1441 552 1476 τι
587 1424 666 1494 τῷ
692 1425 871 1498 Ila-rp).
897 1426 974 1499 (l)
1001 1429 1072 1482 τὰ
1102 1429 1221 1484 θεῖα
1249 1431 1544 1501 πρόσωπα,
1572 1435 1692 1490 οὐδὲ
1724 1425 1858 1506 πρὸς
1884 1437 1984 1508 τὴν

396 1514 629 1583 θατέρου
677 1516 908 1590 θάτερον
953 1521 1138 1574 αὐτῶν
1193 1525 1536 1593 συντελέσας
1586 1526 1759 1582 Πόθεν
1808 1530 1841 1601 ἡ
1888 1529 1982 1582 τοῦ

393 1603 553 1674 λόγου
603 1606 745 1680 αὕτη
793 1611 1010 1684 ἀνάγκη
1060 1612 1299 1683 luerat;
1344 1617 1520 1688 Καινή
1568 1635 1650 1683 τις
1697 1617 1838 1690 αὕτη
1891 1623 1985 1674 καὶ

392 1697 644 1769 θεολογία
684 1701 783 1755 καὶ
823 1703 1112 1774 φιλοσοφία
1155 1708 1326 1774 ἐστὶν,
1365 1708 1440 1774 ὡς
1483 1712 1534 1764 εῐ
1571 1729 1624 1766 τι
1666 1713 1862 1767 ἑαυτοῦ
1907 1712 1990 1786 μὴ

2085 576 2207 615 rum
2239 561 2612 637 ersistentiam
2651 561 2894 618 vicissim
2949 559 3161 632 aliquid
3195 557 3295 628 ipsi
3351 555 3660 619 conferent.

2084 653 2160 710 ita
2191 662 2253 708 ut
2282 655 2457 709 altera
2492 654 2724 710 alteram
2761 654 3054 725 producat.
3105 653 3297 723 Neque
3345 650 3514 721 igitur
3564 651 3663 705 Pa-

2087 747 2157 801 tri
2207 739 2296 802 ad'
2336 744 2462 803 Filii
2510 747 2926 822 generationem
2974 747 3372 802 concausa'est
3423 742 3665 812 Spiritus

2084 847 2333 903 sanctus,
2365 852 2542 908 neque
2570 837 2743 893 Filius
2773 837 2924 892 Patri
2958 836 3024 892 ad
3056 836 3295 907 Spiritus
3309 834 3489 890 sancti
3521 849 3663 903 pro-.

2087 931 2430 987 ductionem.
2469 929 2646 986 Plena.
2667 931 2818 986 enim
2857 941 2942 986 est
2990 929 3310 1001 generativa
3358 935 3415 983 et
3460 925 3668 997 produ-

2090 1023 2234 1078 ctiva
2262 1023 2516 1092 operatio
2555 1034 2609 1080 et
2643 1039 2754 1079 una
2794 1024 2863 1079 ab
2909 1037 3022 1080 uno
3075 1030 3316 1092 utraque
3374 1019 3444 1075 ad
3505 1019 3669 1075 unius

2086 1114 2496 1208 exsistentiam.

2539 1233 2898 1291 SAPIENTIS
2933 1233 3211 1293 ΝῙΟΑΕΝΙ.

2159 1353 2271 1408 Cur
2300 1365 2507 1420 autem,
2539 1353 2586 1410 si
2615 1353 2754 1409 nihil
2792 1354 2859 1409 ad
2895 1369 3054 1410 suam
3091 1351 3476 1411 exsistentiam
3525 1367 3665 1408 con-

2085 1443 2275 1501 ferunt
2311 1447 2459 1502 Patri
2494 1445 2696 1502 divina:
2726 1461 2978 1518 personae
2999 1488 3014 1511 .
3048 1462 3229 1518 neque
3258 1448 3434 1501 altera
3468 1461 3662 1502 earum

2086 1535 2155 1592 ad
2176 1537 2404 1591 alterius
2428 1540 2808 1593 exsistentiam
2830 1539 3037 1610 aliquid
3061 1540 3351 1596 conferat?
3377 1537 3534 1595 Unde
3566 1539 3668 1593 ista

2087 1629 2452 1698 consequitur
2486 1630 2716 1686 rationis
2752 1631 3102 1688 necessitas?
3134 1632 3285 1687 Nova
3334 1631 3454 1686 haec
3505 1631 3666 1686 theo-

2088 1719 2236 1791 logia
2265 1729 2323 1775 et
2358 1721 2714 1794 philosOphia
2742 1733 2828 1779 est
2858 1765 2874 1788 ,
2908 1725 3056 1794 quod
3095 1725 3140 1779 si
3168 1724 3298 1795 quid
3332 1739 3444 1778 non
3477 1723 3551 1779 sit
3583 1725 3668 1778 sui

393 1794 478 1864 εἴη
507 1796 718 1887 ιιιετιονι
732 1797 841 1851 οὐδ’
866 1797 1028 1853 ἄλλου
1054 1800 1228 1856 αῐτιον
1251 1804 1428 1859 ἔσται.
1457 1806 1621 1872 Ἀλλ’,
1649 1801 1694 1862 ὦ
1716 1809 1834 1874 τάν,
1861 1809 1984 1863 ἐαυ-

2093 1812 2269 1884 ipsius
2289 1830 2478 1880 causa,
2509 1831 2691 1887 neque
2726 1817 2958 1874 alterius
2983 1833 3147 1874 causa
3183 1833 3303 1872 esse
3328 1816 3523 1887 possit.
3560 1815 3670 1871 Sed

390 1882 490 1937 τοῦ
528 1883 632 1956 μὲν
664 1881 806 1941 εἶναι
837 1905 890 1943 τι
925 1888 1099 1944 αίτιον
1130 1894 1224 1946 καὶ
1259 1894 1426 1948 ταυτὸ
1462 1896 1640 1950 αίτιον
1673 1900 1769 1953 καὶ
1800 1899 1979 1954 αίτια-

393 1977 486 2030 τὸν
523 1975 668 2032 εἶναι
706 1981 842 2051 πρὸς
880 1980 944 2033 rb
982 1983 1114 2037 αὐτὸ
1153 1985 1332 2057 πάντη
1374 1988 1669 2056 ἀδύνατον,
1712 1989 1888 2046 ἄλλων
1922 1992 1980 2048 δέ

393 2090 560 2127 τινων
593 2074 768 2129 αἴτιον
800 2073 939 2131 εἶναι
963 2120 978 2142 ,
1014 2081 1109 2134 καὶ
1147 2081 1293 2152 μάλα
1333 2084 1634 2153 συμϐαῖνον
1671 2087 1785 2159 (2),
1821 2088 1887 2141 ἄν
1921 2106 1979 2142 τε

397 2167 505 2220 τῶν
539 2168 907 2242 συνωνύμως,
941 2171 1008 2226 ἄν
1040 2190 1098 2225 τε
1133 2174 1242 2226 τῶν
1275 2176 1585 2247 ὁμωνύμως
1632 2182 1981 2249 προαγόντων

394 2256 431 2336 ᾗ
463 2261 524 2315 rb
559 2263 829 2333 παρά-τον.
863 2264 1038 2320 Πόθεν
1069 2262 1161 2320 οὖν
1193 2268 1258 2321 ὲκ
1286 2268 1380 2322 τοῦ
1414 2270 1592 2341 πάντη
1624 2273 1889 2328 ἀδυνάτου
1919 2275 1981 2328 rb

401 2355 636 2422 μάλιστα
671 2356 894 2412 δυνατὸν
929 2359 1210 2429 ἀναιρεῖς,
1246 2363 1356 2416 κάκ
1390 2363 1483 2416 τοῦ
1523 2365 1792 2437 μηδαμῶς
1827 2366 1980 2430 ὄντος

395 2447 456 2500 rb
495 2447 553 2500 δ·
587 2466 646 2503 τε
683 2449 782 2503 καὶ
821 2451 1107 2521 γινόμενον
1141 2455 1440 2526 ὀσημὲραι;
1477 2456 1639 2510 Ἀλλὰ
1681 2459 1757 2528 μὴ
1798 2460 1979 2530 πάντη

399 2538 495 2612 τὴν
537 2541 640 2595 τῶν
677 2540 848 2598 ὄντων
888 2545 1050 2614 φύσιν
1089 2546 1432 2614 ἀγνοούντων
1542 2553 1734 2606 ταῦτα.
1771 2552 1830 2605 '0
1874 2551 1981 2622 γὰρ

400 2631 527 2695 Υἱὸς
563 2634 655 2686 καὶ
684 2637 858 2704 Λόγος
889 2635 982 2690 τοῦ
1014 2637 1148 2691 Θεοῦ
1184 2639 1260 2710 τῷ
1295 2642 1396 2711 μὲν
1427 2643 1623 2697 ἑαυτοῦ
1654 2641 1796 2699 εἶναι
1827 2646 1981 2702 οὐδὲν

403 2725 760 2794 συμϐαλεῖται
785 2745 799 2759 ·
833 2730 894 2782 ού
936 2729 1157 2785 δύναται
1197 2733 1303 2805 γὰρ
1348 2737 1542 2789 ἑαυτοῦ
1586 2738 1759 2802 αἴτιος
1802 2734 1979 2793 εἶναι·

400 2820 479 2891 τῷ
513 2819 571 2873 ιῖηὶ
607 2820 699 2874 τοῦ
736 2821 1056 2892 Πνεύματος
1089 2824 1187 2879 καὶ
1221 2827 1368 2894 μάλα
1395 2845 1410 2860 ο
1460 2829 1557 2900 οὐχ
1590 2829 1673 2883 ὅτι
1712 2831 1908 2901 ἀτελὴς
1947 2834 1981 2904 ἠ

400 2912 463 2964 ὲκ
511 2912 607 2966 τοῦ
657 2915 876 2985 Πατρδς
925 2918 1169 2990 προϐολὴ
1213 2919 1308 2973 τοῦ
1359 2922 1709 2995 Πνεύματος,,
1751 2925 1846 2977 καὶ
1892 2924 1982 2981 διὰ

399 3003 557 3077 τοῦτο
586 3007 684 3061 ’καὶ
711 3006 813 3078 τῆς
844 3008 904 3074 ἐξ
936 3009 1066 3063 Υίοῦ
1101 3012 1333 3081 δεομένη
1365 3013 1565 3084 (ἄπαγε
1595 3015 1707 3070 τῶν
1737 3033 1983 3088 σωματι-

403 3094 514 3149 κῶν
545 3095 753 3151 τούτων
785 3101 878 3151 καὶ
912 3101 1136 3171 παχέων
1166 3103 1432 3173 ἐννοιῶν),
1468 3103 1588 3161 ἀλλ”
1607 3109 1690 3162 ὅτι
1724 3109 1783 3163 ὲν
1813 3103 1895 3180 τῷ
1920 3111 1984 3162 ὲκ

2087 1905 2228 1962 heus
2263 1918 2344 1973 tu,
2400 1909 2485 1963 sui
2525 1909 2699 1979 ipsius
2732 1910 2959 1982 quidem
3025 1910 3235 1981 aliquid
3276 1924 3399 1964 esse
3445 1924 3668 1963 causam

2086 2007 2254 2069 atque
2290 1999 2434 2055 idem
2483 2001 2552 2056 ad
2606 2001 2755 2057 idem
2808 2017 3030 2057 causam
3086 2010 3144 2057 et
3199 2011 3488 2058 causatum
3548 2016 3671 2056 esse

2086 2107 2317 2163 prorsus
2343 2103 2428 2148 est
2461 2093 2832 2163 impossibile,
2872 2095 3110 2151 aliorum
3137 2110 3272 2150 vero
3301 2093 3669 2165 quorumdam

2086 2199 2209 2240 esse
2236 2199 2457 2240 causam
2489 2186 2750 2256 possibile
2775 2197 2829 2242 et
2850 2203 3041 2245 revera
3067 2189 3395 2258 contingens
3421 2195 3525 2248 est.
3553 2186 3670 2240 sive

2087 2294 2279 2335 eorum
2345 2297 2468 2351 quae
2503 2282 2739 2338 uniroce
2804 2283 2922 2339 sive
2978 2299 3168 2339 eorum
3217 2299 3339 2354 qua:
3387 2282 3675 2356 a-quivo‘ee

2088 2372 2403 2443 producunt
2443 2375 2517 2430 sit
2567 2375 2907 2445 producens.
2943 2376 3100 2432 Unde
3135 2376 3302 2447 igitur
3349 2391 3418 2432 ex
3443 2375 3674 2430 omnino

2089 2463 2501 2534 impossibiliid
2535 2467 2684 2538 quod
2711 2484 2878 2539 quam
2919 2469 3170 2524 maxime
3197 2468 3458 2538 possibile
3487 2476 3591 2533 est,
3635 2481 3669 2522 ο

2087 2556 2272 2615 medio
2305 2558 2488 2625 tollis,
2521 2568 2686 2630 atque
2736 2576 2808 2615 ex
2857 2576 2931 2616 eo
2964 2560 3113 2631 quod
3163 2576 3435 2631 nusquam
3481 2570 3567 2616 est
3611 2560 3661 2615 id

2089 2644 2239 2714 quod
2265 2655 2352 2702 est
2378 2657 2434 2702 et
2462 2645 2577 2703 fere
2616 2649 2868 2720 quotidie
2895 2651 3119 2708 evenit?
3154 2650 3260 2708 Sed
3292 2651 3410 2708 haec
3441 2653 3666 2709 omnino

2089 2745 2344 2790 naturam
2381 2752 2569 2794 rerum
2602 2740 2978 2812 ignorantium
3029 2758 3151 2798 esse
3201 2743 3481 2799 videntur.
3533 2742 3688 2798 Nam.

2090 2826 2267 2890 Filius
2300 2839 2356 2886 et
2391 2832 2631 2888 Verbum
2677 2834 2772 2889 Dei
2815 2835 2882 2891 ad
2935 2835 3023 2892 sui
3072 2836 3249 2905 ipsius
3291 2817 3670 2891 exsistentiam

2089 2921 2228 2980 nihil
2259 2923 2525 2991 conferet,
2559 2927 2688 2998 quia
2719 2928 2804 2982 sui
2839 2928 3017 2999 ipsius
3058 2943 3184 2984 esse
3229 2944 3394 2985 causa
3449 2929 3682 2999 nequit,

2092 3017 2161 3072 ad
2187 3019 2569 3075 exsistentiam
2599 3029 2785 3076 autem
2815 3021 3061 3092 Spiritus
3083 3023 3258 3078 sancti
3289 3022 3374 3077 vel
3402 3022 3674 3088 maxime;

2091 3127 2202 3167 non
2269 3111 2401 3183 quia
2468 3113 2789 3184 imperfecta
2854 3115 3095 3186 Spiritus
3154 3115 3331 3171 sancti
3385 3131 3453 3170 ex
3516 3115 3676 3169 Patre

401 3183 617 3277 Πατίὸς
647 3187 675 3238 ὁ
709 3187 836 3252 Υἱὸς
868 3191 1165 3258 γεννᾶσθαι
1200 3193 1378 3249 πάντα
1408 3195 1474 3250 τὰ
1510 3199 1713 3266 φυσικὰ
1744 3198 1839 3252 τοῦ
1877 3201 1980 3254 Πα-

2089 3204 2310 3260 emissio
2347 3215 2511 3275 atque
2544 3216 2833 3277 propterea
2885 3208 3050 3263 etiam
3090 3208 3395 3263 emissione
3427 3225 3492 3263 ex
3521 3205 3667 3260 Filio

401 3276 528 3346 τρδς
557 3277 741 3332 λαϐὼν
772 3281 956 3349 ἀγαθὰ
985 3285 1078 3337 καὶ
1110 3284 1270 3339 τοῦτο
1303 3287 1443 3356 μετὰ
1477 3288 1696 3344 πάντων
1724 3289 1846 3362 ἔσχε
1876 3294 1985 3346 τῶν

402 3372 599 3437 ἄλλων,
629 3374 690 3427 rb
719 3376 815 3430 καὶ
843 3375 901 3442 ἐξ
931 3377 1097 3432 αὐτοῦ
1130 3379 1162 3449 ἢ
1193 3381 1260 3434 δι’
1281 3382 1447 3435 αὐτοῦ
1477 3383 1541 3436 ὲκ
1572 3384 1791 3454 Πατρὸς
1818 3386 1987 3438 ἐκπο-

401 3465 661 3533 ρεύεσθαι
689 3471 750 3522 τὸ
779 3469 1006 3541 Πνεῦμα
1033 3471 1093 3525 τὸ
1123 3474 1280 3542 ἅγιον
1305 3490 1323 3508 ο
1353 3475 1490 3546 ὅπερ
1520 3475 1679 3548 ἔσχεν
1705 3477 1770 3530 ἂν
1800 3478 1896 3531 καὶ
1925 3477 2005 3544 rb,

404 3560 660 3630 Πνεῦμα,
704 3562 753 3616 ει
801 3562 878 3635 μὴ
924 3564 1004 3635 τῷ
1047 3564 1242 3619 ἑαυτοῦ
1286 3567 1433 3638 λόγῳ
1473 3570 1852 3641 ἀντικείμενον
1893 3567 1982 3643 ἦν.

403 3652 702 3721 Προϐἀλλει
741 3654 799 3708 δὲ
841 3657 902 3709 ού
951 3657 1217 3728 πρότερον
1259 3661 1288 3713 ὁ
1335 3661 1546 3733 Πατὴρ,
1591 3657 1711 3715 εἶτα
1761 3666 1789 3716 ὁ
1832 3663 1984 3730 Υἱὸς,

401 3744 512 3797 οὐδ’
536 3745 671 3819 άλλη
707 3749 802 3802 καὶ
831 3747 966 3820 ἄλλῃ
1006 3751 1270 3822 προϐολῇ,
1299 3752 1408 3806 οὐδ’
1432 3754 1562 3807 ἄλλο
1594 3754 1672 3824 (5)
1704 3755 1798 3808 καὶ
1833 3755 1986 3820 ἄλλο,

400 3837 708 3903 οὐδ’ᾶλλως
741 3839 820 3910 (4)
853 3842 1176 3909 καὶ-ἄλλως,
1207 3844 1323 3898 ἀλλ’
1348 3845 1466 3916 ἅμα
1498 3847 1594 3900 καὶ
1623 3850 1690 3918 τῇ
1725 3848 1860 3917 αὐτῇ
1893 3848 1988 3901 καὶ

400 3929 462 3980 rb
495 3931 629 3984 αὐτὸ
665 3933 758 3986 καὶ
793 3933 1057 3998 ὡσαύτως
1084 3953 1098 3966 ·
1143 3936 1224 3989 διὸ
1256 3938 1349 3989 καὶ
1387 3938 1486 4008 μία
1519 3939 1613 3991 καὶ
1648 3939 1680 4010 ἡ
1716 3939 1855 4009 αὐτὴ
1891 3939 1987 3992 καὶ

403 4022 615 4093 πλήρης
640 4025 674 4094 ἡ
711 4026 842 4097 παρ’
867 4027 1136 4098 ἑκατέρου
1172 4030 1516 4102 προϐλητικὴ
1549 4029 1803 4101 ἐνέργεια
1835 4030 1988 4086 οὐδὲν

400 4112 564 4188 ἦττον
593 4118 626 4190 ἢ
658 4123 689 4190 ὴ
724 4123 876 4190 παρὰ
907 4122 1124 4193 Πατρδς
1160 4104 1346 4193 μόνου.
1387 4161 1390 4164 λ

2093 3295 2277 3368 indiga
2324 3299 2517 3368 (apage
2567 3314 2695 3355 cum
2749 3300 3136 3373 corporalibus
3196 3310 3253 3356 et
3301 3299 3669 3356 crassioribus

2079 3385 2243 3446 hisce
2276 3392 2752 3462 cogitationibus),
2792 3396 2887 3450 sed
2928 3395 3056 3465 quia
3088 3393 3260 3450 Filius
3311 3394 3442 3450 dum
3477 3408 3546 3455 ex
3578 3392 3677 3449 Pa-

2090 3490 2175 3537 tre
2211 3494 2532 3553 generatur,
2560 3487 2744 3541 omnia
2776 3488 3052 3542 naturalia
3067 3486 3250 3541 Patris
3275 3485 3419 3541 bona
3455 3494 3672 3551 nactus,

2089 3573 2258 3628 etiam
2319 3575 2426 3631 hoc
2476 3591 2602 3633 cum
2660 3579 2876 3634 caeteris
2939 3579 3199 3634 omnibus
3253 3577 3470 3642 habuit,
3527 3574 3673 3648 quod
3721 3592 3723 3594 ·

2091 3665 2258 3720 etiam
2286 3682 2353 3723 ex
2379 3668 2501 3740 ipso
2525 3669 2614 3726 vel
2644 3685 2740 3740 per
2769 3672 2948 3741 ipsum
2988 3687 3052 3726 ex
3083 3672 3243 3726 Patre
3275 3671 3525 3741 procedit
3555 3669 3676 3740 Spi-

2089 3762 2230 3814 ritus
2261 3772 2522 3828 sanctus;
2556 3764 2701 3830 quod
2745 3763 3034 3819 habuisset
3078 3763 3244 3818 etiam
3279 3763 3542 3834 Spiritus,
3567 3762 3674 3818 nisi

2094 3852 2296 3906 rationi
2331 3855 2508 3924 ipsius
2554 3863 2730 3911 esset
2757 3857 3101 3926 oppositum.
3154 3855 3368 3911 Emittit
3400 3873 3531 3912 vero
3567 3873 3676 3910 non

2093 3943 2252 4013 prius
2277 3945 2460 4012 Pater,
2497 3947 2695 4004 deinde
2729 3949 2925 4012 Filius,
2949 3964 3130 4020 neque
3156 3948 3263 4003 alia
3291 3958 3347 4003 et
3374 3949 3480 4004 alia
3509 3949 3679 4004 emis-

2090 4036 2272 4104 sione,
2310 4040 2505 4108 neque
2526 4039 2677 4095 aliud
2733 4053 2787 4096 et
2842 4040 3018 4106 aliud,
3065 4056 3247 4112 neque
3299 4041 3406 4096 alio
3455 4050 3511 4097 et
3566 4043 3677 4095 alio

2092 4131 2278 4194 modo,
2322 4133 2419 4187 sed
2467 4133 2634 4189 simul
2665 4143 2720 4188 et
2771 4133 2963 4189 eadem
3013 4135 3318 4190 emissione
3360 4145 3414 4190 et
3444 4135 3585 4190 idem
3620 4145 3677 4189 et

403 4211 597 4265 eodem
651 4213 835 4268 modo.
889 4214 1104 4270 Idcirco
1156 4225 1213 4271 et
1266 4234 1373 4273 una
1443 4219 1761 4290 eademque
1812 4227 1976 4291 atque
2017 4223 2294 4294 completa
2361 4235 2446 4281 est
2515 4227 2842 4299 productiva
2885 4230 3132 4300 operatio
3161 4230 3228 4285 ab
3259 4238 3492 4300 utroque
3524 4229 3666 4284 nihil

405 4311 607 4373 tnituts,
639 4325 800 4380 quam
835 4327 921 4377 ea,
953 4329 1074 4382 qua:
1099 4312 1244 4369 foret
1274 4331 1303 4370 a
1335 4317 1499 4372 Patre
1525 4319 1666 4373 solo.

733 4423 999 4477 E¢E20Y
1037 4425 1195 4480 ΚΕΦ.
1238 4427 1294 4481 et
1336 4428 1506 4501 (λς’)
1555 4432 1653 4503 (5).

2458 4427 2700 4485 EPHES.
2745 4429 2896 4485 CAP.
2925 4428 2998 4485 IX
3026 4429 3262 4503 (XXVI).

475 4544 687 4611 Ὥσπερ
714 4543 772 4594 rb
798 4542 1054 4614 ἐνεργοῦν
1080 4544 1404 4616 ὡρισμένως
1431 4547 1747 4621 ὡρισμένην
1774 4551 1984 4620 είσάγει

2164 4542 2320 4598 Sicut
2349 4540 2401 4596 id
2431 4542 2578 4612 quod
2603 4551 2868 4611 Operatur
2905 4541 3136 4596 deﬁnito
3169 4541 3337 4596 modo
3387 4542 3672 4599 deﬁnitam
3707 4598 3710 4602 .

403 4638 498 4691 καὶ
537 4637 636 4706 τὴν
677 4634 982 4705 ὶνέργειαν,
1024 4635 1168 4690 οὕτω
1208 4639 1305 4713 καὶ
1342 4641 1376 4708 ἠ
1416 4639 1698 4713 ὡρισμένη
1742 4645 1991 4715 ἐνέργεια

403 4731 540 4802 πρὸς
568 4729 877 4800 ὡρισμένον
905 4729 983 4802 (6)
1012 4731 1072 4784 rb
1101 4730 1364 4803 ἐνεργοῦν
1394 4734 1766 4804 ἀναφέρεται-
1787 4738 1842 4789 Ei
1875 4740 1990 4792 τοί-

401 4824 580 4878 νυντδ
605 4823 802 4894 γεννᾷν
824 4823 963 4893 ὁμοῦ
990 4826 1086 4879 καὶ
1113 4823 1438 4894 προϐάλλειν
1463 4826 1582 4890 ἑνός
1609 4827 1724 4881 ἐστι
1751 4830 1844 4882 τοῦ
1877 4831 1990 4882 Πα-

402 4917 530 4988 τρὸς
556 4915 840 4987 ὡρισμένη
869 4915 1144 4986 ἐνέργεια,
1172 4919 1234 4970 rb
1261 4917 1316 4972 δὲ
1348 4918 1675 4987 προϐάλλειν
1709 4921 1894 4991 μόνον,
1923 4923 1985 4976 ού

409 5008 516 5081 μὴν
537 5010 635 5062 καὶ
658 5009 876 5080 γεννᾷν,
902 5008 1022 5071 ἑνός
1047 5011 1162 5064 ἐστι
1189 5010 1502 5080 προϐολέως
1525 5011 1808 5086 ὡρισμένη
1837 5015 1987 5085 ἐνέρ-

405 5115 528 5167 γεια
551 5098 646 5151 τοῦ
673 5099 888 5170 Πατρὸς
915 5099 1009 5153 καὶ
1039 5098 1167 5153 Υίοῦ
1198 5102 1339 5154 κατὰ
1366 5101 1487 5164 τοὺς
1518 5103 1815 5172 Λατίνους,
1843 5107 1902 5156 ττι
1930 5104 1984 5159 δὲ

403 5191 701 5260 γεννᾶσθαι
726 5190 819 5243 τοῦ
852 5190 983 5244 Υῑοῦ
1011 5186 1165 5255 αὖθις
1195 5191 1473 5261 ὡρισμένη
1503 5194 1778 5264 ἐνέργεια,
1806 5197 1900 5248 καὶ
1926 5197 1986 5249 rb

405 5283 803 5354 ἐκπορεύεσθαι
838 5284 931 5337 τοῦ
970 5285 1132 5352 ἁγίου
1171 5284 1520 5355 Πνεύματος,
1554 5286 1796 5356 τέσσαρα
1830 5289 1984 5344 ἔσται

406 5379 473 5432 τὰ
499 5378 821 5450 ὡρισμένως
851 5377 1176 5448 ἐνεργοῦντα
1206 5381 1264 5430 ἒν
1291 5381 1398 5442 τοῖς
1431 5379 1599 5443 θείοις
1629 5381 1982 5452 προσώποις·

476 5538 554 5610 (Ι)
585 5536 887 5610 Τῷκῐῐατρὶ
926 5535 1113 5610 omitt.
1141 5535 1291 5590 Mori.
1328 5539 1397 5592 2⁵1
1428 5537 1466 5592 l.
1492 5536 1601 5592 ειι
1633 5553 1662 5592 a
1709 5548 1766 5594 et
1814 5538 1977 5596 Marc.

405 5609 446 5667 ἰ.
475 5607 564 5674 80,
589 5607 657 5681 _b;
677 5608 730 5662 in
763 5607 1060 5681 posteriori
1095 5617 1276 5661 tamen
1305 5610 1410 5664 alia
1455 5624 1651 5663 manus
1677 5611 1904 5681 adjecit,
1925 5621 1982 5666 et

407 5697 530 5737 cum
559 5679 723 5735 Marci
772 5677 942 5733 verba
981 5678 1072 5733 hic
1109 5689 1456 5750 repetantur,
1496 5677 1810 5748 ponendum
1847 5697 1980 5737 sane

405 5761 552 5895 esti)
593 5820 758 5880 Marc.
791 5820 1103 5893 συμϐαένει.

2093 4637 2260 4691 etiam
2313 4636 2526 4690 inducit
2579 4636 2986 4705 operationem,
3047 4636 3120 4691 ita
3175 4651 3396 4706 quoque
3449 4637 3674 4693 deﬁnita

2092 4731 2340 4800 operatio
2371 4730 2439 4785 ad
2472 4730 2761 4786 definitum
2793 4730 3015 4801 aliquod
3046 4746 3283 4800 operans
3311 4732 3577 4786 refertur.
3620 4733 3677 4788 Si

2093 4825 2259 4893 igitur
2285 4828 2550 4893 generare
2598 4824 2761 4878 simul
2813 4832 2870 4878 et
2917 4821 3226 4893 producere
3272 4824 3437 4878 unius
3496 4825 3677 4880 Patris

2091 4925 2175 4970 est
2201 4916 2427 4970 deﬁnita
2475 4916 2752 4986 operatio,
2802 4915 3115 4985 producere
3151 4931 3282 4970 vero
3327 4917 3531 4982 solum,
3565 4934 3676 4972 non

2089 5009 2253 5064 etiam
2317 5024 2617 5081 generare,
2668 5009 2835 5064 unius
2895 5009 3258 5079 productoris
3309 5018 3395 5064 est
3447 5010 3674 5065 deﬁnit-'1

2090 5100 2340 5169 Operatio
2371 5100 2550 5155 Patris
2591 5109 2648 5154 et
2702 5100 2828 5155 Filii
2864 5100 3172 5155 secundum
3223 5099 3467 5165 Latinos,
3500 5116 3671 5169 gene-

2094 5193 2234 5247 ratio
2270 5200 2454 5247 autem
2477 5190 2601 5248 Filii
2627 5193 2892 5264 (passiva)
2920 5203 3114 5248 rursus
3144 5192 3368 5248 deﬁnita
3397 5193 3671 5262 operatio,

2093 5287 2220 5340 item
2253 5284 2497 5355 Spiritus
2538 5286 2715 5340 sancti
2747 5285 3030 5355 processio
3063 5289 3086 5338 ι’
3111 5293 3352 5356 quatuor
3388 5284 3676 5341 erantde-

2093 5380 2244 5434 ﬁnite
2271 5379 2556 5449 operantia
2589 5379 2643 5434 in
2682 5379 2888 5436 divinis
2935 5380 3194 5451 personis
3232 5397 3244 5433 :
3294 5394 3440 5433 unus
3488 5377 3673 5447 Pater,

2160 5538 2235 5607 (5)
2280 5537 2424 5592 Mon.
2458 5539 2549 5603 “27,
2580 5538 2621 5594 f.
2655 5538 2759 5593 ΞΗ
2806 5555 2858 5601 a,
2898 5538 3060 5609 ἄλλη.

2161 5612 2238 5677 (lt;
2281 5609 2426 5665 Mon.
2459 5610 2847 5672 idem,_d.).).o;.

2159 5682 2236 5747 (5)
2280 5681 2332 5732 In
2370 5681 2582 5736 Monac.
2610 5682 2735 5744 2'56,
2767 5682 2804 5736 τ.
2833 5681 2929 5735 501
2967 5697 3019 5745 a,
3046 5688 3131 5735 est
3160 5696 3281 5749 cup.
3319 5681 3412 5734 27.

2159 5752 2234 5824 (6)
2276 5749 2428 5807 ΜΟΙΙ.Δ
2459 5751 2547 5820 ΞἹ,
2579 5752 2617 5808 Γ.
2642 5753 2751 5808 244
2781 5753 2833 5818 1),
2861 5753 3197 5822 ὡρισμένην.
