4090 6146
499 247 603 313 211

1879 270 2388 336 BESSARIONIS

3660 278 3767 347 212

501 365 750 432 operatio
777 367 868 423 ubi
902 368 971 435 ϐ,
1003 370 1335 435 intermedia
1355 395 1486 436 vero
1509 382 1656 439 inter
1676 383 1794 442 haec
1815 387 2065 458 operatio

2173 387 2310 458 πρὸς
2337 388 2367 442 ὃ
2400 391 2427 460 ἠ
2462 388 2710 459 ἐνέργεια
2762 382 2913 460 ὲφόῦ
2943 391 3006 456 Γ,
3038 392 3244 462 μεταξῦ
3295 392 3354 446 δὲ
3380 364 3565 446 αὐτῶν
3613 394 3766 465 ἐνέρ-

503 468 614 509 una
670 473 925 522 numero,
979 463 1240 522 videlicet
1294 471 1421 538 AG;
1477 489 1540 528 ac
1608 475 1776 532 etiam
1829 493 1997 550 agens
2029 480 2074 536 A

500 560 671 602 unum
707 565 828 606 esse
874 569 1128 612 numero.
1181 559 1287 616 Sed
1326 564 1439 618 sint
1475 567 1584 621 duo
1624 569 1752 634 AB;
1798 571 1839 624 Β
1890 583 2073 627 autem

498 636 584 693 vel
618 654 743 710 pars
775 652 859 698 est
892 646 1066 715 ipsius
1097 651 1165 716 Α,
1202 654 1286 707 vel
1329 666 1483 711 extra
1518 660 1696 728 ipsum
1727 663 1991 731 positum.
2016 665 2074 720 Si

498 728 670 796 igitur
704 733 879 803 ipsius
908 752 1074 807 pars,
1118 758 1229 798 non
1287 745 1435 800 aliud
1483 761 1684 818 praeter
1733 728 1913 822 ipsum
1964 764 2072 822 est,

497 820 596 874 sed
630 837 799 879 unum
854 843 978 883 cum
1035 831 1177 898 ipso,
1212 843 1268 890 et
1322 837 1402 889 sic
1453 854 1672 895 rursum
1735 852 1906 899 totum
1965 850 2074 903 erit

500 926 673 967 unum
726 932 974 974 numero.
1005 921 1062 977 Si
1096 940 1226 979 vero
1258 932 1488 984 seorsim
1541 943 1597 987 et
1643 946 1795 992 extra
1836 939 1968 993 illud
1998 940 2074 994 si-

393 1059 398 1062 _
499 1013 614 1059 tum
668 1017 772 1073 est,
817 1011 995 1079 primo
1049 1019 1120 1068 sit
1172 1020 1411 1087 positum
1464 1024 1534 1078 ab
1583 1025 1767 1095 infra,
1820 1033 2073 1099 Operatio

496 1109 631 1149 vero
679 1098 852 1160 ipsius
882 1104 918 1154 Α
958 1105 1022 1158 ad
1054 1105 1097 1161 G
1136 1108 1220 1162 vel
1258 1113 1546 1180 aequabilis
1578 1126 1634 1171 et
1662 1098 1925 1175 continua
1963 1133 2069 1188 est,

496 1189 582 1240 vel
619 1189 969 1260 inarquahilis
1004 1199 1105 1269 (a).
1137 1201 1193 1255 Si
1230 1207 1517 1274 aequabilis
1548 1220 1603 1265 et
1631 1214 1914 1281 continua,
1941 1231 2068 1271 cum

499 1293 607 1332 una
645 1297 878 1340 numero
930 1290 1024 1353 sit,
1082 1295 1439 1352 manifestum
1481 1309 1588 1366 est,
1639 1305 1776 1359 nihil
1811 1308 1862 1360 ei
1904 1308 2070 1363 colla-

499 1377 684 1425 turum
729 1392 853 1432 esse
899 1379 980 1446 Β,
1029 1386 1176 1454 quod
1235 1388 1624 1448 intermedium
1685 1399 1924 1465 positum
1960 1410 2066 1467 est,

497 1464 594 1516 sed
630 1464 668 1518 Β
697 1479 794 1522 aut
840 1472 981 1528 nihil
1031 1486 1284 1534 acturum
1333 1494 1427 1537 aut
1461 1501 1571 1541 non
1604 1464 1862 1545 acturum
1908 1493 1973 1548 ad
1998 1464 2068 1561 ϐ,

495 1555 641 1612 sicut
673 1562 783 1630 agit
810 1565 873 1617 A.
918 1566 976 1620 Si
1008 1584 1138 1625 vero
1167 1572 1516 1644 inaequabilis
1543 1591 1648 1646 est,
1679 1581 1878 1652 liquet,
1905 1555 2060 1655 quod

495 1665 707 1749 moram
738 1659 1030 1723 quamdam
1083 1665 1348 1735 suscipiet
1375 1673 1679 1727 secundum
1726 1675 1767 1728 Β
1795 1685 1850 1732 et
1885 1681 2065 1749 seipsa

497 1739 695 1796 fortior
725 1746 852 1811 erit,
892 1748 1265 1811 sicutdluvius
1300 1759 1522 1830 aliquis,
1558 1765 1653 1834 qui
1683 1767 1833 1822 aliud
1861 1739 2067 1827 ﬂumen

496 1835 550 1888 in
582 1852 640 1891 se
669 1840 888 1910 recipit.
923 1842 1036 1900 l-loc
1064 1863 1197 1905 vero
1226 1868 1335 1906 non
1384 1866 1470 1911 est
1511 1860 1674 1916 unius
1729 1866 2072 1933 Operationis

492 1942 558 1982 ac
583 1931 860 1988 continua:
891 1940 1194 2007 prpprium.
1249 1943 1381 2001 Nam
1423 1948 1663 2021 irruptio
1716 1931 1966 2024 quaedam
2014 1967 2072 2016 et

495 2017 754 2077 incursus
789 2029 1014 2095 quidam
1048 2033 1414 2094 intermedius
1441 2017 1926 2114 ﬁet’opera-tionis,
1947 2066 2070 2122 qua

491 2125 578 2167 est
617 2131 646 2169 a
676 2115 737 2181 Β,
792 2126 845 2174 et
877 2123 958 2178 sic
1000 2124 1207 2197 duplex
1243 2136 1493 2202 operatio
1520 2139 1653 2202 erit,
1684 2151 1741 2196 et
1789 2158 1899 2198 non
1928 2145 2066 2200 sim-

491 2205 637 2273 pler.
667 2207 867 2266 Eadem
901 2230 1031 2271 vero
1059 2223 1337 2289 evenient,
1372 2225 1418 2281 si
1449 2242 1615 2298 supra
1642 2232 1686 2285 A
1716 2232 1958 2303 positum
1981 2246 2068 2292 est

491 2299 554 2366 B,
586 2303 681 2356 sed
721 2316 960 2373 ponatur
987 2326 1052 2366 ex
1081 2312 1308 2384 obliquo
1331 2317 1427 2371 τοῦ
1461 2321 1541 2386 A;
1580 2299 1936 2381 manifestum
1973 2327 2067 2384 hic

492 2395 669 2449 multo
711 2401 883 2470 magis
933 2414 1048 2470 est;
1092 2405 1231 2464 duas
1259 2424 1383 2482 esse
1425 2416 1802 2483 operationes,
1833 2420 2062 2475 alteram

486 2487 712 2555 quidem
762 2509 906 2561 eam,
957 2513 1081 2567 qua:
1119 2510 1204 2556 est
1232 2503 1301 2557 ab
1333 2506 1369 2559 Α
1402 2505 1470 2560 ad
1502 2507 1570 2570 G,
1632 2511 1861 2567 alteram
1929 2529 2064 2570 vero

486 2597 631 2644 ean),
668 2599 789 2653 quae
821 2599 902 2642 est
930 2605 958 2642 a
989 2589 1031 2643 Β
1061 2593 1126 2646 ad
1158 2593 1304 2650 idem
1333 2595 1398 2652 G.
1434 2596 1781 2669 lmpossihile
1803 2612 1889 2659 est
1908 2621 2061 2677 ergo,

488 2689 652 2730 unam
697 2694 926 2735 numero
958 2687 1339 2754 Operationem
1392 2697 1458 2745 ad
1511 2693 1620 2749 duo
1659 2698 1875 2766 agentia
1923 2702 2064 2755 rela-

487 2767 695 2824 tionem
732 2772 958 2838 hahere,
1005 2780 1470 2846 quemadmodum
1517 2784 1856 2856 impossibile
1895 2795 2062 2850 unius

484 2856 649 2913 linea:
725 2878 793 2916 ex
853 2865 1118 2924 alterutra
1199 2881 1354 2941 parte
1409 2874 1552 2930 duos
1593 2891 1716 2934 esse
1773 2884 2058 2940 terminos.

487 2951 662 3021 igitur
719 2970 830 3010 uno
887 2973 1124 3016 numero
1169 2965 1422 3033 operatio
1478 2968 1546 3022 ad
1607 2985 1778 3026 unum
1828 2990 2061 3033 numero

2179 497 2304 550 γεια
2345 481 2443 549 μία
2479 482 2556 554 τῷ
2580 482 2795 554 ἀριθμῷ
2825 485 2964 554 ἠΑῐ*
2983 501 2997 516 ο
3033 483 3177 552 λέγω
3203 485 3283 538 ὅτι
3304 487 3400 538 καὶ
3428 486 3490 538 τὸ
3506 487 3766 555 ἐνεργοῦν

2176 572 2218 623 Α
2253 571 2312 624 ἓν
2331 575 2479 625 ἐστιν
2503 571 2742 643 ἀριθμῷ.
2767 574 2859 640 Μὴ
2882 576 2991 646 γὰρ
3007 575 3124 628 ἀλλ’
3149 576 3291 630 ἔστω
3306 575 3402 630 δύο
3423 575 3492 630 τὰ
3508 577 3765 639 annm

2178 663 2220 716 Β
2250 664 2367 734 ἧτοι
2411 665 2575 737 μέρος
2593 665 2739 719 ἐστὶν
2760 665 2927 722 αὐτοῦ
2947 665 3042 721 τοῦ
3064 667 3109 720 Δ
3130 667 3164 738 ἢ
3187 668 3358 738 χωρὶς
3379 668 3549 722 αὐτοῦ
3575 671 3766 739 κείμε-

2174 773 2284 811 νον.
2311 758 2370 811 Εἰ
2390 759 2491 826 μὲν
2507 759 2600 812 οῦν
2621 761 2788 831 μέρος
2813 761 2962 815 ἐστὶν
2981 760 3172 829 αὑτοῦ,
3196 761 3298 814 οὐκ
3319 761 3451 816 ἄλλο
3473 762 3610 833 παρ’
3630 764 3766 816 αὐτό

2176 849 2344 916 ἐστιν,
2367 853 2480 905 ἀλλ’
2497 853 2554 906 ἓν
2572 854 2886 924 μετάὑτοῦ,
2906 855 2999 908 καὶ
3022 853 3164 909 οὕτω
3193 853 3358 909 πάλιν
3381 853 3539 908 ἔσται
3560 854 3620 908 rb
3642 855 3764 908 ὅλον

2177 941 2235 996 ἓν
2266 943 2510 1014 ἀριθμῷ.
2547 947 2609 998 Εἰ
2638 946 2694 999 δὲ
2733 946 2903 1016 χωρὶς
2953 944 3121 999 αὐτοῦ
3171 948 3373 1008 κεῖται,
3408 946 3612 1000 κείσθω
3662 946 3763 999 κά-

2179 1035 2358 1090 τωθεν
2397 1041 2619 1107 πρῶτον
2639 1053 2653 1067 ·
2677 1039 2712 1108 ἡ
2740 1037 2795 1091 δὲ
2824 1039 2932 1093 ἀπὸ
2955 1036 3048 1091 τοῦ
3079 1038 3128 1092 Α
3159 1037 3294 1108 πρὸς
3327 1038 3390 1091 rb
3415 1039 3456 1092 Γ
3505 1037 3764 1108 ἐνέργεια

2177 1127 2303 1197 ἦτοι
2389 1129 2572 1198 ὁμαλὴ
2631 1130 2726 1184 καὶ
2766 1132 3000 1202 συνεχής
3036 1132 3187 1184 ἐστιν
3327 1131 3640 1201 ἀνώμαλος.
3703 1132 3762 1183 Ei

2179 1221 2288 1289 μὲν
2319 1216 2417 1273 οὖν
2452 1220 2631 1292 ὁμαλὴ
2683 1221 2778 1274 καὶ
2807 1223 3044 1292 συνεχής
3092 1222 3208 1274 ἔστι
3259 1221 3360 1290 μία
3406 1221 3486 1290 τῷ
3538 1219 3762 1291 ἀριθμῷ

2179 1308 2339 1377 οὖσα,
2363 1313 2523 1384 δῆλον
2544 1315 2627 1367 ὅτι
2669 1313 2825 1368 οὐδὲν
2846 1314 2982 1384 αὐτῇ
3015 1313 3376 1384 συμϐαλεῖται
3397 1313 3459 1366 τὸ
3483 1312 3522 1365 Β
3548 1314 3758 1384 μεταξὺ

2173 1403 2451 1474 κείμενον,
2466 1405 2594 1459 ἀλλ’
2625 1405 2745 1478 ἦτοι
2790 1406 2894 1460 οὐκ
2946 1407 3237 1477 ἐνεργήσει
3266 1404 3386 1476 ἧοῦ
3419 1407 3557 1476 πρὸς
3589 1405 3651 1458 rb
3700 1407 3760 1471 Γ,

2173 1495 2426 1566 καθάπερ
2474 1497 2534 1550 τὺ
2563 1500 2629 1552 Α.
2671 1498 2736 1552 Ei
2758 1497 3094 1570 δ’ἀνὼμαλός
3125 1500 3265 1563 ἐστι,
3299 1497 3481 1567 δῆλον,
3516 1499 3599 1552 ὅτι
3639 1499 3761 1550 Esti-

2174 1584 2370 1640 στασίν
2390 1604 2514 1640 τινα
2533 1587 2750 1653 “Errat
2779 1591 2920 1643 κατὰ
2943 1590 3003 1642 τὸ
3024 1590 3088 1657 Β,
3121 1591 3215 1644 καὶ
3240 1589 3596 1661 σφώρυηέρα
3631 1592 3758 1643 ἐαυ-

2171 1677 2271 1749 τῆς
2301 1677 2454 1733 ἔσται
2475 1678 2726 1750 καθάπερ
2753 1696 2837 1742 τις
2869 1672 3118 1749 ποταμὸς
3152 1680 3600 1752 προσλαμϐάνων
3637 1682 3758 1736 Ere-

2177 1785 2269 1840 ρον
2299 1769 2502 1840 ῥεῦμα.
2523 1769 2697 1824 Τοῦτο
2725 1769 2874 1823 δὀὐκ
2896 1768 3010 1823 ἔστι
3041 1771 3172 1840 μιᾶς
3195 1770 3485 1840 ἐνεργείας
3511 1771 3607 1824 καὶ
3630 1787 3757 1824 συν-

2177 1857 2338 1929 εχοῦς
2391 1861 2524 1915 τδιον
2543 1875 2557 1889 ·
2588 1859 2830 1930 διακοπὴ
2855 1861 2966 1929 γάρ
2993 1877 3078 1921 τις
3103 1859 3311 1928 μεταξῦ
3331 1864 3632 1932 γενήσεται
3659 1863 3753 1915 καὶ

2178 1951 2428 2023 συμσολὴ
2482 1951 2580 2023 τῆς
2627 1951 2738 2005 ἀπὸ
2786 1949 2944 2004 τοῦΒ
2976 1951 3289 2023 ινεργείας,
3341 1953 3436 2007 καὶ
3476 1952 3623 2006 οὕτω
3671 1955 3751 2008 δι-

2171 2043 2282 2114 πλῆ
2306 2045 2342 2116 ἠ
2371 2043 2621 2117 ῑνέργεια
2650 2044 2828 2108 ἔσται,
2875 2043 2970 2096 καὶ
3001 2042 3100 2113 οὐχ
3132 2044 3304 2115 ἁπλῆ,
3357 2044 3480 2098 οὐδὲ
3515 2046 3636 2114 μία.
3668 2044 3750 2101 T'z

2169 2138 2358 2193 δἀΰτὲ
2392 2139 2488 2192 καὶ
2532 2138 2583 2190 ει
2625 2137 2705 2208 (Ι)
2756 2135 2872 2191 ἂνω
2897 2136 2994 2190 τοῦ
3028 2137 3072 2189 Δ
3099 2139 3160 2190 τὸ
3211 2136 3253 2190 Β
3285 2138 3488 2202 κεῖται,
3529 2140 3747 2210 συμϐή-

2171 2248 2347 2288 σεται.
2386 2230 2551 2284 Ἀλλὰ
2601 2230 2666 2302 δὴ
2706 2228 2916 2284 κείσθω
2948 2231 3015 2284 ἐκ
3066 2228 3309 2298 πλαγίου
3354 2229 3449 2284 τοῦ
3488 2233 3531 2285 Δ
3576 2232 3740 2302 δῆλον

2166 2323 2232 2393 δὴ
2262 2323 2494 2378 ἐνταῦθα
2533 2322 2716 2394 πολλῷ
2774 2321 3004 2395 μᾶλλον,
3044 2323 3128 2376 δτι
3179 2321 3275 2375 δύο
3302 2323 3442 2376 είσὶν
3489 2324 3547 2376 οιί
3588 2325 3747 2393 ἐνέρ-

2167 2434 2335 2487 γειαι,
2371 2418 2468 2487 μία
2500 2416 2601 2488 μὲν
2631 2419 2665 2488 ἡ
2697 2415 2807 2470 ἀπὸ
2855 2415 2952 2471 τοῦ
3006 2416 3052 2469 Α
3081 2416 3218 2485 πρὸς
3269 2413 3326 2467 rb
3358 2414 3421 2479 Γ,
3474 2415 3637 2485 ἑτέρα
3689 2414 3746 2468 δὲ

2167 2511 2200 2580 ἠ
2248 2510 2356 2564 ἀπὸ
2391 2507 2486 2562 τοῦ
2528 2510 2568 2561 Β
2612 2508 2749 2577 πρὸς
2783 2507 2844 2562 τὸ
2890 2508 3024 2562 αὐτὸ
3051 2506 3425 2562 Γ.Ἀδύνατον
3463 2507 3574 2578 ἄρα
3615 2507 3748 2578 μίαν

2164 2601 2244 2670 τῷ
2273 2599 2493 2671 ἀριθμῷ
2535 2597 2819 2670 ἐνέργειαν
2853 2599 2992 2670 πρὸς
3035 2597 3131 2651 δύο
3175 2599 3244 2651 τὰ
3281 2596 3615 2667 ἐνεργοῦντα
3646 2598 3748 2667 τὴν

2166 2695 2447 2764 ἀναφορὰν
2478 2692 2648 2764 ἔχειν,
2702 2692 2954 2762 καθάπερ
2991 2692 3255 2746 ἀδύνατον
3308 2693 3442 2761 μιᾶς
3476 2693 3747 2762 γραμμῆς

2165 2788 2230 2840 εκ
2259 2786 2488 2856 θατέρου
2524 2785 2724 2858 μέρους
2757 2785 2851 2839 δύο
2893 2785 2961 2838 τὰ
2988 2785 3206 2854 πέρατα
3246 2780 3409 2838 εἶναι.
3467 2785 3581 2839 Μία
3633 2784 3749 2854 ἄρα

2162 2878 2241 2951 τῷ
2265 2878 2485 2950 ἀριθμῷ
2520 2879 2772 2948 ἐνέργεια
2796 2861 2944 2950 ’πρὸς
2993 2879 3052 2932 ἓν
3111 2876 3334 2948 ἀριθμῷ
3365 2879 3425 2930 τὸ
3477 2877 3742 2950 ἐνεργοῦν

2164 2974 2522 3043 ἀναφέρεται.
2581 2972 2763 3025 Ἔστω
2825 2970 2884 3023 rb
2940 2970 3198 3042 ἐνεργοῦν
3225 2969 3289 3036 Δ,
3323 2970 3517 3041 Πατήρ
3543 2987 3604 3023 τε
3646 2971 3744 3023 καὶ

481 3059 653 3115 agens
681 3046 940 3106 refertur.
976 3050 1107 3108 Esto
1130 3070 1298 3126 agens
1344 3058 1409 3122 Α,
1439 3060 1604 3116 Pater
1626 3071 1680 3117 et
1715 3064 2055 3138 productor;

2170 3065 2483 3138 προϐολεῦς,
2518 3068 2580 3118 τὸ
2608 3064 2745 3135 πρὸς
2775 3064 2804 3117 ὃ
2847 3067 2880 3134 ἠ
2933 3065 3183 3134 ἐνέργεια
3221 3064 3260 3116 Γ
3283 3104 3297 3126 ,
3324 3067 3358 3136 ὴ
3417 3065 3513 3118 τοῦ
3566 3065 3729 3132 ἁγίου

485 3137 540 3191 id
576 3140 648 3193 ad
682 3141 828 3210 quod
859 3145 1110 3213 Operatio
1140 3146 1207 3214 G,
1258 3149 1502 3219 Spiritus
1535 3156 1707 3209 sancti
1744 3137 2058 3216 subsisten-

487 3231 590 3290 tia,
623 3229 956 3287 intermedia
979 3249 1113 3289 vero
1148 3236 1296 3291 inter
1327 3239 1444 3294 haec
1493 3243 1819 3310 productiva
1851 3262 1958 3300 una
2008 3257 2064 3302 et

484 3318 719 3387 simplex
759 3331 927 3392 atque
960 3327 1299 3394 sempiterna
1321 3330 1594 3400 operatio,
1629 3334 1669 3387 Β
1694 3351 1825 3390 vero
1866 3337 1939 3392 sit
1972 3338 2061 3393 Fi-

483 3409 614 3465 lius.
658 3412 739 3466 Ad
778 3429 950 3468 unum
984 3430 1119 3486 ergo
1148 3417 1391 3488 Patrem,
1412 3429 1467 3476 et
1504 3437 1614 3477 non
1645 3423 1713 3479 ad
1748 3425 1945 3481 Filium
1979 3443 2064 3481 re-

485 3501 666 3556 fertur
695 3506 1021 3575 productiva
1075 3510 1256 3565 sancti
1299 3510 1546 3582 Spiritus
1596 3519 1884 3587 operatio,
1939 3534 2062 3590 qua:

485 3611 592 3651 una
623 3613 689 3652 ac
718 3600 1030 3668 personalis
1065 3611 1171 3658 est.

1143 3717 1424 3779 NICxENl.

554 3824 717 3883 Subit
757 3845 843 3884 me
879 3827 1044 3899 risus,
1073 3830 1231 3903 isque
1275 3833 1596 3905 vehemens,
1628 3842 1851 3911 quando
1888 3851 1941 3899 te
1981 3845 2064 3902 vi-

479 3918 589 3974 deo
621 3921 1197 3979 demonstrationihus
1226 3939 1296 3979 ex
1341 3925 1543 3984 litteris
1563 3939 1620 3984 et
1679 3931 1841 3988 lineis
1872 3935 2063 4004 petitis

480 4013 550 4069 de
577 4013 646 4070 iis
675 4029 798 4085 quae
820 4018 1027 4072 mentis
1060 4017 1236 4072 aciem
1269 4020 1670 4077 transcendunt
1703 4027 1857 4094 quasi
1890 4029 2063 4084 ratio-

477 4107 754 4164 cinanlem
781 4119 838 4165 et
871 4125 935 4165 ea
983 4126 1106 4182 quae
1140 4119 1272 4168 sunt
1326 4128 1494 4184 supra
1528 4131 1748 4173 omnem
1787 4120 2059 4179 rationem

476 4201 831 4270 geometricis
867 4202 1313 4267 necessitatibus.
1348 4208 1822 4277 comprehendere
1857 4228 2064 4270 conan-

478 4305 609 4359 tem,
645 4305 702 4351 et
722 4297 946 4365 quando
974 4298 1125 4353 nulla
1169 4299 1266 4355 tibi
1307 4311 1506 4371 praesto
1534 4313 1619 4357 est
1663 4304 1826 4368 ratio,
1867 4306 2060 4366 Eccle-

2166 3161 2492 3231 Πνεῦματος
2527 3159 2798 3230 ῦπαρξις·
2836 3158 3046 3230 μεταξὺ
3104 3158 3162 3212 δὲ
3208 3157 3390 3213 αὐτῶν
3427 3159 3459 3228 ή
3500 3160 3746 3230 «90611;-

2166 3254 2294 3324 τικῆ
2333 3253 2430 3306 τοῦ
2475 3253 2793 3323 Πνεῦματος
2830 3253 2929 3323 μία
2965 3252 3061 3306 καὶ
3089 3251 3271 3321 ἁπλῆς
3318 3253 3411 3306 καὶ
3442 3253 3616 3316 dibu);
3657 3256 3744 3305 sv-

2162 3347 2352 3416 ἐργεια
2376 3362 2392 3379 ο
2423 3347 2485 3400 τὸ
2508 3345 2547 3398 Β
2573 3346 2630 3398 δὲ
2660 3348 2687 3399 ὁ
2721 3346 2870 3409 Υἱός.
2892 3343 3037 3416 Πρὸς
3067 3345 3233 3414 μόνον
3267 3345 3375 3416 ἄρα
3403 3345 3494 3399 τὸν
3524 3345 3742 3416 Πατέρα

2162 3443 2259 3494 καὶ
2290 3440 2353 3494 οὔ
2412 3441 2550 3512 πρὸς
2581 3439 2672 3494 τὸν
2715 3439 2846 3494 Υίδν
2903 3441 3244 3512 ἀναφέρεται
3297 3444 3331 3512 ή
3394 3442 3742 3514 προσλητικὴ

2161 3529 2257 3585 τοῦ
2296 3530 2618 3600 Πνεῦματος
2675 3532 2775 3602 μία
2827 3535 3158 3606 προσωπικὴ
3211 3533 3467 3605 ἐνέργεια
3501 3532 3603 3607 (2).

2705 3734 2847 3790 ΤΟΥ
2878 3734 3186 3790 ΝΙΚΑῘΑΣ.

2236 3850 2460 3905 Ἐπειοί
2491 3850 2699 3922 μοικαὶ
2727 3849 2935 3921 σφόδρα
2965 3849 3156 3922 γελᾷν,
3182 3849 3313 3904 ὅταν
3347 3849 3407 3902 σὲ
3431 3852 3525 3903 καὶ
3559 3866 3740 3922 γραμο

2166 3947 2356 4016 μικαῖς
2411 3942 2754 4010 ἀποδείξεσιν
2798 3942 2913 4014 ὁρῶ
2944 3943 3074 4015 περὶ
3104 3944 3216 3996 τῶν
3251 3942 3392 4012 ὑπὲρ
3423 3943 3552 3996 νοῦν
3579 3944 3740 3997 οἱονεί

2165 4037 2636 4108 συλλογιζόμενον,
2657 4036 2754 4092 καὶ
2799 4036 2870 4090 τὰ
2910 4035 3052 4107 ὑπὲρ
3085 4035 3267 4090 πάντα
3315 4036 3472 4104 λόγον
3520 4053 3740 4105 γεωμε-

2163 4132 2380 4201 τρικαῖς
2432 4131 2705 4199 ἀνάγκαις
2760 4127 3193 4202 περιλαμϐάνειν
3245 4128 3609 4198 πειρώμενον,
3645 4130 3739 4182 καὶ

2163 4223 2421 4292 ὄτανμὲν
2475 4220 2704 4292 μηδενὸς
2746 4223 2991 4292 εὐπορῇς
3033 4219 3218 4290 λόγου,
3268 4223 3366 4289 τῆς
3411 4220 3738 4291 Ἐκκλησίας

2164 4311 2289 4373 τοὺς
2324 4312 2725 4383 συλλογισμοὺς
2761 4313 2836 4375 ὡς
2866 4312 2929 4382 δὴ
2956 4315 3017 4364 οὐ
3048 4311 3272 4380 θεμιτὸν
3315 4309 3373 4364 ὃν
3399 4312 3581 4370 αὐτοῖς
3611 4311 3738 4381 χρῆ-

477 4390 570 4444 size
605 4390 970 4462 synagismos,
1005 4392 1161 4462 quasi
1188 4393 1269 4449 eis
1298 4394 1375 4449 uti
1408 4397 1482 4450 sit
1512 4396 1691 4460 nefas.
1751 4400 1903 4456 clare
1927 4419 2055 4472 pro-

2170 4406 2289 4460 σθαι
2337 4405 2607 4476 λαμπρῶς
2658 4404 3012 4474 ἐξορίζοντα·
3051 4405 3180 4457 ὅταν
3223 4403 3282 4456 δὲ
3341 4405 3543 4473 μικρᾶς
3596 4418 3738 4463 τινος

473 4482 564 4537 cul
630 4483 990 4552 relegentem,
1024 4483 1246 4556 quando
1280 4501 1411 4542 vero
1447 4486 1726 4545 inveneris
1784 4493 1870 4547 vel
1924 4509 2050 4564 par.

2162 4497 2516 4569 ἐπιλαμϐάνῃ
2567 4495 2850 4567 ἀφορμῆς,
2916 4496 3134 4569 μεγάλα
3189 4494 3496 4566 φρονοῦντα
3535 4495 3627 4546 ἐπὶ
3663 4493 3738 4562 τῷ

542 4598 625 4670 (a)
667 4595 743 4653 De
777 4598 865 4655 his
895 4598 1019 4655 vide
1062 4599 1298 4655 Aristot.
1333 4600 1497 4674 Phys.
1550 4604 1790 4661 auscult.
1827 4606 1864 4661 l.
1903 4623 1969 4674 v,
2001 4624 2051 4664 c.
2084 4612 2140 4678 4,
2172 4609 2229 4684 §§
2268 4611 2330 4666 i3
2360 4626 2480 4683 seq.
2511 4628 2572 4683 p.
2610 4611 2738 4666 514.

542 4716 621 4792 (1)
661 4714 811 4772 Mou.
844 4715 935 4784 27,
966 4715 1008 4772 ί.
1037 4714 1145 4772 246
1170 4731 1202 4774 a
1238 4736 1253 4774 :
1287 4719 1345 4792 ἡ.

1087 5103 1139 5146 Ξ

1092 5153 1124 5180 <

1075 5185 1145 5263 ,ξι

1091 5255 1127 5329 i5

1075 5375 1142 5446 3'

1091 5475 1127 5535 ἓ

2223 4726 2300 4798 (2)
2333 4726 2391 4779 In
2421 4724 2666 4796 margine
2705 4727 2823 4784 haec
2856 4725 3133 4796 reperitur
3158 4724 3331 4797 ﬁgura
3362 4740 3382 4780 :

2970 4891 2974 4894 .
3077 4830 3131 4909 ἓ

3058 4916 3128 4980 3-

3058 4989 3116 5022 ’δ

1181 4870 3023 5740 <

1992 5276 2039 5304 ..

1383 5333 1436 5368 ,η
