4036 6140
315 241 419 308 ίὶῖἒδ

1351 248 1781 314 REFUTATIO
1823 255 2064 318 MARCl
2112 256 2253 318 EPH
2268 259 2493 323 ESle.

3447 257 3554 324 2H

330 352 902 422 συλλογίζεσθαιιἹ-κι
929 356 986 410 δὲ
1021 359 1192 430 είδῇς,
1220 360 1296 425 ὥς
1331 362 1455 416 οὔτε
1488 367 1521 438 ὴ
1554 368 1618 421 ἐκ
1654 368 1884 436 πλαγίου

1993 385 2112 423 vam
2143 371 2436 439 quamdam
2469 372 2842 434 occasionem,
2899 371 2954 426 in
3018 371 3379 429 ratiocinandi
3433 385 3555 432 arte

330 461 406 503 σοι
432 446 556 504 οὕτε
585 448 621 520 ἡ
646 448 760 502 άνω
789 451 913 505 οὔτε
938 452 971 522 ἡ
1004 454 1155 508 κάτω
1186 454 1281 509 τοῦ
1314 457 1570 530 δευτέρου
1596 461 1881 525 ποιοῦντος

328 540 464 603 Olet;
492 540 646 595 οὑδλν
674 542 811 612 πρὸς
833 543 930 597 τὸν
959 546 1323 615 προκείμενον
1342 549 1522 619 λόγον,
1548 553 1682 606 ἀλλὰ
1709 553 1884 608 πάντα

329 633 522 703 μάταιά
545 651 606 687 τε
635 635 734 689 καὶ
764 636 1058 705 σωματικά
1089 638 1208 692 ιστι
1239 640 1336 693 καὶ
1372 641 1618 706 διανοίας
1657 643 1883 714 μηδαμῆ

324 722 414 794 τὴν
460 725 717 795 αἴσθησιν
761 726 1200 800 ὑπερϐαινούσης
1249 733 1636 806 φαντάσματα,
1681 736 1883 804 φαμὲν,

325 815 369 866 tl
405 816 498 868 καὶ
530 816 794 880 πολλάκις
823 819 1152 889 εἰρήκαμεν,
1185 822 1262 886 ὡς
1303 822 1406 894 μία
1455 827 1552 879 καὶ
1597 828 1631 896 ἡ
1660 826 1797 895 αὐτὴ
1829 829 1886 880 ὲν

325 907 490 977 Πατρὶ
527 908 624 962 καὶ
657 908 771 980 Υίῷ
791 910 898 968 ιτοῦ
927 913 1258 984 προϐάλλειν
1287 916 1441 970 ἐστὶν
1482 918 1758 988 ἒνίργεια,
1791 919 1887 973 καὶ

322 993 394 1061 εἷς
432 999 546 1053 εισι
576 1001 878 1072 προϐολεὺς
902 1005 1070 1073 ἄμφω
1117 1007 1213 1060 καὶ
1260 1007 1320 1060 ἓν
1346 1009 1568 1079 ἀριθμῷ
1602 1011 1886 1080 ἐνεργοῦν,

319 1089 370 1143 εί
390 1106 470 1152 τις
497 1089 698 1164 δηλαδὴ
727 1091 830 1162 τὴν
864 1092 1032 1162 φύσιν
1062 1097 1236 1169 αὐτὴν
1263 1097 1437 1170 ὁρῴη,
1469 1100 1594 1154 καθ’
1622 1101 1689 1172 ἣν
1717 1102 1887 1170 ἄμφω

320 1181 618 1253 ἐνεργοῦσι,
657 1184 758 1256 τὴν
803 1185 974 1258 αὐτὴν
1023 1190 1117 1243 καὶ
1165 1191 1296 1258 μίαν
1346 1193 1567 1265 ἀριθμῷ
1615 1196 1710 1248 καὶ
1753 1195 1887 1264 ὑφε-

323 1280 584 1345 στηκυῖαν
614 1279 674 1332 ιν
698 1281 901 1351 άμφοῐν
919 1279 1106 1339 οὖσαν.
1131 1285 1214 1338 Τά
1236 1286 1347 1357 γὰρ
1375 1289 1470 1342 καὶ
1497 1288 1594 1343 δύο
1621 1290 1891 1361 πρόσωπα

320 1363 475 1433 alvei,
507 1370 606 1424 καὶ
631 1371 727 1426 δύο
750 1375 878 1438 τοὺς
908 1376 1310 1446 προϐάλλοντας
1341 1373 1375 1453 ᾗ
1411 1380 1761 1446 ὑποστάσεις,
1796 1382 1890 1435 οὔ-

320 1458 404 1512 δὲν
445 1460 531 1532 τῷ
561 1462 705 1534 λόγῳ
751 1464 1097 1534 λυμαίνεται·
1148 1467 1276 1524 οὔτε
1321 1472 1553 1544 δυαρχία
1601 1473 1690 1527 διὰ
1732 1473 1891 1527 τοῦτο

322 1552 630 1622 εἰσάγεται,
656 1558 783 1611 οὔτε
809 1560 1081 1631 ἐνέργειαι
1101 1564 1216 1627 δύο,
1253 1565 1360 1629 ἕως
1385 1566 1450 1620 ἂν
1480 1569 1515 1636 η
1555 1569 1738 1638 φύσις,
1768 1569 1890 1622 καο’

322 1642 385 1712 ἣν
416 1643 589 1715 άμφω
619 1647 1010 1717 προϐάλλουσι,
1046 1654 1149 1723 μία
1183 1655 1278 1709 κα)⁸
1306 1656 1340 1725 ή
1372 1656 1511 1728 αὕτη
1545 1655 1767 1730 ἀριθμῷ
1797 1661 1892 1713 καὶ

320 1734 659 1808 ὕφεστηκυῖα
754 1744 814 1797 ὲν
848 1745 1072 1814 ἀμφοῖν,
1105 1745 1181 1811 ὡς
1205 1747 1446 1821 εἴρηται.
1473 1749 1550 1803 Οὐ
1584 1753 1768 1820 μέντοι
1798 1752 1886 1807 διὰ

318 1827 474 1884 τοῦτο
517 1830 614 1885 καὶ
647 1831 709 1886 τὸ
757 1835 983 1906 Πνεῦμα
1023 1837 1056 1908 ἢ
1093 1839 1255 1893 ἑαυτὸ
1307 1841 1636 1912 προϐάλλειν
1674 1843 1888 1913 ἀνάγκη

317 1921 403 1977 διὰ
427 1924 486 1977 τὸ
521 1925 666 1980 κατὰ
703 1925 804 2000 τὴν
833 1929 1026 2002 κοινὴν
1059 1932 1464 2001 προϐάλλεσθαι
1503 1934 1692 2005 φύσιν,
1724 1938 1757 2010 ἢ
1792 1938 1891 1993 ἄλσ-

315 2011 413 2083 λης
447 2015 668 2083 φύσεως
701 2016 842 2074 εἶναι
883 2021 961 2094 μὴ
991 2024 1156 2077 ἐαυτδ
1210 2026 1515 2097 προϐάλλον
1545 2027 1647 2099 (Ι).
1682 2028 1743 2082 τὸ
1788 2029 1891 2099 μὲν

317 2103 401 2159 διὰ
434 2106 498 2161 τδ
539 2112 616 2180 μὴ
648 2109 909 2168 δύνασθαι
944 2119 1040 2168 καὶ
1088 2117 1420 2188 προϐάλλειν
1448 2120 1544 2174 καὶ
1588 2122 1890 2194 προϐάλλει

318 2199 460 2268 σθαι,
515 2202 581 2255 τὸ
606 2202 661 2256 δὲ
690 2204 776 2259 ὅτι
824 2206 948 2261 οὐδὲ
989 2208 1082 2264 τὸν
1111 2210 1242 2264 Υίδν
1295 2211 1464 2283 ἄλλης
1498 2213 1715 2283 φύσεως
1750 2209 1892 2269 εἶναι

317 2293 511 2380 vique
541 2291 681 2349 εἶναι
705 2296 740 2368 ἢ
771 2299 801 2352 ὁ
830 2299 1040 2371 Πατὴρ,
1069 2303 1251 2357 καίτοι
1289 2319 1353 2372 γε
1389 2307 1528 2360 κατά
1570 2309 1674 2379 τὴν
1703 2307 1892 2380 κοινὴν

294 2412 295 2415 η
318 2385 416 2456 μιν
455 2387 628 2458 φύσιν
678 2390 1041 2461 γεννώμενον,
1091 2397 1154 2449 οὐ
1195 2397 1380 2467 μὶντοι
1419 2414 1483 2467 γε
1516 2399 1715 2454 ἑαυτὸν
1768 2416 1895 2470 γεν-

315 2477 513 2536 νῶντα.
552 2480 626 2535 Ἦ
676 2499 738 2535 τε
776 2482 871 2539 οὖν
922 2485 1018 2539 τοῦ
1061 2488 1390 2558 προϐάλλειν
1439 2491 1654 2564 Πατρός
1700 2508 1763 2546 τε
1796 2494 1896 2548 xui.

315 2568 443 2624 Υἱοῦ
493 2573 753 2642 ἐνέργεια
795 2577 896 2646 μία
941 2579 1037 2634 καὶ
1085 2581 1118 2652 ἡ
1167 2581 1307 2654 αὐτὴ
1338 2583 1608 2656 τάριομῷ,
1666 2586 1760 2639 καὶ
1793 2586 1893 2658 οὐχ

313 2661 489 2731 ἥττων
524 2667 628 2735 μὶν
651 2668 715 2722 ἑκ
747 2668 960 2741 Πατρδς
985 2672 1173 2742 μόνου,
1203 2675 1407 2745 μείζων
1436 2677 1494 2732 δὲ
1522 2680 1556 2749 ἡ
1584 2680 1647 2733 ὲκ
1680 2680 1892 2750 Πατρδς

315 2757 409 2810 καὶ
439 2758 604 2824 Υίοῦ,
630 2758 754 2815 οὔτε
782 2765 949 2834 μέρος
977 2766 1009 2834 ἡ
1041 2763 1102 2832 ἐξ
1142 2766 1272 2820 Υίοῦ
1305 2770 1403 2840 τῆς
1434 2771 1500 2824 ἐκ
1529 2769 1626 2825 τοῦ
1655 2773 1892 2844 Πατρδς,

263 2875 268 2879 -
314 2849 347 2919 ἦ
397 2851 456 2905 τὺ
507 2853 812 2921 ἀνάπαλιν,
861 2856 984 2911 οὔτε
1035 2860 1321 2931 ἀνώμαλος
1368 2863 1639 2936 πρότερόν
1689 2883 1750 2920 τε
1797 2868 1897 2924 καὶ

315 2939 571 3014 ὕστερον,
604 2944 720 2998 ἀλλ’
757 2947 936 3021 ὁμαλὴ
966 2949 1062 3002 καὶ
1093 2950 1350 3024 συνεχὴς,
1372 2953 1494 3007 ἐπεὶ
1526 2954 1664 3027 μηδὲ
1693 2956 1894 3026 1:96:3-

1983 475 2334 530 summopere
2361 462 2686 532 gloriantem
2715 470 2771 516 et
2809 463 3237 531 superbientem.
3270 463 3342 522 Ut
3370 475 3554 520 autem

1986 554 2154 618 scias,
2190 565 2338 607 tuam
2395 553 2623 609 secundi
2664 555 2885 626 agentis
2915 555 2998 612 vel
3023 571 3090 611 ex
3123 555 3346 626 obliguo
3382 555 3465 611 vel
3497 557 3554 610 in

1985 645 2215 700 summis
2245 645 2329 700 vel
2387 648 2439 700 in
2476 645 2682 703 inlimis
2757 647 3091 718 positionem
3127 647 3271 703 nihil
3327 647 3555 701 omnino

1986 736 2052 790 ad
2085 748 2407 806 praesentem
2437 741 2617 795 facere
2649 741 3058 801 tractationem,
3112 741 3206 794 sed
3234 748 3433 794 cuncta
3460 752 3555 791 va-

1989 844 2054 881 na
2082 843 2202 884 esse
2230 837 2286 882 et
2322 832 2650 900 corporalia,
2681 839 2734 886 et
2767 830 2970 887 mentis
3004 846 3351 901 nequaquam
3385 844 3556 898 super

1987 935 2185 975 sensus
2223 930 2398 976 semet
2420 923 2688 980 elevantis
2737 923 3143 994 phantasmata,
3193 921 3456 980 dicimus.
3488 917 3557 974 li-

1987 1022 2074 1066 cet
2097 1012 2210 1083 jam
2241 1013 2441 1084 saepius
2467 1014 2783 1070 dixerimus.
2817 1031 2980 1070 unam
3006 1014 3370 1082 eamdemque
3426 1024 3556 1066 esse

1989 1104 2045 1159 in
2080 1105 2243 1160 Patre
2270 1115 2328 1162 et
2351 1105 2489 1162 Filio
2505 1106 2848 1179 producendi
2878 1107 3280 1176 Operationem.
3305 1113 3361 1159 et
3384 1117 3554 1157 unum

1990 1209 2110 1250 esse
2172 1196 2469 1267 spirantem
2523 1207 2817 1268 utrumque
2874 1205 3041 1268 atque
3100 1210 3267 1249 unum
3327 1206 3558 1248 numero

1990 1298 2178 1356 agens,
2209 1288 2253 1342 si
2282 1289 2408 1358 quis
2446 1288 2705 1342 nimirum
2759 1296 3013 1342 naturam
3078 1285 3257 1356 ipsam
3305 1292 3556 1354 spectet;

1991 1379 2294 1434 secundum
2327 1395 2494 1451 quam
2549 1379 2713 1435 ambo
2743 1387 3068 1448 operantur,
3125 1392 3249 1448 qua:
3301 1391 3408 1431 una
3465 1390 3562 1429 ea-

1991 1474 2229 1544 demque
2255 1490 2488 1531 numero
2511 1490 2575 1531 ac
2599 1475 2902 1532 subsistens
2927 1474 2981 1528 in
2999 1471 3268 1527 ambobus
3289 1477 3393 1524 est.
3421 1467 3558 1522 Nam

1992 1567 2137 1640 quod
2172 1568 2294 1624 dua:
2325 1583 2575 1639 personae
2607 1577 2738 1624 sunt
2758 1577 2813 1622 et
2840 1565 2952 1622 duo
2991 1566 3268 1637 spirantes
3288 1572 3574 1632 quatenus

1996 1662 2336 1732 hypostases.
2363 1661 2417 1717 id
2447 1660 2585 1716 nihil
2630 1660 2796 1716 oiiicit
2829 1658 3030 1715 rationi
3075 1657 3224 1718 huic.
3266 1670 3447 1722 neque
3472 1654 3557 1707 id-

1994 1756 2144 1810 circo
2173 1753 2574 1824 principiorum
2604 1753 2841 1810 dualitas
2891 1751 3176 1809 inducitur
3207 1764 3388 1819 neque
3434 1747 3558 1800 du:e

1992 1847 2361 1917 operationes,
2383 1847 2622 1916 quandiu
2643 1859 2859 1910 natura,
2876 1844 3178 1902 secundum
3201 1856 3364 1913 quam
3395 1838 3557 1892 ambo

1986 1939 2301 2010 producunt
2357 1941 2474 1996 sive
2520 1948 2756 2009 spirant,
2827 1937 3020 1995 eadem
3075 1948 3307 1990 numero
3337 1947 3402 1985 ac
3427 1929 3561 1984 sub-

1991 2033 2193 2088 sistens
2226 2033 2307 2088 sit
2339 2031 2394 2087 in
2434 2031 2706 2088 ambobus
2737 2030 2816 2086 uti
2847 2030 3056 2085 dictum
3087 2035 3191 2083 est.
3224 2023 3345 2081 Non
3373 2023 3557 2095 tamen

1992 2134 2289 2197 propterea
2320 2132 2377 2180 et
2413 2123 2676 2195 Spiritum
2705 2123 2788 2180 vel
2820 2138 2879 2180 se
2905 2123 3085 2192 ipsum
3115 2118 3422 2193 producere
3458 2131 3557 2169 ne-

1995 2233 2146 2273 cesse
2177 2225 2282 2283 est,
2323 2217 2451 2288 quia
2494 2216 2796 2273 secundum
2829 2228 3178 2272 communem
3235 2208 3560 2282 producitur

1993 2317 2270 2368 naturam.
2299 2308 2387 2363 vel
2421 2308 2650 2364 alterius
2673 2318 2886 2364 naturae
2916 2320 3059 2370 esse,
3096 2303 3145 2359 si
3171 2319 3282 2358 non
3315 2301 3555 2369 seipsum

1993 2402 2302 2475 producat;
2332 2401 2467 2458 illud
2499 2403 2747 2472 quidem,
2772 2401 2901 2473 quia
2934 2415 3042 2456 nou
3071 2407 3252 2470 potest
3298 2396 3458 2452 simul
3493 2404 3548 2448 et

1994 2491 2303 2561 producere
2328 2501 2383 2547 et
2419 2493 2671 2562 produci,
2704 2491 2812 2546 hoc
2839 2506 2972 2549 vero
2995 2489 3126 2560 quia
3155 2502 3341 2576 .neque
3358 2485 3558 2541 Filium

1994 2587 2224 2642 alterius
2253 2597 2469 2643 natura:
2493 2602 2616 2643 esse
2638 2583 2957 2652 aliirmabis,
3015 2599 3182 2656 quam
3248 2591 3335 2637 est
3378 2580 3562 2645 Pater,

1994 2681 2249 2750 quamvis
2287 2680 2592 2738 secundum
2638 2693 2987 2735 communem
3024 2685 3279 2732 naturam
3309 2674 3381 2728 sit
3412 2673 3567 2743 geni-

1994 2785 2108 2842 tus,
2142 2782 2461 2832 nontamen
2498 2775 2742 2844 seipsum
2791 2773 2864 2830 sit
2896 2785 3188 2845 generans.
3234 2767 3403 2839 Igitur
3455 2763 3566 2836 spi-

1994 2869 2168 2923 rativa
2197 2867 2379 2924 Patris
2410 2878 2465 2924 et
2502 2867 2625 2923 Filii
2656 2855 2905 2937 operatio
2951 2878 3059 2920 una
3113 2861 3418 2930 eademque
3458 2873 3565 2912 nu-

1997 2961 2190 3032 mero';
2226 2981 2406 3036 neque
2435 2965 2616 3021 minor
2651 2972 2739 3021 est
2763 2979 2826 3019 ea
2849 2977 2972 3032 qua:
3000 2975 3068 3015 ex
3090 2958 3253 3015 Patre
3280 2956 3422 3017 solo,
3449 2967 3565 3007 rna-

317 3034 408 3106 pdv
439 3051 495 3090 τι
554 3039 653 3092 καὶ
690 3039 926 3110 ὕστερόν
975 3045 1124 3097 ἐστιν
1153 3043 1214 3096 ἐν
1257 3046 1421 3117 αὐτῇ,
1461 3046 1575 3101 οὐδ’
1604 3051 1891 3104 ἐπίστασιν

1993 3057 2082 3131 jor
2104 3075 2238 3117 vero
2268 3034 2393 3130 quae
2423 3073 2492 3116 ex
2519 3059 2678 3115 Patre
2704 3066 2760 3114 et
2788 3055 2930 3113 Filio
2959 3063 3070 3117 est,
3100 3065 3278 3122 neque
3311 3063 3434 3120 pars
3481 3052 3568 3101 est

319 3130 409 3182 καὶ
437 3130 633 3186 ἄνεσιν
667 3132 1028 3205 ἐπιδεχομένη
1057 3151 1071 3164 ·
1102 3135 1131 3187 δ
1171 3151 1233 3188 τε
1260 3137 1352 3201 σδς
1392 3137 1500 3191 τῶν
1526 3138 1702 3210 λόγων
1727 3141 1895 3214 ἑσμὸς

315 3220 471 3276 οὐδὲν
501 3223 623 3278 οὐδ’
649 3225 888 3281 ἐνταῦθα
923 3228 1198 3298 περαίνει.

2000 3163 2066 3205 ea
2109 3162 2233 3219 quae
2260 3164 2329 3204 ex
2363 3149 2525 3212 Filio.
2565 3149 2715 3206 illius
2741 3161 2863 3218 quae
2883 3154 2970 3202 est
2995 3159 3062 3200 ex
3089 3141 3275 3206 Patre,
3297 3139 3386 3194 vel
3449 3135 3570 3238 vice

2000 3255 2182 3309 versa,
2211 3256 2388 3311 neque
2442 3240 2786 3312 inmquahilis
2817 3238 2974 3310 prius
3035 3242 3204 3304 atque
3265 3239 3566 3301 posterius.

315 3319 410 3376 κά
442 3323 738 3394 aequabilis
758 3337 816 3381 ει
838 3325 1139 3392 conlinua;
1171 3343 1298 3384 cum
1331 3344 1464 3386 vero
1512 3346 1694 3401 neque
1737 3334 1893 3405 prius
1931 3335 2228 3407 quidquam
2299 3347 2356 3394 et
2390 3339 2666 3409 posterius
2690 3337 2746 3393 in
2805 3335 2922 3408 ipsa
2951 3335 3047 3399 sit,
3077 3345 3256 3402 neque
3286 3325 3573 3384 remissio-

315 3435 439 3473 nem
467 3430 528 3475 et
562 3421 969 3490 repressionem
1001 3423 1242 3494 aliquam
1296 3425 1547 3497 suscipit,
1578 3438 1747 3500 atque
1807 3440 1960 3487 tuum
1991 3433 2270 3488 rationum
2303 3448 2531 3489 examen
2579 3446 2758 3502 neque
2785 3429 2878 3487 hic
2917 3425 3123 3500 aliquid
3146 3439 3375 3496 prorsus
3433 3437 3573 3478 cou-

315 3513 455 3569 cludi
467 3523 509 3569 t.

404 3515 509 3570 dit.

661 3609 926 3663 tonsor
965 3609 1124 3665 κει).
1163 3608 1246 3665 m'
1279 3611 1427 3683 (κε’)
1465 3613 1564 3683 (ε).

382 3724 460 3780 Τδ
495 3725 564 3778 ἑκ
624 3724 842 3793 Πατρδς
890 3721 1033 3780 εἶναι
1093 3726 1273 3782 κοινὸν
1306 3725 1421 3798 Υίῷ
1471 3728 1566 3781 καὶ
1623 3727 1899 3799 Πνεύματι

2327 3609 2569 3668 naues.
2600 3608 2756 3665 CAP.
2798 3604 2895 3663 xu
2941 3600 3181 3677 (XXIX).

2076 3732 2158 3788 Ea:
2186 3729 2350 3786 Patre
2379 3745 2486 3784 esse
2512 3740 2802 3785 commune
2829 3724 2968 3781 Filio
2995 3736 3060 3777 ac
3102 3719 3334 3790 Spiritui
3359 3717 3568 3788 (ιι-εεοσ

311 3817 628 3890 Γρηγόριος
680 3819 710 3871 ὁ
745 3817 1014 3888 Θεολόγος
1064 3821 1346 3874 ἀπέδωκεν
1390 3821 1488 3892 (5).
1526 3822 1587 3876 Ei
1630 3821 1690 3875 δὲ
1731 3825 1760 3874 ὁ
1799 3823 1891 3892 μὲν

1999 3827 2118 3880 rius
2158 3823 2470 3892 Theologus
2498 3820 2774 3876 attribuit.
2823 3815 2882 3872 Si
2913 3824 3096 3871 autem
3129 3813 3309 3868 Filius
3342 3811 3566 3880 quidem

312 3911 444 3977 Υίδς
469 3913 706 3981 ἀμέσως
743 3913 808 3965 ἑκ
835 3911 927 3967 τοῦ
968 3913 1184 3985 ιΙατρὸς
1209 3914 1306 3968 καὶ
1355 3914 1559 3986 μηδένα
1592 3915 1784 3985 ἕτερον
1817 3914 1902 3969 αι’-

309 4020 430 4058 τιον
455 4005 631 4074 ἔχων,
675 4002 739 4057 τὺ
768 4003 825 4058 δὲ
859 4004 1085 4074 Πνεῦμα
1107 4005 1220 4060 οὐκ
1265 4006 1510 4073 ἁμέσως,
1539 4006 1678 4061 am
1715 4008 1906 4062 aovat-

2000 3915 2320 3975 immediate
2349 3923 2436 3970 est
2466 3929 2532 3968 ex
2562 3913 2724 3966 Patre
2757 3919 2812 3966 et
2846 3909 3051 3965 nullam
3072 3906 3234 3962 aliam
3262 3919 3569 3976 agnoscens

1999 4025 2246 4074 causam.
2271 4008 2672 4078 Spiritus‘vero
2695 4019 2805 4058 non
2849 3999 3300 4065 immediate,sed
3332 4012 3572 4054 concau-

306 4114 425 4150 τιον
477 4094 684 4151 ἑαυτοῦ
738 4096 827 4150 τὸν
880 4096 1006 4151 Υίὸν
1052 4097 1198 4169 ἔχον,
1253 4099 1436 4153 οὐκέτι
1488 4099 1671 4154 κοινὸν
1713 4100 1891 4164 αὐτοῖς

2009 4120 2123 4160 sam
2151 4102 2236 4158 sui
2267 4101 2442 4172 ipsius
2480 4098 2690 4153 habens
2735 4095 2960 4159 Filium,
2991 4108 3101 4151 non
3141 4091 3382 4163 amplius
3419 4104 3572 4145 com-

308 4192 465 4246 ἔσται
503 4193 572 4244 τὺ
621 4194 686 4246 ἐκ
719 4192 955 4263 Πατρδς,
995 4184 1056 4246 οὗ
1085 4197 1161 4262 μὴ
1210 4194 1409 4263 ἐπίσης
1449 4195 1797 4264 μετέχουσιν.
1831 4194 1891 4247 Ἢ

2003 4210 2168 4251 mune
2202 4194 2285 4249 eis
2330 4193 2436 4247 crit
2461 4206 2526 4244 ex
2567 4189 2727 4244 Patre
2758 4204 2887 4251 esse,
2916 4188 2984 4242 de
3010 4203 3122 4259 quo
3151 4201 3259 4241 nou
3281 4182 3572 4253 aequaliter

306 4286 494 4341 τοίνυν
539 4282 640 4336 τὸν
679 4283 943 4353 Θεολὸγον
999 4285 1214 4354 ἀνάγκη
1269 4283 1587 4353 ψεύδεσθαι,
1646 4283 1680 4356 ἥ
1726 4285 1773 4337 εί
1827 4284 1891 4352 μὴ

2001 4284 2351 4360 participant.
2407 4287 2513 4340 Aut
2546 4284 2733 4354 itaque
2770 4283 3082 4353 Thcologus
3135 4280 3436 4336 mentiatur
3480 4293 3605 4334 ue-~

304 4379 490 4441 τοῦτο,
531 4376 716 4446 πάντη
756 4392 814 4429 τε
853 4380 947 4430 καὶ
974 4378 1195 4441 πάντως
1243 4378 1466 4432 Λατῖνοι
1496 4376 1789 4448 ψεύδονται
1819 4375 1891 4449 (4]

2005 4395 2159 4436 εεεεε
2199 4391 2300 4444 est,
2327 4388 2444 4440 aut,
2496 4377 2538 4430 si
2580 4376 2686 4432 hoc
2715 4391 2824 4430 non
2877 4372 3302 4440 admittendum,
3347 4375 3573 4432 omnino

303 4472 383 4544 τῷ
419 4471 545 4544 Υίῷ
586 4469 689 4540 τὴν
715 4470 895 4525 αἰτίαν
926 4470 1163 4534 διδόντες
1191 4471 1289 4526 τοῦ
1323 4472 1661 4543 Πνεῦματος.

735 4674 878 4732 ΤΟΥ
918 4675 1142 4732 ΣΟΦΟΥ
1176 4675 1488 4731 ΝΙΚΑῘΑΣ.

374 4797 593 4869 Πρῶτα
629 4793 730 4866 μιν
762 4795 826 4848 si;
849 4792 1088 4860 ἀμέσως
1119 4792 1219 4846 καὶ
1259 4791 1535 4861 ἐμμέσως
1566 4790 1803 4844 ἐνταῦθα
1834 4791 1896 4844 οὐ

303 4895 455 4949 ποιεῖ
477 4887 756 4960 διαφορὰν
793 4886 1076 4956 οὐδεμίαν,
1105 4883 1138 4956 ἢ
1160 4886 1244 4939 ὅτι
1277 4885 1308 4938 ὁ
1333 4884 1434 4956 μὲν
1465 4884 1771 4956 γεννητῶς,
1798 4885 1827 4939 ὀ
1851 4884 1897 4938 δ’

302 4983 671 5057 ὲκπορευτῶς
714 4986 782 5034 ἐκ
819 4978 1034 5049 Πατρδς
1063 4979 1278 5052 πρόεισι
1302 4993 1317 5008 °
1346 4977 1506 5031 τοῦτο
1535 4977 1592 5031 δδ
1623 4977 1771 5031 κατὰ
1801 4975 1894 5030 σοῦ

303 5080 456 5133 ἔστιν
508 5075 678 5132 οὐδὲν
713 5065 900 5146 ἧττον,
925 5072 983 5126 εί
1004 5089 1068 5140 γε
1117 5068 1243 5125 καθ’
1272 5071 1432 5141 ἡμῶν
1464 5069 1661 5141 ἰσχύει.
1702 5069 1899 5133 1Ἄλλος

299 5173 419 5244 γάρ
461 5173 492 5225 δ
540 5169 648 5238 τῆς
675 5166 990 5236 γεννήσεως
1019 5166 1115 5219 καὶ
1146 5165 1289 5219 κατὰ
1318 5164 1378 5217 σὲ
1416 5165 1620 5236 τρόπος
1649 5161 1744 5217 τοῦ
1769 5163 1898 5234 τρό-

302 5283 409 5321 που
437 5265 544 5335 τῆς
566 5260 973 5331 ἑκπορεύσεως,
1000 5259 1093 5313 καὶ
1120 5257 1294 5321 οὕτως
1324 5256 1506 5322 ἄλλος,
1537 5256 1614 5322 ὡς
1648 5260 1739 5311 καὶ
1768 5259 1895 5311 ἱκα-

300 5357 392 5424 νδς
430 5351 585 5410 εἶναι
619 5350 923 5422 διακρίνειν
960 5348 1208 5420 άλλήλων
1246 5347 1377 5402 Υίόν
1407 5365 1466 5401 τε
1512 5349 1607 5402 καὶ
1645 5349 1894 5417 Πνεῦμα,

300 5452 376 5518 ὑς
411 5451 512 5506 καὶ
542 5447 716 5508 αὐτὸς
749 5443 852 5495 οἴει
889 5443 984 5497 καί
1020 5460 1165 5506 τινες
1196 5442 1307 5496 τῶν
1350 5443 1599 5498 Λατίνων
1629 5441 1894 5496 τίθενται.

303 5548 368 5605 Ei
396 5542 492 5602 οὖν
524 5542 621 5597 διὰ
652 5540 711 5592 τὸ
759 5523 1002 5607 ἀμ’ἐσως
1035 5537 1129 5590 καὶ
1165 5535 1443 5607 ἐμμέσως
1473 5535 1660 5591 οὐκέτι
1712 5538 1893 5602 αὐτοῖς

363 5663 444 5733 (ι)
479 5659 628 5733 non
686 5653 865 5733 esse
890 5633 1322 5733 υίτερρράλλων.
1437 5667 1441 5671 ’

373 5722 451 5801 ξεν.)
486 5731 550 5787 ιιι
579 5728 730 5784 Mori.
762 5724 885 5782 256.
929 5726 968 5781 f.
999 5723 1102 5780 £02
1128 5741 1180 5790 ει,
1214 5734 1297 5779 est
1329 5736 1447 5797 cap.
1478 5722 1567 5792 '50.

2005 4483 2062 4528 et
2093 4471 2240 4526 omni
2269 4469 2433 4524 modo
2464 4470 2808 4523 mentiuntur
2850 4466 3055 4533 Latini,
3086 4465 3219 4521 dum
3271 4466 3410 4524 Filio
3443 4467 3573 4540 Spi-

2004 4563 2138 4620 ritu.
2165 4564 2343 4620 sancti
2371 4577 2591 4617 causam
2631 4561 2898 4617 tribuunt.

2446 4675 2803 4732 SAPIENTIS
2857 4675 3136 4732 NICENI.

2070 4796 2131 4850 in
2162 4793 2358 4866 primis
2384 4808 2548 4849 voces
2575 4792 2877 4848 immediate
2926 4798 2977 4844 et
3008 4792 3238 4846 mediate
3283 4790 3390 4848 hoc
3447 4791 3571 4846 loco

2000 4888 2208 4944 nullam
2233 4887 2398 4942 aliam
2439 4885 2650 4941 faciunt
2677 4883 3075 4946 diderentiam,
3101 4898 3265 4953 quam
3295 4883 3443 4954 quod
3480 4882 3573 4940 ille

2003 4995 2103 5050 per
2135 4978 2576 5050 generationem,
2628 4974 2720 5029 hic
2743 4989 2873 5029 vero
2906 4989 3003 5042 per
3050 4972 3455 5042 processionem
3504 4989 3571 5027 ex

2002 5073 2164 5130 Patre
2198 5071 2403 5142 prodit.
2461 5068 2580 5124 Hoc
2614 5075 2800 5122 autem
2847 5064 3028 5120 nihilo
3059 5066 3240 5119 minus
3285 5073 3472 5120 contra
3522 5074 3571 5121 te

1999 5171 2105 5229 est,
2170 5161 2444 5232 siquidem
2485 5167 2678 5213 contra
2737 5171 2840 5213 nos
2875 5157 3038 5211 valet.
3070 5155 3229 5211 Alius
3282 5155 3432 5210 enim
3483 5164 3570 5210 est

1999 5253 2375 5330 generationis
2422 5252 2617 5309 modus
2665 5251 2830 5307 etiam
2881 5251 3186 5306 secundum
3234 5260 3384 5305 tuam
3439 5265 3569 5306 sen-

1998 5349 2226 5406 tentiam
2255 5363 2285 5403 a
2317 5345 2689 5418 processionis
2714 5344 2898 5410 modo,
2929 5353 3095 5413 atque
3128 5344 3264 5398 adeo
3284 5343 3556 5407 diversus,

1999 5454 2060 5498 ut
2094 5450 2152 5498 et
2183 5451 2341 5511 aptus
2379 5439 2448 5494 ad
2490 5438 2917 5510 distinguendos
2963 5436 3032 5492 ab
3061 5436 3298 5492 invicem
3365 5433 3564 5490 Filium

1994 5547 2051 5594 et
2076 5535 2342 5613 Spiritum
2379 5531 2651 5596 videatur,
2683 5541 2741 5586 ut
2790 5540 2848 5588 et
2907 5539 2963 5587 tu
3015 5539 3177 5601 putas
3225 5540 3282 5588 et
3332 5529 3558 5601 quidam

2063 5648 2144 5722 (3)
2175 5650 2302 5705 Naz.
2333 5658 2472 5706 orat.
2504 5647 2595 5711 25,
2623 5647 2731 5702 col.
2762 5645 2851 5712 25,
2879 5643 2934 5700 in
2969 5642 3241 5700 Heronem
3267 5645 3491 5772 .pliilos.

2067 5724 2142 5772 ιιι
2169 5721 2428 5772 Man-2'7.
2471 5717 2790 5772 Ψεύδεσδαι.
2815 5716 2984 5772 ltectc
3018 5714 3160 5772 Matt.
3194 5717 3262 5772 25
3307 5759 3321 5772 .

2067 5714 2142 5789 (ι)
2169 5721 2428 5787 Mem-27,
2471 5717 2790 5775 Ψεύδεσδαι.
2815 5716 2984 5775 [tecte
3018 5714 3160 5778 lion.
3194 5714 3321 5774 258.
3372 5774 3374 5776 ,
