4090 6146
446 281 556 348 219
1819 268 2328 344 BESSARIOMS
3606 255 3710 322 $20

445 390 717 446 Trinitate
770 387 974 453 simul,
1031 385 1084 442 id
1138 385 1514 442 necessarium
1570 393 1697 452 est;
1730 384 2036 456 (quomodo.

2142 380 2306 434 πόθεν
2359 374 2614 444 ῑπεταιῆ
2666 373 2811 426 τίσιν
2858 369 3124 436 ἀνάγκαις
3175 367 3330 422 τοῦσο
3367 365 3709 434 συνάγεταις

400 483 594 556 (enim
644 490 898 536 creatura
957 479 1102 536 foret
1144 480 1431 548 creator?)
1502 478 1649 549 quod
1700 493 1832 532 vero
1887 492 2020 547 pro-

2139 468 2280 522 Ἰσθι
2302 461 2422 527 οῦν,
2460 465 2534 528 ῶς
2556 463 2650 517 καὶ
2678 463 2840 532 ἡμεῖς
2868 460 2927 514 ἓν
2957 459 3074 523 ἐνὸς
3107 459 3140 530 ἢ
3181 461 3276 511 καὶ
3304 457 3414 511 τῶν
3443 456 3713 510 πλειόνων

443 585 635 648 pterea
693 583 884 628 neutra
939 572 1175 626 duarum
1247 548 1562 628 divinarum
1620 585 2021 642 personarum.

2139 560 2310 630 ραμὶν
2363 557 2564 624 αἴτιον,
2623 555 2722 610 καὶ
2757 555 2850 624 τὸν
2900 553 3120 622 Πατέρα
3165 553 3340 621 μόνην
3392 548 3582 621 πηγὴν
3613 549 3714 617 τῆς

444 639 610 723 unam
647 666 877 720 alterius
901 680 1025 719 cum
1058 665 1230 719 altera
1289 663 1362 719 sit
1393 639 1746 734 principi-um,
1785 662 1839 718 id
1875 662 2022 719 unde

2139 653 2462 724 ὐπερουσίου
2514 648 2770 720 θεότητος
2815 648 2919 699 οὐκ
2955 644 3289 715 ἀρνούμεθα,
3327 643 3498 711 μόνην
3548 639 3715 734 αυτὸν

447 757 704 826 sequitur
733 767 826 810 aut
855 755 1059 825 quibus
1093 725 1525 810 necessitatibus
1562 725 2023 808 demonstratur?

2139 746 2313 816 πηγὴν
2339 745 2440 798 οὐκ
2472 744 2540 796 ὲκ
2565 741 2774 812 πηγῆς,
2807 740 2898 792 καὶ
2926 736 3106 808 ἀρχὴν
3133 737 3234 826 οῦκ
3267 733 3330 826 ἐξ,
3361 725 3716 826 ἀρχῆς-εῖναι

445 849 599 904 Scito
656 864 808 914 ergo,
870 862 972 902 nos
1030 862 1253 916 quoque
1305 861 1477 900 unum
1533 845 1699 900 unius
1735 845 1821 900 vel
1850 844 2019 900 etiam

2139 837 2336 899 εἰδότες
2375 852 2436 888 τε
2463 835 2560 888 καὶ
2590 833 2963 895 πιστεύοντες,
3001 827 3095 881 καὶ
3135 823 3217 888 οἷς
3252 824 3434 887 ἄλλοις
3470 821 3713 892 ἀλλαχοῦ

445 939 686 1008 plurium
755 938 939 993 dicere
1004 915 1339 1007 principium
1400 920 1457 992 et
1519 935 1749 991 minime
1809 933 2023 989 inﬁcias

2139 927 2474 997 πλατύτερὸν
2521 941 2583 978 τε
2623 922 2722 978 καὶ
2753 920 3093 989 σαφέστερον
3146 919 3457 989 είρήκαμεν
3502 915 3707 982 λόγοις,

445 1033 564 1095 ire,
621 1031 836 1086 Patrem
880 1029 1056 1084 solum
1109 1045 1230 1084 esse
1276 1028 1484 1084 fontem
1543 1025 2028 1097 superessentialis

2139 1023 2228 1078 καὶ
2261 1023 2369 1093 «pb
2403 1020 2563 1093 ἡμῶν
2597 1020 2646 1072 οι
2675 1017 2989 1089 φθάσαντες
3014 1016 3166 1086 ἡμᾶς
3199 1013 3466 1084 μακάριοι
3495 1009 3594 1063 καὶ
3629 1024 3717 1062 σο-

446 1121 693 1183 deitatis.
753 1121 930 1175 solum
975 1120 1154 1189 ipsum
1226 1119 1432 1174 fontem
1485 1134 1597 1174 non
1664 1133 1733 1174 ex
1771 1117 1943 1182 fonte,
1973 1124 2032 1172 et

2139 1117 2376 1189 φὼτατοι
2413 1116 2630 1184 ἄνδρες.

445 1216 780 1287 principium
845 1230 953 1268 non
999 1229 1068 1268 ex
1101 1213 1378 1284 principio
1409 1221 1813 1281 cognoscentes
1877 1221 2043 1279 atque
2083 1213 2376 1269 credentes
2447 1210 2616 1268 etiam
2648 1208 2720 1264 iis
2767 1207 2985 1264 caeteris
3047 1203 3380 1267 rationibus,
3408 1215 3551 1272 quas
3579 1193 3712 1256 alibi

447 1309 627 1366 fusius
681 1309 994 1380 clariusque
1055 1310 1412 1379 exposuimus
1458 1318 1514 1365 et
1566 1320 1694 1364 ante
1718 1324 1840 1375 nos,
1890 1311 1985 1382 qui
2025 1325 2126 1366 nos
2159 1317 2610 1381 praecesserunt,
2643 1307 2792 1362 beati
2817 1315 2875 1361 et
2903 1301 3289 1374 sapientissimi
3322 1300 3450 1355 viri.

809 1432 1050 1489 EPHES.
1092 1431 1244 1496 CAP,
1280 1430 1375 1488 xv
1410 1432 1672 1504 (XXXII).

521 1551 603 1605 Ab
651 1549 845 1605 eodem
913 1556 1110 1618 agente
1160 1547 1356 1606 eodem
1411 1558 1658 1617 tempore
1712 1547 2027 1616 procedens

2485 1432 2751 1488 sessor
2788 1431 2949 1486 κει).
2989 1427 3070 1483 lE'
3101 1427 3248 1500 (AB’)
3275 1424 3374 1497 (ι).

2216 1549 2277 1606 Ἦ
2335 1549 2488 1620 παρὰ
2521 1549 2619 1602 τοῦ
2679 1544 2847 1601 αὑτοῦ
2903 1539 3263 1615 ένεργοῦντος
3304 1543 3363 1595 ἑν
3415 1539 3494 1611 τῷ
3562 1541 3714 1612 αὐτῷ

451 1642 668 1699 diversa
704 1639 953 1709 operatio
1003 1639 1281 1694 diversum
1337 1653 1566 1708 prorsus
1624 1637 2025 1709 perﬁciteﬂ'ec-

2139 1645 2309 1717 χρόνῳ
2333 1641 2596 1712 διάφορος
2622 1639 2877 1710 ἐνέργεια
2899 1637 3161 1707 διάφορον
3191 1634 3447 1688 ἀποτελεῖ
3471 1631 3534 1686 τδ
3564 1633 3709 1702 ὲνέρο

452 1744 591 1790 tum.
625 1734 709 1789 Sit
736 1733 879 1788 idem
903 1745 1068 1803 agens
1099 1730 1192 1784 ubi
1235 1729 1303 1796 A,
1335 1730 1688 1800 operationes
1716 1746 1848 1788 vero
1872 1733 2027 1803 ejus-

451 1825 576 1879 dem
613 1824 808 1879 eodem
844 1831 1113 1891 tempore,
1149 1821 1321 1878 altera
1370 1823 1591 1893 quidem
1615 1831 1843 1894 quaeest
1864 1822 1932 1878 ad
1967 1823 2029 1890 Β,

453 1915 626 1969 altera
683 1929 816 1969 vero
877 1913 1095 1968 diversa
1151 1911 1220 1968 ab
1251 1912 1389 1982 ipsa,
1421 1929 1542 1984 qua:
1571 1924 1657 1969 est
1678 1913 1745 1968 ad
1772 1913 1839 1969 G.
1872 1913 2030 1994 Dico,

452 2007 619 2062 etiam
675 2005 718 2061 G
768 2006 1047 2061 diversum
1096 2003 1216 2059 fore
1262 2021 1293 2059 a
1322 2005 1384 2060 Β.
1442 2004 1579 2060 Nam
1611 2007 1658 2060 si
1687 2006 1833 2062 idem
1860 2005 2029 2072 foret,

455 2108 786 2170 congrueret
841 2112 1067 2168 prorsus
1094 2112 1221 2152 cum
1251 2097 1394 2167 ipso,
1427 2105 1482 2154 et
1515 2098 1764 2168 operatio
1795 2113 1919 2168 quae
1947 2108 2033 2155 est

456 2193 524 2248 ad
565 2194 739 2263 ipsum
772 2203 1100 2261 congrueret
1127 2199 1184 2245 et
1215 2190 1517 2262 quadraret
1539 2205 1665 2248 cum
1707 2192 2030 2260 Operatione

456 2301 578 2356 quin
627 2293 712 2339 est
765 2284 832 2338 ad
890 2284 958 2350 B;
1017 2298 1127 2337 una
1180 2298 1313 2354 ergo
1365 2291 1421 2339 et
1456 2282 1650 2338 eadem
1673 2283 1801 2340 erit.
1825 2281 2031 2340 Verum

455 2379 750 2449 supposita:
785 2389 914 2432 sunt
948 2388 1006 2432 ut
1047 2378 1172 2434 duae
1196 2386 1250 2432 et
1297 2376 1605 2432 adinvicem
1640 2376 1871 2431 diversa:
1900 2391 2029 2446 ope-

457 2474 730 2537 rationes;
775 2471 942 2541 igitur
973 2480 1028 2524 et
1062 2468 1108 2526 G
1144 2470 1426 2525 diversum
1466 2471 1574 2523 erit
1605 2484 1636 2546 a
1665 2468 1724 2522 Β.
1773 2468 1856 2524 Sit
1887 2481 2035 2523 nunc

459 2569 498 2620 Α
560 2566 720 2621 Pater
778 2565 1112 2634 sempiterno
1180 2570 1244 2628 ﬁet
1267 2563 1598 2617 naturaliter
1653 2578 1926 2632 operans,
1990 2561 2034 2617 Β

456 2669 589 2708 vero
639 2653 832 2718 Filius,
887 2651 932 2707 G
989 2650 1227 2721 Spiritus
1271 2662 1534 2719 sanctus;
1586 2653 1818 2708 diversae
1847 2662 2032 2709 autem

458 2743 529 2800 ad
601 2743 832 2798 invicem
880 2743 1236 2812 operationes
1281 2757 1346 2796 ea
1397 2757 1519 2811 quae
1581 2750 1670 2796 est
1702 2741 1771 2796 ad
1807 2741 1869 2810 Β,
1909 2741 2036 2799 Filii

458 2837 772 2908 generatio,
795 2850 914 2904 quae
950 2849 1080 2890 vero
1108 2833 1175 2888 ad
1220 2832 1286 2899 G,
1325 2833 1566 2904 Spiritus
1593 2833 1767 2889 sancti
1800 2849 2034 2906 proces-

459 2931 566 2984 sio.
595 2929 856 2983 Diversus
882 2927 1047 2999 igitur
1077 2942 1108 2982 a
1160 2925 1299 2981 Filio
1348 2925 1587 2996 Spiritus
1624 2935 1874 2993 sanctus,
1901 2928 2034 2998 quia

460 3024 630 3076 etiam
666 3022 1018 3091 Operationes
1047 3036 1168 3089 quae
1202 3020 1267 3074 ad
1301 3021 1587 3090 utriusque
1618 3021 2035 3077 subsistentiam
2062 3017 2107 3076 (Ζ

464 3123 614 3178 sunt,
676 3130 708 3169 a
764 3130 824 3170 se
878 3112 1181 3178 dill'erunt;
1247 3128 1428 3184 neque
1490 3113 1656 3166 etiam
1715 3114 1873 3168 nobis
1896 3128 2038 3182 opus

462 3209 632 3264 fuerit
682 3210 790 3264 alia
851 3208 1216 3264 distinctione
1267 3206 1393 3261 Filii
1453 3212 1509 3260 et
1554 3206 1802 3277 Spiritus
1832 3207 2037 3272 sancti,

462 3315 592 3357 cum
651 3301 783 3372 ipsae
840 3300 1077 3355 diversa:
1135 3299 1491 3370 operationes
1536 3309 1592 3353 et
1617 3297 2040 3371 progressiones

463 3407 561 3449 eos
589 3394 802 3464 possint
824 3392 1192 3465 distinguere.

1125 3505 1405 3565 ΝΙΟᾸΞΝΙ.

539 3621 667 3679 Bac
697 3621 920 3694 quidem
951 3621 1184 3693 quaestio
1210 3631 1295 3677 est
1334 3623 1386 3676 in
1416 3621 1599 3677 medio
1620 3622 1819 3693 posita,
1859 3633 2041 3678 utrum

468 3718 644 3775 Filius
665 3734 694 3773 a
724 3716 934 3788 Spiritu
968 3716 1343 3786 distinguatur
1373 3717 1588 3771 diversa
1623 3733 1689 3772 ex
1726 3717 1889 3773 Patre
1917 3734 2045 3788 pro-

468 3811 774 3884 gressione,
803 3824 874 3864 an
905 3825 973 3864 ex
1003 3824 1094 3873 eo,
1149 3809 1297 3880 quod
1331 3809 1472 3866 alter
1506 3824 1571 3863 ex
1604 3809 1780 3864 altero
1805 3809 1897 3863 sit.
1939 3811 2042 3862 Δι-

468 3919 579 3975 que
624 3901 750 3957 aliis
799 3901 1022 3972 quidem
1089 3901 1216 3965 hoc,
1250 3902 1374 3955 aliis
1421 3915 1550 3956 vero
1603 3900 1736 3954 illud
1799 3900 2038 3968 videtur,

468 3997 639 4054 etiam
693 3996 837 4053 inter
891 3994 1042 4064 ipsos
1091 3993 1316 4050 Latinos
1351 3996 1467 4062 (a);
1506 4004 1636 4049 sunt
1666 3995 1872 4048 etenim
1911 4011 2048 4049 non-

473 4088 610 4144 nulli
640 4102 861 4158 quoque
891 4085 1216 4141 Latinorum
1252 4086 1565 4148 doctorum,
1595 4083 1690 4153 qui
1726 4085 1946 4139 diversa
1978 4101 2048 4138 ex

471 4182 632 4237 Patre
664 4179 1047 4251 progressione
1079 4178 1277 4233 Filium
1313 4187 1368 4231 et
1403 4178 1671 4247 Spiritum
1703 4176 2047 4232 sulIicienter

470 4271 540 4326 ab
570 4270 804 4326 invicem
850 4269 1093 4324 discerni
1125 4277 1376 4333 censent,
1414 4283 1522 4322 non
1576 4279 1754 4322 tamen
1786 4279 2044 4337 propter-

2135 1747 2315 1808 γημα.
2343 1733 2528 1788 Ἔστω
2570 1731 2630 1786 τὸ
2659 1731 2794 1786 αὐτὸ
2832 1728 3089 1799 ἐνεργοῦν
3119 1728 3207 1796 ιφ·
3235 1725 3295 1779 οὗ
3340 1726 3408 1789 Δ,
3440 1725 3714 1796 ἐνέργειαι

2133 1829 2192 1883 δὲ
2220 1824 2389 1881 αὐτοῦ
2438 1827 2496 1879 ἐν
2521 1823 2604 1894 τῷ
2635 1822 2785 1894 αὑτῷ
2829 1822 3010 1893 χρόνῳ
3051 1819 3150 1890 μία
3184 1818 3284 1889 μὲν
3312 1818 3346 1888 ή
3388 1817 3526 1888 πρὸς
3565 1816 3628 1869 τδ
3651 1816 3710 1881 Β,

2133 1920 2298 1990 ἑτέρα
2338 1919 2394 1973 δὲ
2428 1917 2689 1986 διάφορος
2711 1914 2851 1986 «pb;
2883 1913 3076 1984 αὐτὴν,
3108 1913 3141 1981 ἠ
3176 1910 3316 1982 πρὸς
3345 1910 3406 1963 τὸ
3439 1910 3498 1962 Γ.
3527 1911 3711 1976 Λέγω,

2131 2011 2217 2065 δτι
2250 2011 2346 2064 καὶ
2367 2009 2428 2064 τὸ
2459 2008 2500 2061 Γ
2529 2008 2790 2078 διαφέρον
2822 2005 2978 2057 ἔσται
3013 2001 3106 2056 τοῦ
3137 2003 3200 2058 Β.
3247 2001 3312 2055 Ei
3339 2001 3451 2071 γὰρ
3473 1999 3538 2053 τδ
3579 2000 3715 2052 αὐτὸ

2133 2102 2312 2163 ἔσται,
2342 2099 2648 2171 ῐφαρμόσει
2678 2098 2902 2159 πάντως
2926 2095 3100 2165 αὐτῷ,
3127 2096 3222 2149 καὶ
3250 2096 3284 2165 ἡ
3314 2095 3452 2164 πρὸς
3488 2094 3623 2148 αὐτὸ
3653 2093 3712 2146 bl

2133 2196 2386 2266 ἐνέργεια
2417 2191 2494 2262 (2)
2523 2191 2828 2261 ἐφαρμόσει
2859 2190 2927 2260 τῇ
2956 2188 3093 2259 πρὸς
3143 2187 3202 2240 τὸ
3231 2188 3308 2257 ('5)
3337 2187 3380 2240 Β
3436 2187 3714 2258 ἐνεργείᾳ.

2132 2289 2250 2344 Μία
2274 2287 2384 2355 ἄρα
2414 2284 2506 2339 ita.)
2535 2285 2568 2354 ἠ
2599 2283 2739 2353 αὑτὴ
2766 2282 2842 2352 (4)
2889 2282 3067 2336 ἔσται.
3122 2281 3266 2335 Ἀλλ’
3298 2281 3594 2335 ὑπέκειντο
3625 2283 3712 2353 (5)

2135 2377 2278 2435 εἶναι
2314 2378 2411 2433 δύο
2439 2377 2536 2430 καί⁵
2565 2376 2702 2448 πρὸς
2726 2375 2963 2446 ἀλλήλας
3001 2375 3252 2447 διάφοροι
3278 2391 3294 2406 ’
3324 2378 3419 2429 καὶ
3447 2378 3508 2431 τὸ
3533 2377 3573 2429 Γ
3608 2375 3717 2444 ἄρα

2133 2474 2390 2543 διαφέρον
2421 2471 2575 2525 ἔσται
2623 2469 2716 2523 τοῦ
2750 2468 2810 2525 Β.
2851 2469 3036 2522 Ἔστω
3061 2468 3123 2522 τὸ
3168 2470 3269 2538 μὲν
3297 2469 3341 2523 Α
3371 2468 3400 2524 ό
3434 2469 3650 2538 Πατὴρ,
3687 2471 3716 2522 ὁ

2135 2565 2321 2627 bibito;
2352 2566 2449 2618 καὶ
2476 2563 2725 2634 φυσικῶς
2755 2561 3000 2633 ἐνεργῶν
3023 2577 3039 2592 ο
3079 2562 3142 2614 τὸ
3169 2561 3209 2613 Β
3239 2563 3294 2616 δὲ
3323 2563 3352 2613 6
3379 2561 3528 2628 Υίὸς,
3564 2562 3626 2614 τὸ
3658 2562 3718 2615 δι

2135 2658 2177 2712 Γ
2209 2656 2270 2711 sb
2295 2656 2523 2726 Πνεῦμα
2559 2657 2622 2710 τὸ
2649 2655 2806 2723 ἅγιον
2831 2669 2846 2685 ·
2885 2655 3164 2726 ἐνέργειαι
3197 2654 3254 2708 δὲ
3303 2654 3552 2726 διάφοροι
3580 2654 3719 2725 «pb;

2136 2750 2375 2822 ἀλλήλας
2425 2751 2458 2819 ή
2494 2748 2629 2818 πρὸς
2659 2749 2722 2800 τὸ
2760 2749 2802 2800 Β
2849 2747 2948 2818 μὶν
2976 2749 3010 2817 ὴ
3057 2746 3155 2801 τοῦ
3195 2744 3328 2801 Υίοῦ
3376 2748 3650 2816 γέννησις,
3681 2747 3717 2819 ἠ

2136 2843 2194 2898 δι
2227 2843 2367 2916 πρὸς
2419 2841 2480 2895 sb
2513 2841 2552 2894 Γ
2581 2843 2614 2911 ἡ
2649 2840 2745 2894 τοῦ
2797 2839 2942 2894 θείου
2992 2839 3318 2908 Πνεῦματος
3363 2841 3718 2909 ἐκπύρωσις.

2139 2937 2409 3006 Διαφέρον
2441 2935 2551 3006 ἄρα
2597 2933 2695 2987 τοῦ
2726 2933 2860 2987 Υίοῦ
2898 2931 2961 2987 τὸ
3013 2933 3240 3002 Πνεῦμα
3268 2935 3329 2986 τὸ
3376 2931 3557 3000 ᾇγιον,
3600 2931 3722 2984 ἐπεὶ

2139 3031 2235 3085 καὶ
2273 3030 2329 3084 αῑ
2362 3028 2438 3102 (ϐ)
2492 3026 2627 3099 πρὸς
2671 3026 2772 3098 τὴν
2827 3025 3065 3097 ὓπαρξιν
3114 3026 3380 3096 ἑκατέρου
3436 3025 3722 3092 ένέργειαι

2139 3121 2461 3193 διαφέρουσι
2485 3135 2502 3150 ο
2559 3119 2657 3173 καὶ
2692 3119 2796 3173 οὐκ
2845 3118 2914 3171 ἂν
2952 3118 3086 3189 ἡμῖν
3116 3116 3198 3171 ἔτι
3243 3119 3354 3172 δέοι
3381 3115 3723 3186 διακρίσεως

2140 3215 2334 3285 ἑτέρας
2365 3211 2458 3266 τοῦ
2484 3210 2619 3266 Υίοῦ
2645 3211 2743 3266 καὶ
2765 3210 2859 3264 τοῦ
2887 3210 3230 3279 Πνεῦματος,
3260 3209 3440 3264 αὐτῶν
3466 3209 3578 3263 τῶν
3607 3207 3724 3261 δια-

2141 3309 2329 3376 φόρων
2373 3304 2670 3376 ἐνεργειῶν
2716 3303 2812 3358 καὶ
2849 3303 3095 3375 προόδων
3130 3302 3431 3371 διακρίνειν
3463 3301 3605 3357 αὐτὰ
3635 3302 3724 3355 δυο

2141 3400 2399 3470 ναμένων
2433 3398 2540 3471 (7).

2663 3509 2818 3579 ,τοΥ
2857 3508 3167 3565 ΝικΑιΑΣ.

2217 3624 2392 3680 Τοῦτο
2431 3625 2530 3695 μὲν
2561 3624 2860 3696 πρόσλημὰ
2899 3624 3015 3677 ἐστι
3045 3623 3297 3692 κείμενον
3325 3624 3380 3675 ὲν
3423 3624 3596 3691 μέσῳ,
3632 3625 3727 3674 πό-

2148 3736 2308 3789 τερον
2336 3719 2365 3771 b
2397 3718 2521 3781 Υἱὸς
2551 3718 2646 3771 τοῦ
2683 3715 3004 3786 Πνεῦματος
3033 3718 3099 3788 τῇ
3134 3717 3196 3768 ἑκ
3230 3715 3448 3786 Πατρδς
3487 3714 3730 3783 διαφόρῳ
3809 3737 3812 3740 ’

2147 3810 2356 3881 προόδῳ
2381 3808 2736 3878 διακρίνοιτο,
2771 3808 2804 3878 ἢ
2834 3807 2909 3878 τῷ
2937 3807 3166 3873 θάτερον
3197 3809 3261 3860 ἐκ
3295 3805 3527 3876 θατέρου
3562 3801 3726 3860 εἶναι.

2150 3903 2259 3954 Καὶ
2291 3904 2406 3965 τοῖς
2440 3901 2540 3972 μὲν
2564 3902 2744 3963 τοῦτο,
2779 3902 2894 3962 τοῖς
2924 3901 2972 3953 δ’
3001 3901 3181 3952 έκεῖνο
3209 3898 3375 3963 δοκεῖ,
3414 3901 3513 3951 καὶ
3540 3898 3725 3951 αὐτῶν

2149 3993 2257 4045 τῶν
2289 3994 2560 4048 Λατίνων.
2599 3994 2710 4046 Καὶ
2742 3992 2851 4063 γάρ
2896 3993 3035 4047 εἰσιν
3067 3990 3115 4044 οἳ
3153 3992 3382 4045 καὶτῶν
3419 3991 3732 4045 Λατινικῶν

2149 4085 2492 4138 διδασκάλων
2523 4087 2590 4156 τῇ
2624 4089 2688 4139 ἐκ
2721 4086 2934 4156 Πατρδς
2979 4085 3225 4154 διαφόρῳ
3263 4084 3478 4155 προόδῳ
3507 4084 3636 4137 Υίὸν
3670 4099 3732 4136 τε

2151 4176 2249 4231 καὶ
2279 4175 2508 4246 Πνεῦμα
2557 4177 2758 4240 ἱκανῶς
2807 4176 3056 4247 ἀλλήλων
3088 4177 3444 4243 διαφέρεσθαι
3498 4176 3728 4238 οῐονται,

2151 4270 2212 4324 οὐ
2248 4269 2432 4339 μέντοι
2460 4268 2549 4323 διὰ
2573 4268 2731 4322 τοῦτο
2757 4271 2854 4322 καὶ
2882 4269 2957 4340 μὴ
2990 4263 3133 4322 εἶναι
3167 4268 3226 4334 ἐξ
3254 4267 3383 4320 Υίοῦ
3413 4268 3474 4320 τὸ
3505 4266 3733 4336 Πνεῦμα

472 4376 536 4416 ea
596 4362 763 4416 etiam
815 4367 1053 4431 ponunt,
1133 4375 1244 4414 non
1288 4374 1412 4414 esse
1465 4374 1531 4413 ex
1593 4359 1730 4414 Filio
1781 4359 2039 4429 Spiritum

2155 4363 2432 4414 τίθενται’
2495 4361 2611 4415 ἀλλ’
2661 4363 2718 4416 ὲν
2769 4362 2868 4431 μὲν
2919 4362 2996 4432 τῷ
3041 4362 3469 4432 συμπεράσματι
3529 4359 3736 4423 πάντες

473 4456 748 4518 sanctum,
775 4467 967 4506 verum
1000 4451 1055 4505 in
1082 4451 1438 4505 conclusione
1464 4451 1686 4521 quidem
1709 4453 2039 4508 concordant

2154 4453 2509 4523 ὁμοφωνοῦσι
2559 4457 2656 4508 καὶ
2694 4455 2900 4517 πάντες
2933 4455 3242 4526 συμφώνως
3291 4455 3352 4507 ὲκ
3397 4452 3610 4524 Πατρδς
3638 4453 3735 4506 καὶ

473 4559 668 4600 omnes
695 4553 750 4600 et
780 4543 1132 4599 concorditer
1159 4558 1224 4598 ex
1261 4543 1417 4597 Patre
1471 4551 1526 4598 et
1593 4543 1730 4600 Filio
1749 4545 2039 4614 procedere

2158 4546 2294 4601 Υιοῦ
2319 4546 2381 4599 τὸ
2409 4545 2638 4616 Πνεῦμα
2672 4547 3073 4616 ἐκπορεύεσθαι
3098 4547 3480 4612 διατείνονται,
3509 4548 3642 4617 περὶ
3666 4547 3740 4599 τὰ

552 4681 634 4754 (a)
665 4681 800 4737 Vide
827 4679 1006 4749 quoad
1045 4679 1162 4733 haec
1194 4686 1250 4733 et
1291 4678 1576 4748 sequentia
1613 4678 1886 4734 Scholarii
1931 4683 2440 4740 animadversiones
2462 4701 2626 4756 supra
2655 4702 2772 4756 cap.
2809 4687 2841 4741 6
2899 4686 2952 4740 in
2992 4687 3229 4741 Marcum
3259 4687 3462 4757 Eplies.

662 4896 807 4951 Mon.
834 4897 927 4967 27,
962 4897 998 4950 ί.
1022 4897 1128 4951 248
1156 4898 1214 4961 b,
1247 4896 1548 4967 ἐνέργειαι.

575 4966 619 5023 5⁷
662 4967 809 5022 Mon.
843 4966 934 5029 27,
969 4967 1104 5036 «pb;
1134 4983 1163 5020 τ

575 4983 630 5113 ις
662 5037 755 5094 Sic
783 5047 932 5093 recte
959 5038 1107 5094 Mon.
1138 4971 1210 5093 2g

547 4825 628 4969 ξιξ
654 4826 712 4881 In
738 4824 882 4879 non.
916 4825 1044 4890 256,
1072 4825 1109 4879 ί.
1141 4825 1245 4881 502
1267 4841 1317 4890 a,
1349 4833 1436 4880 est
1468 4839 1590 4893 cap.
1623 4824 1712 4882 55.

573 4897 607 4950 2
662 4896 807 4969 M00.
962 4897 998 4950 ί.
1022 4897 1128 4969 248
1156 4898 1214 4961 b,
1247 4896 1548 4967 ἐνέργειαι.

573 4897 628 4969 2)
662 4897 807 4951 Mon.
834 4897 927 4962 27,
962 4897 998 4950 ί.
1022 4897 1128 4951 248
1156 4898 1214 4961 b,

574 4969 628 5023 3)
662 4967 809 5022 Mon.
843 4966 934 5023 27.
969 4967 1104 5023 «ab:
1134 4971 1226 5023 τῇ.

1211 5037 1279 5104 6;
1318 5036 1466 5093 Mon.
1503 5039 1597 5107 27,
1629 5041 1727 5094 καὶ
1765 5037 1926 5110 αὑτὴ.

662 5037 755 5094 Sic
783 5047 932 5093 recte
959 5038 1107 5094 Mon.
1138 5039 1172 5092 2

2230 4831 2307 4901 (ὅ)
2345 4830 2492 4885 Mon.
2529 4831 2620 4895 27,
2656 4832 2972 4886 ὑπόκειντο.

2232 4903 2313 4968 (6)
2349 4904 2406 4953 al
2435 4902 2616 4955 omitt.
2643 4903 2788 4957 Non.
2825 4903 2916 4956 27.

2231 4972 2310 5043 (7)
2341 4971 2398 5026 lu
2427 4972 2590 5027 codd.
2617 4974 2840 5027 additur
2880 4973 2986 5028 hoc
3012 4972 3232 5029 schema
3261 4989 3274 5024 :

1989 5204 2229 5260 HATHP

1865 5449 1947 5565 R5e
2263 5435 2380 5570 ἢῆ

2365 5567 2405 5598 6‘

1799 5623 1840 5674 Β
1866 5616 1914 5679 /
1943 5621 2092 5678 ΥΙΟΣ
2175 5616 2310 5679 "NA
2333 5616 2384 5679 \
2405 5627 2439 5678 Γ
