4090 6146
322 220 434 287 εει

1362 214 1802 278 BEFUTATIO
1837 217 1941 276 MA
1958 217 2084 278 RCI
2127 219 2515 285 EPHESINI.

3478 220 3585 286 22?

337 336 478 407 μέσα
510 332 570 388 et
602 331 698 385 καὶ
729 327 829 393 τάς
855 331 1014 384 τοῦτο
1049 326 1404 390 δεικνυοῦσας
1441 326 1740 398 προτάσεις
1765 329 1897 381 είσὶν

2010 327 2278 399 Spiritum
2329 344 2522 385 omnes
2566 340 2922 400 asseverant;
2964 331 3113 390 circa
3156 333 3336 391 media
3364 349 3498 392 vero
3527 344 3580 392 et

330 429 381 482 οἳ
422 428 519 481 καὶ
571 424 942 495 διαφέρονται.
993 421 1170 476 Τοῦτο
1200 421 1256 475 δὲ
1287 420 1384 474 καὶ
1429 421 1489 472 ἐν
1521 419 1683 473 παντὶ
1731 421 1904 490 ζητή-

336 540 471 593 ματι
509 521 745 588 γίνεται.
789 518 912 572 Ἐπὶ
939 516 1258 586 οίουδήποτε
1284 514 1393 586 γὰρ
1434 513 1905 583 σδμπεράσματος

335 611 612 682 γνωρίμου
639 627 698 662 τε
744 610 842 662 καὶ
885 605 1326 676 ὁμολογουμένου
1376 605 1514 656 πᾶσι
1555 601 1753 655 πολλαὶ
1790 603 1904 665 τοῖς

331 706 515 772 σοφοῖς
556 699 1012 772 ’ἀμφισϐητήσεις
1051 696 1180 767 περὶ
1222 695 1322 760 τάς
1365 699 1560 749 τούτου
1599 692 1905 760 ἀποδείξεις

328 797 596 864 γίνονται,
629 795 741 848 τῶν
789 795 888 863 μὲν
921 790 989 846 δι’
1016 790 1216 855 ἄλλων,
1257 788 1369 843 τῶν
1400 787 1456 842 δὲ
1486 787 1554 840 δι’
1599 785 1774 841 ἄλλων
1810 786 1907 856 μέ-

329 905 440 942 σων
468 886 530 940 τδ
556 885 688 938 αὐτὸ
714 882 1074 938 δεικνυόντων
1098 895 1114 911 θ
1148 879 1273 934 ὅθεν
1303 877 1360 931 εῐ
1400 894 1485 940 τις
1513 878 1757 964 ἀναιρεῖν
1785 875 1908 928 ἰκα-

325 981 433 1043 νῶς
465 978 713 1050 βούλοιτο
760 977 823 1029 τὸ
853 974 1240 1045 προκείμενον,
1286 968 1412 1024 οὔτε
1444 970 1543 1032 τὰς
1592 968 1728 1029 ἰδίας
1763 968 1903 1020 ἀπο-

325 1072 523 1136 δείξεις
570 1070 813 1123 ὲκθεῖναι
875 1067 1038 1139 μόνον
1076 1065 1258 1136 ἀρκεῖ,
1313 1062 1362 1116 εί
1421 1062 1500 1132 μὴ
1531 1061 1627 1114 καὶ
1671 1058 1770 1124 τὰς
1807 1057 1901 1112 τοῦ

324 1167 502 1228 ἄλλως
531 1165 782 1234 λέγοντος
811 1160 1015 1224 ἀνέλοι,
1049 1157 1174 1215 οὔτε
1206 1155 1366 1210 τοῦτο
1396 1154 1622 1224 ποιῆσαι
1648 1151 1902 1206 καταλεί-

329 1274 502 1310 ποντα
538 1256 771 1326 θάτερον
793 1270 806 1282 ·
843 1251 960 1307 ἀλλ’
989 1249 1106 1321 ἅμα
1148 1249 1242 1303 καὶ
1271 1247 1399 1310 τοὺς
1434 1245 1710 1306 ἐναντίους
1741 1243 1904 1295 λῦσαι

324 1347 522 1416 λόγους
553 1349 648 1402 καὶ
679 1348 809 1409 τοὺς
842 1345 1001 1406 ἰδίους
1037 1341 1253 1410 ἀνάγκη
1285 1337 1648 1410 προαγαγεῖν.
1698 1335 1807 1388 Καὶ
1837 1334 1901 1386 σὺ

324 1441 529 1506 τοίνυν,
567 1440 656 1493 ὅτε
689 1439 770 1492 σοὶ
801 1438 878 1508 (ί)
904 1437 995 1489 καὶ.
1025 1434 1186 1488 τοῦτο
1213 1431 1394 1501 δοθείη
1417 1429 1619 1499 ἀληθὲς
1646 1421 1814 1490 εἶναι,
1844 1425 1902 1478 τδ

321 1537 388 1604 τῇ
416 1533 664 1604 διαφόρῳ
699 1530 912 1602 προόδῳ
941 1526 1141 1589 ίκανῶς
1174 1524 1421 1593 ἀλλήλων
1446 1522 1536 1574 τὸν
1560 1520 1687 1573 Υίδν
1721 1519 1816 1572 καὶ
1843 1517 1902 1570 τὸ

322 1622 554 1691 Πνεῦμα
605 1617 1010 1691 διακρίνεσθαι,
1067 1614 1221 1669 οὐδὲν
1285 1613 1449 1665 πλέον
1499 1609 1645 1681 ἔχεις
1695 1605 1900 1671 λαϐὼν,

318 1715 424 1777 ἕως
453 1689 522 1767 ειν
544 1713 605 1766 τὸ
632 1689 1015 1782 συμπέρασμα
1045 1710 1141 1762 καὶ
1188 1707 1256 1759 δι’
1320 1705 1498 1761 ἄλλων
1538 1697 1750 1757 πολλῶνΙ
1788 1701 1897 1755 δει-
1927 1689 1973 1750 Β

321 1807 564 1872 κνύοιτο,
596 1805 690 1860 καὶ
719 1804 862 1858 οὕτω
890 1803 1214 1867 δεικνύοιτο,
1238 1800 1314 1863 ὡς
1335 1797 1503 1872 μηδέν
1531 1814 1592 1849 σε
1621 1796 1898 1849 ἀντειπεῖν

320 1898 789 1972 ἔχειν.Κάνταῦθα
811 1898 868 1952 δὲ
895 1899 1047 1969 ὅμως
1064 1897 1121 1962 ἐξ
1147 1894 1407 1966 ἡμισείας
1427 1891 1455 1942 ὃ
1486 1889 1665 1961 βούλει
1694 1889 1892 1951 ποιεῖς,

319 1996 387 2048 τὰ
418 1992 623 2047 σαυτοῦ
660 1993 760 2062 μὲν
806 1992 1177 2058 ἐκτιθέμενος.
1204 1986 1333 2050 τοὺς
1378 1985 1435 2039 δὲ
1463 1983 1780 2044 δεικνύντας
1809 1979 1899 2032 λόο

319 2102 472 2154 γους,
506 2086 584 2156 μὴ
617 2082 882 2138 δύνασθαι
916 2080 1162 2152 ἀλλήλων
1192 2071 1596 2147 διακρίνεσθαι,
1622 2075 1669 2128 εί
1705 2074 1780 2143 μὴ
1806 2071 1898 2125 θά-

319 2194 479 2249 τερον
509 2179 576 2230 ὲκ
622 2176 853 2246 θατέρου
889 2175 1001 2245 εἴη,
1032 2175 1123 2226 διὰ
1166 2173 1227 2225 τὸ
1265 2172 1344 2242 μὴ
1378 2168 1642 2223 δύνασθαι
1677 2166 1896 2228 πάντως

318 2271 379 2325 οὐ
415 2270 770 2338 διαλυόμενος
796 2285 810 2299 ·
833 2267 975 2322 ὥστε
1003 2266 1086 2320 σοὶ
1110 2265 1201 2318 τὸν
1224 2263 1384 2331 λόγον
1405 2259 1709 2332 ἀμφίϐολον
1731 2274 1901 2312 κατα-

319 2362 626 2414 λείπεσθαι.
662 2361 727 2414 Τί
775 2359 885 2430 γὰρ
917 2359 984 2413 ἀν
1030 2357 1127 2423 καὶ
1158 2355 1325 2427 φαίης
1364 2355 1499 2424 πρὸς
1551 2352 1677 2414 τοὺς
1707 2349 1895 2418 λέγον-

317 2472 441 2521 τας,
476 2456 546 2508 τὰ
596 2454 697 2521 μὶν
756 2453 1151 2524 διακρινόμενα
1189 2448 1435 2518 ἀλλήλων
1488 2447 1520 2517 ἢ
1569 2447 1634 2513 τῇ
1687 2440 1895 2513 ἀρχῇῆ

319 2551 432 2611 τοῖς
464 2548 611 2616 ὅροις
641 2544 1044 2614 διακρίνεσθαι,
1084 2545 1177 2596 τὸν
1205 2541 1262 2594 δὲ
1297 2540 1426 2593 Υίὸν
1454 2539 1551 2592 καὶ
1583 2537 1642 2589 τὸ
1669 2535 1896 2603 Πνεῦμα

318 2643 433 2705 τοῖς
469 2640 571 2711 μὲν
609 2641 757 2711 ὅροις
786 2639 887 2691 οὐκ
919 2636 987 2691 ἀν
1020 2632 1399 2705 διακρίνεσθαι
1430 2627 1702 2700 ἀλλήλων,
1737 2625 1897 2695 εἴπερ

320 2737 389 2790 τὰ
419 2739 534 2799 τοῖς
583 2736 731 2804 ὅροις
761 2731 1158 2803 διακρινόμενα
1192 2728 1225 2800 ἢ
1273 2725 1471 2798 τῇῦλῃ
1521 2719 1896 2792 διακρίνεσθαι

318 2830 452 2895 δεῖν,
483 2831 517 2900 ἢ
547 2829 646 2899 τῆς
677 2819 1014 2898 ἀτομότητός
1041 2827 1191 2876 ἐστιν
1231 2821 1380 2874 αἰτία
1412 2819 1555 2890 (ἐκεῖ
1586 2816 1643 2870 δὲ
1672 2813 1897 2884 οὐδεμία

319 2925 469 2977 ἐστὶν
499 2921 649 2992 ὕλη),
681 2920 715 2991 ἢ
740 2921 817 2990 τῷ
845 2919 980 2972 εῐδει
1009 2918 1149 2990 (ἐκεῖ
1171 2916 1225 2970 δὲ
1253 2912 1420 2967 ταυτδ
1445 2905 1584 2974 εῐδος
1620 2908 1718 2980 τὴν
1747 2907 1897 2960 θείαν

320 3017 508 3093 οὐσίαν
550 3013 613 3070 ἔν’
638 3017 843 3086 ἀμφοῖν
889 3008 1056 3081 εἶναι)
1082 3027 1097 3042 ο
1142 3008 1285 3062 ὥστε
1328 3003 1610 3058 λείπεσθαι
1653 3006 1726 3104 τῇ.
1751 3003 1893 3104 ἀργῇ
1920 3039 1965 3104 c

318 3113 517 3174 αὐτοὺς
548 3107 927 3179 διακρίνεσθαι
957 3126 972 3138 ν
993 3103 1288 3159 κάντεῦθεν
1319 3102 1368 3154 εί
1393 3100 1564 3170 ἄμφω
1593 3101 1658 3151 ὲκ
1682 3094 1891 3165 Πατρδς

318 3195 430 3253 εἶεν
460 3197 542 3270 (2)
575 3197 761 3268 μόνου,
784 3196 885 3248 οὐκ
905 3195 970 3250 ἂν
996 3192 1240 3263 ἀλλήλων
1274 3188 1674 3261 διακρίνεσθαι⁸
1709 3185 1895 3238 λείπε-

320 3291 448 3346 σθαι
484 3291 667 3344 τοίνυν
701 3289 796 3342 τδν
835 3288 933 3356 μὲν
968 3287 1094 3340 Υίὸν
1126 3287 1191 3338 ὲκ
1231 3284 1467 3353 Πατρὸς,
1492 3280 1554 3333 τὸ
1574 3281 1630 3334 δὲ
1668 3277 1894 3348 Πνεῦμα

318 3387 383 3439 ἐκ
411 3383 632 3454 Πατρὸς
671 3381 766 3436 καὶ
799 3379 930 3435 Υίοῦ
967 3373 1146 3446 είναι;
1175 3378 1244 3431 Εῖ
1284 3392 1369 3439 τις
1404 3373 1498 3428 οῦν
1527 3372 1700 3427 ταῦτα
1732 3371 1891 3440 φαίη,

316 3478 372 3531 τί
402 3477 568 3539 αὐτὸς
627 3473 987 3545 ἀπολογήσῃς
1041 3467 1161 3526 οἶδα
1201 3470 1300 3540 μὲν
1348 3469 1424 3533 ῶς
1468 3468 1623 3521 οὐδὲν
1661 3467 1689 3520 ὅ
1716 3483 1768 3519 τι
1798 3465 1895 3520 καὶ

314 3570 464 3636 ἀξιον
507 3569 669 3638 λόγου
701 3568 869 3636 ἐρεῖς.
913 3565 1133 3619 Λατῖνοι
1179 3561 1238 3615 δὲ
1276 3560 1472 3633 ἄνδρες
1514 3558 1669 3629 σοφοί
1699 3574 1758 3610 τε
1793 3558 1893 3611 καὶ

312 3663 648 3718 διαλεκτικοὶ
678 3662 815 3731 πρὸς
855 3658 957 3722 τάς
982 3655 1231 3712 Λατίνων
1260 3654 1472 3716 ταύτας
1515 3652 1889 3722 ἐπιχειρήσεις

316 3751 501 3822 σοφῶν
534 3767 595 3804 τε
630 3751 725 3804 καὶ
755 3747 1117 3803 διαλεκτικῶν
1145 3747 1240 3800 καὶ
1268 3742 1435 3798 αὑτοῦ
1466 3741 1639 3796 πολλά
1672 3741 1772 3812 μὲν
1796 3739 1893 3793 καὶ

313 3846 457 3899 καλὰ
509 3841 698 3913 ιροῦσί
745 3859 805 3896 τε
850 3840 942 3894 καὶ
973 3839 1285 3911 εἰρήκασιν,
1316 3836 1376 3889 οὐ
1410 3835 1596 3904 μέντοι
1628 3851 1691 3904 γε
1735 3833 1892 3906 παρὰ

312 3939 476 3994 τοῦτο
505 3938 585 4008 τῷ
623 3934 1058 4006 συμττεράσματι
1092 3933 1379 4002 μάχονται,
1405 3929 1544 3983 ἀλλὰ
1582 3928 1806 3992 πολλαῖς
1830 3943 1890 3980 τε

313 4034 409 4086 καὶ
439 4027 716 4098 γενναίαις
743 4025 935 4086 ἄλλαις
966 4021 1276 4088 ἀποδείξεσι
1302 4020 1364 4073 τό
1392 4017 1622 4089 Πνεῦμα
1649 4018 1710 4071 τὸ
1735 4017 1893 4088 ἆγιον

311 4124 375 4179 ἐκ
407 4123 623 4192 Πατρδς
658 4123 755 4174 καὶ
798 4116 930 4171 Υίοῦ
981 4112 1121 4170 εἶναι
1157 4116 1255 4168 καὶ
1305 4114 1453 4185 μάλα
1496 4113 1888 4184 ἰσχυρίζονται.

313 4217 384 4269 Σὺ
407 4215 464 4268 δὲ
499 4211 630 4277 ίσθι,
664 4210 740 4274 ῶς
764 4211 860 4264 καὶ
889 4208 988 4278 τὴν
1007 4208 1266 4277 διάφορον
1290 4205 1498 4274 ταύτην
1521 4219 1606 4256 σοι
1633 4204 1744 4255 τῶν
1778 4203 1892 4270 φώ-

312 4326 428 4362 τοιν
457 4311 523 4361 ἐκ
563 4305 774 4375 Πατρδς
821 4301 1050 4373 πρόοδον
1083 4301 1160 4361 είς
1193 4298 1358 4351 ταυτὺ
1388 4299 1501 4360 τοῖς
1544 4295 1757 4349 ἑαυτῶν
1791 4296 1882 4348 λό-

2008 422 2155 477 circa
2205 422 2636 494 propositiones,
2700 439 2768 480 ex
2824 425 3027 496 quibus
3082 426 3229 483 istud
3273 426 3580 499 probatur,

2007 522 2136 567 sunt
2172 514 2266 584 qui
2321 515 2468 570 inter
2525 531 2586 569 se
2632 516 2904 573 dissident
2937 533 3001 574 ac
3025 517 3432 575 controversias
3460 517 3577 588 agi-

2007 611 2143 658 tant.
2207 602 2323 658 Hoc
2345 619 2478 658 vero
2527 603 2581 657 in
2615 607 2764 661 omni
2794 623 3014 679 quoque
3047 610 3348 679 quaestione
3379 625 3574 664 usuve-

2006 695 2108 752 nit.
2144 694 2204 748 In
2238 694 2607 765 qualicunque
2657 699 2803 751 enim
2859 701 3216 755 conclusione
3251 709 3377 756 nota
3401 701 3575 755 omni-

2004 789 2110 845 bus
2153 801 2210 846 et
2258 790 2503 848 omnium
2552 793 2899 849 confessione
2965 794 3205 850 admissa
3251 795 3435 850 multae
3495 809 3571 849 sa-

2002 882 2286 952 pientibus
2344 886 2735 956 ambiguitates
2790 885 2936 938 circa
2963 885 3210 954 ejusdem
3239 884 3570 940 demonstra-

2006 974 2184 1029 tiones
2217 975 2567 1041 exoriuntur,
2603 991 2727 1030 cum
2765 976 2860 1030 alii
2895 989 2995 1044 per
3020 975 3127 1029 alia
3177 977 3356 1030 media
3389 979 3576 1030 eadem

2004 1066 2236 1137 probare
2282 1067 2574 1134 studeant;
2620 1071 2975 1139 quamobrem
3024 1068 3218 1137 siquis
3241 1069 3578 1140 sullicienter

2004 1159 2136 1214 velit
2169 1161 2502 1229 propositam
2532 1161 2836 1216 doctrinam
2897 1170 3171 1222 evertere.
3210 1177 3317 1214 non
3352 1161 3576 1227 sttﬂicit,

2006 1261 2065 1304 ut
2119 1250 2371 1319 pr0prias
2425 1251 2691 1305 duntaxat
2735 1251 3573 1320 demonstrationes-exponat,

2003 1343 2110 1397 nisi
2138 1353 2194 1397 et
2225 1345 2464 1398 rationes
2497 1343 2617 1412 ejus
2651 1343 2743 1414 qui
2783 1342 2941 1408 aliter
2960 1343 3170 1410 statuit,
3205 1360 3236 1398 e
3259 1345 3440 1398 medio
3471 1347 3575 1397 tol-

2003 1435 2103 1501 lat,
2163 1450 2345 1505 neque
2389 1447 2450 1498 ut
2499 1437 2605 1490 hoc
2665 1434 2830 1488 faciat
2871 1436 3104 1489 alterum
3165 1450 3392 1489 omnino
3416 1438 3576 1490 omit-

2006 1530 2193 1595 tendo,
2250 1533 2442 1583 verum
2500 1529 2663 1582 simul
2723 1521 3304 1582 debetetcontrarias
3336 1533 3575 1584 rationes

2003 1622 2303 1676 dissolvere
2341 1631 2398 1677 et
2432 1623 2685 1691 proprias
2733 1620 2789 1674 in
2839 1621 3081 1677 medium
3121 1623 3487 1690 proferre..Et
3515 1633 3573 1676 tu
3622 1693 3627 1701 ~

2001 1715 2188 1785 igitur,
2242 1714 2461 1785 quando
2496 1714 2662 1768 etiam
2694 1721 2747 1765 et
2787 1712 2891 1766 hoc
2926 1712 3023 1766 tibi
3078 1728 3268 1767 verum
3291 1730 3411 1768 esse
3445 1731 3578 1768 con-

2001 1811 2306 1867 cederetur.
2374 1807 2587 1860 diversa
2653 1808 3036 1877 progressione
3096 1805 3439 1861 suﬂicienter
3504 1809 3573 1860 ab

2000 1898 2236 1952 invicem
2294 1897 2492 1954 Filium
2553 1907 2608 1952 et
2667 1897 2934 1967 Spiritum
3000 1908 3250 1953 sanctum
3283 1899 3571 1962 distingui,

2000 1992 2137 2045 nihil
2192 1991 2428 2060 amplius
2481 1991 2680 2045 exinde
2740 2000 2934 2044 nactus
2973 2005 3146 2053 esses,
3174 1991 3418 2059 quandiu
3450 2009 3575 2042 un.-

1999 2083 2174 2137 clusio
2221 2083 2386 2136 etiam
2446 2096 2540 2151 per
2595 2082 2697 2135 alia
2746 2082 2917 2136 multa
2973 2079 3383 2134 demonstretur
3413 2093 3466 2132 et
3501 2084 3571 2132 ita

1999 2177 2430 2240 demonstretur,
2491 2183 2552 2228 ut
2615 2173 2752 2228 nihil
2802 2174 3005 2228 habeas
3038 2174 3184 2243 quod
3218 2171 3574 2241 oppetiasJ'Lt

2000 2269 2090 2322 hic
2140 2283 2359 2338 quoque
2416 2283 2483 2323 ex
2529 2268 2761 2322 dimidio
2820 2271 3000 2324 solum
3050 2269 3193 2339 quod
3231 2274 3572 2338 propositum

2001 2362 2168 2414 habes
2224 2359 2415 2423 etlicis,
2471 2361 2602 2414 dum
2659 2371 2748 2415 tua
2792 2361 3016 2431 quidem
3047 2374 3371 2431 argumenta
3398 2377 3540 2430 expo

1998 2451 2105 2511 nis,
2170 2452 2417 2506 rationes
2470 2467 2598 2506 vero
2652 2467 2768 2518 eas,
2824 2467 2947 2522 quae
2980 2453 3237 2522 probant.
3267 2468 3376 2505 non
3411 2468 3570 2520 posse

1997 2543 2066 2596 ab
2095 2544 2329 2596 invicem
2356 2544 2622 2614 distingui
2657 2543 2859 2598 Filium
2891 2552 2949 2597 et
2977 2542 3267 2612 Spiritum,
3295 2545 3394 2597 nisi
3429 2545 3570 2598 alter

1997 2649 2064 2687 ex
2093 2634 2266 2687 altero
2290 2648 2414 2689 esse
2443 2635 2665 2699 habeat,
2702 2636 2829 2705 quia
2865 2649 2976 2689 non
3001 2644 3193 2704 potes,
3228 2636 3382 2689 nullo
3412 2651 3571 2703 pror-

1998 2741 2093 2782 sus
2149 2729 2311 2782 modo
2373 2727 2629 2783 dissolvis
2661 2745 2676 2795 ;
2712 2738 3102 2798 qttaproptena
3127 2736 3180 2783 te
3211 2731 3350 2782 ratio
3371 2741 3572 2783 nutans

1998 2829 2052 2874 et
2083 2821 2338 2888 ambigua
2378 2821 2732 2890 relinquitur.
2764 2819 2905 2886 Quid
2955 2820 3105 2876 enim
3134 2819 3348 2875 diceres
3379 2823 3574 2877 adver-

1997 2926 2093 2965 sus
2143 2928 2238 2966 eos
2296 2914 2393 2983 qui
2455 2911 2675 2980 dicunt,
2731 2928 2796 2969 ea
2845 2928 2967 2983 quae
3005 2914 3075 2968 ab
3106 2916 3341 2969 invicem
3374 2915 3573 2969 distm-

2000 3014 2270 3074 guuntur,
2338 3005 2423 3060 vel
2480 3007 2758 3076 principio
2818 3007 3083 3078 distingui
3141 3010 3226 3063 vel
3281 3013 3571 3070 terminis.

1997 3097 2195 3152 Filium
2245 3108 2427 3154 autem
2478 3100 2850 3174 ethpiritum
2890 3102 3140 3158 terminis
3177 3117 3284 3157 non
3311 3103 3571 3172 distingui

1996 3194 2066 3245 ab
2097 3191 2360 3255 invicem.
2413 3193 2864 3263 quandoquidem
2901 3209 2984 3257 ea,
3015 3210 3136 3264 qua
3170 3195 3424 3248 terminis
3456 3197 3571 3249 dis-

1998 3286 2344 3354 tinguuntur,
2408 3286 2493 3340 vel
2555 3288 2781 3341 materia
2834 3286 3096 3356 distingui
3151 3297 3573 3356 oporteat.quze

1997 3377 2457 3432 individualitatis
2485 3379 2558 3433 sit
2590 3393 2754 3434 causa
2812 3379 2986 3449 (nulla
3022 3395 3157 3436 vero
3187 3382 3298 3435 illic
3327 3385 3569 3445 exsistit,

1996 3470 2262 3542 materia)
2311 3472 2396 3526 vel
2435 3472 2620 3543 specie
2669 3472 2784 3543 (ibi
2825 3488 2958 3528 vero
3009 3474 3258 3529 eamdem
3311 3480 3580 3544 speciem,

1999 3561 2242 3616 divinam
2271 3563 2567 3620 essentiam
2596 3564 2649 3619 in
2674 3565 2941 3621 ambobus
2973 3568 3147 3635 esse);
3183 3568 3413 3638 relinqui
3445 3586 3573 3639 ergo

1997 3669 2091 3710 eos
2148 3655 2420 3726 principio
2469 3657 2740 3728 distingui
2766 3668 2824 3713 et
2848 3659 3050 3714 exinde
3084 3659 3127 3713 si
3164 3665 3324 3715 ambo
3355 3678 3420 3716 ex
3456 3666 3572 3716 solo

1994 3745 2160 3803 Patre
2197 3757 2405 3813 essent,
2429 3763 2537 3803 non
2571 3748 2640 3803 ab
2675 3749 2909 3804 invicem
2964 3749 3082 3806 fore
3117 3749 3444 3817 distinctos;
3490 3770 3572 3807 re-

1994 3841 2207 3909 liquum
2269 3841 2440 3910 igitur
2491 3856 2642 3906 esse,
2695 3851 2755 3896 ut
2819 3840 2993 3896 Filius
3025 3844 3099 3897 sit
3129 3859 3197 3897 ex
3238 3845 3418 3909 Patre,
3446 3847 3571 3915 Spi-

1996 3934 2136 3986 ritus
2171 3947 2304 3987 vero
2353 3947 2421 3987 ex
2471 3929 2631 3986 Patre
2689 3943 2746 3986 et
2789 3933 2962 3989 Filio?
2995 3933 3050 3990 Si
3079 3936 3202 4006 quis
3228 3937 3413 4005 itaque
3474 3956 3569 3992 nn-

1994 4041 2156 4096 quam
2219 4025 2348 4079 talia
2387 4025 2618 4091 diceret,
2652 4026 2780 4096 quid
2826 4038 2882 4082 tu
2946 4044 3048 4096 pro
3099 4029 3423 4084 defensione
3483 4036 3571 4085 re-

1993 4117 2331 4188 sponderes?
2357 4117 2483 4174 Scio
2552 4128 2604 4173 te
2631 4119 2790 4185 nihil,
2815 4120 2963 4191 quod
2999 4124 3440 4177 consideratione
3488 4125 3571 4178 di-

1994 4211 2291 4284 gnum'sit,
2352 4211 2696 4283 prolaturum
2734 4228 2880 4268 esse.
2915 4212 3094 4287 Latini
3127 4224 3311 4269 autem
3351 4218 3453 4270 viri
3482 4234 3567 4271 sa-

1993 4306 2206 4374 pientes
2235 4313 2291 4361 et
2328 4306 2604 4361 dialectici
2631 4307 2699 4361 ad
2729 4308 3018 4362 ratiocinia
3043 4323 3072 4361 a
3104 4305 3319 4364 Latinis
3342 4318 3569 4380 Sapien-

312 4421 430 4472 γοις
461 4403 602 4455 εἰσὶν
632 4400 682 4453 οἳ
713 4398 822 4452 τῶν
866 4394 1116 4451 Λατίνων
1148 4393 1420 4460 ἀπάξουσι
1452 4393 1547 4443 καὶ
1591 4389 1759 4442 ταυτδ
1789 4389 1886 4459 δη-

1997 4401 2148 4454 tibus
2194 4409 2252 4454 et
2299 4398 2610 4454 dialecticis
2640 4408 2698 4454 et
2728 4399 2864 4470 ipsis
2889 4400 3106 4470 prolata
3144 4403 3312 4456 multa
3342 4407 3569 4473 quidem

311 4496 438 4551 λοῦν
464 4492 811 4558 ἀποδείξουσι
843 4488 918 4557 τῷ
952 4489 1042 4541 τὸν
1078 4487 1177 4558 μὲν
1206 4485 1337 4538 Ϊίὸν
1361 4487 1426 4536 ὲκ
1471 4483 1708 4554 Πατρδς,
1740 4483 1801 4534 τὸ
1832 4482 1890 4534 δὲ

315 4590 542 4660 Πνεῦμα
584 4587 644 4654 ἐξ
677 4586 885 4656 ἀμφοῖν
920 4582 1189 4652 προϊέναι.
1232 4578 1308 4633 Τὸ
1349 4580 1460 4650 γάρ
1498 4577 1592 4630 τὸν
1632 4577 1734 4646 μὲν
1759 4575 1893 4629 Υἰδν

312 4680 612 4753 γεννητῶς,
663 4674 1012 4745 ἑκπορειρτῶς
1063 4673 1121 4726 δὲ
1154 4672 1216 4725 τὸ
1277 4669 1503 4740 Πνεῦμα
1554 4671 1621 4722 ἐκ
1674 4667 1889 4737 Πατρὸς

312 4776 585 4847 προϊέναι,
641 4770 795 4824 οὐδὲν
830 4767 958 4823 ἀλλο
1007 4761 1147 4820 εἶναι
1205 4763 1420 4826 πολλοῖς
1451 4778 1510 4815 τε
1553 4764 1649 4815 καὶ
1699 4761 1887 4824 καλοῖς

312 4870 491 4937 λόγοις
516 4861 861 4932 micam:th
892 4860 984 4914 τδν
1013 4860 1112 4930 μὲν
1146 4858 1365 4928 ἀμέσως
1382 4859 1445 4910 εκ
1469 4857 1678 4922 Πατρὸς
1699 4852 1888 4923 προῖό-

258 4978 263 4985 ·
309 4979 396 5017 ναι
438 4959 516 5028 τῷ
545 4959 645 5023 τῆς
673 4955 986 5025 γεννήσεως
1011 4950 1222 5024 τρόπῳ,
1249 4949 1311 5002 τὸ
1332 4947 1389 5001 δὲ
1417 4944 1642 5015 Πνεῦμα
1678 4945 1766 4998 διὰ
1793 4943 1888 4998 τοῦ

310 5058 373 5109 ὲκ
406 5052 622 5123 Πατρός
676 5045 1033 5118 γεννηθέντος
1077 5042 1376 5113 ἀφράστως
1421 5039 1885 5109 ἐκπορευόμενον,

309 5151 403 5200 καὶ
439 5147 540 5216 τήν
588 5141 920 5214 εκπόρευσιν
951 5135 1040 5191 διὰ
1085 5139 1187 5207 τῆς
1221 5133 1554 5205 γεννήσεως,
1589 5130 1663 5194 ὡς
1710 5130 1807 5183 καὶ
1838 5129 1889 5183 οι

309 5217 570 5313 ἡμέτεροι
609 5235 853 5304 θεολόγοι
888 5231 1074 5302 φασὶν,
1103 5228 1372 5299 προϊέναι.
1407 5227 1550 5295 Πρὸς
1600 5221 1694 5286 οὓς
1723 5223 1888 5288 αὐτὸς

309 5337 410 5389 οὐκ
435 5336 503 5389 ἀν
531 5331 641 5386 οὐδ’
676 5326 998 5396 ἀντιϐλέψαι
1030 5323 1398 5394 δυνησόμενος
1432 5321 1612 5390 μάτην
1643 5317 1885 5372 ἐνταῦθα

308 5429 493 5491 πονεῖς
540 5427 659 5488 ταῖς
687 5420 1041 5494 γραμμικαῖς
1079 5434 1175 5470 σου
1220 5414 1372 5485 μέγα
1420 5411 1635 5484 φρονῶν
1665 5410 1890 5465 ἀποδεί-

311 5525 450 5592 ξεσι,
487 5519 584 5575 καὶ
627 5516 802 5588 ταύτῃ
831 5515 957 5577 τοὺς
992 5509 1228 5581 ἀμαθεῖς
1267 5506 1610 5577 ἐκπλήττων.
1642 5504 1709 5557 Τί
1740 5503 1787 5556 δ’
1816 5505 1884 5557 ἀν

381 5641 459 5713 (ι)
497 5638 576 5713 l_t_a
603 5633 751 5691 Mon.
791 5629 940 5713 12-ξῦ
970 5643 1036 5692 a;
1064 5627 1211 5713 enioy;
1242 5622 1334 5713 2‘7,
1371 5621 1545 5713 {1219
1568 5635 1770 5713 agam;

1994 4501 2050 4547 et
2113 4492 2314 4547 eximia
2349 4501 2406 4546 et
2441 4492 2626 4547 dicent
2670 4503 2727 4547 et
2776 4492 2887 4564 jam
2924 4492 3208 4560 dixerunt,
3251 4510 3360 4549 non
3389 4505 3569 4552 tamen

1991 4586 2065 4641 ob
2111 4600 2232 4640 eam
2268 4599 2489 4640 causam
2529 4586 2695 4640 etiam
2740 4586 3081 4640 conclusioni
3111 4599 3450 4656 repugnant,
3483 4606 3572 4643 ve-

1993 4691 2114 4731 rum
2146 4675 2334 4730 multis
2358 4676 2745 4746 nobilibusque
2776 4677 2901 4732 aliis
2932 4678 3272 4748 argumentis
3305 4682 3568 4749 Spiriiuin

1989 4775 2242 4823 sanctum
2298 4781 2367 4820 ex
2419 4766 2580 4822 Patre
2629 4778 2684 4822 et
2715 4768 2853 4823 Filio
2879 4784 3002 4823 esse
3025 4784 3188 4838 quam
3218 4771 3309 4839 qui
3336 4787 3570 4824 tuamne

1989 4873 2359 4932 propugnant.
2408 4861 2488 4916 Tu
2541 4875 2674 4916 vero
2722 4863 2884 4927 scito,
2920 4878 2986 4916 ex
3010 4861 3216 4917 Latinis
3244 4879 3365 4918 esse
3405 4881 3570 4932 (μιος-

1988 4961 2136 5020 dam,
2184 4955 2279 5025 qui
2325 4954 2421 5009 tibi
2461 4955 2625 5009 etiam
2689 4956 2830 5008 hanc
2878 4956 3116 5009 duorum
3179 4957 3456 5012 luminum
3501 4976 3569 5013 ex

1987 5047 2148 5102 Patre
2199 5048 2476 5103 diversam
2536 5048 2983 5118 progressionem
3026 5049 3079 5103 in
3115 5047 3257 5103 idem
3297 5066 3422 5105 cunt
3452 5055 3568 5106 suis

1986 5139 2258 5195 doctrinis
2309 5140 2560 5211 redigent
2597 5151 2654 5196 et
2688 5142 2834 5196 idem
2881 5143 3194 5211 signiﬁcare
3252 5144 3569 5214 probabunt

1985 5247 2112 5287 cum
2162 5234 2564 5304 propositione,
2621 5235 2821 5290 Filium
2877 5236 3102 5305 quidem
3139 5252 3205 5292 ex
3231 5237 3410 5302 Patre,
3447 5239 3570 5309 Spi-

1981 5324 2151 5378 ritum
2191 5340 2322 5379 vero
2353 5341 2420 5380 ex
2463 5336 2698 5395 utroque
2752 5327 2995 5397 prodire.
3039 5328 3174 5382 Nam
3207 5325 3352 5397 quod
3396 5328 3566 5386 Filius

1985 5430 2084 5484 per
2103 5417 2536 5486 generationem,
2567 5419 2804 5489 Spiritus
2858 5437 2990 5474 vero
3023 5437 3121 5490 per
3154 5424 3563 5490 processiotu-m

1983 5521 2047 5563 ex
2086 5509 2245 5563 Patre
2276 5510 2481 5579 prodit,
2533 5512 2636 5567 hoc
2677 5512 2816 5567 nihil
2877 5515 3024 5568 aliud
3059 5529 3179 5570 esse
3205 5529 3261 5571 et
3295 5517 3484 5571 multis
3511 5529 3565 5570 et

385 5690 461 5779 ii}
492 5690 616 5764 Et};
643 5690 792 5764 recte
848 5690 1032 5758 Marcf
1075 5701 1112 5753 ι.
1145 5697 1235 5762 85,
1271 5695 1341 5751 ιιι
1380 5709 1432 5746 ιιι
1477 5693 1618 5748 lion.
1641 5690 1708 5745 ‘27
1745 5690 1785 5751 ί,
1808 5691 1913 5748 249
1952 5706 2005 5761 a,
2041 5691 2162 5747 diue
2189 5700 2484 5762 postremae
2508 5691 2832 5755 litterteisv)
2861 5703 3203 5747 evanuerunt
