4090 6146
507 224 607 286 ‘22?
1875 220 2386 288 BESSARIONIS
3645 221 3753 287 938

507 347 772 408 dicimus,
808 345 861 397 in
892 343 1156 412 sapientia
1210 343 1422 397 Patrem
1475 342 1733 396 universa
1765 341 2075 397 condidisse

2195 363 2287 409 ναι,
2322 345 2354 414 ἢ
2388 343 2475 397 διὰ
2513 343 2613 412 τῆς
2646 341 2838 412 σοφίας
2871 343 2963 396 τὸν
3009 343 3215 412 κόσμον
3259 345 3628 416 προαγαγεῖν,
3659 343 3750 397 τὸν

505 436 590 490 vel
623 451 719 504 per
741 433 1064 502 sapientiam
1097 431 1422 501 produxisse
1483 431 1774 496 mundum,
1816 446 1912 502 per
1962 431 2079 486 hac

2195 439 2359 506 Λόγον
2387 452 2444 490 τε
2475 436 2571 490 καὶ
2601 435 2736 488 Υίὲνν
2769 436 2858 489 διὰ
2894 435 3097 489 τούτων
3123 437 3230 489 τῶν
3257 435 3541 507 ὀνομάτων
3570 434 3756 492 νοοῦν.

509 530 729 581 nomina
787 526 1027 579 Verbum
1075 533 1132 578 et
1179 522 1378 586 Filium
1441 523 1832 592 ilttclligentes.
1893 523 2082 591 Neque

2195 546 2298 592 τες.
2322 529 2458 582 Οὐδὲ
2507 528 2655 581 εστιν
2696 529 2784 582 ὅτε
2815 526 2953 582 Θεοῦ
2983 528 3178 598 σοφίαν
3217 529 3510 593 ἀκούοντες
3539 529 3674 584 ἄλλο
3701 545 3756 584 τι

507 617 732 688 quando
787 615 882 672 Dei
927 616 1244 684 sapientiam
1279 613 1552 678 audimus,
1604 615 1753 668 aliud
1816 614 2079 684 quiddam

2195 621 2411 689 νοοῦμεν
2464 622 2496 693 ἢ
2557 623 2650 674 τὸν
2694 620 2844 674 Υίδν.
2905 621 3055 674 Θεὸν
3115 622 3214 691 μὶν
3263 623 3372 692 γὰρ
3425 623 3626 690 σοφίαν
3672 639 3758 684 τις

508 711 868 781 intelligimus
924 719 1121 782 praeter
1156 707 1376 765 Filium.
1420 707 1590 762 Deum
1636 709 1784 762 enim
1816 709 1911 777 qui
1950 707 2085 762 dicit

2195 711 2357 766 είπὼν
2386 713 2516 782 ὃλην
2566 711 2736 783 αὐτὴν
2781 712 2878 782 τὴν
2918 709 3129 781 Τριάδα
3154 712 3466 784 δηλώσειεν,
3498 714 3653 769 Θεοῦ
3702 716 3758 769 δδ

506 803 855 875 sapientiam,
892 803 937 857 is
972 812 1136 857 totam
1157 816 1287 856 sane
1313 799 1642 856 Trinitatem
1670 798 1956 864 indicabit,
1991 797 2084 850 Dei

2195 807 2408 876 σοφίαν
2445 806 2822 876 φθεγξάμενος
2876 806 2969 859 τὸν
3027 805 3152 858 Tios
3200 807 3414 870 πάντως
3447 808 3755 878 ισὴμανεν·

506 913 639 952 vero
674 897 993 967 sapientiam
1051 893 1349 949 enuntians
1379 891 1581 946 Filium
1617 893 1847 946 omnino
1875 891 2086 960 signiﬁ-

2195 897 2374 968 ῶσπερ
2396 896 2500 950 ικαὶ
2535 894 2672 948 Θεδν
2722 897 2825 965 μὲν
2851 896 3077 966 ἀγάπην
3123 897 3191 950 τὰ
3217 896 3344 966 τρία
3375 898 3557 967 φαμὲν
3584 897 3758 965 πρόσ-

509 1000 630 1055 cat;
668 987 1130 1059 quemadmodum
1161 986 1326 1040 etiam
1377 986 1546 1040 Deum
1578 985 1902 1039 charitatem
1941 981 2084 1036 dici-

2195 1005 2331 1053 ωπα,
2366 986 2503 1040 Θεοῦ
2540 987 2598 1041 δὲ
2646 987 2873 1057 ἀγάπην
2922 989 2986 1040 τὸ
3033 986 3259 1057 Πνεῦμα
3307 987 3370 1040 τὴ
3406 987 3583 1054 ἅγιον·
3617 987 3760 1040 ὥστε

508 1078 630 1137 ιηυέ
669 1091 778 1134 tres
806 1094 1088 1149 personas.
1142 1077 1235 1130 Dei
1291 1093 1419 1131 vero
1450 1077 1774 1131 eharitatem
1812 1073 2080 1144 Spiritum

2195 1081 2317 1134 Βταν
2344 1081 2568 1134 Λατῖνοι
2617 1080 2761 1151 φῶσι
2795 1079 2856 1132 τὸ
2905 1079 3131 1148 Πνεῦμα
3161 1081 3224 1132 εκ
3259 1079 3474 1149 [ἰατρὸς
3501 1081 3597 1132 καὶ
3628 1078 3763 1133 Υίοῦ

509 1185 780 1228 sanctum.
819 1171 1188 1238 Quamobrem
1233 1169 1455 1239 quando
1486 1169 1664 1222 Latini
1693 1167 1881 1220 dicunt
1916 1167 2088 1220 conii-

2195 1169 2326 1227 εἶναι
2357 1173 2639 1241 ὁμολογεῖν
2693 1171 2828 1234 δεῖν,
2878 1172 2966 1224 διὰ
3008 1171 3069 1223 τὺ
3105 1171 3194 1224 τὸν
3240 1171 3460 1244 Πατέρα
3491 1172 3634 1239 μετὰ
3663 1172 3763 1242 τῆς

512 1267 736 1321 tendum
769 1279 892 1318 esse
923 1278 987 1317 ex
1024 1263 1181 1317 Patre
1211 1263 1463 1328 Filioque
1491 1275 1610 1315 esse
1637 1261 1927 1330 Spiritum,
1961 1258 2089 1326 quia

2195 1263 2385 1320 ιαυτοῦ
2436 1265 2627 1329 σοφίας
2659 1265 2752 1317 καὶ
2787 1265 2885 1317 σὺν
2927 1264 3062 1334 αὐτῇ
3101 1263 3217 1332 ἃμα
3247 1263 3307 1316 τὸ
3334 1263 3564 1338 Πνεῦμα
3593 1280 3767 1331 προα-

513 1362 674 1416 Pater
717 1373 840 1411 cum
870 1373 966 1412 sua
997 1357 1264 1426 sapientia
1286 1371 1347 1411 ac
1373 1355 1533 1410 simul
1565 1370 1689 1408 cum
1716 1369 1781 1408 ea
1821 1353 2089 1421 Spiritum

2195 1360 2401 1424 γαγεῖν,
2429 1356 2489 1409 οὐ
2521 1356 2717 1425 σοφίαν
2743 1358 2843 1424 τὴν
2873 1357 3059 1425 κοινὴν
3087 1353 3292 1426 ταύτην
3325 1357 3468 1409 νοεῖν
3489 1355 3592 1418 δεῖ,
3623 1355 3768 1434 ima

511 1450 792 1522 producit,
830 1465 938 1502 non
968 1448 1110 1501 hanc
1133 1461 1484 1502 communem
1519 1446 1824 1515 intelligere
1849 1455 2088 1515 oportet,

2195 1451 2293 1517 τὴν
2325 1449 2463 1503 ίδίαν
2517 1447 2595 1517 τῷ
2647 1447 2761 1517 Υἱῷ
2822 1446 3244 1522 ἀποδιδομένην.
3298 1445 3410 1499 Καὶ
3463 1445 3644 1515 μάτην
3686 1461 3768 1497 σοι

511 1518 606 1597 sel
635 1541 912 1611 propriam
966 1537 1104 1592 Filio
1145 1537 1488 1592 attributam.
1529 1537 1606 1592 Ac
1671 1537 1874 1592 frustra
1923 1553 1953 1590 a
2012 1545 2089 1604 te,

2195 1541 2341 1596 1:ch
2378 1539 2458 1610 τῷ
2486 1541 2723 1611 δευτέρῳ
2771 1539 2926 1610 μέρει
2981 1518 3175 1592 τούτου
3204 1537 3302 1592 τοῦ
3334 1540 3768 1609 ιπιχειρήματος

514 1647 633 1701 qum
672 1629 725 1682 in
758 1628 998 1684 secunda
1036 1639 1189 1698 parte
1213 1627 1379 1697 hujus
1405 1626 1716 1697 argumenti
1753 1625 1896 1680 dicta
1938 1634 2065 1681 sunt

2195 1633 2458 1704 εἰρημένα
2483 1634 2843 1706 ἀπέρριπται,
2875 1631 3030 1685 οὐδὲν
3061 1633 3196 1694 ὅλως
3232 1631 3494 1684 ποιοῦντα
3529 1630 3671 1699 πρὸς
3704 1628 3769 1682 τὸ

513 1724 725 1795 prolata
761 1721 984 1776 fuerunt
1014 1696 1149 1774 nihil
1191 1696 1419 1774 omnino
1444 1696 1511 1773 ad
1553 1733 1779 1787 scopum
1811 1717 2086 1773 facientia.

2195 1696 2702 1797 προκείμενον.’;’Λ
2749 1723 2808 1777 δδ
2861 1723 3013 1794 φῂς,
3076 1723 3477 1792 ἐκπορεύεσθαι
3531 1696 3633 1790 μὲν
3706 1720 3769 1773 τδ

516 1815 651 1884 Quae
683 1830 817 1869 vero
845 1814 1003 1877 dicis,
1056 1811 1358 1883 procedere
1417 1809 1636 1880 quidem
1669 1809 1930 1880 Spiritum
1965 1825 2088 1865 eum

2196 1815 2421 1886 Πνεῦμα
2455 1817 2595 1886 μετὰ
2631 1816 2727 1885 τῆς
2755 1816 2950 1887 σοφίας
2985 1816 3104 1885 ἢτοι
3138 1815 3233 1867 τοῦ
3270 1812 3419 1878 Υίοῦ,
3466 1814 3531 1866 οὐ
3580 1813 3769 1882 μέντοι

511 1906 782 1978 sapientia
812 1904 926 1960 sive
948 1919 1072 1958 cum
1121 1901 1284 1968 Filio,
1318 1919 1423 1957 non
1479 1918 1610 1958 vero
1638 1917 1704 1956 ex
1732 1901 1875 1971 ipso,
1916 1915 2090 1957 asser-

2195 1912 2254 1978 ἐξ
2307 1910 2496 1974 αὐτοῦ,
2548 1908 2696 1963 θέσιν
2744 1908 2867 1962 τινὰ
2924 1909 3209 1974 τιθέμενος
3269 1907 3474 1975 λέγεις,
3508 1906 3773 1975 οὐδεμίαν

510 1999 714 2055 tionem
747 1995 1036 2066 quamdam
1065 2009 1277 2065 ponens
1317 1994 1476 2060 dicis,
1506 1995 1712 2049 nullam
1734 2009 1862 2049 vero
1891 2009 2090 2065 cogen-

2209 2004 2463 2072 ἀνάγκην
2490 2003 2750 2071 εἰσάγων.
2785 2001 2879 2064 Τίς
2911 2001 3021 2070 γὰρ
3053 2002 3291 2070 ἀνάγκη,
3326 2003 3373 2053 εί
3409 2000 3484 2069 μὴ
3507 2001 3570 2051 τὸ
3599 1998 3773 2052 Πνεῦ-

511 2102 622 2146 tem
719 2090 989 2144 rationem
1098 2087 1336 2142 inducis.
1435 2085 1694 2152 Quanam
1774 2087 1921 2142 enim
2005 2095 2090 2142 est

2196 2112 2274 2166 μα
2298 2095 2391 2149 τοῦ
2437 2093 2565 2148 Υίοῦ
2605 2095 2801 2158 αῐτιον,
2842 2094 2979 2164 μηδὲ
3008 2094 3100 2148 τὸν
3132 2093 3263 2146 Υἱὸν
3295 2090 3434 2147 εῖναι
3462 2093 3559 2146 τοῦ
3601 2092 3771 2146 ΙΙνεύ-

509 2179 830 2244 necessitas,
878 2179 923 2232 si
965 2177 1202 2249 Spiritus
1265 2193 1374 2232 non
1442 2179 1512 2233 sit
1557 2175 1676 2232 Filii
1730 2178 2086 2248 principium,

512 2290 692 2344 neque
741 2273 1075 2344 principium
1131 2271 1305 2326 sancti
1340 2265 1604 2342 'Spiritus
1669 2285 1792 2326 esse
1843 2269 2088 2325 Filium?

511 2363 672 2430 Quia,
706 2363 877 2429 dices,
933 2360 1271 2432 impossibile
1336 2369 1420 2416 est
1463 2375 1527 2415 ea
1555 2375 1676 2430 quae
1718 2360 1882 2415 simul
1913 2371 1966 2415 et
1999 2375 2090 2416 se-

511 2457 752 2512 cundum
818 2455 969 2509 idem
1009 2469 1078 2509 ex
1107 2454 1369 2524 quopiam
1408 2453 1704 2523 prodeunt,
1768 2452 1934 2507 etiam
1983 2452 2089 2507 sibi

512 2551 749 2604 invicem
783 2547 1052 2617 principia
1080 2560 1201 2601 esse
1230 2546 1244 2600 ι
1282 2542 1388 2600 Sed
1418 2543 1550 2614 quid
1582 2553 1637 2598 tu
1689 2543 1792 2599 sub
1837 2559 1967 2598 voce
1990 2545 2090 2598 sibi

510 2647 728 2698 invicem
762 2643 1024 2712 principia
1061 2640 1354 2711 intelligas,
1415 2638 1468 2694 id
1516 2640 1630 2708 ipse
1679 2641 1935 2703 noveris;
1989 2653 2091 2693 nos

510 2751 642 2788 vero
667 2733 774 2787 sibi
811 2732 1056 2787 invicem
1090 2729 1356 2799 principia
1379 2742 1501 2782 esse
1530 2742 1638 2780 non
1669 2727 1920 2782 dicimus.
1952 2723 2087 2779 Nam

512 2829 626 2880 lieri
656 2823 848 2894 nequit
900 2831 960 2876 ut
1019 2831 1308 2890 utrumque
1340 2819 1626 2888 utriusque
1661 2826 1716 2872 et
1753 2817 2085 2887 principium

514 2927 572 2971 ct
603 2915 992 2986 principiatum
1043 2914 1148 2979 sit;
1185 2913 1288 2967 hoc
1316 2913 1462 2966 enim
1527 2910 1840 2966 Graecorum
1906 2923 2089 2965 sermo

2195 2204 2364 2258 ματος
2416 2187 2628 2257 ἀρχήν;
2696 2187 2842 2252 Ὅτι,
2898 2187 3126 2256 φήσεις,
3180 2187 3248 2238 τὰ
3298 2178 3436 2255 δμοῦ
3479 2187 3574 2238 καὶ
3629 2185 3771 2239 κατὰ

2190 2279 2387 2335 ταυτὸν
2413 2278 2477 2333 ἐκ
2505 2295 2650 2343 τινος
2680 2282 2942 2350 προϊόντα
2992 2278 3091 2332 καὶ
3135 2277 3384 2346 ἀλλήλων
3435 2276 3588 2330 αῐτια
3624 2271 3772 2328 εἶναι

2192 2374 2473 2429 ἀδύνατον.
2515 2372 2679 2428 Ἀλλὰ
2721 2373 2772 2426 τί
2803 2372 2903 2440 μὶν
2944 2373 3008 2427 σὺ
3039 2372 3128 2425 διὰ
3158 2371 3253 2425 τοῦ
3279 2369 3576 2440 ἀλλήλων
3605 2372 3774 2424 αἴτια

2193 2465 2355 2527 νοεῖς,
2406 2463 2566 2528 αὐτὸς
2608 2464 2675 2518 ἂν
2721 2463 2959 2532 εἰδείης·
3010 2463 3174 2534 ἡμεῖς
3226 2462 3283 2516 δὲ
3329 2463 3584 2531 ἀλλήλων
3618 2461 3772 2516 αἴτια

2191 2551 2331 2610 εἶναι
2369 2558 2431 2609 οὐ
2460 2555 2660 2624 φαμέν.
2694 2555 2766 2608 οὐ
2798 2554 2909 2624 γὰρ
2946 2554 3173 2608 δυνατὸν
3202 2553 3468 2622 ἑκάτερον
3496 2553 3770 2622 ἑκατέρου

2190 2647 2365 2703 αῖτιόν
2413 2664 2475 2700 τε
2524 2645 2620 2699 καὶ
2674 2645 2921 2698 αίτιατδν
2969 2641 3146 2698 εἶναι·
3183 2641 3346 2698 τοῦτο
3379 2645 3492 2714 γὰρ
3548 2645 3708 2712 λόγος
3741 2645 3775 2697 δ

2191 2740 2396 2805 Ἕλλην
2424 2739 2514 2793 διὰ
2549 2737 2646 2792 τοῦ
2700 2737 2998 2806 ἀλλήλων
3026 2738 3189 2791 αιτια
3237 2736 3432 2809 δηλοῦν
3476 2736 3766 2806 βούλεταιο

2191 2833 2416 2902 θάτερον
2465 2830 2522 2884 δὲ
2579 2830 2808 2898 θατέρου
2876 2829 3049 2884 αἴτιον
3107 2825 3290 2894 εἶναι,
3346 2829 3454 2883 κᾶν
3491 2829 3767 2884 καὶκατὰ

2189 2926 2385 2978 ταυτὸν
2417 2924 2480 2977 ἐκ
2502 2941 2647 2986 τινος
2675 2923 2840 2977 ἄλλου
2879 2925 3230 2994 προάγοιντο.
3255 2925 3408 2979 οὐδὲν
3431 2923 3633 2978 κωλύει
3665 2924 3764 2994 (ί).

515 3023 651 3063 voce
682 3008 781 3060 sibi
813 3005 1032 3060 invicem
1086 3005 1348 3073 principia
1389 3003 1693 3073 intelligere
1739 3002 1892 3067 vult;
1925 3001 2089 3055 alter-

2195 3019 2270 3073 ’Ή
2302 3035 2357 3071 τε
2382 3018 2488 3088 γὰρ
2508 3016 2664 3079 ἀκτὶς
2697 3019 2758 3069 τό
2775 3033 2833 3068 τε
2871 3017 3008 3085 φῶς.
3041 3018 3162 3087 ἅμα.
3184 3018 3277 3071 καὶ
3311 3017 3453 3070 κατὰ
3481 3016 3678 3070 ταυτὸν
3709 3015 3766 3084 ἐξ

514 3104 717 3158 ulti-um
742 3116 872 3155 vero
911 3100 1232 3154 alterutrius
1252 3097 1580 3170 principium
1607 3111 1746 3162 esse,
1769 3096 1896 3152 licet
1921 3095 2086 3150 etiam

514 3196 823 3254 secundum
861 3195 1004 3250 idem
1031 3209 1098 3248 es
1126 3191 1365 3267 quodam
1397 3189 1503 3243 alio
1527 3188 1926 3260 producantur,
1950 3186 2088 3242 nihil

514 3300 687 3349 vetat.
742 3288 878 3344 Nam
930 3286 1118 3341 radius
1146 3293 1200 3340 et
1262 3283 1447 3337 lumen
1479 3281 1642 3336 simul
1698 3288 1754 3335 et
1781 3279 2087 3335 secundum

515 3387 663 3442 idem
704 3398 772 3438 ex
827 3382 944 3438 sole
982 3389 1153 3445 sunt;
1219 3387 1459 3431 attamen
1513 3375 1698 3429 lumen
1734 3389 1835 3443 per
1871 3372 2086 3427 radium

513 3489 570 3534 et
593 3479 832 3547 quodam
863 3473 1027 3527 modo
1054 3487 1118 3526 ex
1159 3469 1310 3523 radio
1334 3478 1450 3532 est;
1495 3475 1550 3521 et
1607 3481 1705 3536 per
1738 3465 1938 3519 tonitru
1987 3465 2091 3520 ful-

513 3589 640 3646 gur,
675 3569 806 3624 licet
838 3566 1044 3621 tonitru
1077 3575 1131 3618 et
1156 3563 1342 3633 fulgur
1375 3561 1605 3616 nubium
1651 3558 1980 3614 densitatem
2037 3567 2094 3612 et

513 3665 673 3722 simul
704 3663 770 3718 ad
795 3661 1026 3716 invicem
1064 3656 1520 3713 coniricationem
1561 3667 1785 3707 causam
1835 3652 2088 3707 habeant.

514 3760 744 3830 Oportet
772 3756 917 3811 enim
953 3753 1152 3809 crassis
1196 3750 1349 3804 hisee
1397 3759 1452 3804 et
1505 3757 1786 3818 utcunque
1817 3746 2091 3802 similibus

512 3850 777 3921 exemplis
797 3865 858 3904 ea
882 3862 1002 3918 qua:
1025 3858 1188 3914 supra
1214 3853 1466 3897 naturam
1488 3849 1616 3896 sunt
1638 3848 1858 3909 propter
1879 3854 1973 3892 eos
1995 3838 2090 3909 qui

515 3943 806 4002 crassioris
861 3947 989 3994 sunt
1032 3934 1259 4006 ingenii,
1302 3933 1577 4004 subigere.
1615 3930 1695 3985 Tu
1753 3946 1884 3985 vero
1925 3930 2090 3983 etiam

520 4040 610 4093 bis
641 4037 789 4091 circa
823 4027 1200 4099 evangelicum
1251 4024 1498 4079 dictum:
1558 4020 1748 4077 Omnia
1796 4036 1889 4090 per
1918 4020 2094 4086 ipsum

517 4135 662 4202 facta
689 4135 809 4180 sunt
834 4139 1051 4194 peccas,
1070 4133 1180 4173 non
1215 4115 1541 4186 intelligens,
1565 4114 1692 4184 quid
1724 4113 1850 4167 inde
1871 4112 2094 4166 conclu-

519 4200 637 4276 das.
677 4216 789 4270 Nos
829 4229 982 4276 vero,
1014 4210 1108 4279 qui
1139 4208 1192 4261 in
1232 4207 1408 4277 primo
1441 4216 1535 4259 tuo
1595 4212 1918 4274 argumento
1947 4200 2094 4257 Sulli-

516 4312 726 4366 cientcr
750 4317 799 4359 te
840 4301 1197 4358 ostendimus
1235 4297 1652 4359 hallucinatum,
1711 4293 1820 4346 illis
1848 4291 2094 4346 contenti

2192 3111 2343 3182 ἡλίου
2370 3111 2517 3176 ὅντα,
2551 3110 2701 3180 ὅμως
2731 3109 2790 3162 τὸ
2829 3109 2941 3176 φῶς
2991 3109 3079 3163 διὰ
3122 3110 3218 3178 τῆς
3250 3111 3468 3173 ἀκτῖνος
3509 3110 3607 3164 καὶ
3639 3110 3763 3164 τινὰ

2191 3206 2393 3277 τρόπον
2418 3206 2483 3257 ὲκ
2514 3203 2612 3273 τῆς
2649 3203 2870 3265 ἀκτῖνάς
2902 3205 3020 3254 ἐστι
3067 3205 3164 3256 καὶ
3206 3203 3294 3256 διὰ
3329 3205 3427 3274 τῆς
3465 3201 3697 3273 βροντῆς
3727 3205 3762 3273 ἡ

2194 3299 2470 3368 ἀστραπὴ,
2517 3297 2694 3349 καίτοι
2758 3295 2958 3366 βροντή
3011 3311 3068 3347 τε
3115 3296 3210 3347 καὶ
3239 3295 3503 3366 ἀστραπὴ
3547 3295 3648 3365 τὴν
3678 3311 3768 3350 νε-

2194 3392 2308 3461 φῶν
2332 3390 2648 3458 πυκνότητά
2671 3404 2729 3440 τε
2767 3390 2862 3440 καὶ
2896 3387 3014 3458 ἅμα
3046 3387 3181 3457 πρὸς
3205 3387 3446 3456 ἀλλήλας
3479 3387 3770 3458 σύντριψιν

2193 3486 2366 3536 αίτιον
2412 3481 2626 3551 ἔχοντα.
2688 3480 2779 3530 Δεῖ
2816 3478 2924 3544 γὰρ
2973 3479 3087 3538 τοῖς
3139 3477 3345 3545 παχέσι
3398 3475 3610 3539 τούτοις
3674 3477 3770 3529 καὶ

2194 3574 2452 3630 ὁπωσοῦν
2487 3574 2696 3642 ὁμοίοις
2735 3571 3152 3642 παραδείγμασι
3188 3573 3256 3623 τὰ
3279 3570 3418 3640 ὑπὲρ
3475 3570 3639 3639 φύσιν
3685 3568 3770 3623 διὰ

2195 3666 2320 3729 τοὺς
2362 3665 2460 3736 τὴν
2504 3665 2754 3719 διάνοιαν
2797 3665 3140 3733 παχυτέρους
3179 3662 3434 3730 ὑπάγειν.
3482 3661 3554 3714 Σὺ
3585 3662 3640 3714 δὲ
3675 3663 3769 3716 καὶ

2193 3762 2274 3824 δὶς
2308 3761 2440 3829 περὶ
2484 3758 2545 3811 τὸ
2573 3756 2934 3826 εὐαγγελικὺν
2963 3755 3128 3826 ῥητὸν
3165 3757 3228 3807 τό
3255 3773 3267 3783 ·
3301 3755 3508 3808 Πάντα
3554 3753 3629 3807 δι’
3665 3757 3769 3808 αὺ-

2195 3849 2301 3904 τοῦ
2327 3848 2591 3919 ἐγένετο,
2624 3847 2962 3917 ἁμαρτάνεις
2984 3880 3000 3908 ,
3042 3846 3118 3914 μὴ
3152 3845 3360 3909 συνιείς
3387 3883 3400 3909 ,
3425 3844 3478 3896 τί
3515 3844 3768 3896 ἐντεῦθεν

2196 3941 2617 4012 συμπεραίνεις.
2665 3939 2856 4008 Ἡμεῖς
2888 3937 2936 3990 δ’
2977 3940 3033 3989 ὲν
3060 3936 3138 4006 τῷ
3175 3936 3379 4006 πρώτῳ
3429 3953 3524 3988 σου
3562 3937 3761 4008 ἐπιχει-

2198 4035 2402 4104 Ρήμσοτι
2435 4030 2633 4093 ἱκανῶς
2665 4047 2723 4083 σε
2755 4027 3077 4097 ἐλέγξαντες
3122 4027 3478 4099 ἀπατώμενοι
3535 4031 3768 4092 ἐκείνοις

2196 4125 2538 4197 ἀρκούμεθα.
2559 4124 2686 4178 Ὀτι
2721 4123 2766 4175 δ’
2799 4123 2848 4175 εί
2876 4122 2964 4176 διὰ
2994 4120 3212 4190 σοφίας,
3243 4122 3338 4175 τοῦ
3376 4122 3506 4176 Υίοζι
3539 4123 3766 4193 δηὲαδὴ,

2196 4220 2258 4274 τὺ
2298 4217 2524 4288 Πνεῦμα
2568 4217 2889 4288 προάγοιτο,
2921 4216 3077 4270 οὐδὲν
3125 4217 3191 4270 ἂν
3221 4216 3488 4286 διενέγκοι
3517 4219 3625 4272 τῶν
3654 4235 3768 4271 κτι-

2201 4311 2448 4383 σμάτων,
2493 4311 2588 4363 καὶ
2633 4310 2692 4362 τὸ
2724 4309 2813 4362 διὰ
2845 4310 3018 4379 μέσης
3051 4308 3307 4378 θεότητός
3331 4325 3384 4361 τι
3419 4307 3769 4379 προαχθῆναι

518 4417 729 4457 sunms.
769 4398 1033 4467 Spiritum
1069 4406 1223 4456 vero,
1251 4390 1294 4444 si
1328 4404 1423 4458 per
1474 4385 1824 4456 sapientiam,
1855 4384 1962 4438 hoc
2007 4392 2090 4438 est

2199 4405 2306 4459 τῶν
2336 4406 2657 4475 κτισμάτων
2701 4403 2834 4456 [διον
2884 4398 3049 4467 εἶναι,
3096 4403 3196 4455 οὐκ
3236 4400 3354 4456 οἶδα
3406 4402 3527 4470 μὲν,
3583 4402 3632 4453 εί
3678 4403 3772 4453 καὶ

524 4513 622 4568 per
656 4495 874 4555 Filium,
907 4487 1266 4559 producatur,
1324 4481 1462 4535 nihil
1523 4479 1746 4548 dilIerre
1770 4476 2090 4532 acreaturis

515 4599 570 4642 et
607 4603 701 4657 per
757 4583 994 4638 mediam
1021 4579 1282 4633 deitatem
1353 4573 1486 4646 quid
1537 4571 1768 4643 produci
1803 4571 2088 4640 preprium

521 4689 903 4735 creaturarum
956 4688 1101 4736 esse,
1160 4670 1214 4727 id
1253 4669 1442 4723 nescio
1487 4683 1555 4723 an
1600 4675 1657 4720 et
1711 4665 1835 4720 aliis
1883 4665 2092 4734 placeat

521 4784 716 4843 pra-ter
767 4780 853 4834 te;
884 4769 994 4821 imo
1028 4766 1177 4819 clare
1233 4763 1360 4817 novi
1412 4761 1463 4815 id
1515 4759 1725 4815 nemini
1781 4761 2090 4828 sapientum

517 4866 764 4933 probari.
822 4859 1129 4915 Manifestat
1187 4870 1317 4912 vero
1361 4865 1416 4909 et
1456 4853 1590 4909 ﬁdes
1641 4853 1811 4908 Deum
1867 4851 2089 4921 quidem

518 4961 734 5012 Putrem
769 4954 1073 5026 praedicans
1093 4960 1148 5005 et
1182 4951 1352 5004 Deum
1423 4963 1554 5003 vero
1608 4945 1805 5002 Filium
1831 4955 1886 5000 et
1917 4945 2090 5016 Spiri-

520 5063 635 5106 ιυιιι
661 5057 912 5102 δοιιρῑιιιιι
939 5043 1229 5107 conﬁtens,
1247 5053 1302 5095 οι
1326 5052 1503 5095 tamen
1531 5055 1629 5095 COS
1651 5055 1757 5092 non
1790 5053 1914 5093 cum
1939 5052 2090 5092 crea-

517 5144 659 5197 imis
699 5140 892 5213 (apage
950 5153 1074 5192 cum
1161 5135 1496 5202 blasphemia
1572 5136 1673 5188 ista
1698 5134 1739 5204 ί)
1794 5134 2090 5187 collocans.

522 5236 661 5301 Quid
693 5247 839 5287 cnun
901 5231 1072 5299 magis
1130 5227 1370 5298 Spiritus
1422 5237 1674 5283 creatura
1730 5226 1890 5290 foret,
1927 5225 1972 5278 si
2029 5240 2096 5279 ex

525 5329 681 5391 Filio,
718 5341 878 5394 quam
909 5322 1081 5377 Filius
1105 5329 1161 5376 et
1187 5319 1447 5391 Spiritus,
1479 5321 1526 5375 si
1578 5335 1643 5374 ex
1670 5321 1871 5374 Patre?
1895 5321 1972 5375 Ex
2003 5336 2096 5375 es-

524 5431 697 5474 sentia
733 5428 924 5474 etnon
959 5431 1024 5470 ea
1054 5415 1293 5469 essentia
1329 5414 1422 5467 Dei
1457 5429 1579 5468 esse
1603 5414 1808 5466 scimus
1837 5412 2095 5467 doctores

523 5525 790 5570 πολιαι-ξε
847 5521 901 5565 εἰ
934 5526 1042 5564 ΠΟΠ
1099 5521 1367 5563 creaturae
1429 5517 1673 5562 statuere
1705 5523 1950 5574 causam,
1986 5523 2096 5562 non

591 5627 671 5697 (1)
699 5627 844 5680 Μοιι.
877 5628 975 5697 '37,
1057 5623 1161 5678 250
1183 5623 1237 5676 b.
1266 5624 1516 5697 κωλύειν.

593 5694 673 5767 (ἓ)
705 5699 845 5752 δίου.
883 5698 921 5749 f.
953 5695 1051 5749 251
1117 5712 1168 5749 τι.
1227 5694 1426 5762 σοξῶς.

2197 4497 2378 4560 ἄλλοις
2409 4495 2648 4559 συνδόξει
2684 4495 2824 4565 πλὴν
2856 4495 2974 4548 σοῦ·
3007 4495 3210 4564 μᾶλλον
3241 4493 3298 4547 δὲ
3327 4493 3514 4562 σαφῶς
3545 4491 3621 4563 (2)
3656 4489 3772 4546 οἶδα

2202 4593 2393 4666 μηδενὶ
2420 4590 2527 4643 τῶν
2560 4589 2740 4655 σοφῶν
2785 4589 3066 4642 συνδοκεῖν
3093 4604 3107 4617 °
3135 4587 3284 4658 δηλοῖ
3308 4586 3365 4639 δὲ
3388 4587 3482 4639 καὶ
3517 4588 3552 4656 ἡ
3585 4587 3768 4648 πίστις

2198 4685 2332 4738 Θεὸν
2366 4682 2466 4752 μὲν
2498 4679 2589 4734 τὸν
2617 4679 2836 4750 Πατέρα
2861 4677 3268 4750 πρεσϐεύουσα,
3303 4677 3397 4729 καὶ
3428 4676 3561 4730 Θεὸν
3591 4677 3649 4730 δὲ
3677 4677 3772 4731 τδν

2200 4775 2329 4828 Υίὺν
2350 4776 2448 4829 καὶ
2476 4773 2536 4825 τὸ
2559 4769 2787 4839 Πνεῦμα
2819 4770 2879 4821 τὸ
2904 4769 3060 4837 ἇγιον
3088 4767 3456 4837 ὁμολογοῦσα,
3490 4767 3585 4820 καί
3618 4769 3772 4836 ὅμως

2199 4865 2395 4925 αὐτοὺς
2430 4864 2489 4916 οὐ
2540 4865 2678 4935 μετὰ,
2722 4862 2831 4915 τῶν
2882 4862 3205 4930 κτισμάτων
3256 4861 3461 4932 (ἄπαγε
3501 4861 3600 4928 τῆς
3644 4860 3774 4930 ﬂia-

2200 4954 2444 5024 σφημίας
2473 4955 2512 5025 ί)
2543 4953 2823 5024 τιθεμένη.
2856 4952 2922 5005 Τί
2960 4953 3037 5022 (3)
3065 4952 3174 5023 γὰρ
3219 4951 3421 5021 μᾶλλον
3449 4951 3512 5003 τὸ
3545 4951 3770 5020 Πνεῦμα

2197 5051 2424 5118 κτίσμα,
2455 5050 2501 5100 εί
2531 5051 2589 5114 ἐξ
2628 5047 2779 5113 Υίοῦ,
2815 5049 2849 5119 ἢ
2880 5050 2907 5101 ὁ
2950 5046 3078 5110 Υἱὸς
3118 5047 3213 5100 καὶ
3243 5046 3305 5098 τὸ
3342 5045 3598 5110 Πνεῦμα,
3627 5048 3678 5098 εί
3704 5045 3774 5099 ’ἐκ

2198 5142 2451 5211 Πατρὸς;
2487 5141 2561 5192 Τὸ
2614 5138 2671 5203 ἐξ
2718 5140 2911 5203 οὐσίας
2965 5140 3061 5192 καὶ
3097 5137 3172 5208 μὴ
3219 5136 3410 5200 οὐσίας
3451 5133 3589 5188 Θεοῦ
3631 5129 3772 5188 εῖναι

2203 5236 2363 5306 ἴσμεν
2401 5238 2527 5296 τοὺς
2571 5232 2951 5294 διδασκάλους,
2989 5231 3286 5299 κτίσματος
3319 5232 3411 5282 καὶ
3440 5227 3515 5298 μὴ
3541 5229 3774 5298 κτίσμα·

2199 5347 2289 5391 τος
2319 5329 2493 5382 αἴτιον
2533 5326 2878 5396 τιθεμένους,
2911 5326 2972 5376 οὐ
3002 5324 3064 5376 τὸ
3109 5325 3173 5376 ὲκ
3202 5322 3415 5391 Πατρὶς
3440 5321 3603 5390 μόνου
3635 5321 3668 5391 ἢ
3709 5324 3775 5378 ἐκ

2202 5424 2411 5492 Πατρὸς
2444 5422 2540 5473 καὶ
2571 5419 2694 5472 Υἱοῦ
2727 5416 2886 5471 εἶναι.
2929 5417 3010 5471 Τὰ
3043 5416 3142 5486 μὲν
3166 5416 3260 5469 οὖν
3296 5414 3574 5484 κτίσματα
3601 5416 3662 5466 τὸ
3697 5413 3776 5488 μὴ

2202 5516 2265 5567 ὲκ
2298 5513 2395 5581 τῆς
2437 5511 2587 5573 θείας
2613 5510 2802 5572 οὐσίας
2830 5504 2990 5572 εἶναι,
3022 5506 3137 5559 ἀλλ’
3182 5508 3246 5560 ἐκ
3278 5505 3371 5560 τοῦ
3406 5504 3483 5577 μὴ
3513 5503 3665 5568 ὄντος
3693 5504 3774 5569 είς

2275 5629 2350 5698 (3)
2385 5628 2546 5684 Marc.
2602 5625 2635 5681 l'.
2675 5625 2742 5679 87
2786 5623 2841 5679 b.
2876 5622 2911 5692 ἦ
2941 5621 3015 5677 τί.
