4090 6146
342 346 444 410 241

894 459 1033 514 ΤΟΥ
1069 458 1373 516 ΝΙΚΑΙΑΣ.

415 577 479 631 οι
509 576 612 649 μιν
636 577 875 644 Λατῖνοι,
907 576 984 642 ὡς
1014 580 1108 656 καὶ
1128 580 1188 633 ὲν
1217 578 1396 642 ἄλλοις
1425 580 1558 650 ἡμῖν
1581 581 1918 654 πλατύτερον

344 668 588 739 εῐρηται,
617 671 756 740 πρὸς
775 670 876 740 τὴν
913 670 1134 740 ίσότητά
1157 686 1218 724 τε
1250 670 1348 723 καὶ
1371 669 1685 741 όμοιότητα,
1716 670 1916 740 μᾶλλον

341 759 400 812 δι
436 761 742 831 ταυτότητά
785 761 886 829 τῆς
927 761 994 815 lit
1020 752 1256 832 ’Πατρδς
1311 761 1408 817 καὶ
1439 760 1573 816 Υίοῦ
1618 760 1713 815 τοῦ
1756 761 1915 830 ἀγίου

343 853 662 921 Πνεύματος
709 853 980 923 προϐολῆς
1029 855 1342 924 ἀφορῶντες
1391 855 1492 926 τὴν
1540 854 1610 909 ἐκ
1661 855 1917 923 πρόθεσιν

346 944 548 1014 μᾶλλον
576 945 674 1015 τῆς
703 944 803 999 διὰ
829 943 1240 1015 δοκιμάζωσιν,
1267 948 1483 1016 ἐκείνην
1509 945 1823 1016 φεύγοντες,
1852 945 1914 1000 οὗ

341 1036 428 1090 διά
477 1038 538 1090 τὸ
584 1037 684 1090 δύο
713 1038 890 1109 ἀρχὰς
934 1039 1198 1106 είσάγειν,
1240 1039 1317 1102 ὡς
1352 1040 1478 1110 φῂς,
1510 1038 1647 1093 ἀλλά
1689 1038 1778 1093 διὰ
1817 1038 1917 1110 τὴν

341 1126 590 1182 ἀτέλειαν
632 1130 728 1181 καὶ
774 1127 835 1180 τδ
882 1127 1180 1197 όργανικήν
1229 1145 1351 1182 τινα
1382 1127 1673 1196 σημαίνειν
1705 1127 1911 1182 αἰτίαν.

341 1218 459 1271 Εἰσὶ
506 1216 689 1286 μέντοι
738 1233 801 1284 γε
846 1216 1020 1270 οἱκαὶ
1069 1217 1206 1286 αὑτῇ
1250 1216 1510 1285 χρῶνται,
1565 1216 1916 1270 σπανιώτατα

343 1309 548 1378 μέντοιο
575 1311 670 1363 καὶ
693 1308 904 1378 μάρτυς
937 1310 966 1361 ό
997 1307 1174 1379 μέγας
1205 1307 1432 1377 Ίλάριος
1467 1308 1826 1378 ἀρχαιότατός
1854 1324 1916 1361 τε

340 1400 434 1453 καὶ
462 1399 780 1469 σοφώτατος
806 1397 917 1453 τῶν
962 1398 1270 1453 Δατινικῶν
1308 1398 1649 1453 διδασκάλων
1679 1402 1774 1454 καὶ
1807 1400 1916 1453 Πα-

337 1492 514 1562 τέρων
541 1491 860 1562 γενόμενος.
895 1491 1124 1562 Γραῖκο“ι
1151 1491 1208 1546 δὲ
1241 1492 1335 1546 καὶ
1367 1487 1622 1560 Γραῖκῶν
1651 1491 1699 1544 oi
1737 1489 1914 1544 Πατὲα

342 1599 432 1653 ps;
459 1599 518 1636 τε
546 1583 642 1636 καὶ
671 1581 979 1638 διδάσκαλοι
999 1582 1101 1652 τὴν
1127 1582 1266 1653 πρὸς
1291 1583 1384 1638 τὸν
1411 1581 1632 1652 Πατέρα
1659 1581 1756 1636 τοῦ
1781 1580 1914 1635 Υἱοῦ

339 1674 524 1744 σχίσιν
569 1674 666 1728 καὶ
693 1673 848 1740 τάξιν
888 1673 985 1729 καὶ
1027 1674 1090 1729 τὸ
1128 1674 1341 1728 ἐκεῖθεν
1369 1673 1533 1729 αὐτὸν
1566 1673 1743 1729 πάντα
1769 1672 1916 1746 Ιχειν

337 1763 532 1836 δηλοῦν
562 1765 695 1837 περὶ
726 1765 976 1831 πλείονος
1001 1767 1366 1835 ποιησάμενοι
1390 1768 1459 1838 τῇ
1488 1764 1588 1819 διὰ
1623 1765 1699 1828 ὡς
1731 1765 1826 1819 ἐπὶ
1854 1765 1914 1819 τὺ

338 1845 590 1911 πλεῖστον
615 1856 880 1929 χρῶνται,
908 1857 1020 1913 οὐδ’
1041 1856 1196 1911 αὐτοὶ
1224 1858 1374 1928 ὅμως
1401 1856 1682 1921 παντελῶς
1708 1857 1809 1936 τὴν
1836 1856 1910 1912 ἐκ

339 1948 704 2019 ἑξορίσαντες.
751 1949 865 2004 Καὶ
918 1948 1157 2020 παρίημι
1205 1951 1554 2020 παραγαγεῖν
1605 1949 1912 2020 μαρτυρίας

333 2039 408 2104 ὥς
443 2041 582 2095 πᾶσι
614 2041 949 2112 γνωρίμους.
983 2043 1148 2096 Ὅθεν
1176 2042 1401 2106 είκότως
1429 2041 1542 2096 τῶν
1577 2042 1830 2112 Γραῖκῶν
1857 2043 1911 2097 oi

335 2131 474 2206 πρὸς
515 2131 617 2204 τὴν
670 2131 932 2204 ἀλήθειαν
960 2133 1349 2197 ἀποκλίναντες
1379 2135 1457 2197 ὥς
1498 2133 1817 2205 Χριστιανοί
1846 2151 1908 2190 τε

336 2226 431 2281 καὶ
462 2225 808 2297 εὐγνώμονες
842 2225 970 2288 τοὺς
1006 2224 1362 2291 διδασκάλους
1406 2225 1654 2295 ἀλλήλοις
1683 2243 1910 2297 συμφω-

332 2317 560 2381 νοῦν-τας
607 2317 919 2388 δείκνυμενο
948 2316 1026 2381 ὡς
1069 2315 1226 2372 τοῦτο
1277 2316 1704 2387 ἀναγκαιότατον
1749 2317 1810 2372 δν
1839 2321 1903 2389 τῇ

333 2413 518 2468 πίστει
565 2411 659 2466 καὶ
689 2409 750 2466 οῦ
795 2409 925 2467 ἀνευ
962 2410 1142 2465 πᾶσαν
1191 2411 1261 2464 ἂν
1289 2411 1445 2482 ἡμῶν
1492 2409 1593 2482 τὴν
1624 2411 1906 2466 εὐσέϐειαν

329 2501 646 2575 οἰχομένηνο
679 2502 775 2558 καί⁸
815 2503 914 2572 τὴν
943 2500 1043 2555 διὰ
1087 2503 1152 2572 τῇ
1183 2501 1252 2555 ἐκ
1283 2501 1482 2556 ταυτδν
1527 2501 1708 2571 φαμεν
1747 2500 1908 2556 δύνα-

331 2596 458 2649 σθαι
488 2594 582 2649 ἐπὶ
618 2593 714 2650 τοῦ
745 2594 1133 2665 προκειμένου,
1164 2593 1260 2649 καὶ
1287 2594 1382 2648 τίον
1415 2593 1589 2664 μέγαν
1623 2592 1906 2648 Βασίλειον

329 2685 549 2758 ιχοντες
577 2685 736 2740 τοῦτο
763 2686 1110 2762 βουλόμενον,
1136 2683 1211 2750 ὡς
1239 2686 1299 2742 ὲν
1336 2687 1447 2749 τοῖς
1473 2685 1735 2755 ἀνωτέρω
1767 2683 1904 2738 ἔδει·

331 2779 523 2850 ξαμεν.
552 2779 688 2834 Οὐδὲ
713 2780 901 2834 καινὸν
927 2779 1104 2845 οὐδὲν,
1135 2780 1184 2833 εί
1217 2778 1438 2834 Λατῖνοι
1471 2777 1572 2848 μιν
1610 2777 1748 2850 πρὸς
1775 2776 1906 2832 ἀλλο

330 2866 621 2940 βλέποντες
649 2869 778 2924 ἀλλο
810 2870 964 2939 φασὶ,
997 2867 1109 2923 τῶν
1142 2870 1391 2942 Γραῖκῶν
1432 2871 1481 2924 δ’
1503 2869 1554 2924 οῖ
1596 2868 1904 2923 διδάσκαλοι

330 2962 508 3018 ἀλλων
538 2963 719 3018 εῑνεκα
743 2963 922 3033 λόγων
958 2956 1157 3035 ἔτερα,
1177 2963 1254 3036 μὴ
1283 2965 1466 3034 μέντοι
1497 2963 1735 3032 ἐναντία,
1763 2961 1902 3018 ἀλλά

331 3059 470 3129 πρὸς
496 3055 560 3111 ab
584 3057 719 3112 αὐτὸ
747 3058 1120 3129 συμπέρασμα
1147 3057 1384 3130 φέροντα
1415 3058 1602 3128 ἄμφω.
1633 3058 1702 3112 Ἀ
1723 3055 1904 3121 καλῶς

1390 349 1834 413 REFUTATIO
1874 351 2121 413 MARCI
2163 353 2560 422 EPHESlNI.

1943 465 1994 524 Α

3487 353 3591 416 2ίέ

2667 469 2924 527 ΝιειΕΝι

2089 584 2268 641 Latini
2320 586 2567 656 quidem,
2615 595 2676 642 ut
2722 587 2906 641 alibia
2955 585 3116 640 nobis
3155 583 3330 640 fusius
3380 584 3588 638 dictum

2014 685 2100 733 est
2119 677 2218 745 (α),
2238 678 2304 732 ad
2333 680 2698 749 aequalitatem
2718 691 2774 735 et
2797 679 3238 741 similitudinem,
3272 678 3380 732 imo
3404 677 3588 745 potius

2017 770 2358 827 identitatem
2415 773 2734 842 spiratiunis
2762 771 3003 842 Spiritus
3032 771 3206 827 sancti
3236 782 3302 825 ex
3337 770 3496 824 Patre
3531 778 3590 823 et

2016 861 2157 918 Filio
2184 865 2541 935 respicientes
2571 866 3012 935 praepositionem
3047 881 3110 931 ea:
3135 865 3305 932 magis
3331 862 3588 932 probant,

2017 972 2179 1025 quam
2227 959 2666 1028 prazpositionem
2708 976 2826 1031 per,
2882 965 3130 1028 hancque
3173 959 3389 1028 fugiunt
3415 995 3432 1021 ,
3473 971 3584 1010 non

2016 1049 2172 1118 quasi
2210 1047 2336 1105 inde
2367 1051 2478 1104 duo
2501 1046 2905 1106 inducerentur
2935 1050 3226 1122 principia,
3259 1060 3319 1103 ut
3351 1052 3454 1114 ais,
3489 1048 3585 1102 sed

2016 1151 2242 1213 propter
2265 1143 2734 1212 imperfectionem
2764 1153 2820 1198 et
2848 1144 2978 1213 quia
3014 1143 3322 1213 organicam
3357 1142 3587 1208 (instru-

2019 1236 2332 1306 mentalcm)
2356 1236 2649 1306 quamdam
2673 1251 2895 1291 causam
2919 1236 3210 1305 signiﬁcat.
3236 1232 3376 1288 Sunt
3405 1239 3588 1286 tamen

2014 1337 2072 1383 et
2119 1345 2188 1384 ex
2237 1328 2304 1383 iis
2344 1327 2436 1398 qui
2499 1329 2599 1383 ista
2652 1334 2901 1391 utuntur,
2935 1325 3217 1380 rarissime
3271 1334 3488 1388 tamen;
3532 1329 3591 1378 et

2017 1417 2170 1472 testis
2214 1427 2298 1471 est
2321 1430 2552 1486 magnus
2589 1415 2848 1478 Hilarius,
2879 1415 2970 1484 qui
3005 1424 3061 1468 et
3097 1414 3507 1468 vetustissimus
3531 1421 3589 1468 et

2014 1505 2456 1576 sapientissimus
2495 1505 2638 1561 inter
2693 1504 2917 1561 Latinos
2965 1504 3222 1560 doctores
3279 1503 3588 1571 Patresque

2016 1598 2120 1654 fuit
2175 1598 2272 1670 (ὁ).
2313 1597 2484 1654 Graeci
2553 1613 2687 1654 vero
2735 1607 2902 1667 atque
2933 1595 3247 1652 Graecorum
3292 1594 3485 1651 Patres
3532 1600 3591 1650 et

2014 1689 2269 1745 doctores
2307 1689 2430 1745 Filii
2453 1687 2520 1745 ad
2555 1690 2772 1746 Patrem
2820 1689 3205 1744 habitudinem
3234 1700 3292 1742 ct
3333 1685 3588 1742 ordinem

1943 1797 1986 1856 Β
2015 1792 2180 1852 atque
2205 1782 2351 1852 quod
2383 1799 2413 1838 a
2443 1784 2600 1839 Patre
2623 1783 2808 1838 omnia
2849 1780 3015 1837 habet
3053 1782 3337 1837 declarare
3365 1777 3592 1848 majoris

2012 1873 2275 1929 facientes
2315 1875 2704 1944 praepositione
2737 1890 2830 1946 per
2883 1881 2942 1930 ut
2989 1873 3288 1944 plurimum
3334 1881 3588 1937 utuntur,

2013 1982 2191 2036 neque
2221 1977 2401 2022 tamen
2443 1967 2554 2038 ips'r
2579 1968 3017 2034 praepositionem
3063 1983 3127 2020 ea:
3152 1965 3378 2019 omnino
3398 1962 3590 2018 exclu-

2011 2059 2170 2116 dunt.
2210 2057 2417 2116 Omitto
2453 2060 2768 2115 testimonia
2802 2059 3107 2130 producere
3149 2067 3336 2128 utpote
3365 2057 3586 2112 cunctis
3662 2044 3663 2047 “

2010 2159 2140 2207 nota
2174 2152 2265 2222 (c).
2299 2151 2672 2220 Quamobrem
2719 2151 2918 2208 merito
2969 2151 3003 2206 ii
3043 2151 3359 2207 Graecorum
3397 2147 3490 2218 qui
3515 2147 3588 2203 ad

2008 2246 2297 2302 veritatem
2328 2245 2700 2310 transivimus,
2726 2242 3104 2299 utChristiani
3137 2249 3193 2297 et
3221 2238 3585 2309 intelligentia

2008 2337 2224 2408 praditi
2274 2337 2526 2394 doctores
2573 2337 2676 2392 sibi
2723 2337 2958 2392 invicem
3001 2331 3302 2390 concordes
3340 2330 3587 2386 ostendi-

2007 2444 2152 2493 mus,
2181 2436 2374 2500 utpote
2417 2428 2562 2499 quod
2596 2428 2831 2483 maxime
2863 2425 3237 2481 necessarium
3267 2423 3340 2478 sit
3363 2421 3487 2476 fidei
3525 2428 3585 2476 et

2006 2537 2118 2594 quo
2146 2521 2404 2593 adempto
2438 2520 2620 2576 omnis
2645 2530 2832 2576 nostra
2862 2519 3056 2590 religio
3085 2525 3328 2574 corruat.
3360 2515 3424 2570 Et
3444 2530 3588 2586 prae-

2005 2615 2332 2687 positionem
2349 2629 2444 2686 per
2471 2613 2612 2668 idem
2643 2612 2824 2668 valere
2855 2611 3092 2668 dicimus
3130 2625 3194 2667 ac
3237 2607 3584 2680 praepositio-

2005 2723 2132 2764 nem
2153 2724 2232 2780 ,επ
2253 2707 2310 2762 in
2348 2707 2628 2776 proposita
2657 2706 2911 2766 materia,
2939 2703 3107 2760 etiam
3141 2717 3399 2773 magnum
3432 2699 3583 2755 Basi-

2004 2802 2139 2858 lium
2190 2801 2458 2856 habentes
2505 2797 2559 2852 id
2613 2797 2921 2861 docentem,
2979 2803 3040 2850 ut
3087 2794 3143 2849 in
3199 2791 3586 2864 superioribus

2004 2893 2504 2950 demonstravimus
2523 2891 2623 2961 (ά).
2657 2888 2847 2959 Neque
2885 2902 3090 2942 novum
3127 2887 3239 2942 ullo
3269 2887 3431 2942 modo
3471 2893 3582 2953 est,

2004 2987 2050 3042 si
2077 2984 2257 3041 Latini
2281 2983 2347 3040 ad
2380 2982 2529 3039 aliud
2558 2981 2917 3053 respicientes
2941 2980 3090 3036 aliud
3127 2980 3341 3047 dicunt,
3364 2978 3578 3036 Graeco-

2002 3089 2125 3132 rum
2160 3091 2290 3131 vero
2329 3075 2603 3140 doctores,
2626 3073 2860 3128 aliarum
2891 3072 3165 3127 rationum
3212 3072 3408 3142 gratia,
3430 3070 3577 3135 alia,

333 3150 616 3213 ποιοῦντες
631 3150 680 3203 oi
710 3151 774 3203 ἔκ
795 3146 886 3203 σοῦ
911 3149 1137 3204 καὶτῶν
1164 3149 1248 3204 σοὶ
1271 3150 1473 3220 ὁμοίως
1501 3151 1905 3220 ισκοτισμὲνων

2010 3184 2120 3224 non
2155 3171 2336 3223 tamen
2368 3165 2662 3230 contraria,
2685 3165 2778 3220 sed
2806 3164 2873 3219 ad
2897 3164 3146 3220 eamdem
3167 3163 3578 3220 conclusionem

334 3242 580 3312 εὐτυχῶς
627 3241 976 3307 ἐκπεσόντες,
1014 3241 1218 3310 μᾶλλον
1260 3241 1317 3296 δὲ
1364 3241 1694 3308 ἀναστάντες
1740 3243 1796 3314 (ἡ
1840 3245 1903 3298 ἐκ

329 3335 424 3390 τοῦ
478 3336 708 3401 σκότους
763 3335 870 3406 γάρ
920 3335 1016 3390 καὶ
1064 3334 1160 3390 τοῦ
1206 3334 1440 3407 ψεύδους
1463 3336 1738 3400 ικπτωσις
1766 3338 1903 3408 πρὸς

327 3434 429 3504 τὴν
451 3433 715 3504 ἀλήθειαν
748 3438 841 3490 καὶ
873 3434 934 3488 τδ
978 3433 1094 3504 φῶς
1137 3435 1284 3489 ἐστιν
1312 3434 1602 3501 ἀπόκλισις
1643 3436 1738 3491 καὶ
1767 3437 1904 3491 ἀπό-

329 3526 518 3596 ϐλεψις
561 3528 662 3582 καὶ
702 3526 931 3599 εὐτυχὴς
986 3527 1156 3591 ὄντως
1203 3527 1543 3597 ἀνάστασις)ο
1579 3527 1764 3593 καλῶς
1807 3524 1903 3583 οὖν

328 3616 477 3673 οὗτοί
518 3634 584 3687 γε
612 3619 707 3674 καὶ
735 3617 979 3684 εὓσεόῶς
1000 3615 1282 3682 ποιοῦντες
1319 3617 1682 3689 συμϐαίνοντὰ
1713 3636 1774 3674 τε
1809 3621 1903 3674 καὶ

328 3713 592 3786 ὁμόφωνα
616 3711 868 3784 ἀλλήλοις
899 3711 963 3766 εκ
990 3728 1051 3766 τε
1080 3711 1177 3766 τοῦ
1214 3711 1373 3783 λόγου
1402 3709 1591 3777 αὑτοῦ,
1625 3711 1689 3767 ἐκ
1715 3729 1775 3768 τε
1807 3711 1903 3768 τοῦ

329 3807 438 3861 τῶν
464 3806 639 3876 ἁγίων
665 3803 972 3874 ἀξιώματος
997 3801 1314 3874 ὁρμώμενοι
1343 3803 1517 3859 ταῦτα
1540 3805 1906 3863 δεικνύουσιν.

329 3899 494 3956 Ὅθεν
535 3900 700 3973 ἡμεῖς
728 3897 831 3970 μιν
875 3895 1004 3952 οὔτε
1048 3897 1150 3968 τὴν
1188 3897 1288 3951 διὰ
1318 3897 1413 3953 καὶ
1451 3897 1514 3954 τδ
1543 3901 1681 3970 μετά
1709 3901 1810 3970 τῆς
1831 3901 1902 3957 ἐκ

327 3992 478 4050 εστιν
507 3994 594 4065 ιφ’
617 3986 694 4050 ὧν
723 3992 1049 4065 ίσοδύναμον
1095 3991 1269 4060 αὐτῆς
1299 3991 1630 4064 ἀπόλλυμεν,
1661 3990 1788 4049 οὔτε
1823 3996 1908 4059 είς

326 4087 589 4159 δυαρχίαν
634 4087 992 4154 ἐπιπίπτομεν.
1039 4083 1102 4139 Et
1152 4085 1260 4154 γὰρ
1301 4085 1397 4140 καὶ
1438 4084 1534 4140 δύο
1576 4085 1844 4156 πρόσωπα
1872 4085 1905 4140 ό

331 4181 523 4248 Πατὴρ
549 4179 646 4233 καὶ
671 4181 701 4232 ό
727 4178 874 4245 Υἱὸς,
899 4177 1036 4233 ἀλλά
1062 4175 1126 4232 τὸ
1149 4177 1346 4232 είδικδν
1371 4179 1566 4246 αίτιον⁹
1597 4180 1631 4252 ὴ
1663 4179 1786 4233 θεία
1813 4179 1904 4234 οῦ-

332 4270 423 4327 σία
464 4271 693 4341 δηλαδὴ,
725 4269 854 4324 καθ’
873 4269 942 4341 ἣν
973 4269 1104 4340 μίαν
1133 4271 1232 4324 καὶ
1256 4270 1360 4342 τὴν
1389 4269 1566 4340 αὐτὴν
1610 4273 1669 4325 ὲν
1715 4272 1902 4336 αὐτοῖς

328 4359 496 4418 οὖσαν
529 4361 701 4432 ἄμφω
737 4361 800 4414 τὸ
845 4358 1072 4432 Πνεῦμα
1099 4360 1162 4415 τὸ
1191 4359 1349 4430 ἅγιον
1389 4361 1810 4434 προϐάλλουσιν,
1842 4362 1904 4419 ἒν

329 4455 428 4511 καὶ
457 4454 633 4510 ταυτδ
664 4452 906 4526 ἀριθμῷ,
944 4455 1041 4509 καὶ
1081 4452 1172 4508 διὰ
1208 4454 1384 4560 τοῦτον
1417 4454 1515 4526 μία
1554 4457 1704 4510 ἔστὶν
1732 4456 1898 4528 ἀρχὴ,
1933 4503 1978 4560 D

327 4551 520 4621 ὥσπερ
546 4549 643 4605 καὶ
671 4549 771 4620 τῆς
804 4548 1038 4613 κτίσεως
1072 4549 1107 4620 ἡ
1127 4547 1298 4618 Τριάς
1321 4542 1462 4604 οὖσα
1488 4550 1660 4614 αίτία,
1686 4551 1747 4604 οὐ
1775 4550 1901 4623 τρία

324 4643 478 4714 ὅμως
500 4641 646 4696 είσίν
673 4641 844 4709 αῐτια,
870 4639 1050 4694 καίτοι
1086 4638 1212 4712 τρία
1236 4639 1312 4712 τῷ
1345 4639 1566 4712 ἀριθμῷ
1601 4641 1759 4708 οῦσα,
1785 4642 1902 4698 ἀλλ’

323 4735 384 4789 ιν
409 4750 470 4789 τε
497 4734 594 4789 καὶ
623 4734 804 4806 πάντη
831 4733 892 4787 ἓν
924 4733 1014 4787 διὰ
1042 4733 1104 4788 τδ
1126 4732 1330 4789 ταυτόν
1359 4749 1420 4788 τε
1453 4734 1548 4788 καὶ
1572 4735 1770 4791 ἐνιαῖον
1796 4734 1902 4804 τῆς

325 4825 472 4888 θείας
504 4824 777 4896 θελήσεως
807 4825 911 4900 (δεῖ
940 4825 1046 4896 γάρ
1089 4841 1158 4894 με
1196 4823 1461 4888 πολλάκις
1501 4825 1680 4881 ταυτά
1721 4823 1902 4895 λέγειν

323 4919 460 4991 πρὸς
497 4920 591 4974 τὸν
631 4919 719 4975 ἀεὶ
769 4919 839 4974 τά
875 4919 1016 4973 αὐτά
1047 4917 1505 4990 ἀνακυκλοῦντα).
1541 4916 1682 4972 οὔτε
1713 4917 1770 4971 δὲ
1811 4917 1901 4973 διὰ

321 5011 482 5068 τοῦτο
527 5012 719 5084 ῑψεται
767 5010 977 5082 κτίσμα
1024 5005 1165 5066 εῖναι
1203 5010 1266 5066 τὸ
1296 5010 1545 5080 Πνεῦμα,
1573 5010 1649 5074 ὡς
1698 5008 1899 5075 εἴωθας

326 5105 632 5176 ῖπιςείρειν,
677 5105 773 5160 καὶ
799 5104 849 5158 οί
878 5105 1026 5174 λόγοι
1065 5104 1334 5175 εἴρηνται,
1377 5101 1503 5156 οὔτε
1531 5103 1627 5157 καὶ
1665 5102 1699 5174 ἢ
1737 5101 1899 5156 ἑαυτὸ

324 5198 649 5270 προϐάλλειν
680 5199 737 5252 τὸ
777 5196 1030 5269 Πνεῦμα,
1062 5197 1096 5268 ἢ
1129 5197 1294 5268 ἀλλης
1341 5195 1558 5264 φύσεως
1588 5191 1754 5254 εἶναι.
1787 5194 1898 5248 Καὶ

320 5290 545 5353 τούτους
570 5289 678 5361 γάρ
704 5290 829 5354 τοὺς
853 5288 1104 5355 ἀσθενεῖς
1125 5289 1396 5359 ὲλύσαμεν
1424 5287 1638 5358 λόγους·
1670 5287 1766 5340 καὶ
1788 5285 1897 5358 γάρ

320 5385 414 5438 καὶ
444 5383 474 5437 ό
503 5383 629 5446 Υἱὸς
658 5386 724 5437 tat
761 5382 979 5456 Πατρδς
1031 5384 1174 5438 κατά
1219 5381 1317 5454 τὴν
1362 5379 1512 5436 θείαν
1541 5380 1731 5435 οὐσίαν
1763 5395 1894 5449 γεν-

390 5545 467 5615 (α)
494 5544 630 5615 Vide
675 5544 1011 5615 Bessarionis
1042 5541 1197 5599 Orat.
1226 5541 1413 5613 dogm.
1460 5541 1530 5596 de
1579 5539 1787 5597 unione
1835 5539 1891 5597 in

319 5614 472 5670 conc.
511 5614 776 5680 Florent.,
801 5631 922 5685 cap.
958 5614 991 5669 5
1020 5629 1138 5684 seq.

388 5685 462 5756 (ὁ)
499 5685 755 5756 Iliiarius,
809 5681 886 5739 de'
918 5681 1129 5756 rTrini‘t'.
1160 5699 1258 5749 ιιι,
1307 5681 1405 5746 56,
1443 5681 1558 5756 5'7L
1563 5681 1795 5756 formula
1825 5699 1893 5738 ex

326 5752 480 5810 Patre
508 5773 599 5826 per
631 5753 829 5826 Filium
851 5755 1046 5810 utitur.
1060 5753 1182 5826 Jam
1211 5765 1489 5826 antegequ
1517 5752 1891 5826 Tertullianus

325 5829 445 5878 adv.
479 5823 639 5880 l‘rax.
693 5842 744 5880 c.
778 5825 830 5880 ί.
855 5835 912 5880 et
945 5825 1302 5882 Novatianus.
1335 5825 1389 5879 iu
1425 5824 1567 5879 libro
1605 5823 1675 5878 Dc
1703 5824 1885 5879 'i’rini-

2005 3261 2332 3319 deducentia
2373 3267 2624 3329 utraque.
2651 3257 2782 3325 Quae
2818 3265 2965 3313 recte
2995 3264 3220 3328 agentes
3244 3255 3310 3320 ii,
3335 3255 3430 3325 qui
3460 3271 3490 3310 ε
3524 3265 3577 3312 te

2004 3362 2062 3409 et
2097 3354 2169 3409 ab
2199 3353 2269 3408 iis
2307 3352 2399 3421 qui
2434 3351 2530 3406 tibi
2567 3350 2818 3404 similiter
2865 3349 3109 3404 tenebris
3161 3347 3393 3403 involuti
3425 3354 3575 3412 sunt,

2005 3446 2237 3503 feliciter
2284 3445 2624 3509 defecerunt,
2669 3457 2807 3513 quos
2847 3442 3030 3510 lapsos
3059 3441 3224 3505 dicis,
3269 3441 3360 3510 qui
3393 3447 3576 3495 autem

2004 3555 2196 3595 revera
2225 3544 2646 3592 resurreserunt
2681 3534 2829 3605 (nam
2866 3533 3106 3590 deiectio
3139 3549 3168 3588 a
3195 3532 3436 3589 tenebris
3466 3542 3520 3586 et
3546 3546 3579 3586 a

2005 3627 2290 3684 mendacio
2321 3627 2387 3682 ad
2419 3626 2700 3682 veritatem
2741 3639 2806 3680 ac
2846 3624 3034 3680 lumen
3067 3623 3363 3678 declinatio
3395 3629 3480 3678 est
3522 3631 3579 3676 et

2008 3737 2195 3780 revera
2221 3720 2347 3776 ielix
2372 3704 2749 3785 resurrectio),
2773 3727 2945 3782 recte,
2970 3717 3213 3787 inquam,
3233 3724 3455 3788 agentes
3487 3715 3577 3770 isti

2005 3833 2071 3872 ac
2108 3814 2364 3886 religiose
2388 3812 2653 3869 facientes
2679 3825 2922 3866 consona
2964 3817 3020 3865 et
3046 3807 3438 3865 eoneordantia
3471 3807 3578 3862 sibi

2005 3905 2239 3962 invicem
2294 3909 2410 3960 tum
2458 3917 2529 3958 ex
2559 3901 2772 3958 ratione
2815 3902 2958 3972 ipsa,
2982 3909 3097 3954 tum
3144 3915 3229 3954 ex.
3260 3908 3576 3955 sanctorum

2004 3997 2334 4054 auctoritate
2383 3993 2640 4052 commoti
2680 3994 3082 4050 demonstrant.
3113 3991 3271 4048 Unde
3314 4006 3418 4046 nos
3450 3993 3579 4062 qui-

2004 4090 2128 4147 dem
2153 4101 2332 4160 neque
2353 4087 2796 4159 prapositioncm
2831 4101 2926 4157 ρετ
2967 4095 3025 4141 et
3057 4085 3178 4157 ejus
3208 4085 3264 4140 in
3298 4083 3582 4139 nonnullis

2003 4197 2130 4238 cum
2155 4179 2534 4252 prmpositionc
2564 4193 2628 4232 ea:
2653 4175 3115 4249 cquipollentiam
3143 4175 3450 4247 perdimus,
3482 4190 3583 4234 nc-

2003 4289 2112 4346 que
2137 4273 2192 4327 in
2223 4271 2615 4344 principiorum
2643 4269 2963 4326 dualitatem
2997 4269 3310 4325 incidimus.
3339 4267 3398 4325 Si
3424 4269 3576 4324 enim

2003 4375 2058 4422 et
2079 4364 2203 4421 duas
2235 4377 2482 4434 persona
2502 4372 2634 4420 sunt
2654 4363 2817 4417 Pater
2846 4371 2902 4417 et
2933 4359 3126 4427 Filius,
3143 4370 3384 4418 attamen
3409 4375 3578 4422 causa

2003 4458 2280 4530 speciiica,
2318 4455 2504 4512 divina
2527 4455 2782 4512 videlicet
2805 4456 3068 4521 essentia.
3084 4456 3387 4512 secundum
3408 4472 3577 4527 quam

2008 4563 2173 4604 unam
2193 4546 2551 4626 eamdemque
2576 4548 2628 4602 in
2657 4547 2794 4618 ipsis
2829 4547 3189 4604 exsistentem
3210 4548 3376 4604 ambo
3400 4547 3581 4619 Spiri-

1969 4678 1973 4681 -
2008 4649 2121 4696 tum
2147 4648 2398 4696 unctum
2445 4639 2780 4711 producunt,
2816 4655 2926 4697 una
2967 4641 3327 4711 eamdemque
3360 4654 3446 4697 est
3476 4657 3580 4697 nu-

2007 4747 2181 4797 mero.
2207 4731 2440 4803 ideoque
2472 4747 2644 4787 unum
2674 4733 3004 4804 principium
3025 4772 3043 4800 ,
3076 4732 3223 4788 sicut
3250 4735 3418 4788 etiam
3449 4748 3577 4789 eum

2008 4825 2248 4882 Trinitas
2308 4826 2380 4882 sit
2423 4839 2610 4882 rerum
2654 4835 2962 4881 creatarum
3003 4840 3190 4892 causa,
3238 4835 3419 4882 tamen
3468 4844 3578 4884 non

1988 4925 2123 4974 tres
2154 4932 2336 4974 causa:
2359 4925 2510 4985 sunt,
2540 4917 2670 4973 licet
2702 4917 2804 4973 tria
2854 4933 3087 4973 numero
3127 4917 3218 4974 illa
3261 4919 3356 4984 sit,
3387 4934 3576 4974 verum

2008 5027 2116 5067 una
2150 5019 2206 5066 et
2233 5011 2381 5068 omni
2412 5026 2478 5066 ex
2531 5021 2685 5082 parte
2723 5025 2832 5066 una
2869 5019 3094 5083 propter
3136 5010 3480 5068 identitatem
3523 5021 3582 5066 rt

2004 5105 2337 5174 singularem
2381 5103 2697 5159 unicitatem
2749 5103 3051 5158 voluntatis
3092 5103 3294 5159 divina:
3341 5102 3580 5174 (oportet

2003 5195 2150 5252 enim
2181 5210 2267 5250 me
2295 5195 2496 5266 sapius
2529 5195 2718 5251 eadem
2747 5194 2935 5250 dicere
2980 5197 3047 5251 ad
3073 5211 3223 5263 eum,
3252 5195 3348 5268 qui
3381 5195 3575 5252 eadem

2003 5304 2221 5359 semper
2265 5289 2509 5358 repetit).
2551 5287 2742 5358 Neque
2780 5302 2912 5342 vero
2945 5296 3234 5358 propterea
3288 5297 3573 5357 sequetur,

2003 5391 2311 5438 creaturam
2343 5395 2463 5438 esse
2498 5380 2788 5453 Spiritum,
2817 5390 2878 5437 ut
2911 5380 3114 5437 inferre
3134 5381 3299 5448 soles,
3323 5392 3381 5436 et
3410 5383 3578 5436 ratio-

2005 5546 2112 5594 tate
2142 5550 2260 5590 eam
2295 5542 2642 5604 usurparant.

2075 5611 2145 5677 (ei
2170 5607 2401 5663 Certum
2434 5603 2536 5662 est
2585 5603 2853 5678 Cyrillum
2894 5603 3324 5678 Alexandrinum
3358 5619 3574 5678 praepo-

2003 5675 2256 5737 sitionem
2286 5693 2350 5730 ea:
2381 5678 2435 5731 in
2472 5678 2573 5732 hac
2619 5675 2849 5732 materia
2893 5693 3002 5731 non
3034 5675 3201 5730 semel
3229 5675 3573 5729 adhibuisse.

2000 5752 2082 5807 Cf.
2118 5751 2279 5803 Allat.
2319 5747 2527 5809 Viudic.
2568 5764 2690 5818 syn.
2723 5747 2952 5818 Ephes.,
2987 5763 3038 5801 c.
3082 5744 3172 5810 34,
3219 5761 3272 5815 p.
3317 5744 3415 5800 I65
3453 5761 3570 5815 se].

2074 5822 2147 5881 id)
2182 5818 2310 5873 Vide
2339 5834 2501 5885 supra
2524 5817 2748 5886 ad’cap.
2785 5817 2818 5872 2
2850 5818 2984 5887 (i9).
