4090 6146
463 310 573 372 ΞΠ

1393 310 1896 374 BESSARIONIS
1934 312 2001 374 S.
2037 311 2114 373 Β.
2149 308 2217 369 Ε.
2248 303 2726 369 ΕᾹΒΠῙΝΑΙᾸΞ

3612 288 3718 356 ειε

463 421 740 492 Spiritum
790 427 1039 477 sanctum
1079 421 1381 490 procedere
1423 431 1724 486 testantur,
1759 429 1850 485 et,
1883 419 2029 490 quod

2147 413 2396 487 ρεύεσθαι
2451 415 2514 469 τὸ
2571 412 2801 483 Πνεῦμα
2848 408 2911 464 τι
2965 408 3144 478 άγιον,
3176 405 3274 463 καὶ
3320 406 3382 460 τὸ
3433 403 3496 471 ιξ
3537 400 3722 458 αὐτῶν

461 530 530 569 ex
582 515 698 572 illis
753 514 1056 586 colligitur.
1109 513 1337 568 omnino
1377 528 1454 569 ne
1507 513 1761 584 aspicere
1807 512 2030 583 quidem

458 607 658 662 valet:
711 606 991 677 quomodo
1052 606 1201 661 enim
1257 605 1325 661 ad
1375 613 1620 668 tantam,
1671 614 1836 674 atque
1889 604 2033 660 adeo

462 697 777 754 evidentem
827 698 1164 754 veritatem?
1192 697 1398 753 Verum
1430 699 1696 769 aequalem
1730 698 1841 752 vim
1868 705 2036 767 atque

463 800 720 847 naturam
799 792 1252 862 praepositionum
1301 808 1396 862 per
1444 802 1499 847 et
1549 808 1649 856 ex,
1705 791 1871 862 idque
1921 807 2036 846 non

461 893 612 939 recte
636 924 649 948 ,
687 894 854 954 atque
890 885 1009 941 sine
1044 886 1156 940 ulla
1202 885 1415 941 ratione
1457 884 1709 949 invadit;
1744 895 2037 939 contume-

463 975 663 1044 liisque
693 990 849 1029 suam
885 975 1270 1030 refutationem
1300 976 1626 1043 absolvens,
1660 975 1868 1044 aliquid
1900 989 2036 1046 Ope-

464 1067 784 1136 ratpretium
846 1067 1030 1123 facere
1087 1069 1387 1124 existimat.
1448 1069 1586 1125 Cum
1672 1069 1855 1138 inepte
1903 1082 2037 1124 sane

467 1169 633 1229 atque
670 1160 838 1229 impie
871 1171 1113 1214 mentem
1147 1171 1468 1216 sanctorum
1503 1162 1943 1232 interpretetur;
1981 1170 2037 1218 et

463 1268 592 1306 eum
623 1251 715 1322 qui
745 1253 1049 1308 sententias
1075 1253 1302 1308 Patrum
1330 1254 1585 1325 collegit,
1611 1263 1669 1310 et
1697 1253 1835 1309 tales
1866 1253 2040 1309 edidit

465 1342 896 1414 inscriptiones,
944 1345 1123 1401 virum
1171 1361 1305 1402 sane
1350 1347 1573 1403 doctum
1623 1346 2038 1413 calumnietur;

462 1437 738 1492 rationem
787 1453 918 1493 vero
969 1438 1204 1494 reddere
1253 1439 1479 1496 minime
1532 1439 1732 1495 valeat.
1767 1439 2038 1510 Praeposi-

466 1527 619 1582 tione
679 1536 861 1583 autem
906 1544 1021 1597 per,
1075 1530 1520 1600 conjunctionem
1569 1531 1625 1585 in
1685 1529 2037 1585 sanctissima

465 1617 778 1686 Trinitate,
837 1620 1380 1688 immutabilitatem,
1430 1621 1820 1686 identitatem,
1869 1631 2037 1692 atque

462 1711 713 1766 eamdem
743 1711 1083 1767 voluntatem
1115 1715 1452 1782 denotante;
1479 1729 1604 1770 cum
1636 1715 1690 1769 in
1725 1714 1996 1786 theologia
2016 1754 2033 1779 ,

2138 508 2534 578 συναγόμενον,
2583 507 2692 560 οὐδ’
2746 502 3064 573 ἀντιϐλέψαι
3107 500 3334 556 δύναται
3381 495 3549 560 ὅλως.
3599 493 3721 558 Πῶς

2138 601 2247 671 γὰρ
2288 600 2429 670 πρός
2472 617 2548 669 ,γε
2598 597 2874 667 τοσαύτην
2923 596 3021 650 καὶ
3075 593 3253 655 οὕτως
3301 587 3726 659 ἐναργεστάτην

2139 690 2441 763 tuseu“;
2475 691 2553 760 τῷ
2587 688 2646 744 δὲ
2701 688 3014 759 ἰσοδυνάμῳ
3059 684 3160 754 τῆς
3203 682 3303 738 διὰ
3348 682 3440 736 καὶ
3479 680 3586 748 τῆς
3629 675 3722 741 ἐκ,

2136 785 2312 854 τούτῳ
2336 783 2394 837 δι
2421 783 2484 838 οὐ
2518 781 2702 844 καλῶς
2732 780 2858 834 οὔτε
2885 780 2985 834 σὺν
3011 778 3191 833 οὐδενί
3221 773 3523 843 ἐπιφύεται
3551 772 3718 840 λόγῳ·

2138 877 2234 932 καὶ
2271 875 2467 947 ὕϐρεσι
2513 878 2605 928 τδν
2651 874 2786 930 [διον
2820 871 3044 941 ἔλεγχον
3092 867 3435 940 ἀπαρτίζων,
3469 865 3643 917 οῐεταί
3671 879 3723 916 τι

2140 969 2426 1040 προύργου
2485 969 2701 1022 ποιεῖν·
2733 965 2919 1030 κακῶς
2981 965 3084 1035 μὲν
3141 963 3240 1016 καὶ
3288 957 3571 1022 δυσσεϐῶς
3623 957 3725 1027 τὴν

2137 1063 2249 1118 τῶν
2275 1064 2448 1132 ἁγίων
2472 1054 2712 1117 διάνοιαν
2736 1057 3124 1128 ἐκλαμϐάνων,
3154 1055 3249 1109 καί⁴
3276 1054 3371 1107 τὸν
3394 1054 3494 1114 τὰς
3531 1051 3726 1122 ῥήσεις

2143 1154 2505 1226 συνειληχότα
2533 1156 2697 1223 σοφὸν
2731 1152 2926 1221 ἄνδρα,
2964 1151 3062 1204 καὶ
3113 1149 3213 1212 τὰς
3260 1146 3572 1218 ἐπιγραφάς
3605 1147 3729 1198 ἐπι·-

2139 1248 2498 1319 γραψάμενον
2546 1244 2929 1316 συκοφαντῶν,
2971 1243 3067 1296 τὸν
3115 1241 3171 1295 δὲ
3223 1240 3383 1310 λόγον
3423 1236 3725 1292 ἀποδοῦναι

2137 1343 2239 1395 οὐκ
2266 1339 2409 1410 ἔχων
2430 1355 2445 1371 ·
2474 1337 2831 1409 ὐπείληφεδὲ
2859 1336 2958 1406 τῆς
2990 1333 3089 1389 διὰ
3117 1333 3218 1403 τὴν
3243 1332 3440 1386 ἕνωσιν
3480 1331 3578 1384 καὶ
3624 1329 3725 1398 τὴν

2139 1429 2578 1502 άπαραλλαξίαν,
2613 1430 2711 1484 κιιί⁸
2742 1429 2802 1484 τὸ
2835 1427 3034 1482 ταυτὸν
3080 1427 3180 1479 καὶ
3228 1423 3525 1493 ὁμόδουλον
3557 1437 3729 1490 παρι-

2139 1524 2441 1595 στανούσης
2479 1523 2575 1578 ἐπὶ
2619 1523 2722 1590 τῆς
2765 1522 2930 1591 άγίας
2983 1517 3235 1584 Τριάδος,
3286 1516 3415 1570 ὅταν
3469 1515 3565 1568 ἰπὶ
3626 1516 3725 1582 τῆς

2140 1618 2423 1687 θεολογίας
2455 1614 2862 1686 ίσοδυναμοῦσα
2896 1611 3085 1681 νοῆται
3108 1611 3176 1681 τῇ
3207 1608 3298 1672 ἐκ,
3337 1607 3413 1679 μὴ
3458 1604 3723 1659 δύνασθαί

2140 1729 2264 1766 τινα
2298 1707 2440 1764 κατὰ
2481 1708 2644 1764 τοῦτο
2687 1708 2749 1762 τὸ
2782 1705 3187 1777 σημαινόμενον
3229 1700 3401 1772 αὐτὴν
3443 1697 3724 1768 ἐκλαμϐά-

465 1801 612 1857 idem
654 1804 844 1860 valere
889 1804 1215 1875 intelligitur
1252 1806 1402 1875 quod
1437 1773 1776 1876 praepositio
1812 1773 2037 1871 arar-'-

2147 1821 2254 1859 νειν
2282 1805 2422 1858 κάπὶ
2449 1803 2547 1874 τῆς
2591 1800 2688 1855 τοῦ
2719 1773 2932 1870 [ἰατρὸς
2969 1798 3039 1852 δι’
3075 1794 3206 1850 Υίοῦ
3234 1791 3619 1865 ἐκπορεύσεως
3641 1806 3656 1821 θ
3688 1787 3725 1860 ἢ

465 1893 707 1950 bitratur
752 1911 860 1951 non
897 1910 1058 1967 posse
1098 1911 1127 1950 a
1167 1912 1445 1968 quoquam
1479 1898 1655 1968 accipi
1679 1937 1692 1963 ,
1727 1898 2039 1954 secundum

467 1985 574 2041 hoc
606 1987 973 2057 signiﬁcatum
1006 1990 1172 2044 etiam
1217 1989 1271 2043 in
1311 1987 1674 2060 productione
1716 1989 1897 2046 Patris
1943 2004 2042 2060 per

469 2079 712 2148 Filium;
747 2081 831 2136 vel
866 2081 971 2136 hac
1012 2084 1226 2136 ratione
1263 2092 1452 2152 putat,
1494 2097 1603 2136 non
1641 2081 1774 2138 illud
1815 2097 1918 2138 nos
1961 2084 2044 2137 in-

472 2172 770 2244 telligere,
823 2174 1085 2228 nimirum
1167 2174 1520 2230 concordiam
1592 2183 1649 2232 et
1701 2175 2045 2246 conjunctio-

468 2278 634 2330 nem,
695 2264 791 2320 sed
859 2265 1044 2335 potius
1099 2264 1492 2321 discretionem
1551 2281 1616 2322 ac
1671 2265 2042 2334 divisionem,

467 2357 987 2428 oppositionemque
1037 2368 1202 2429 atque
1261 2357 1694 2429 discrepantiam
1750 2356 2046 2414 inducere.

467 2449 624 2515 Quod
664 2452 738 2506 ita
771 2467 899 2506 eum
937 2451 1244 2524 intelligere
1295 2468 1362 2508 ex
1397 2452 1487 2508 his
1527 2467 1649 2522 quae
1689 2452 1867 2516 dicit,
1910 2463 2047 2521 quo-

469 2542 766 2599 dammodo
815 2553 1089 2616 apparet;
1145 2545 1256 2599 imo
1308 2561 1440 2600 vero
1490 2553 1549 2601 et
1594 2543 1883 2599 manifeste
1935 2542 2045 2610 ait,

469 2632 576 2690 bac
614 2636 828 2691 ratione
893 2636 1034 2693 velle
1074 2653 1176 2694 nos
1214 2638 1564 2710 signiﬁcare.
1603 2637 1872 2708 Spiritum
1914 2650 2048 2690 san-

470 2739 645 2789 ctum.
679 2744 746 2785 ex
777 2729 991 2785 duabus
1053 2730 1332 2801 personis,
1366 2729 1544 2785 Patris
1568 2742 1623 2784 et
1652 2717 1797 2793 Filii,
1829 2727 2044 2782 diverse

470 2820 776 2889 exsistere;
808 2823 997 2877 nescio
1030 2823 1212 2889 unde,
1243 2832 1298 2878 et
1327 2838 1357 2877 a
1389 2838 1628 2893 quonam
1665 2823 1882 2876 dicente
1909 2821 2044 2876 illud

472 2915 745 2984 (diverse)
782 2915 1045 2970 audierit.
1082 2915 1173 2971 Sic
1214 2914 1399 2987 itaque
1429 2915 1712 2986 opinatur,
1750 2931 1849 2970 nos
1876 2914 2047 2969 insul-

473 3015 591 3062 tare
631 3007 685 3061 in
729 3005 1104 3078 theologiam;
1149 3006 1289 3063 forte
1316 3016 1372 3062 et
1403 3005 1519 3078 ipse
1548 3022 1772 3077 quoque
1810 3007 1920 3062 hoc
1960 3006 2048 3060 iu-

2145 1893 2222 1965 μὴ
2247 1890 2424 1963 τούτῳ
2449 1889 2527 1961 τῷ
2551 1888 2701 1959 λόγῳ
2736 1889 2831 1942 καὶ
2860 1887 3008 1957 ἡμᾶς
3042 1884 3205 1939 τοῦτο
3227 1884 3394 1947 νοεῖν,
3429 1877 3570 1934 ἀλλὰ
3605 1877 3726 1931 διά-

2144 2004 2325 2060 κρισιν
2378 1989 2474 2043 καί⁸
2498 1986 2768 2056 διαίρεσιν
2801 1982 3008 2054 μᾶλλον
3042 1978 3292 2048 εἰσάγειν
3326 1976 3425 2029 καὶ
3475 1970 3538 2026 τδ
3570 1970 3726 2060 ἀντί-

2144 2081 2300 2137 θετον
2345 2081 2441 2157 καί
2489 2077 2845 2148 ἀσύμφωνον.
2893 2073 3074 2142 Ὅπερ
3140 2066 3412 2157 ἀμηγέπη
3457 2064 3572 2118 κάκ
3615 2059 3725 2116 τῶν

2145 2154 2456 2249 εἰρημένων
2501 2171 2654 2243 αὐτῷ
2682 2171 2824 2226 νοῶν
2877 2169 3153 2238 φαίνεται,
3188 2154 3732 2249 μελλονδέγκαὶ-φα-

2146 2246 2322 2340 νεήρῶς
2354 2267 2573 2339 φάσκει,
2603 2264 2692 2318 διὰ
2731 2261 2924 2318 τούτου
2962 2256 3161 2328 δηλοῦν
3205 2246 3357 2326 ἡμᾶς
3408 2247 3726 2340 βούλεσθαι,

2136 2338 2223 2428 κὼς
2266 2363 2333 2416 bc
2368 2338 2501 2416 τῶν
2549 2358 2642 2412 δύο
2694 2353 3051 2410 ύποστάσεων
3095 2348 3192 2403 τοῦ
3244 2343 3459 2416 Πατρδς
3504 2343 3600 2396 καὶ
3626 2338 3727 2394 τοῦ

2148 2455 2281 2512 nos
2318 2454 2593 2526 διαφόρως
2647 2449 2760 2520 ἔχει
2812 2447 2874 2500 τδ
2928 2443 3156 2514 Πνεῦμα
3202 2441 3302 2511 τὴν
3335 2433 3730 2507 ῦπαρξιν,ούκ

2147 2543 2244 2602 οἷδ’
2293 2545 2415 2599 ὅθεν
2464 2543 2562 2597 καὶ
2612 2541 2735 2595 ὅτου
2787 2535 2946 2592 τοῦτο
2999 2536 3062 2590 τὸ
3120 2532 3423 2602 διαφόρως
3473 2527 3730 2599 ἀκηκοὼς

2147 2639 2420 2709 λέγοντος.
2463 2635 2651 2698 Οῦτως
2707 2633 2816 2702 ἄρα
2875 2628 3087 2700 νομίζει
3135 2626 3286 2699 ἡμᾶς
3349 2625 3417 2695 τῇ
3475 2620 3734 2690 θεολογίιι⁵

2148 2731 2549 2804 προσϐάλλεινσ
2584 2729 2716 2790 ἴσως
2772 2725 2830 2780 δὲ
2888 2723 2983 2778 καὶ
3023 2720 3196 2787 ,αὐτὸς
3251 2715 3414 2771 τοῦτο
3475 2714 3609 2779 νοεῖ,
3663 2712 3733 2766 εκ

2147 2824 2366 2898 Πατρός
2401 2823 2472 2878 δι’
2504 2821 2638 2877 Υἰοῦ
2687 2821 2867 2882 λέγων
2913 2815 3217 2882 ὑποστῆναι
3251 2810 3343 2865 τδν
3385 2809 3618 2879 κόσμον.
3650 2805 3732 2860 Ού

2148 2921 2259 2989 γὰρ
2290 2916 2404 2988 ὁρῶ
2446 2915 2546 2987 τὴν
2594 2913 2869 2985 ἀνάγκην,
2903 2908 2972 2965 δι’
3006 2907 3076 2981 ἠν
3103 2905 3196 2961 ἐπὶ
3225 2904 3327 2976 μὲν
3363 2901 3465 2973 τῆς
3499 2898 3731 2962 κτίσεως

2148 3011 2183 3082 ἡ
2227 3008 2330 3064 διὰ
2375 3005 2778 3078 ίσοδυναμοῦσα
2825 3004 2894 3075 τῇ
2925 3003 3020 3064 ἐκ,
3059 3000 3164 3071 τὴν
3195 2995 3514 3068 ταυτότητα¹
3547 3009 3732 3066 παρα-

472 3105 717 3174 t-‘Iligit,
778 3117 902 3156 cum
958 3115 1027 3153 ex
1083 3099 1245 3158 Patre
1299 3117 1396 3170 per
1451 3100 1695 3167 Filium,
1747 3099 1804 3154 in
1856 3112 2041 3153 rerum

2152 3103 2369 3172 στήσει,
2387 3099 2699 3174 προσώπων
2729 3097 2786 3150 δὲ
2815 3096 2965 3165 ὅμως
2989 3092 3228 3164 δηλοῦσα
3253 3090 3548 3162 διάκρισιν,
3568 3084 3731 3141 τοῦτο

471 3203 671 3252 natura
697 3196 963 3251 mundum
992 3211 1115 3252 esse
1141 3194 1468 3267 productum
1494 3192 1710 3252 asserit.
1742 3190 1860 3246 Non
1893 3190 2043 3246 enim

2148 3192 2260 3264 γὰρ
2307 3191 2428 3246 οὐδὲ
2467 3191 2634 3253 αὐτὸς
2671 3186 2997 3260 ἀρνήσεται,
3028 3184 3122 3239 επὶ
3163 3182 3221 3237 δι
3270 3180 3366 3236 τοῦ
3403 3177 3727 3246 Πνεύματος

471 3290 672 3355 video,
703 3306 805 3348 cur
835 3291 1020 3361 potius
1056 3290 1110 3344 in
1151 3286 1535 3360 procreatione
1578 3285 1806 3350 mundi,
1835 3298 2050 3360 praepo—

474 3400 503 3440 s
529 3384 604 3436 tio
645 3393 760 3453 per,
790 3397 947 3454 teque
987 3382 1201 3453 pollens
1230 3390 1396 3458 atque
1426 3377 1745 3451 praepositio
1774 3392 1863 3445 ear,
1898 3375 2048 3431 idem

471 3492 596 3533 esse
627 3475 773 3532 inter
799 3491 858 3532 se
887 3489 1156 3547 personas
1185 3472 1479 3546 signiticet,
1511 3486 1637 3528 cum
1667 3478 1849 3526 tamen
1878 3468 2048 3524 etiam

474 3570 888 3627 distinctionem
920 3583 1112 3625 earum
1148 3583 1306 3639 mque
1334 3567 1602 3624 denotet:
1633 3565 1742 3620 hoc
1767 3562 1918 3620 enim
1945 3577 2049 3619 nec

476 3658 594 3734 ipse
647 3661 1001 3717 adversarius
1045 3659 1312 3731 negabit;
1363 3659 1421 3715 in
1449 3655 1821 3730 productione
1863 3663 2049 3711 autem

475 3755 719 3826 Spiritus
745 3754 954 3818 sancti,
990 3767 1099 3809 non
1142 3752 1318 3818 item;
1360 3751 1459 3808 sed
1500 3759 1713 3806 tantum
1751 3746 2049 3806 diversita-

477 3857 586 3904 tem
608 3887 623 3914 ,
660 3859 720 3904 et
751 3847 994 3918 undique
1025 3846 1464 3902 distinctionem.
1506 3843 1699 3914 Neque
1727 3841 2049 3908 erubescit,

475 3951 670 3999 contra
743 3958 803 3997 se
840 3941 1123 3997 adducens
1171 3954 1429 4011 magnum
1477 3937 1781 4001 Basiliam,
1833 3937 1924 4006 qui
1970 3943 2051 3989 te-

473 4043 653 4091 statur
703 4035 894 4090 véeem
949 4031 1120 4098 illam,
1179 4047 1274 4104 per
1323 4028 1543 4094 Filium,
1601 4027 1668 4083 ad
1721 4024 2048 4096 originalem

473 4142 697 4184 causam
729 4141 838 4182 non
870 4124 1102 4181 referre.
1147 4125 1218 4178 At
1257 4131 1412 4178 certe
1439 4135 1543 4176 nos
1569 4134 1638 4176 ex
1665 4119 1884 4174 duabus
1915 4131 2050 4188 per-

471 4221 664 4288 sonis,
711 4221 873 4276 Patrc
898 4260 915 4287 ,
959 4219 1217 4291 inquam,
1246 4225 1302 4273 et
1345 4215 1522 4281 Filio,
1551 4215 1738 4270 dicere
1779 4211 2048 4283 Spiritum

473 4324 728 4373 sanctum
760 4314 1026 4371 exsistere
1047 4353 1064 4380 ,
1093 4313 1182 4369 vel
1210 4311 1448 4367 maxime
1479 4307 1802 4371 fatebimur,
1833 4315 1889 4362 et
1918 4320 2052 4362 eon-

475 4409 787 4475 cedemus;
817 4407 959 4464 nihil
993 4407 1144 4462 enim
1179 4413 1469 4477 operatur,
1507 4400 1615 4457 nisi
1651 4408 1924 4472 quatenus
1964 4407 2050 4454 est

2147 3285 2247 3358 τὴν
2283 3284 2582 3357 ἑτερότητα
2624 3281 2719 3336 καὶ
2747 3279 2932 3350 πάντη
2955 3277 3254 3349 διάκρισιν.
3289 3273 3404 3327 Καὶ
3438 3270 3562 3324 οὐδὲ
3603 3270 3728 3323 ἐαυ-

2148 3380 2244 3437 τδν
2291 3379 2633 3451 αἰσχύνεται,
2689 3373 2812 3430 καθ’
2854 3371 3052 3427 ἑαυτοῦ
3110 3365 3466 3440 προκομίζων
3520 3377 3734 3433 μαρτυ-

2150 3476 2350 3552 ροῦντα
2398 3474 2489 3528 τὸν
2539 3472 2714 3543 μέγαν
2752 3466 3064 3530 Βασίλειον,
3099 3464 3202 3535 τὴν
3244 3460 3323 3514 δι’
3367 3457 3508 3514 me
3542 3453 3731 3533 (9(0ij

2148 3547 2250 3638 τῆς
2279 3560 2769 3636 προκαταρκτικῆς
2800 3557 2986 3623 αίτίας
3037 3557 3188 3627 ἔχειν
3224 3551 3542 3626 ὁμολογίαν.
3583 3547 3729 3603 Ἀλλ’

2150 3659 2310 3730 ἡμεῖς
2363 3656 2430 3710 ἐκ
2488 3653 2591 3727 μὶν
2639 3651 2753 3706 τῶν
2799 3649 2896 3705 δύο
2945 3647 3310 3702 ύποστάσεων
3365 3642 3582 3714 Πατρός
3635 3639 3730 3693 καὶ

2149 3750 2287 3806 Υίοῦ
2314 3749 2498 3817 λέγειν
2520 3747 2583 3802 τὸ
2609 3743 2839 3814 Πνεῦμα
2868 3742 2930 3796 τὸ
2963 3741 3122 3810 ἅγιον
3151 3739 3260 3808 τὴν·
3282 3737 3521 3806 ὕπαρξιν
3560 3733 3728 3805 ἔχειν,
3791 3768 3798 3773 -

2151 3845 2248 3897 καὶ
2281 3841 2491 3910 σφόδρα
2535 3835 3052 3909 συνομολογήσομεν
3079 3846 3098 3862 ο
3146 3830 3298 3885 eam
3335 3830 3446 3899 γὰρ
3493 3824 3728 3895 ἐνεργεῖ,

2152 3936 2202 3990 εἰ
2235 3936 2313 4006 μὴ
2345 3932 2486 3988 καθὸ
2515 3929 2639 3984 τόδε
2683 3945 2736 3984 τι
2766 3926 2864 3983 καί
2889 3925 3093 3996 ἄτομον
3122 3940 3137 3957 ο
3162 3921 3301 3977 mea
3346 3919 3404 3974 δὲ
3436 3917 3659 3972 τοιαῦτα
3700 3918 3730 3970 ὁ

2121 4028 2344 4101 ’Πατὴρ
2381 4029 2478 4082 καὶ
2507 4025 2638 4088 Υίός
2695 4025 2806 4077 εἰσι
2856 4017 2989 4086 δύο,
3018 4017 3295 4088 διαφόρως
3343 4013 3403 4068 δὲ
3447 4011 3506 4079 ἐξ
3546 4009 3727 4066 αὐτῶν

2149 4127 2421 4197 προϊέναι,
2453 4117 2614 4175 τοῦτο
2646 4117 2704 4173 δὲ
2738 4116 2798 4170 ού
2833 4112 3292 4184 συγχωρήσομεν,
3323 4107 3434 4171 ἓως
3461 4104 3531 4160 ἂν
3565 4103 3727 4197 ενέρῖ

2150 4193 2306 4286 γειαν
2360 4213 2460 4282 μὲν
2516 4209 2710 4281 ὥσπερ
2753 4205 2850 4261 τοῦ
2911 4203 3151 4275 Πατρός,
3180 4199 3328 4255 οὕτω
3375 4197 3443 4268 δὴ
3492 4195 3588 4251 καὶ
3630 4193 3727 4286 τοῦ

2150 4278 2282 4364 Ϋίοῦ
2313 4278 2596 4379 ἐνέργειαν
2625 4278 2860 4375 φυσικὴν
2887 4298 3157 4367 λεγόντων
3182 4293 3293 4349 τῶν
3319 4292 3495 4362 ἁγίων
3519 4278 3731 4344 ἀκούω-

2155 4422 2254 4476 μεν
2284 4404 2344 4457 τὸ
2377 4398 2602 4470 Πνεῦμα
2624 4398 2686 4452 τὸ
2704 4397 2861 4465 άγιον
2885 4407 2904 4425 ³
2937 4393 3070 4464 μίαν
3102 4389 3160 4445 δὲ
3194 4390 3485 4459 ενέργειαν
3508 4383 3730 4456 Πατρδς

475 4501 584 4557 hoc
630 4499 877 4570 aliquid,
928 4510 1096 4570 atque
1147 4496 1545 4557 individuum:
1577 4508 1689 4565 qua
1739 4505 1873 4548 vero
1918 4489 2045 4546 talia

2152 4485 2252 4552 καὶ
2291 4490 2427 4548 Υίοῦ
2473 4486 2636 4555 εἶναι,
2666 4489 2762 4545 καὶ
2813 4487 2959 4558 μάλα
3011 4483 3382 4570 πιστεύομενέ
3422 4481 3470 4533 εἰ
3507 4479 3582 4548 μὴ
3635 4479 3732 4531 καὶ

477 4596 639 4652 Pater
675 4603 732 4650 et
767 4593 942 4651 Filius
969 4594 1080 4648 duo
1111 4601 1262 4648 sunt.
1300 4589 1372 4647 At
1401 4603 1535 4644 vero
1565 4587 1785 4644 diverse
1811 4584 1881 4640 ab
1909 4581 2046 4653 ipsis

474 4687 817 4759 procedere,
857 4685 913 4741 id
966 4698 1248 4755 nunquam
1289 4679 1700 4744 concedemus,
1750 4689 2046 4750 quousque

479 4780 737 4837 audimus
768 4785 991 4836 sanctos
1026 4777 1275 4832 dicentes
1297 4816 1313 4842 ,
1341 4773 1609 4845 Spiritum
1639 4780 1889 4828 sanctum
1925 4782 2052 4825 esse

479 4874 861 4946 operationem
931 4871 1239 4928 naturalem
1279 4884 1437 4939 usque
1476 4866 1600 4923 Filii
1631 4875 1807 4934 atque
1843 4861 2051 4919 Patris.

481 4967 658 5024 Unam
685 4975 866 5022 autem
896 4963 1270 5037 operationem
1301 4976 1419 5018 esse
1443 4959 1624 5016 Patris
1646 4965 1703 5014 et
1726 4956 1851 5012 Filii
1875 4994 1890 5021 ,
1920 4969 2054 5011 con-

477 5068 690 5116 stanter
717 5058 1018 5115 credimus.
1057 5056 1175 5111 Nisi
1218 5056 1358 5111 forte
1394 5061 1452 5108 et
1486 5053 1607 5124 ipse
1640 5065 1765 5106 cum
1806 5047 1945 5102 dicit
1983 5060 2055 5101 ex

480 5155 666 5222 Patre,
696 5161 753 5209 et
781 5151 946 5216 Filio,
978 5158 1036 5206 et
1058 5148 1271 5220 Spiritu
1302 5155 1520 5210 sancto,
1552 5143 1640 5199 vel
1670 5156 1740 5197 ex
1761 5141 1926 5197 Patre
1951 5151 2054 5208 per

481 5243 681 5298 Filium
708 5244 765 5298 in
793 5242 1002 5314 Spiritu
1028 5251 1221 5299 sancto
1243 5245 1592 5310 procreatum
1619 5248 1740 5290 esse
1758 5232 2052 5294 mundum,

477 5353 592 5392 non
631 5346 745 5393 tres
785 5343 996 5391 tantum
1039 5334 1136 5407 (id
1169 5333 1318 5388 enim
1351 5332 1543 5402 utique
1577 5325 1927 5393 fateretur),
1956 5320 2054 5379 sed

477 5439 535 5488 et
573 5429 793 5486 diverse
835 5439 946 5484 tres
985 5426 1284 5483 fabricatos
1324 5438 1450 5479 esse
1487 5421 1755 5476 mundum
1808 5423 2046 5474 asserat.

479 5522 639 5589 Quod
693 5522 738 5579 si
791 5521 1046 5587 miratur,
1100 5517 1383 5588 quomodo
1424 5515 1569 5570 idem
1611 5527 1732 5568 esse
1769 5513 1918 5567 inter
1953 5522 2051 5572 se,

478 5627 645 5684 atque
677 5613 930 5669 eamdem
964 5611 1308 5667 voluntatem
1332 5650 1347 5674 ,
1381 5605 1773 5678 praepositione
1803 5619 1918 5674 per,
1953 5602 2055 5658 de-

481 5715 748 5771 notante,
790 5721 894 5761 nos
930 5721 996 5761 ex
1038 5704 1137 5760 ista
1177 5701 1565 5774 praepositione
1603 5698 1852 5754 indicare
1892 5695 2053 5750 volu-

483 5810 643 5866 mus,
702 5796 905 5854 Filium
961 5812 1080 5853 esse
1139 5811 1357 5853 causam
1418 5791 1720 5851 exsistendi
1780 5786 2050 5860 Spiritum

2154 4589 2317 4652 αὐτὸς
2351 4588 2416 4640 ὲκ
2451 4584 2667 4657 Πατρδς
2696 4582 2792 4638 καὶ
2815 4576 2950 4634 Υίοῦ
2982 4577 3078 4631 καί
3108 4573 3206 4630 τοῦ
3240 4569 3576 4641 Πνεύματος,
3604 4570 3637 4640 ἢ
3668 4569 3731 4622 ὲκ

2154 4680 2371 4750 Πατρδς
2399 4675 2468 4731 δι’
2500 4673 2633 4730 Υίοῦ
2687 4673 2746 4728 ὲν
2776 4670 3060 4741 Πνεύματι
3084 4667 3261 4750 λέγων
3290 4662 3595 4732 ὑποστῆναι
3639 4660 3731 4714 τὸν

2153 4772 2378 4840 κόσμον,
2418 4767 2521 4822 οὐκ
2560 4767 2625 4819 ἐκ
2667 4764 2835 4836 τριῶν
2893 4761 3061 4833 μόνον
3111 4747 3471 4813 ὑποστάσεων
3529 4754 3731 4824 φάσκει

2153 4857 2692 4932 δεδημιουργῆσθαιο
2724 4853 2885 4910 τοῦτο
2930 4854 3040 4924 γὰρ
3092 4851 3232 4922 φαίη
3264 4848 3332 4904 ἂν
3361 4849 3559 4920 δήπου,
3589 4846 3730 4901 ἀλλὰ

2155 4954 2251 5008 καὶ
2296 4950 2575 5021 διαφόρως
2625 4947 2692 5000 ὲκ
2736 4947 2845 4999 τῶν
2878 4943 3070 5016 τριῶν.
3105 4939 3166 4995 Εἰ
3201 4941 3258 4993 δὲ
3299 4936 3576 5007 θαυμάζει
3608 4934 3730 4999 πῶς

2153 5045 2215 5100 τὸ
2241 5043 2436 5098 ταυτὸν
2485 5040 2585 5094 καὶ
2615 5035 2917 5109 ὁμόδουλον
2950 5034 3049 5104 τῆς
3110 5030 3211 5086 διὰ
3259 5027 3729 5100 παριστανούσης,

2153 5136 2316 5207 ἡμεῖς
2353 5133 2526 5188 αἴτιον
2563 5128 2654 5182 διὰ
2684 5125 2894 5197 ταύτης
2921 5122 3118 5194 δηλοῦν
3146 5121 3238 5176 τὸν
3262 5119 3394 5174 Υἰδν
3414 5117 3517 5188 τῆς
3549 5115 3731 5185 ύπάρ·

2157 5228 2291 5296 ξεως
2321 5226 2417 5281 τοῦ
2456 5225 2778 5295 Πνεῦματος
2805 5218 2903 5274 τοῦ
2948 5217 3108 5287 ἁγίου
3153 5212 3484 5287 βουλόμεθα,
3512 5212 3732 5280 θαυμα-

2155 5323 2297 5388 ζέτω
2324 5321 2592 5390 πρότερον
2641 5314 2861 5379 ἑαυτὸν,
2891 5312 3040 5375 ὁπως
3085 5309 3174 5364 διά
3205 5307 3300 5362 τοῦ
3331 5304 3465 5360 Υίοῦ
3495 5301 3728 5372 γεγενῆ-

2156 5413 2283 5470 σθαι
2312 5412 2484 5480 λέγων
2521 5410 2611 5462 τὸν
2639 5407 2868 5476 κόσμον,
2898 5404 3088 5456 ἔπειτα
3121 5399 3312 5453 τοῦτον
3337 5399 3515 5452 αἴτιον
3553 5393 3730 5449 οἴεται

2155 5507 2254 5575 τῆς
2290 5503 2384 5557 τοῦ
2434 5502 2642 5570 κόσμου
2683 5493 3028 5568 παραγωγῆς
3086 5492 3176 5547 διὰ
3211 5491 3314 5561 τῆς
3367 5489 3468 5543 διὰ
3517 5488 3730 5542 δείκνυ-

2159 5597 2304 5652 σθαι.
2340 5596 2408 5648 Ἦ
2451 5593 2662 5647 εἰπάτω
2713 5589 2788 5660 μὴ
2834 5583 2976 5639 εῖναι
3022 5583 3133 5639 τῶν
3179 5583 3348 5637 ὄντων
3406 5583 3583 5637 αίτιον
3634 5579 3730 5632 τὸν

2159 5689 2311 5756 Υίδν,
2344 5688 2443 5740 καὶ
2477 5681 2633 5754 κακῷ
2663 5681 2725 5733 τὸ
2767 5678 2939 5734 κακὸν
2982 5675 3248 5731 ἰασάσθω.
3283 5673 3510 5741 Είσάγει
3541 5670 3602 5727 δὲ
3634 5670 3728 5724 καὶ

2166 5781 2475 5857 μαρτυρίαν
2505 5776 2599 5832 τοῦ
2637 5773 2784 5832 θείου
2826 5770 3081 5841 Μαξίμου
3125 5769 3277 5823 οὐδὲν
3307 5766 3473 5822 οὖσαν
3502 5764 3637 5834 πρὸς
3667 5762 3730 5818 τὸ
