4090 6146
401 277 510 342 *149

1363 275 1749 338 APOLOGIA
1792 275 2294 340 INSCR‘IPTION
2306 277 2419 340 UM
2459 276 2701 341 VECCI.

3540 269 3649 341 250

399 393 787 467 προκείμενον.
829 349 939 447 Καί.
989 393 1160 465 ἡμεῖς
1192 393 1300 465 γὰρ
1349 394 1416 450 ἂν
1465 395 1709 466 φαίημεν
1740 393 1840 466 τὴν
1873 397 1971 451 διὰ

2088 405 2366 464 sanctum;
2421 396 2656 453 miretur
2708 395 2896 467 potius
2970 397 3251 467 seipsum.
3322 415 3434 472 quo
3483 413 3652 474 pacto

401 488 500 559 τὴν
528 487 722 540 ἕνωσιν
753 486 848 540 καὶ
876 481 936 539 τὺ
967 486 1388 556 ἀπαράλλακτον
1418 486 1521 556 τῆς
1541 487 1732 551 οὐσίας
1761 488 1976 558 Πατρὺς

402 581 500 636 καὶ
546 579 673 632 Υίοῦ
725 577 1107 652 παριστάνειν.
1150 579 1338 650 Ἰσμεν
1367 579 1473 650 γάρ
1518 581 1673 646 τάξιν
1707 580 1834 635 τινά
1881 581 1978 635 καὶ

402 673 593 744 σχέσιν
635 671 725 727 ἀεὶ
777 671 865 724 διὰ.
911 671 1010 739 τῆς
1045 655 1160 725 ’διὰ
1206 670 1302 726 τοῦ
1355 673 1440 744 ἐφ’
1466 666 1528 728 οῦ
1561 673 1702 744 αὐτη
1731 671 1977 744 λέγεται,

395 764 539 833 πρὸς
589 763 680 816 τὸν
721 763 808 831 ἐφ’
842 756 903 817 οὐ
932 765 997 834 τῇ
1024 763 1094 817 ἐκ
1123 761 1386 834 χρώμεθα
1444 765 1540 818 καὶ
1593 765 1740 834 μάλα
1786 763 1980 835 δηλοῦ-

403 854 530 907 σθαι
555 869 572 884 ο
602 853 950 924 αὐτδ’μέντοι
980 853 1140 908 τοῦτο
1180 854 1242 907 τὸ
1269 855 1466 908 ταυτόν
1515 872 1576 908 τε
1602 858 1696 910 καὶ
1725 855 1982 927 ἀπαράλ-

403 945 603 1000 λακτον
649 944 828 1000 αίτιεν
876 941 1018 1001 εἶναι
1071 945 1169 999 καὶ
1208 938 1305 1000 τοῦ
1336 947 1510 1002 ταυτά
1554 947 1634 1019 τῷ
1681 948 1858 1018 Πατρὶ
1889 948 1983 1003 τὸν

405 1039 536 1092 Υίὸν
559 1038 846 1102 δύνασθαι,
875 1039 976 1092 καὶ
1007 1037 1078 1092 δι’
1107 1036 1275 1092 αὐτοῦ
1311 1041 1562 1110 προϊέναι
1611 1041 1676 1094 τὸ
1727 1040 1979 1113 Πνεῦμα.

408 1132 568 1185 Κατά
616 1131 716 1201 μὶν
745 1131 854 1200 γάρ
884 1130 978 1184 τὸν
1007 1131 1150 1184 θεῖον
1195 1130 1464 1202 Κύριλλον
1493 1133 1550 1199 ἐξ
1583 1132 1809 1203 ἀμφοῖν.
1844 1132 1876 1204 ἢ
1915 1135 1982 1188 ἐκ

407 1227 622 1296 Πατρὸς
676 1224 748 1278 δι’
809 1224 1134 1298 Υίοῦ,κατά
1188 1224 1246 1279 δὲ
1303 1227 1395 1280 τὸν
1438 1225 1603 1280 αὐτὸν
1634 1225 1890 1295 Μάξιμον
1920 1228 1983 1281 ἐκ

409 1318 623 1389 Πατρδς
677 1319 772 1372 καὶ
824 1316 980 1384 Υίοῦ,
1025 1315 1126 1371 είτ⁹
1179 1315 1276 1371 οῦν
1327 1318 1394 1370 ὲκ
1451 1317 1666 1388 Πατρὸς
1720 1317 1788 1372 δι’
1847 1317 1982 1372 Υίοῦ

408 1412 794 1482 ἐκπορεύεται,
844 1411 1095 1466 τουτέστι
1146 1410 1246 1483 τὴν
1296 1410 1532 1483 ὓπαρξιν
1585 1411 1716 1483 ἔχει.
1751 1411 1825 1466 Τὸ
1870 1411 1982 1481 γὰρ

410 1506 804 1577 ἐκπορεύεσθαι
847 1505 942 1559 καὶ
975 1505 1140 1568 αὐτος
1186 1504 1253 1558 ἂν
1296 1505 1432 1575 φαίη
1489 1507 1553 1558 τὸ
1599 1509 1702 1575 τὴν
1748 1504 1983 1576 ὓπαρξιν

406 1599 563 1669 ἔχειν
599 1600 912 1670 σημαίνειν,
945 1600 1040 1653 καὶ
1093 1598 1332 1669 μάλιστα
1368 1597 1513 1651 κατά
1557 1597 1686 1661 τοὺς
1720 1598 1880 1652 τοῦτο
1922 1595 1983 1650 τὺ

411 1688 584 1757 ὐνομα
608 1688 1064 1758 ἀποκληροῦντας
1106 1689 1176 1757 τῇ
1212 1683 1446 1756 ὑπάρξει
1495 1684 1592 1739 τοῦ
1643 1685 1980 1754 Πνεὺματος.

2078 503 2177 557 per
2211 488 2407 542 Filium
2440 489 2728 544 conditum
2765 503 2886 544 esse
2920 489 3189 544 mundum
3227 491 3414 559 dicat,
3446 493 3648 552 deinde

2078 580 2278 635 Filium
2316 596 2382 636 ex
2417 582 2802 651 praepositione
2841 597 2956 652 per,
2998 581 3217 637 ostendi
3263 598 3482 640 causam
3523 602 3648 642 esse

2079 671 2478 742 procreationis
2517 671 2708 726 mundi
2743 673 3069 727 arbitretur.
3107 673 3204 728 Vel
3251 673 3406 730 dicat
3441 675 3644 730 Filium

2080 775 2190 815 non
2243 776 2367 815 esse
2409 776 2631 816 causam
2682 778 2904 830 rerum,
2951 774 3008 820 et
3054 765 3356 820 absurdum
3409 768 3651 822 absurdo

2080 853 2367 908 emendet.
2410 853 2649 908 Adducit
2689 864 2871 908 autem
2918 863 2975 909 et
3011 856 3387 911 testimonium
3440 856 3502 912 ll.
3536 858 3652 913 Ma-
3753 852 3759 857 ’

2079 945 2212 999 ιίωί
2235 982 2250 1009 ,
2279 948 2426 1015 quod
2460 945 2601 1001 nihil
2634 945 2766 1000 facit
2803 945 2873 1000 ad
2907 961 3046 1002 rem.
3091 945 3306 1002 Etenim
3349 963 3450 1002 nos
3478 949 3647 1003 etiam

2081 1035 2402 1102 fateremur,
2451 1037 2896 1107 praepositionem
2943 1036 3061 1109 per,
3093 1040 3543 1107 coniunctionem
3588 1050 3650 1096 et

2081 1123 2581 1181 immutabilitatem
2633 1127 2894 1183 essentia:
2947 1128 3122 1184 Patris
3176 1137 3232 1184 et
3284 1129 3409 1184 Filii
3462 1131 3651 1200 expri-

2081 1233 2272 1284 mere;
2313 1217 2520 1274 scimus
2550 1219 2697 1273 enim
2739 1219 2843 1274 hac
2889 1221 3284 1291 praepositione
3336 1239 3451 1294 per,
3502 1222 3656 1277 ordi-

2082 1323 2207 1364 nem
2236 1308 2532 1378 quemdam
2579 1318 2636 1364 et
2684 1309 3018 1365 relationem
3068 1311 3156 1366 vel
3207 1312 3448 1368 maxime
3501 1312 3658 1370 illius

2082 1399 2380 1466 signiﬁcari
2436 1400 2506 1455 de
2549 1416 2660 1470 quo
2712 1401 2832 1470 ipsa
2909 1401 3262 1470 pradicatur,
3307 1403 3377 1457 ad
3422 1419 3550 1460 eum
3598 1404 3656 1460 in

2081 1507 2193 1562 quo
2233 1492 2623 1563 praepositione
2692 1509 2758 1547 ea:
2809 1493 3054 1550 utimur:
3089 1495 3195 1550 hoc
3237 1496 3418 1566 ipsum
3471 1508 3655 1553 tamen

2084 1583 2227 1638 idem
2273 1598 2398 1639 esse
2433 1585 2579 1640 inter
2627 1600 2686 1640 se
2722 1594 2780 1640 et
2826 1586 3359 1657 immutabilitatem,
3413 1590 3653 1646 dicimus

2085 1690 2208 1730 esse
2270 1691 2490 1731 causam
2547 1691 2647 1731 cur
2693 1678 2866 1732 Filius
2922 1679 3116 1734 eadem
3184 1682 3360 1751 possit
3423 1697 3548 1753 qua:
3603 1691 3661 1739 et

415 1782 475 1834 Ei
599 1781 689 1834 τὸν
719 1756 848 1834 Υίὺν
879 1780 957 1850 μὴ
990 1756 1172 1833 ποιεῖν
1199 1791 1368 1847 φησιν
1391 1779 1420 1829 6
1447 1773 1771 1839 διδάσκαλος
1800 1774 1984 1829 αἰτίαν

2088 1767 2287 1831 Pater;
2319 1779 2378 1822 ut
2405 1777 2463 1823 et
2494 1783 2594 1839 per
2627 1768 2806 1838 ipsum
2844 1771 3104 1839 procedat
3137 1771 3375 1843 Spiritus
3403 1783 3655 1832 sanctus.

411 1871 505 1927 τοῦ
546 1873 887 1943 Πνεύματος,
918 1871 1052 1927 ἀλλά
1103 1871 1196 1924 τὸν
1247 1869 1488 1939 Πατέρα,
1542 1867 1618 1939 μὴ
1669 1866 1984 1937 θαυμάσῃς,

413 1965 462 2016 εί
493 1963 591 2032 τῆς
636 1960 964 2033 Ἑλληνικῆς
1019 1958 1207 2030 φωνῆς
1271 1957 1704 2029 ἀναμνησθείης,
1758 1958 1852 2011 καὶ
1895 1957 1986 2008 ἐπὶ

412 2054 560 2117 τίνος
587 2052 730 2120 αὕτη
758 2051 968 2122 κυρίως
1009 2053 1074 2121 τῇ
1121 2048 1274 2122 αἰτίᾳ
1311 2048 1404 2102 καὶ
1442 2048 1519 2116 τῷ
1547 2047 1775 2118 ὀνόματι
1809 2047 1987 2118 τούτῳ

414 2143 574 2198 είωθε
603 2143 877 2215 χρῆσθαιο
921 2143 1084 2213 δῆλον
1115 2141 1226 2213 γὰρ
1263 2141 1326 2211 δὴ
1369 2139 1468 2211 τὴν
1503 2140 1986 2211 προκαταρκτικὴν

414 2239 510 2291 καὶ
559 2235 816 2306 ἀρχοειδῆ
851 2236 1031 2288 αίτίαν
1062 2233 1162 2288 καὶ
1191 2233 1370 2303 πηγὴν
1403 2233 1497 2286 καὶ
1538 2233 1694 2302 ῥίζαν
1727 2232 1985 2298 ἑκάστου,

413 2330 620 2400 ταύτην
671 2329 878 2397 κυρίως
926 2327 1110 2380 αἰτίαν
1159 2325 1472 2389 καλεῖσθαι,
1509 2325 1632 2378 οἷαν
1685 2324 1847 2394 μόνον
1875 2322 1988 2377 -τδν

415 2421 634 2490 Πατέρα
666 2419 958 2490 ὑπάρχειν,
988 2417 1073 2481 τίς
1095 2418 1197 2470 οὐκ
1232 2418 1298 2471 ἂν
1351 2415 1641 2481 συνθοῖτο;
1673 2415 1785 2468 Καὶ
1827 2415 1988 2486 δῆλον

415 2513 666 2569 ιντεῦθεν
688 2529 704 2547 ο
732 2515 830 2583 τῆς
854 2512 962 2583 ,μὲν
992 2511 1101 2581 γὰρ
1130 2510 1362 2574 κτίσεως
1403 2510 1496 2564 καὶ
1524 2509 1620 2562 τὸν
1645 2509 1772 2563 Υίὸν
1804 2509 1902 2562 καὶ
1928 2505 1990 2562 τὸ

415 2605 642 2673 Πνεῦμα
673 2604 854 2658 αίτίαν
893 2603 1164 2674 ὑπάρχειν
1194 2601 1368 2664 οὐδεὶς
1399 2600 1509 2653 τῶν
1533 2601 1597 2653 ἓν
1629 2601 1986 2668 Χριστιανοῖς

415 2695 714 2750 τελούντων
741 2696 1063 2766 ἀρνήσαιτο.
1106 2692 1252 2746 Ἀλλ’
1279 2694 1308 2746 6
1354 2692 1618 2759 Θεολόγος
1653 2690 1984 2762 Γρηγόριος,

420 2807 442 2843 ι
475 2790 631 2854 Θεὸς,
678 2789 864 2858 φησὶν,
896 2790 956 2842 ὲν
1004 2787 1186 2857 τρισὶν
1247 2785 1464 2840 ἵσταται
1513 2786 1629 2848 τοῖς
1676 2785 1986 2854 μεγίστοις,

416 2882 596 2952 αἰτίῳ,
630 2882 727 2935 καὶ
775 2878 1118 2950 δημιουργῷ,
1169 2876 1264 2931 καὶ
1305 2876 1646 2946 τελειοποιῷ.
1691 2875 1768 2945 τῷ
1813 2875 1988 2944 Πατρὶ

415 2973 558 3041 λέγω
607 2973 700 3027 καὶ
728 2971 805 3043 τῷ
833 2971 947 3042 Tit?)
987 2973 1083 3024 καὶ
1129 2971 1206 3040 τῷ
1235 2970 1376 3040 ἁγίῳ
1404 2969 1705 3038 Πνεύματι.
1750 2968 1989 3020 ’Ᾱκούων

415 3061 472 3115 δὲ
526 3060 786 3131 ἀρχοειδῆ
838 3060 931 3112 τὸν
978 3058 1200 3131 Πατέρα
1249 3061 1452 3124 αίτίαν,
1485 3058 1559 3127 μὴ
1593 3057 1848 3157 ⁸νομίσῃς
1866 3055 1986 3157 Δῆξη
2014 3098 2058 3157 C

417 3154 512 3204 καὶ
549 3153 628 3222 μὴ
663 3151 920 3215 θέλοντας
953 3152 1234 3221 διαφόρως
1268 3150 1450 3218 λέγειν
1478 3150 1571 3201 τὸν
1593 3148 1721 3201 Υίδν
1752 3147 1992 3216 προὸάλ-

415 3243 528 3298 λειν
561 3243 624 3297 τὺ
675 3241 922 3312 Πνεῦμα,
956 3243 1034 3312 μὴ
1086 3241 1344 3312 ἀρχοειδῆ
1393 3241 1526 3294 ὅντα
1569 3239 1752 3292 αίτίαν
1780 3253 1794 3269 ·
1831 3238 1990 3291 τοῦτο

415 3333 524 3402 γὰρ
571 3332 725 3386 οὐδὲν
773 3327 939 3402 ἦττον
969 3348 1067 3386 και
1110 3332 1208 3384 ἐπὶ
1249 3331 1348 3402 τῆς
1381 3331 1613 3394 κτίσεως
1647 3331 1863 3396 επεται,
1895 3330 1990 3384 καὶ

417 3423 638 3475 πάντων
684 3421 886 3492 ἁπλῶς
922 3415 997 3476 ὧν
1028 3423 1057 3473 6
1104 3421 1232 3484 Υίὸς
1265 3420 1404 3490 εχει.
1433 3419 1570 3473 Οὐδὲ
1621 3421 1732 3492 γάρ
1783 3418 1990 3489 ταύτης

416 3516 709 3585 ἀρχοειδὴς
757 3514 933 3577 αίτιος
987 3515 1016 3566 6
1061 3512 1212 3577 Υίδς,
1262 3512 1421 3582 εἴπερ
1469 3511 1732 3574 αίτιατῶς
1779 3528 1839 3565 τε
1893 3512 1990 3564 καὶ

419 3606 612 3669 υίίκῶς
642 3605 863 3661 ἅπαντα
889 3605 1027 3676 ἔχει,
1067 3605 1168 3659 ὅσα
1213 3607 1310 3658 καὶ
1333 3606 1362 3659 6
1395 3603 1588 3675 Πατὴρ
1615 3602 1902 3674 πατρικῶς
1927 3619 1987 3655 τε

417 3697 513 3751 καὶ
543 3697 824 3760 ἀναιτίως.
870 3695 1011 3749 Ἀλλ’
1035 3696 1186 3766 ὅμως
1219 3697 1312 3750 καὶ
1351 3695 1378 3747 6
1409 3696 1574 3759 αὐτός
1606 3697 1757 3748 ἐστιν
1789 3695 1986 3759 αἴτιος,

417 3791 514 3842 καὶ
546 3789 644 3861 μία
690 3790 828 3860 μετὰ
878 3789 972 3842 τοῦ
1009 3789 1220 3858 Πιτρδς
1253 3789 1405 3843 αίτία
1438 3787 1550 3842 τῶν
1586 3787 1777 3851 ὄντων,
1805 3787 1898 3839 καὶ
1927 3787 1990 3840 τὸ

415 3882 614 3934 ταυτὸν
661 3879 828 3933 αὐτοῦ
881 3882 976 3934 καὶ
1030 3879 1352 3950 ὁμόδουλον,
1385 3879 1538 3932 οὐδὲν
1576 3876 1640 3950 δὴ
1688 3872 1852 3950 ἦττον
1893 3876 1991 3931 καὶ

417 3975 516 4042 τὴν
553 3973 656 4027 τῶν
698 3974 1012 4043 προσώπων
1039 3974 1313 4044 διάκρισιν
1345 3972 1378 4043 ἡ
1409 3970 1506 4027 διὰ
1534 3970 1879 4042 παριθτάνει.

2088 1857 2395 1928 Siquidem,
2429 1860 2735 1914 secundum
2786 1861 2853 1916 D.
2903 1861 3190 1934 Cyrillum,
3243 1878 3311 1918 ex
3354 1865 3660 1932 ambobus,

2088 1949 2345 2004 videlicet
2369 1965 2436 2004 ex
2463 1951 2621 2033 Patre
2648 1966 2748 2021 per
2776 1952 3015 2019 Filium,
3043 1954 3204 2025 juxta
3236 1970 3370 2012 vero
3401 1958 3660 2013 eumdem
3738 1968 3743 1973 '

2087 2039 2380 2094 Maximum
2410 2056 2476 2094 ex
2508 2041 2668 2096 Patre
2696 2051 2750 2095 et
2782 2041 2922 2097 Filio
2943 2083 2960 2107 ,
2991 2045 3107 2100 sive
3137 2060 3204 2100 ex
3235 2047 3396 2102 Patre
3429 2063 3530 2118 per
3567 2047 3658 2103 Fi-

2089 2129 2220 2183 lium
2257 2128 2504 2198 procedit
2529 2167 2545 2193 ,
2584 2129 2691 2184 hoc
2722 2139 2806 2185 est
2845 2131 3225 2187 exsistentiam
3264 2133 3453 2188 habet.
3498 2133 3656 2201 Quod

2087 2220 2238 2275 enim
2274 2220 2361 2274 illa
2403 2235 2507 2274 vox
2541 2221 2976 2292 ἐκπορεύεσθαι,
3024 2225 3329 2293 procedere,
3385 2227 3662 2282 exsisten-

2090 2313 2220 2369 tiam
2269 2312 2473 2367 habere
2521 2312 2839 2382 signiﬁcet,
2896 2315 3064 2370 etiam
3126 2317 3246 2388 ipse
3304 2318 3661 2376 adversarius

2087 2406 2456 2464 concederet:
2495 2409 2799 2478 praesertim
2828 2409 2987 2480 juxta
3018 2425 3116 2466 eos
3147 2414 3242 2483 qui
3280 2413 3387 2469 hoc
3417 2416 3663 2471 nominis

2085 2496 2154 2554 'ad
2212 2499 2631 2571 signiﬁcandam
2689 2501 3075 2558 exsistentiam
3143 2504 3390 2574 Spiritus
3446 2511 3661 2577 sancti,

2088 2589 2534 2647 accommodant.
2570 2589 2730 2658 Quod
2762 2593 2809 2647 si
2841 2592 2945 2648 iste
2973 2592 3169 2650 doctor
3198 2596 3534 2671 (Maximus)
3568 2615 3666 2655 ne-

2089 2691 2180 2753 gat
2207 2697 2265 2737 se
2297 2681 2496 2736 Filium
2526 2681 2731 2750 facere,
2761 2684 2858 2740 sed
2891 2683 3133 2751 Patrem,
3171 2702 3395 2744 causam
3421 2690 3664 2761 Spiritus

2090 2775 2310 2840 sancti;
2365 2789 2434 2830 ne
2476 2775 2697 2830 mireris
2753 2776 2802 2832 si
2853 2777 3097 2834 Graecam
3145 2779 3386 2852 linguam
3453 2783 3509 2838 in
3543 2799 3664 2841 me-

2090 2865 2318 2920 moriam
2349 2866 2683 2932 adduxeris,
2721 2876 2776 2923 et
2807 2869 2862 2924 in
2892 2885 3004 2938 quo
3053 2873 3278 2942 proprie
3325 2872 3428 2928 ista
3478 2874 3666 2946 lingua

2089 2957 2196 3014 hoc
2228 2959 2451 3014 nomine
2492 2975 2674 3016 causae
2714 2962 2892 3016 soleat
2941 2963 3042 3018 uti.
3086 2965 3318 3021 Constat
3360 2966 3509 3022 enim
3541 2981 3665 3022 eam

2091 3053 2313 3120 proprie
2342 3066 2564 3106 causam
2604 3054 2907 3123 appellari,
2973 3070 3096 3126 quae
3143 3057 3217 3112 sit
3261 3060 3666 3129 procatarctica

2090 3151 2148 3196 et
2206 3141 2526 3210 originalis,
2575 3142 2700 3196 fons
2761 3152 2926 3213 atque
2975 3145 3133 3201 radix
3187 3147 3665 3220 uniuscujusque,

2090 3236 2305 3306 qualem
2341 3237 2516 3289 solum
2547 3250 2666 3290 esse
2702 3228 2919 3291 Patrem
2941 3279 2955 3304 ,
2987 3241 3113 3309 quis
3147 3256 3258 3295 non
3287 3243 3667 3314 assentiatur?

2090 3326 2268 3396 Atque
2305 3325 2434 3380 hinc
2462 3336 2686 3393 apparet
2715 3345 2727 3380 :
2763 3331 3064 3384 creationis
3093 3332 3240 3386 enim
3269 3335 3436 3388 etiam
3468 3334 3668 3390 Filium

2091 3427 2146 3472 et
2169 3417 2434 3487 Spiritum
2464 3428 2714 3473 sanctum
2736 3435 2857 3476 esse
2883 3435 3107 3476 causam
3132 3461 3150 3488 ,
3209 3425 3303 3494 qui
3334 3426 3480 3481 inter
3506 3426 3670 3482 Chri-

2092 3509 2301 3562 stianos
2330 3507 2422 3571 sit.
2457 3523 2619 3562 nemo
2647 3510 2891 3580 negabit.
2923 3511 3091 3581 Atqui
3119 3510 3439 3582 Gregorius,
3471 3530 3671 3587 cogno-

2094 3608 2280 3652 mento
2309 3597 2646 3670 Thcologus,
2700 3619 2718 3652 ι
2753 3601 2897 3657 Deus
2923 3643 2939 3669 ,
2969 3603 3184 3674 inquit,
3221 3607 3276 3661 in
3327 3609 3504 3664 tribus
3547 3625 3669 3666 meo

2096 3691 2258 3745 ximis
2292 3692 2573 3758 constitit,
2607 3705 2674 3748 eo
2716 3693 2810 3762 qui
2843 3710 3006 3749 causa
3040 3697 3133 3762 sit,
3172 3707 3228 3753 et
3263 3699 3487 3769 opiﬁce,
3512 3712 3570 3758 et
3597 3717 3666 3758 eo

2095 3781 2189 3851 qui
2217 3779 2688 3836 absolutissimum
2723 3783 2914 3838 reddat
2945 3798 3087 3855 opus
3107 3825 3121 3850 ,
3165 3787 3360 3854 Patre,
3400 3789 3622 3860 inquam
3646 3831 3663 3857 ,

2095 3883 2149 3928 et
2184 3873 2356 3942 Filio,
2381 3883 2434 3928 et
2476 3875 2687 3944 Spiritu
2725 3887 2936 3932 sancto.
2970 3897 2988 3930 ι
3015 3877 3152 3934 Cum
3199 3895 3330 3936 vero
3367 3882 3526 3938 audis
3554 3885 3668 3938 ori-

2098 3967 2332 4038 ginalem
2375 3981 2597 4023 causam
2626 3982 2751 4023 esse
2809 3969 3066 4038 Patrem,
3123 3988 3192 4027 ne
3237 3974 3501 4031 continuo
3549 3977 3669 4033 exi-

417 4071 647 4137 stimes,
698 4072 784 4127 vel
838 4072 1044 4127 invitos
1110 4087 1214 4126 nos
1249 4070 1406 4141 cogi,
1478 4068 1640 4126 fateri
1683 4068 1916 4133 Filium,
1959 4081 2085 4122 cum
2127 4064 2410 4136 originalis
2457 4081 2623 4121 causa
2668 4067 2895 4124 minime
2946 4072 3051 4135 sit,
3107 4072 3328 4131 diverse
3360 4075 3668 4148 producere

417 4162 682 4232 Spiritum
765 4174 1061 4227 sanetum;
1117 4164 1171 4218 id
1218 4163 1367 4218 enim
1410 4179 1522 4218 non
1587 4160 1770 4217 minus
1800 4172 1855 4217 et
1923 4161 1979 4215 in
2007 4159 2216 4215 fabrica
2273 4159 2463 4215 mundi
2527 4162 2797 4227 sequitur,
2854 4173 2912 4217 et
2986 4166 3213 4219 omnino
3267 4169 3323 4223 in
3377 4170 3664 4236 omnibus,

419 4269 541 4323 qua:
589 4253 760 4310 Filius
808 4255 994 4312 habet.
1079 4256 1268 4326 Neque
1321 4257 1470 4312 enim
1519 4255 1806 4327 originalis
1850 4271 2018 4311 causa

2093 4266 2177 4311 est
2231 4255 2404 4310 Filius
2453 4258 2792 4311 Creationis:
2838 4259 3111 4328 siquidem
3164 4263 3347 4317 omnia
3398 4276 3663 4328 causate'.

417 4355 474 4401 et
501 4347 739 4402 lilialiter
766 4347 970 4412 habet,
997 4362 1340 4419 quaecunque
1365 4349 1538 4404 Pater
1571 4350 1688 4419 ipse
1721 4359 1948 4420 paterne
1988 4354 2048 4402 et
2103 4348 2402 4402 incansate.
2442 4347 2546 4400 Sed
2583 4358 2762 4403 tamen
2797 4364 2941 4404 unus
2970 4359 3134 4420 atque
3167 4351 3313 4408 idem
3345 4365 3427 4410 est
3454 4369 3668 4423 auctor,

417 4451 472 4497 et
520 4456 629 4495 una
674 4453 840 4496 eausa
883 4456 1009 4496 cum
1051 4443 1211 4496 Patre
1255 4457 1440 4498 rerum
1486 4445 1724 4499 exsistit.
1810 4443 2042 4514 Ipsaque
2075 4439 2394 4512 praepositio
2441 4457 2561 4510 per,
2615 4458 2725 4497 non
2780 4443 2962 4498 minus
3012 4445 3427 4502 distinctionem
3479 4462 3670 4518 perso-

418 4553 649 4603 narum,
682 4551 846 4607 quam
905 4535 1053 4592 idem
1102 4553 1226 4594 esse
1280 4540 1428 4593 inter
1478 4555 1578 4606 se,
1628 4549 1796 4610 atque
1847 4539 1991 4595 idem
2034 4539 2177 4596 velle
2226 4537 2518 4608 signiﬁcat.

494 4632 564 4684 ’Δ
589 4629 647 4684 δέ
694 4646 886 4702 φησιν,
928 4629 1004 4693 ὡς
1051 4629 1211 4699 ἔργον
1256 4631 1406 4696 θείας
1439 4632 1740 4704 θελήσεως,
1778 4634 1872 4686 καὶ
1906 4633 1988 4686 διὰ

2168 4632 2301 4698 Quae
2328 4646 2456 4685 vero
2479 4632 2578 4697 ait,
2617 4631 2880 4687 nimirum
2922 4646 3062 4701 opus
3105 4631 3306 4688 divina:
3342 4633 3667 4691 voluntatiso

415 4721 574 4776 τοῦτο
605 4724 700 4776 καὶ
730 4723 937 4794 κτίσμα
963 4721 1024 4774 τὸ
1058 4723 1286 4793 Πνεῦμα
1320 4741 1528 4794 φαμεν,
1561 4725 1649 4777 διά
1675 4729 1734 4778 τὸ
1759 4725 1860 4796 τὴν
1890 4722 1990 4777 διὰ

416 4815 478 4867 τδ
503 4813 706 4867 ταυτὸν
755 4813 854 4880 τῆς
902 4813 1179 4884 θελήσεως
1225 4817 1605 4886 παριστάνειν,
1642 4816 1744 4869 οὐκ
1789 4811 1887 4868 οἷδ’
1942 4813 1995 4867 εί

2093 4724 2164 4780 ob
2207 4739 2439 4794 eamque
2486 4739 2710 4779 causam
2747 4735 2803 4780 et
2854 4715 3172 4780 creaturam
3226 4725 3496 4797 Spiritum
3537 4743 3670 4783 san-

2091 4825 2242 4869 ctum
2285 4829 2386 4869 nos
2438 4815 2624 4883 fateri,
2673 4826 2968 4886 propterea
3024 4819 3169 4888 quod
3206 4820 3527 4888 praepositio
3574 4836 3669 4888 per

415 4923 522 4959 τινι
546 4905 688 4972 ἄλλῳ
715 4906 856 4974 πλὴν
878 4904 1072 4957 τούτου
1104 4904 1425 4971 συνδόξειεν.
1462 4905 1525 4958 El
1555 4905 1662 4977 γὰρ
1686 4904 1773 4958 διὰ
1801 4905 1860 4956 τὸ
1890 4903 1988 4971 τὴν

2088 4906 2340 4962 eamdem
2367 4905 2704 4962 voluntatem
2735 4910 3050 4978 signiﬁcet;
3087 4912 3276 4965 nescio
3307 4926 3376 4965 an
3410 4911 3502 4966 ulli
3530 4928 3669 4983 pra:-

416 4997 516 5051 διὰ
551 4998 613 5051 τδ
647 4997 844 5052 ταυτὸν
890 4997 1087 5069 δηλοῦν
1136 5000 1235 5067 τῆς
1281 4997 1553 5067 θελήοεως
1607 4996 1814 5067 κτίσμα
1869 4991 1991 5049 κατ’

418 5088 580 5142 αὐτὸν
625 5087 688 5141 τὸ
732 5088 954 5158 Πνεῦμα
1001 5088 1322 5155 συνάγεται,
1367 5087 1484 5150 πῶς
1522 5087 1644 5157 οὐχὶ
1675 5086 1796 5140 Θεία
1827 5085 1992 5156 φύσις

419 5180 573 5232 ἔσται
615 5178 818 5249 μᾶλλον
841 5179 936 5232 καὶ
960 5179 1355 5249 δοξασθήσεται
1385 5178 1474 5246 ὐφ’
1494 5180 1653 5246 ἡμῶν
1681 5177 1771 5231 διὰ
1803 5177 1863 5230 τὸ
1887 5176 1986 5248 τὴν

421 5269 517 5325 διὰ
551 5271 647 5325 καὶ
675 5272 737 5325 τὸ
777 5273 874 5340 τῆς
915 5273 1106 5334 οὐσίας
1133 5273 1331 5326 ταυτὸν
1381 5271 1776 5342 παριστάνειν;
1807 5271 1987 5324 καίτοι

421 5363 522 5432 τῆς
552 5364 796 5433 ῥήσεως,
837 5365 905 5434 ἣν
955 5364 1266 5434 προήνεγκε
1303 5362 1397 5416 τοῦ
1439 5363 1676 5433 μεγάλου
1707 5363 1986 5432 Μαξίμου,

419 5466 520 5527 την
542 5457 852 5527 ταύτότητα
887 5456 1094 5526 μᾶλλον
1131 5459 1228 5527 τῆς
1254 5458 1445 5521 οὐσίας
1467 5456 1665 5529 δηλοῦν
1697 5455 1988 5511 διδασκού-

423 5567 524 5620 σης
549 5566 565 5582 ο
599 5568 620 5604 ι
658 5551 780 5606 Ἵνα
809 5552 940 5625 γάρ,
975 5552 1130 5624 φησὶ,
1169 5551 1231 5604 τὸ
1267 5551 1504 5622 συναφὲς
1546 5554 1648 5623 τῆς
1681 5551 1868 5617 οὐσίας
1895 5553 1989 5605 καὶ

425 5643 842 5715 ἀπαράλλακτον
887 5645 1309 5715 παραστήσωσι.
1350 5662 1372 5698 ι
1429 5643 1622 5699 Καίτοι
1675 5643 1773 5697 καὶ
1827 5644 1877 5698 εί
1928 5646 1990 5699 τδ

427 5736 520 5807 τῆς
547 5735 818 5810 θελήσεως
848 5739 1011 5810 μόνον
1053 5735 1244 5810 ιδήλου
1279 5738 1471 5794 ταυτὸν
1499 5740 1534 5810 ὴ
1581 5738 1700 5806 διὰ,
1734 5737 1890 5796 οιδὲν
1919 5740 1987 5797 ἂν

2090 5011 2177 5055 ter
2229 5000 2378 5056 hunc
2425 5000 2650 5070 probari
2699 5012 2938 5071 queant;
2991 5004 3038 5056 si
3087 5003 3240 5056 enim
3283 5019 3353 5057 ex
3400 5018 3488 5069 eo,
3520 5006 3667 5076 quod

2091 5093 2411 5164 praepositio
2440 5109 2552 5164 per,
2587 5093 2838 5148 eamdem
2889 5093 3231 5149 voluntatem
3262 5095 3559 5166 signiﬁcet,
3599 5113 3669 5154 ex

2094 5187 2215 5258 ejus
2262 5188 2560 5250 sententia,
2610 5196 2890 5250 creatura,
2921 5202 3046 5242 esse
3076 5187 3319 5256 Spiritus
3347 5193 3662 5262 colligitur;

2096 5295 2207 5350 quo
2258 5278 2477 5332 tandem
2510 5278 2674 5334 modo
2711 5294 2822 5332 non
2854 5277 3045 5332 divina
3082 5281 3270 5350 potius
3307 5285 3414 5336 erit
3446 5292 3665 5346 natura,

2095 5384 2152 5428 et
2182 5389 2212 5428 a
2249 5373 2410 5429 nobis
2439 5373 2795 5428 venerandus
2817 5382 2982 5443 atque
3008 5374 3303 5439 colendus,
3330 5389 3396 5427 ex
3430 5388 3500 5429 eo
3515 5374 3667 5443 quod

2098 5463 2418 5534 praepositio
2455 5479 2571 5533 per,
2601 5463 2769 5518 etiam
2802 5464 3055 5518 eamdem
3090 5464 3456 5520 substantiam
3491 5465 3665 5520 deno-

2100 5562 2176 5609 tet
2201 5571 2216 5621 ;
2247 5563 2302 5610 et
2327 5556 2549 5625 quidem
2581 5556 2855 5611 sententia
2885 5556 3001 5623 illa,
3024 5572 3188 5627 quam
3221 5557 3452 5627 protulit
3482 5559 3667 5629 magni

2094 5646 2357 5717 Maximi,
2401 5648 2652 5704 eamdem
2708 5649 2893 5719 potius
2939 5651 3308 5706 substantiam
3354 5649 3669 5720 signiﬁcare

2095 5755 2199 5797 nos
2260 5740 2467 5818 docet;
2509 5761 2528 5796 ι
2571 5741 2640 5800 Ut
2693 5744 2882 5815 enim,
2934 5745 3150 5818 inquit,
3212 5743 3664 5815 conjunctionem
