4036 6140
512 243 625 308 265

1473 242 1987 306 BESSARIONIS
2019 243 2078 307 S.
2119 245 2194 304 Β.
2229 244 2298 304 Ε.
2339 236 2809 303 CARDlNALIS

3644 230 3757 301 2‘56
3800 307 3802 310 _

513 374 621 429 que
681 359 1084 415 immutabilem
1146 358 1570 436 similitudinem
1623 361 1918 432 signiﬁcat.
1974 377 2082 417 non

2191 361 2506 435 δηλωτικὸν,
2564 357 2684 412 ἀλλ’
2735 354 2858 427 οὐχὶ
2907 351 3002 408 τοῦ
3067 353 3268 426 τρόπου
3296 352 3394 425 τῆς
3444 351 3749 425 ὑπάρξεως,

512 463 698 509 autem
731 453 955 508 modum
992 454 1335 508 exsistentiae
1363 469 1376 507 :
1408 467 1602 522 apage.
1652 462 1708 509 tu
1763 470 1921 523 vero,
1954 471 2082 510 cum

512 555 626 598 non
668 542 741 597 ita
766 556 1020 607 censeas,
1049 558 1344 613 personam
1395 543 1626 599 alteram
1675 546 1908 601 alterius
1938 561 2082 610 esse,

511 637 610 691 sed
645 626 1015 707 hypostatice,
1061 653 1171 692 non
1204 639 1444 708 amplius
1472 653 1597 704 esse
1643 640 1852 707 poteris
1896 639 2083 694 Trini-

511 729 643 785 tatis
672 739 972 785 venerator
1007 737 1066 785 et
1103 731 1300 786 cultor.
1335 731 1390 784 Si
1450 732 1596 786 enim
1631 731 1804 787 Filius
1829 743 1912 789 est
1950 750 2080 804 per-

511 836 650 876 sona
686 821 887 884 Patris,
921 832 1114 891 utpote
1146 822 1239 891 qui
1270 838 1337 876 ex
1370 823 1490 892 ipso
1523 823 1615 889 sit,
1661 835 1715 879 et
1755 825 1878 880 Filii
1910 827 2085 896 Spiri-

509 920 636 978 tus;
672 929 779 968 non
817 914 1002 984 itaque
1036 915 1278 986 amplius
1302 917 1410 972 erit
1436 917 1600 971 Pater
1637 918 1810 972 altera
1843 933 2084 988 persona

510 1013 713 1074 pra-ater
734 1003 960 1071 Filium,
981 1021 1162 1075 neque
1191 1007 1362 1063 Filius
1387 1018 1585 1077 praeter
1608 1010 1900 1080 Spiritum.
1925 1012 2085 1068 Vides

468 1157 469 1160 η
510 1097 792 1168 quomodo
838 1098 991 1155 dicta
1027 1109 1344 1156 sanctorum
1379 1102 1467 1172 pie
1517 1103 1607 1156 illa
1636 1105 1860 1171 quidem
1888 1146 1902 1170 ,
1934 1106 2085 1174 optio

514 1201 714 1256 meque
746 1201 806 1242 se
841 1187 1075 1254 habent,
1108 1199 1168 1244 tu
1205 1206 1339 1245 vero
1372 1205 1434 1247 ea
1475 1190 1660 1263 inepte
1727 1202 1892 1264 atque
1917 1192 2086 1264 impie

513 1279 931 1351 interpretaris.

1041 1417 1304 1490 Sapientis
1332 1420 1553 1477 Nicreni.

587 1552 797 1626 Nempe
832 1563 891 1609 tu
925 1569 1147 1625 quoque
1181 1554 1405 1611 beatum
1439 1557 1692 1622 Paulum,
1745 1569 2089 1617 asserentem

410 1686 412 1688 τ
512 1647 716 1706 Filium
753 1663 874 1704 esse
909 1648 1206 1718 imaginem
1263 1651 1562 1706 invisibilis
1596 1653 1696 1706 Dei
1746 1663 1802 1708 et
1851 1656 2083 1725 ﬁguram

2185 454 2390 524 ἄπαγε.
2417 454 2490 507 Σὺ
2517 451 2573 505 δὲ
2606 451 2682 521 μὴ
2722 447 2866 502 οὕτω
2895 448 3194 518 πρόσωπον
3220 446 3412 517 Ιἕτερον
3451 446 3642 515 ἑτέρου
3670 447 3753 501 λι-

2184 565 2320 617 γων,
2359 546 2476 601 ἀλλ’
2504 541 2908 606 ῦποστατικῶς,
2946 541 3128 594 οὐκέτ’
3161 539 3308 611 ἔχεις
3347 535 3488 594 εῖναι
3544 541 3752 610 μύστης

2185 642 2287 706 τῆς
2317 639 2569 709 Τριάδος.
2597 637 2661 692 El
2691 637 2800 705 γὰρ
2832 634 2926 689 τοῦ
2964 635 3177 702 Πατρός
3207 636 3356 688 εστιν
3383 635 3410 687 δ
3464 634 3594 698 Υίὺς
3620 627 3768 702 πρό--⁴

2188 750 2370 787 σωπον
2412 730 2487 794 ὡς
2518 730 2574 797 ἐξ
2624 728 2812 794 αὐτοῦ,
2865 729 2960 781 καὶ
3002 727 3097 780 τοῦ
3133 725 3266 805 Υίοῦ
3295 725 3361 779 τὸ
3385 725 3636 800 Πνεῦμα,
3664 725 3756 779 οὔ·

2138 866 2141 870 -
2187 828 2302 882 κέτ’
2329 828 2480 881 ἔσται
2513 825 2701 879 λοιπον
2731 825 2759 877 ὁ
2816 824 3006 894 Πατὴρ
3036 823 3335 894 πρόσωπον
3385 822 3574 893 ἕτερον
3605 812 3758 890 παρὰ

2186 919 2277 974 τὸν
2309 921 2460 984 Υίὺν,
2492 919 2614 972 οὐδὲ
2647 918 2796 989 παρὰ
2834 919 2895 970 τὸ
2923 917 3147 992 Πνεῦμα
3171 918 3200 971 ὁ
3219 916 3368 979 Υἱός.
3407 916 3575 987 Ὁρᾷς
3603 913 3680 978 ὥς
3700 912 3758 965 αἱ

2191 1014 2288 1084 μὲν
2315 1013 2427 1068 τῶν
2458 1013 2630 1081 ἁγίων
2654 1014 2843 1083 ῥήσεις
2871 1010 3086 1081 ἔχουσιν
3117 1009 3360 1072 εὐσεϐῶς
3391 1025 3453 1062 τε
3501 1008 3595 1061 καὶ
3653 1022 3760 1059 κα-

2187 1106 2317 1169 λῶς.
2363 1106 2523 1179 Παρὰ
2552 1104 2646 1159 σοῦ
2672 1105 2729 1158 δὲ
2769 1103 3209 1174 ὲκλαμϐάνονται
3237 1099 3510 1165 δυσσεϐῶς
3571 1117 3632 1155 τε
3667 1096 3761 1153 καὶ

2188 1212 2399 1261 κακῶς.

2658 1418 2771 1476 Τοῦ
2803 1418 3002 1488 σοφοῦ
3028 1418 3300 1484 Νικαίας.

2274 1552 2363 1617 Ὠς
2386 1551 2450 1622 δὴ
2475 1553 2538 1614 σὺ
2569 1553 2665 1606 καὶ
2688 1549 2783 1606 τοῦ
2811 1552 3089 1622 μακαρίου
3115 1551 3331 1606 Παύλου
3357 1549 3450 1605 τδν
3493 1547 3628 1604 Υίδν
3677 1547 3765 1603 λι.

2191 1661 2380 1715 γοντος
2411 1645 2598 1698 εἰκόνα
2618 1643 2714 1698 τοῦ
2736 1644 2969 1715 ἀοράτου
2999 1643 3159 1710 Θεοῦ,
3192 1643 3288 1698 καὶ
3313 1643 3414 1714 τῆς
3436 1639 3604 1696 αὐτοῦ
3633 1643 3764 1696 ὑπο-

515 1746 840 1802 ευὶιειοηιίω
866 1746 988 1815 eius
1019 1756 1187 1816 atque
1217 1747 1574 1816 Splendorem
1613 1748 1825 1819 glorias,
1859 1751 1941 1806 sic
1982 1766 2083 1805 au-

2192 1739 2435 1800 στάσεως
2473 1739 2825 1810 χαρακτῆρα,
2884 1737 2982 1794 καὶ
3034 1737 3136 1819 τῆς
3191 1737 3351 1808 δόξης
3394 1736 3759 1806 ἀπαύγασμα,

515 1837 666 1891 dires
700 1848 959 1905 tanquam
988 1835 1270 1892 dicentem
1320 1838 1571 1907 ejusdem
1611 1853 1734 1893 esse
1760 1841 2089 1898 substantia:

514 1943 642 1983 cum
693 1927 882 1991 Patre,
919 1935 970 1982 et
1019 1928 1197 1982 solum
1246 1929 1496 1983 eamdem
1528 1937 1808 1995 naturam,
1845 1947 1953 1987 non
1995 1949 2092 1987 au-

519 2030 631 2077 tem
685 2031 740 2078 et
789 2021 1204 2076 distinctionem
1249 2038 1608 2091 personarum
1654 2024 2086 2095 signiﬁcantem.

522 2115 721 2172 Verum
771 2131 874 2170 nos
921 2116 1135 2169 ratione
1178 2126 1436 2186 tanquam
1489 2117 1702 2174 arbitro
1739 2125 1976 2184 utentes,
2031 2127 2092 2173 et

518 2207 863 2264 identitatcm
922 2219 1136 2262 naturae
1180 2208 1550 2279 imaginisqne
1599 2218 1765 2280 atque
1814 2225 2087 2280 personas,

515 2299 648 2354 item
677 2299 1042 2370 operationis,
1077 2299 1160 2352 bis
1190 2299 1328 2367 ipsis
1370 2300 1692 2355 nominibus
1722 2301 1977 2371 religiose
2008 2301 2092 2357 in-

517 2394 838 2462 telligimus,
863 2403 1140 2462 quatenus
1172 2407 1460 2460 possemus
1487 2396 1656 2449 etiam
1689 2396 1896 2460 dicere,
1923 2411 2089 2449 unam

515 2499 638 2541 esse
677 2483 1046 2539 sanctissime
1079 2481 1372 2538 Trinitatis
1422 2486 1741 2554 imaginem,
1796 2495 1852 2540 et
1907 2485 2082 2540 Deita-

519 2587 656 2641 tem,
690 2576 1034 2646 accipientes
1066 2578 1359 2648 imaginem
1391 2577 1512 2632 loco
1543 2578 1910 2646 exemplaris;
1940 2579 2093 2632 simi-

515 2669 646 2724 liter
675 2668 867 2732 etiam,
910 2668 956 2723 si
1008 2683 1305 2738 personam
1357 2669 1536 2724 Patris
1571 2669 1906 2737 diceremus,
1955 2672 2092 2725 sub;

517 2759 778 2814 stantiam
827 2757 1010 2813 Patris
1068 2759 1484 2826 denotaremus,
1535 2771 1810 2830 quatenus
1865 2762 1919 2815 iu
1980 2763 2092 2818 Deo

519 2851 852 2914 substantia,
887 2852 1033 2906 idem
1064 2864 1149 2907 est
1174 2864 1340 2922 atque
1367 2853 1490 2923 ejus
1516 2868 1779 2924 persona,
1816 2864 1876 2911 et
1905 2871 2094 2925 perso-

515 2959 716 2998 narum
771 2943 1139 2999 nihilominus
1192 2945 1609 3001 distinctionem
1674 2947 2091 3016 signiﬁcamus,

518 3037 794 3107 siquidem
831 3046 942 3092 tres
972 3052 1242 3107 personas
1301 3036 1544 3092 fatemur
1597 3053 1722 3093 esse
1751 3041 1804 3094 in
1850 3041 2089 3096 sanctis-
2118 3066 2162 3128 ε

517 3128 659 3186 sima
698 3128 1006 3193 'l‘rinitate;
1057 3143 1191 3183 sane
1245 3138 1462 3184 constat
1499 3145 1601 3184 nos
1647 3131 1756 3186 hoc
1787 3132 1954 3186 modo
2005 3134 2088 3188 lo-

517 3221 722 3293 quendi
753 3234 862 3275 non
900 3220 1041 3273 idem
1070 3235 1190 3274 esse
1223 3236 1489 3290 personas
1525 3222 1668 3277 inter
1709 3236 1789 3286 se,
1825 3223 1922 3279 sed
1955 3225 2083 3280 dis-

516 3313 835 3369 tiuctionem
888 3312 1106 3375 docere,
1162 3321 1217 3365 et
1275 3312 1589 3381 explanare.
1641 3312 1822 3385 Imago
1868 3331 2089 3386 qunque

515 3410 680 3480 plane
714 3425 826 3463 non
855 3410 920 3462 ad
961 3410 1221 3476 selpsam,
1252 3407 1348 3462 sed
1383 3407 1450 3461 ad
1509 3408 1643 3462 illud
1677 3409 1903 3473 dicitur,
1929 3410 2090 3479 cujus

515 3509 600 3556 est
627 3503 831 3571 imago,
877 3509 1171 3573 prspterea
1217 3508 1274 3553 et
1322 3514 1614 3568 personam
1669 3499 1916 3561 denotat.
1965 3515 2089 3570 quae

517 3592 810 3647 relativum
853 3607 1059 3645 nomen
1089 3590 1341 3655 exsistat,
1390 3590 1498 3645 tale
1544 3590 1833 3657 nimirum,
1865 3603 1924 3644 ut
1963 3607 2089 3662 per-

515 3697 707 3737 sonam
733 3683 964 3750 subeat;
1004 3668 1072 3736 tu.
1092 3697 1223 3738 vero
1259 3684 1447 3738 nescio
1475 3684 1610 3754 quid
1659 3685 1894 3750 cogitas,
1929 3694 2090 3740 natu-

516 3775 712 3830 raliter
773 3790 881 3828 non
943 3775 1290 3845 hypostatice
1349 3773 1458 3828 dici
1509 3775 1806 3832 affirmans.
1866 3776 2088 3845 quando

515 3866 690 3922 altera
725 3862 964 3938 persona
999 3866 1233 3920 alterius
1259 3880 1381 3920 esse
1415 3866 1646 3920 dicitur.
1679 3867 1745 3920 Et
1785 3869 2085 3922 absurdum

515 3973 742 4029 quoque
764 3958 1024 4026 colligere
1054 3956 1370 4022 arbitraris,
1391 3959 1535 4026 quod
1555 3947 1865 4013 manifeste
1892 3968 2086 4014 contra

517 4060 570 4104 te
597 4049 748 4106 facit.
793 4050 888 4105 Sin
917 4061 1101 4105 autem
1131 4049 1184 4104 id
1219 4066 1412 4104 verum
1449 4051 1542 4114 sit,
1575 4050 1702 4106 licet
1743 4051 2088 4106 animadver-

515 4150 659 4197 tere.
696 4142 997 4197 Existimas
1019 4144 1166 4197 enim
1196 4159 1294 4197 eos
1322 4143 1417 4211 qui
1453 4146 1714 4198 asserunt
1740 4142 1939 4197 Filium
1963 4159 2088 4200 esse

516 4250 809 4307 personam
844 4235 1045 4300 Patris,
1093 4244 1284 4304 utpote
1318 4237 1414 4306 qui
1444 4252 1511 4290 ea
1547 4235 1665 4304 ipso
1693 4237 2009 4304 proveniat.
2031 4244 2088 4291 et

517 4335 738 4375 rursum
799 4320 1065 4389 Spiritum
1114 4321 1264 4388 Filii,
1315 4323 1520 4393 quippe
1571 4324 1666 4392 qui
1713 4339 1780 4377 ex
1831 4321 1951 4394 ipso
1992 4325 2085 4390 sit,

2190 1831 2363 1898 οὕτως
2404 1831 2691 1896 ἀκούσαις,
2745 1832 2822 1895 ῶς
2865 1833 2972 1902 τῆς
3025 1833 3195 1901 αὐτῆς
3225 1833 3391 1888 αὐτὸν
3444 1831 3525 1901 τῷ
3585 1830 3764 1901 Πατρὶ

2191 1923 2545 1987 ὑποστάσεως
2573 1924 2847 1993 λέγοντος,
2886 1925 2980 1980 καὶ
3005 1926 3222 1995 φύσεως
3251 1926 3416 1998 μόνον
3469 1924 3759 1995 δηλοῦντος

2189 2016 2519 2087 ταυτότητα,
2567 2017 2629 2069 οὗ
2668 2017 2850 2084 μέντοι
2904 2019 3000 2071 καὶ
3049 2018 3329 2088 διάκρισιν
3373 2018 3757 2073 ὑποστάσεωνέ

2192 2107 2336 2162 Ἀλλ’
2355 2109 2518 2180 ἡμεῖς
2548 2107 2793 2173 εὒσεδῶς
2813 2110 3126 2175 διαιτῶντες
3152 2110 3231 2181 τῷ
3260 2111 3426 2182 λόγῳ,
3449 2111 3545 2166 καὶ
3565 2109 3760 2165 ταυτόο

2189 2220 2328 2271 τητα
2354 2204 2573 2272 φύσεως
2632 2204 2725 2258 διὰ
2763 2203 2973 2258 τούτων
3026 2206 3136 2260 τῶν
3182 2207 3475 2276 ὀνομάτων
3532 2205 3760 2275 νοοῦμεν

2193 2297 2401 2362 εἰκόνος
2436 2313 2498 2350 τε
2528 2296 2622 2350 καλ
2656 2293 2948 2365 προσώπου
2977 2298 3074 2350 καὶ
3125 2297 3434 2367 ἐνεργείας,
3492 2297 3762 2351 meant

2193 2391 2492 2462 δυναίμεθα
2517 2390 2583 2446 ἂν
2612 2390 2779 2460 φάναι
2811 2393 2942 2462 μίαν
2978 2387 3120 2444 εἶναι
3157 2394 3255 2462 τὴν
3286 2391 3386 2460 τῆς
3414 2391 3576 2459 ἁγίας
3599 2389 3763 2461 Τριά-

2192 2484 2279 2548 δος
2299 2484 2485 2540 εἰκόνα
2510 2501 2569 2543 τε
2610 2483 2707 2538 καὶ
2733 2482 2987 2553 Θεότητα,
3027 2485 3146 2538 ἀντὶ
3171 2484 3615 2554 παραδείγματος
3659 2485 3761 2550 τὴν

2193 2579 2379 2632 εἰκόνα
2407 2578 2726 2648 δεχόμενοι·
2757 2579 2962 2648 ὁμοίως
2999 2577 3061 2632 δὲ
3109 2577 3204 2631 καὶ
3232 2579 3292 2631 τὸ
3328 2578 3622 2645 πρόσωπον
3667 2575 3760 2630 τοῦ

2194 2670 2410 2740 Πατρδς
2436 2670 2690 2737 λέγοντες
2722 2669 2827 2739 τὴν
2851 2667 2945 2722 τοῦ
2989 2670 3205 2737 Πατρδς
3259 2669 3450 2738 οὐσίαν
3484 2666 3766 2736 δηλώσαι-

2198 2781 2320 2833 μεν,
2351 2762 2580 2818 καθόσον
2613 2765 2672 2816 ἐν
2693 2765 2772 2836 τῷ
2805 2765 2924 2834 Θεῷ
2971 2765 3005 2832 ἡ
3049 2764 3208 2817 οὐσία
3263 2765 3464 2817 ταυτόν
3513 2766 3630 2817 ἐστι
3693 2764 3782 2838 τῇ,

2195 2857 2491 2913 ὑποστάσει
2522 2856 2686 2911 αὑτοῦ
2715 2874 2728 2887 ·
2760 2857 2915 2910 οὐδὲν
2939 2859 3126 2927 μέντοι
3164 2851 3326 2928 ἦττον
3352 2857 3448 2909 καὶ
3502 2856 3601 2924 τὴν
3653 2843 3761 2909 τῶν

2192 2950 2550 3004 ῦποστάσεων
2579 2948 2852 3020 δηλοῦμεν
2883 2950 3180 3020 διάκρισιν.
3232 2949 3510 3020 Πρὸτωπά
3538 2964 3598 3002 τε
3651 2948 3760 3020 γὰρ

2194 3042 2320 3112 τρία
2349 3041 2532 3110 φαμὲν
2567 3041 2660 3093 ἐπὶ
2684 3041 2783 3111 τῆς
2817 3041 2976 3110 άγίας
2997 3041 3251 3111 Τριάδος.
3286 3041 3453 3112 Δῆλον
3473 3041 3549 3108 ὡς
3573 3044 3632 3096 οὐ
3661 3045 3760 3114 τὴν

2206 3130 2516 3198 ταυτότητα
2543 3130 2633 3184 διὰ
2663 3129 2878 3198 τούτου,
2927 3131 3027 3201 τὴν
3077 3133 3353 3204 διάκρισιν
3400 3133 3457 3188 δὲ
3493 3134 3758 3204 παριστάν

2200 3237 2405 3284 νοντες.
2453 3221 2525 3274 Ἦ
2548 3239 2608 3275 τε
2632 3223 2798 3277 εἰκὼν
2838 3221 3083 3291 φανερῶς
3116 3221 3176 3273 οὐ
3209 3222 3341 3292 πρὸς
3369 3221 3594 3293 ιαυτὴν,
3624 3206 3758 3275 ἀλλὰ

2197 3315 2335 3384 πρὸς
2367 3317 2541 3367 ἐκεῖνο
2563 3314 2805 3381 λέγεται,
2837 3308 3047 3376 οὗτινός
3097 3315 3211 3367 ἐστι
3257 3316 3353 3368 καὶ
3409 3317 3596 3368 εἰκῶν.
3651 3317 3759 3370 Καὶ

2197 3407 2286 3460 διὰ
2315 3407 2475 3459 τοῦτο
2505 3406 2764 3476 σημαίνει
2801 3408 3102 3460 ὑπόστασιν
3131 3406 3469 3475 άναφορικόν
3500 3423 3564 3473 γε
3589 3405 3758 3474 δνομα

2195 3496 2278 3564 ὃν,
2307 3499 2398 3551 καὶ
2426 3492 2538 3552 οἷον
2579 3497 2870 3569 πρόσωπον
2910 3497 3246 3566 ὐφιστάνειν.
3296 3498 3369 3552 Σὺ
3396 3497 3441 3551 δ’
3480 3498 3580 3550 οὐκ
3606 3494 3703 3550 οἷδ’
3729 3497 3758 3550 δ

2196 3608 2248 3644 τι
2278 3590 2480 3659 διανοῇ,
2516 3589 2759 3662 φυσικῶς
2785 3587 3041 3659 λέγεσθαι
3074 3589 3298 3660 φάσκων
3330 3591 3429 3661 οὐχ
3467 3592 3760 3646 ὑποστατιο

2196 3679 2330 3746 κῶς,
2374 3681 2505 3740 ὅταν
2552 3681 2846 3751 πρόσωπον
2907 3681 3095 3750 ἓτερον
3136 3680 3621 3752 ἐτέρουπλέγηται.
3652 3684 3759 3737 Καὶ

2195 3773 2397 3828 ἄτοπον
2437 3771 2493 3824 δὲ
2522 3772 2786 3840 συνάγειν
2813 3772 3076 3843 νομίζεις,
3109 3771 3140 3825 δ
3183 3773 3328 3827 κατὰ
3358 3774 3452 3829 σοῦ
3510 3776 3758 3846 φανερῶς

2196 3865 2365 3916 ἐστιν.
2403 3863 2464 3916 Et
2497 3862 2542 3916 δ’
2576 3862 2818 3933 άληθῶς,
2877 3862 3054 3929 ἔξεστι
3115 3863 3443 3934 σκέψασθαι.
3484 3866 3610 3930 Τοῖς
3651 3867 3758 3935 γὰρ

2194 3957 2415 4024 λέγουσι
2445 3955 2533 4009 τὸν
2565 3956 2668 4025 μὲν
2703 3956 2838 4008 Υιὸν
2884 3959 3178 4028 πρόσωπον
3203 3956 3297 4010 τοῦ
3332 3957 3565 4029 Πατρδς,
3595 3960 3672 4021 ὡς
3701 3961 3760 4029 ἐξ

2195 4047 2358 4100 αὐτοῦ
2386 4049 2663 4117 προϊόντα,
2697 4046 2791 4100 τοῦ
2823 4048 2879 4101 δὲ
2901 4046 3032 4100 Υίοῦ
3064 4047 3218 4112 αὖθις
3242 4049 3304 4102 τὸ
3331 4049 3558 4121 Πνεῦμα
3593 4051 3668 4116 ῶς
3700 4052 3760 4106 δν

2195 4140 2254 4202 ἐξ
2283 4138 2470 4204 αὑτοῦ,
2502 4122 2727 4192 ἔπεσθαι
2757 4138 2858 4191 οίει
2885 4139 2960 4209 μὴ
2983 4138 3165 4207 λέγειν
3189 4140 3316 4194 ἄλλο
3352 4143 3645 4212 πρόσωπον
3673 4145 3761 4198 τὸν

2197 4231 2436 4301 Πατέρα,
2478 4230 2687 4284 καὶτὸν
2717 4229 2849 4284 Υίδν
2881 4231 3093 4302 ἕτερον,
3130 4234 3299 4286 καὶτὸ
3333 4233 3579 4304 Πνεῦμα.
3619 4237 3762 4303 Ἐγὼ

2193 4324 2241 4378 δ’
2271 4325 2326 4378 εί
2349 4342 2402 4378 τι
2437 4323 2617 4387 καλῶς
2649 4322 2741 4376 τοῦ
2789 4323 2883 4376 σοῦ
2937 4321 3099 4392 λόγου
3149 4326 3399 4395 συνίημι,
3428 4331 3494 4395 τῇ
3548 4327 3650 4398 μὲν
3693 4332 3760 4401 σῇ

514 4411 652 4466 illud
709 4411 1111 4467 inconveniens
1158 4415 1339 4484 sequi,
1395 4429 1492 4469 eos
1548 4430 1658 4468 non
1709 4415 1867 4468 fateri
1923 4415 2084 4471 aliam

2191 4418 2334 4470 θέσει
2357 4415 2448 4469 καὶ
2493 4414 2631 4469 πάνυ
2656 4416 2722 4468 ἂν
2763 4415 2922 4469 τοῦτο
2959 4417 3021 4469 τδ
3053 4417 3255 4470 άτοπον
3291 4417 3522 4472 ἔπεσθαι
3555 4421 3720 4492 φαίην
3744 4437 3758 4453 ·

516 4518 640 4558 esse
671 4519 965 4573 personam
993 4504 1248 4572 Patrem,
1292 4505 1455 4560 aliam
1497 4505 1720 4573 Filium,
1749 4506 1911 4560 aliam
1957 4505 2085 4578 Spi-

517 4595 683 4650 ritum
714 4607 992 4650 sanctum.
1025 4596 1142 4666 Ego
1172 4611 1328 4660 vero,
1373 4598 1418 4652 si
1455 4613 1568 4667 quo
1610 4608 1774 4667 pacto
1825 4609 1973 4653 tuam
2004 4613 2090 4652 ra-

515 4685 722 4742 tionem
753 4687 1019 4756 percipio,
1053 4696 1143 4741 tua
1178 4686 1406 4758 quidem
1439 4688 1607 4754 thesi,
1634 4698 1690 4743 et
1729 4688 1888 4744 valde
1927 4689 2085 4758 sequi

515 4777 620 4832 boc
650 4777 950 4832 absurdum
997 4777 1356 4840 allirtnarem.
1389 4790 1583 4835 nostra
1615 4795 1747 4835 vero
1778 4789 1950 4836 totum
1992 4797 2089 4852 op—

517 4869 778 4938 positum.
830 4869 1070 4936 Etenim,
1124 4870 1170 4924 si
1223 4885 1520 4938 personam
1580 4873 1810 4925 alteram
1860 4872 2089 4928 alterius

517 4962 652 5024 dici,
705 4961 849 5015 idem
887 4977 1010 5017 esse
1041 4962 1188 5016 inter
1223 4977 1280 5017 se
1311 4963 1511 5029 solum,
1563 4973 1619 5017 et
1664 4962 2085 5019 similitudinem

515 5053 936 5118 immutabilem,
968 5064 1028 5108 ut
1060 5055 1175 5124 ipse
1218 5056 1400 5124 ponis,
1430 5057 1740 5124 signiﬁcat;
1781 5067 1861 5110 est
1900 5068 2088 5113 autem

514 5156 750 5211 persona
784 5142 965 5197 Patris
994 5143 1190 5207 Filius,
1219 5156 1410 5215 utpote
1435 5161 1560 5214 qua:
1585 5146 1776 5200 eadem
1809 5147 1881 5198 sit
1922 5156 2090 5216 atque

516 5235 634 5301 ipse
688 5234 994 5287 secundum
1046 5235 1456 5301 substantiam,
1508 5245 1674 5305 atque
1737 5237 1910 5307 ipsius
1963 5235 2086 5292 Filii

513 5331 600 5378 est
659 5324 928 5394 Spiritus,
984 5325 1187 5395 quippe
1248 5335 1455 5381 tantum
1517 5328 1757 5397 ejusdem
1799 5328 1870 5382 sit
1925 5338 2089 5398 atque

519 5415 638 5487 ipse
674 5418 993 5472 substantia!
1010 5435 1047 5485 ς.
1073 5422 1195 5475 sine
1222 5421 1599 5475 controversia
1624 5421 1770 5475 nulla
1800 5421 1904 5476 alia
1937 5434 2089 5478 esset

516 5525 757 5581 persona
797 5510 958 5566 Pater
1001 5526 1035 5567 a
1080 5512 1220 5567 Filio
1250 5523 1306 5568 et
1352 5512 1586 5583 Spiritu,
1616 5521 1672 5566 et
1707 5514 1788 5567 illi
1832 5515 1897 5568 ad
1949 5516 2093 5568 invi-

517 5615 659 5663 cem,
691 5613 866 5668 neque
902 5600 1311 5657 enim-alterius
1343 5611 1474 5656 sunt
1510 5603 1856 5657 substantiae.
1888 5602 2086 5659 Verum

513 5704 646 5747 cum
703 5692 959 5749 audimus
1016 5709 1309 5765 personam
1371 5693 1578 5761 Patris,
1641 5697 1720 5750 vel
1784 5711 2081 5767 personam

2190 4513 2256 4580 τῇ
2282 4510 2525 4582 ἡμετέρα
2557 4508 2614 4562 δὲ
2649 4509 2758 4562 πᾶν
2791 4508 3121 4566 τούναντίον.
3165 4512 3229 4566 Et
3261 4511 3364 4582 μὲν
3393 4517 3504 4585 γάρ
3533 4516 3594 4567 τὸ
3626 4517 3762 4587 τιρό-

2190 4619 2373 4656 σωπον
2393 4601 2580 4674 ἕτερον
2618 4601 2809 4674 ἑτέρου
2843 4603 3123 4670 λέγεσθαι,
3143 4608 3245 4675 τὴν
3275 4609 3584 4677 ταυτότητα
3607 4608 3762 4680 δηλοῖ

2192 4693 2370 4763 μόνον,
2397 4696 2492 4747 καὶ
2514 4695 2944 4765 ἀπαράλλακτον
2969 4695 3255 4765 ὁμοίωσιν,
3279 4697 3356 4760 ῶς
3377 4699 3542 4764 αὐτὸς
3575 4703 3756 4774 τίθης,

2189 4783 2381 4838 ἔστιδὲ
2405 4784 2695 4857 πρόσωπον
2725 4787 2821 4840 τοῦ
2890 4787 3101 4854 ιιατρὸς
3157 4789 3185 4840 ό
3232 4788 3384 4856 Υίδς,
3440 4790 3516 4854 ὡς
3561 4794 3758 4847 ταυτὸν

2189 4876 2335 4945 αὐτῷ
2365 4880 2486 4930 κατ’
2511 4876 2738 4951 οὐσίαν,
2786 4880 2882 4932 καὶ
2926 4880 3092 4934 αὑτοῦ
3126 4880 3261 4935 Υίοῦ
3292 4884 3630 4955 τδὶηνεῦμα,
3683 4888 3758 4950 ὡς

2189 4968 2287 5038 τῆς
2316 4968 2485 5038 αὐτῆς
2514 4969 2664 5039 αὐτῷ
2699 4972 2860 5040 μόνον
2904 4971 3114 5036 οὐσίας,
3163 4972 3613 5045 ὁμολογουμένως
3659 4980 3758 5032 οὐκ

2190 5061 2257 5112 ἂν
2286 5062 2373 5130 εἴη
2420 5059 2548 5114 ἄλλο
2611 5063 2906 5132 πρόσωπον
2953 5065 2981 5118 ὁ
3027 5066 3218 5136 Πατὴρ
3267 5067 3364 5121 τοῦ
3398 5067 3530 5122 Υἱοῦ
3573 5087 3633 5124 τε
3665 5072 3755 5125 καὶ

2192 5151 2531 5222 Πνεῦματος,
2568 5154 2808 5207 κάκεῖνοι
2834 5154 3110 5224 ἀλλήλων,
3152 5159 3275 5211 οὐδὲ
3303 5159 3412 5228 γάρ
3457 5160 3626 5229 άλλης
3662 5162 3755 5215 od-

2191 5244 2335 5306 σίας.
2381 5243 2543 5296 Ἀλλὰ
2574 5247 2871 5314 πρόσωπον
2891 5251 2986 5301 τοῦ
3018 5249 3249 5319 [ἰατρὸς.
3280 5249 3314 5318 ἢ
3354 5254 3647 5322 πρόσωπον
3662 5251 3754 5306 τοῦ

2189 5334 2320 5388 Υίοῦ
2348 5334 2660 5402 ἀκούοντες,
2685 5340 2780 5391 καὶ
2813 5339 2895 5392 ἔτι
2921 5339 3014 5392 τοῦ
3071 5342 3408 5412 Πνεῦματος,
3437 5345 3536 5413 τὴν
3567 5345 3757 5399 ταυτό-

2188 5442 2328 5496 τητα
2358 5428 2454 5496 τῆς
2476 5428 2669 5491 οὐσίας
2697 5430 2982 5502 νοήσομενο
3012 5432 3087 5497 ὡς
3110 5437 3170 5487 τό
3195 5452 3258 5502 γε
3297 5436 3440 5490 κατά
3466 5437 3526 5489 σὲ
3555 5436 3756 5508 άιῄρη-

2189 5533 2278 5571 ται
2306 5518 2339 5588 ἡ
2365 5519 2560 5588 Τριὰς,
2587 5525 2665 5583 εἰς
2700 5523 2948 5595 μονώτην
2964 5525 3393 5597 ἀντιπεριστάσει
3419 5529 3576 5583 Θεὸν.
3628 5531 3689 5583 Et
3709 5529 3752 5582 δ’

2189 5609 2266 5672 ὡς
2284 5611 2445 5680 ἡμεῖς
2481 5611 2713 5682 λέγομεν
2738 5616 2799 5667 τὸ
2831 5617 3123 5687 πρόσωπον
3169 5618 3355 5690 ἕτερον
3384 5620 3576 5693 ἑτέρου
3604 5623 3754 5690 λέγε-

2193 5702 2316 5756 σθαι
2347 5703 2410 5758 τὸ
2442 5703 2501 5770 ἐξ
2550 5706 2789 5762 ἐκείνου.
2810 5705 2952 5764 εἶναι
2983 5712 3262 5783 σημαίνει,
3292 5708 3355 5767 οὗ
3413 5715 3509 5771 καὶ
3541 5717 3753 5784 λέγεται
