4090 6146
336 276 449 342 257

1316 252 1694 336 ΛΡΟΙ.ΟϐΙΑ
1736 268 2356 333 INSCRIPTIONUM
2396 267 2642 335 VECCI.

3512 268 3622 337 258

345 391 508 458 εἶναι,
540 390 675 464 πρὸς
723 389 798 463 τῷ
832 389 929 445 καὶ
958 388 1059 461 τῆς
1125 387 1296 460 αὐτῆς
1349 388 1498 458 αὖτῷ
1544 384 1684 442 εἶναι
1722 385 1936 452 οὐσίας,

2053 378 2188 453 Filii,
2215 388 2386 459 ipsius
2410 402 2632 459 quoque
2661 384 2902 455 Spiritus
2928 385 3124 454 sancti,
3154 382 3299 444 idem
3323 401 3445 445 esse
3474 386 3624 447 inter

342 489 467 542 ἐπεὶ
489 486 552 540 τὺ
583 485 647 540 εκ
677 494 825 550 τινος
858 482 919 540 δν
950 484 1142 553 ἕτερόν
1168 486 1284 537 ἐστι
1321 482 1571 553 φανερῶς
1600 484 1669 553 τῇ
1703 498 1764 551 γε
1800 480 1945 549 γοῦν

344 577 673 643 ὑποστάσει,
709 577 805 629 καὶ
838 576 918 646 τῷ
944 574 1228 647 προσώπῳ
1257 573 1357 629 τοῦ
1419 574 1477 641 ἐξ
1515 565 1577 626 οὗ
1605 572 1825 640 λέγεται
1854 567 1933 624 εἴ·

343 690 456 737 ναι,
489 672 609 736 πῶς
632 673 735 728 οὐκ
760 671 916 726 ἔσται
945 672 1240 742 πρόσωπον
1274 670 1302 722 δ
1328 669 1520 738 Πατὴρ
1576 666 1727 734 ἄλλο,
1759 667 1851 721 καὶ
1906 667 1936 718 ὁ

344 766 497 833 Υίδς,
545 767 640 820 καὶ
672 767 735 820 τὸ
764 763 1027 833 Πνεῦμας
1080 761 1234 816 Ὢστ⁹
1269 762 1432 833 ἡμεῖς
1467 761 1566 832 μὲν
1610 758 1784 813 ταῦτα
1844 758 1932 811 ὶέ-

345 876 535 928 γοντες
573 860 674 931 τὴν
725 857 934 930 Τριάδα
989 856 1087 912 καὶ
1147 856 1295 928 μάλα
1343 856 1727 926 φυλάττομεν·
1772 851 1937 916 αὐτὸς

346 953 408 1007 δι
442 951 683 1023 φύλαξαι
720 951 797 1024 μὴ
852 952 1171 1007 τούναντίον
1232 949 1405 1004 ποιῶν
1438 948 1643 1012 ἀδίκως
1699 946 1937 1016 ἑγκαλῇς

346 1043 551 1108 ἀλλοις,
576 1046 713 1116 ἡμῖν
745 1042 1018 1107 ἑπιτιθεὶς
1060 1043 1132 1098 τά
1150 1042 1329 1115 ὀνείδη
1369 1042 1439 1097 τὰ
1475 1040 1603 1096 [δια.
1644 1040 1765 1095 Ὅτι
1792 1039 1845 1091 δὲ
1877 1039 1937 1092 τὸ

348 1138 605 1207 λέγεσθαι
654 1139 973 1210 πρόσωπον,
1014 1138 1048 1209 ἢ
1109 1135 1363 1208 δύναμιν,
1399 1136 1433 1207 ἢ
1492 1136 1776 1205 ἐνέργειαν
1817 1132 1937 1186 τόδε

348 1231 507 1287 τοῦδέ
530 1249 701 1300 τινος,
756 1231 896 1303 πρὸς
951 1229 1029 1303 τῷ
1087 1230 1258 1302 ἄλλην
1312 1230 1602 1301 σημαίνειν
1641 1228 1939 1282 ὑπόστασιν

350 1325 445 1378 καὶ
468 1325 531 1379 τὸ
553 1325 613 1394 ἐξ
639 1324 813 1379 αὑτοῦ
845 1319 990 1380 εἶναι
1020 1323 1298 1394 σημαίνει,
1365 1317 1428 1378 οῦ
1475 1322 1572 1377 καὶ
1618 1320 1839 1392 λέγεται
1864 1316 1944 1375 εί-

346 1432 459 1483 ναι,
494 1417 605 1471 τῶν
623 1416 896 1486 λεγόντων
918 1417 1154 1473 ἄκουσον
1179 1410 1349 1489 (οῦτοι
1377 1415 1425 1470 δ’
1457 1416 1594 1472 εἰσὶν
1616 1417 1664 1471 oi
1690 1415 1944 1471 διδάσκα-

347 1509 429 1564 λοι
464 1509 688 1583 πάντες)
718 1511 961 1583 Χριστὸν
992 1510 1133 1566 Θεοῦ
1164 1510 1421 1581 δύναμιν,
1442 1511 1539 1564 καὶ
1559 1508 1702 1564 Θεοῦ
1723 1509 1939 1579 σοφίαν,

346 1604 443 1658 καὶ
479 1598 640 1669 αὖθις
681 1603 867 1670 ζῶσαν
897 1604 997 1659 καὶ
1023 1603 1393 1660 ἔννπόστατον
1439 1602 1729 1676 ἑνέργειάν
1753 1621 1814 1658 τε
1849 1603 1944 1657 καὶ

346 1698 580 1768 δύναμιν
615 1699 709 1752 τοῦ
734 1697 951 1769 Πατρδς
983 1696 1082 1751 τὸν
1128 1696 1255 1752 Υίόν
1274 1714 1292 1732 ο
1344 1696 1443 1752 καὶ
1469 1698 1653 1760 πάλιν,
1685 1696 1745 1749 τὸ
1771 1696 1946 1751 Πνεῦο

350 1810 427 1864 μα
454 1793 517 1848 τὸ
540 1792 694 1862 άγιον
740 1792 843 1847 οὐκ
898 1791 1184 1865 ἀλλότριον
1214 1789 1312 1846 τοῦ
1346 1790 1505 1855 Υίοῦ,
1554 1789 1675 1845 ἀλλ’
1707 1792 1767 1847 ὲν
1795 1790 1945 1862 αὐτῷ

346 1900 410 1938 τε
457 1886 556 1938 καὶ
596 1884 655 1951 ἐξ
702 1884 893 1954 αὐτοῦ,
946 1888 1042 1940 καὶ
1082 1884 1277 1956 ὥσπερ
1324 1885 1614 1958 ἐνέργειαν
1657 1887 1941 1957 φυσικήνο

350 1977 514 2047 δῆλον
536 1979 653 2049 γάρ
701 1979 764 2051 δὴ
792 1981 886 2033 τὸν
924 1980 1081 2045 Υίδν.
1131 1980 1501 2035 ἐνυπόστατον
1558 1978 1794 2050 δύναμιν
1847 1978 1977 2062 τοῦ⁸

354 2071 569 2141 Πατρὸς
600 2070 753 2140 ὅντα,
783 2071 1073 2145 διαφέρειν
1116 2071 1289 2127 αὐτοῦ
1329 2072 1468 2128 καθό
1505 2073 1659 2129 ἐστιν
1714 2073 1948 2127 ὑπόστα-

354 2179 463 2230 σις,
496 2162 594 2217 καὶ
648 2165 794 2220 κατὰ
826 2164 990 2221 τοῦτο
1048 2168 1144 2221 καὶ
1199 2165 1259 2234 ἐξ
1315 2164 1484 2220 αὐτοῦ
1520 2164 1650 2220 δντα
1678 2179 1695 2196 ·
1732 2165 1827 2219 καὶ
1883 2164 1947 2219 τὸ

356 2253 583 2325 Πνεῦμα
616 2257 905 2327 ἐνέργειαν
934 2261 1176 2331 φυσικὴν
1204 2256 1300 2314 τοῦ
1334 2258 1491 2324 Υίοῦ,
1550 2258 1674 2313 οὐδὲ
1736 2256 1944 2330 ταύτην

350 2349 753 2415 ἀνυπόστατον,
786 2351 851 2419 ἐξ
874 2352 1042 2406 αὐτοῦ
1066 2369 1129 2406 τε
1195 2345 1360 2417 εἶναι,
1394 2350 1491 2407 καὶ
1551 2350 1730 2424 τούτῳ
1778 2350 1944 2404 αὐτοῦ

350 2444 756 2515 διακρίνεσθαι.
818 2446 973 2503 Ὠστ’
1006 2446 1069 2501 οὺ
1130 2447 1443 2519 ταυτότητά
1506 2446 1671 2516 μόνον
1728 2447 1945 2515 φύσεως

2044 492 2103 533 se
2161 479 2471 535 secundum
2543 478 2911 534 substantiam
2966 479 3350 552 intelligimus.
3405 481 3627 550 Quare,

2043 566 2193 639 quod
2233 568 2301 623 ad
2335 578 2386 624 te
2415 572 2637 633 attinet.
2664 570 2883 626 sublata
2904 581 3003 646 ’cst
3034 571 3279 628 Trinitas
3326 572 3380 627 in
3429 574 3629 629 solita-

2047 660 2189 715 rium
2232 663 2403 716 Deum
2441 671 2745 718 coarctata.
2792 664 2888 718 Sin
2928 672 3115 720 autem
3162 674 3223 720 ut
3254 680 3355 722 nos
3388 665 3628 722 dicimus

2046 769 2341 825 personam
2377 754 2611 811 alteram
2648 756 2880 813 alterius
2905 758 3039 826 diei,
3071 770 3437 831 praeterquam
3477 760 3628 832 quod

2047 849 2120 905 sit
2161 849 2413 921 ejusdem
2468 865 2593 907 cum
2646 850 2768 922 ipso
2809 852 3155 919 subStantize,
3209 854 3383 909 etiam
3416 855 3486 911 ab
3534 855 3630 911 illo

2047 956 2170 997 esse
2218 942 2515 1013 signiticet,
2554 945 2711 1017 cujus
2763 954 2821 1002 et
2868 960 2995 1004 esse
3045 947 3251 1003 dicitur
3296 967 3309 1005 :
3365 948 3629 1021 quoniam

2050 1033 2198 1103 quod
2230 1034 2300 1089 ab
2338 1035 2526 1105 aliquo
2553 1045 2661 1100 est,
2690 1037 2930 1094 alterum
2959 1045 3046 1094 est
3075 1039 3255 1110 plane,
3289 1042 3484 1098 saltem
3532 1043 3635 1115 hy-

2050 1123 2254 1199 postasi
2285 1139 2339 1185 et
2376 1146 2634 1201 persona,
2674 1134 2742 1187 ab
2783 1150 2849 1190 eo
2898 1135 3061 1205 cujus
3093 1150 3217 1191 esse
3247 1134 3493 1205 dicitur;
3536 1138 3632 1208 qui

2050 1222 2170 1277 ﬁeri
2200 1230 2383 1294 potest
2412 1235 2469 1280 ut
2503 1241 2609 1280 non
2640 1226 2713 1281 sit
2748 1228 2852 1281 alia
2902 1242 3140 1297 persona
3177 1227 3360 1295 Pater,
3396 1229 3504 1285 alia
3546 1231 3637 1287 Fi.

2050 1319 2178 1383 lius,
2228 1319 2334 1374 alia
2371 1318 2611 1389 Spiritus
2649 1323 2918 1377 sanctus?
2966 1323 3081 1378 Nos
3130 1323 3320 1391 itaque
3353 1338 3483 1379 eum
3517 1324 3638 1379 haec

2050 1411 2309 1478 dicimus,
2364 1413 2605 1467 maxime
2658 1414 2957 1469 admodum
3006 1413 3335 1471 Trinitatem
3389 1423 3636 1472 tuemur.

2049 1502 2195 1559 Cave
2227 1512 2309 1570 tu,
2343 1518 2413 1560 ne
2443 1506 2762 1576 oppositum
2796 1506 3028 1577 faciens,
3062 1509 3348 1565 immerito
3382 1511 3519 1568 alios
3547 1528 3643 1570 ac-

2050 1603 2236 1664 cuses,
2274 1597 2439 1654 nobis
2468 1599 2760 1657 aseribens
2792 1610 2886 1656 tua
2922 1600 3104 1672 ipsius
3138 1604 3435 1662 dedecora.
3473 1604 3636 1674 Quod

2053 1699 2239 1747 autem
2293 1691 2402 1747 dici
2440 1692 2545 1748 hoc
2573 1694 2783 1765 aliquid
2817 1710 3141 1766 personam,
3176 1712 3273 1755 seu
3304 1700 3634 1769 potentiam,

2050 1801 2151 1841 seu
2190 1787 2568 1855 operationem
2605 1788 2842 1863 alicujus
2886 1798 3256 1864 praeterquam
3283 1794 3431 1864 quod
3464 1795 3637 1867 signi-

2054 1881 2178 1935 ticet
2202 1882 2433 1936 alteram
2474 1882 2837 1956 liypostasim.
2873 1893 3139 1955 praeterea
3169 1886 3493 1945 denotetab
3514 1888 3641 1961 ipso

2051 1985 2197 2033 esse.
2232 1973 2390 2044 cujus
2424 1984 2479 2030 et
2516 1990 2640 2032 esse
2670 1974 2913 2044 dicitur;
2966 1978 3096 2033 audi
3134 1994 3231 2036 eos
3265 1980 3420 2051 (sunt
3446 1992 3635 2039 autem

2052 2079 2248 2121 omnes
2296 2065 2577 2140 doctores)
2610 2068 2704 2140 qui
2735 2080 2935 2127 vocant
2982 2071 3272 2130 Christum
3324 2074 3417 2133 Dei
3453 2076 3641 2131 virtu-

2056 2163 2189 2221 tem,
2228 2157 2437 2229 Deique
2489 2162 2837 2231 sapientiam,
2887 2174 2944 2219 et
2990 2181 3185 2222 rursus
3214 2168 3495 2239 appellant
3544 2171 3640 2226 Fi-

2053 2247 2191 2305 lium
2239 2251 2422 2307 vivam
2465 2261 2523 2309 et
2558 2254 2961 2312 subsistentem
3014 2238 3397 2328 opera1ion‘em
3432 2263 3635 2328 Patris,

2053 2355 2110 2402 et
2172 2347 2373 2403 iterum
2431 2344 2701 2419 Spiritum
2753 2361 3007 2407 sanctum
3046 2368 3161 2408 non
3200 2354 3441 2411 alienum
3480 2360 3643 2416 aiunt

2053 2458 2176 2499 esse
2205 2458 2234 2497 a
2265 2442 2430 2510 Filio,
2463 2443 2559 2499 sed
2593 2443 2647 2498 in
2685 2445 2829 2516 ipso,
2865 2454 2925 2502 et
2951 2463 3016 2503 ex
3054 2447 3198 2515 ipso,
3248 2464 3314 2505 ac
3343 2451 3516 2508 veluti
3548 2467 3615 2506 na

354 2540 533 2593 ταῦτα
561 2538 718 2610 δηλοῖ
732 2539 801 2594 τά
819 2540 1089 2613 ὀνόματα,
1118 2541 1217 2594 καὶ
1250 2540 1310 2595 τδ
1346 2538 1502 2593 τοῦδὲ
1525 2556 1672 2604 τινος
1690 2538 1945 2608 λέγεσθαι

2056 2536 2292 2592 turalem
2344 2537 2752 2608 operationem.
2802 2537 2949 2594 Sane
2998 2540 3226 2610 quidem
3281 2546 3639 2616 perspicuum

352 2634 493 2700 τάδε,
522 2634 609 2703 ἐφ’
631 2626 677 2703 ᾧ
704 2634 870 2701 αὐτὸς
921 2634 1204 2708 ίσχυρίζῃ,
1229 2633 1369 2690 ἀλλὰ
1397 2631 1491 2689 καὶ
1517 2632 1790 2705 διάκρισιν
1812 2632 1947 2689 ὁποι

2055 2641 2143 2687 est
2178 2631 2401 2699 Filium,
2426 2646 2551 2687 cum
2579 2631 2651 2687 sit
2679 2636 2925 2703 potentia
2955 2635 3133 2691 Patris
3165 2637 3500 2706 subsistens,
3535 2642 3642 2696 dit-

360 2728 638 2783 στάσεων.
676 2728 887 2785 Τούτου
910 2729 968 2784 δὲ
1002 2727 1101 2783 τοῦ
1126 2728 1290 2799 λόγου
1342 2728 1823 2798 διασεσεισμένου,
1854 2729 1947 2787 καῖ

2059 2725 2201 2780 terre
2231 2725 2302 2780 ab
2325 2725 2446 2795 ipso
2468 2725 2657 2793 Patre,
2686 2735 2968 2797 quatenus
2996 2737 3080 2783 est
3108 2746 3367 2800 persona.
3398 2743 3455 2791 et
3482 2736 3645 2807 juxta

359 2821 425 2874 τὰ
459 2822 718 2891 ἑπόμενα
753 2821 933 2877 πάντα
975 2820 1521 2893 συματαὸέόὶαςται.

2060 2822 2166 2876 hoc
2200 2819 2269 2876 ab
2318 2818 2440 2889 ipso
2476 2834 2696 2891 quoque
2739 2836 2882 2877 esse.
2933 2822 3001 2877 Et
3027 2822 3311 2893 Spiritum
3359 2838 3638 2893 sanctum,

354 2931 481 2971 cum
528 2919 603 2973 sit
651 2917 906 2987 operatio
953 2915 1075 2973 Filii
1130 2916 1420 2983 naturalis,
1454 2931 1635 2987 neque
1690 2916 1838 2983 talis,
1876 2927 1936 2975 ut
1968 2935 2093 2991 qua:
2149 2925 2387 2988 nequeat
2451 2914 2757 2973 subsistere
2788 2933 2855 2972 ex
2890 2918 3010 2986 ipso
3065 2934 3289 2990 quoque
3310 2937 3435 2978 esse
3471 2922 3638 2987 Filio,

357 3022 411 3068 ει
462 3014 568 3070 hoc
604 3016 766 3071 modo
798 3019 869 3072 ab
919 3029 989 3070 eo
1036 3014 1331 3087 distingui.
1369 3015 1557 3086 Itaque
1611 3030 1723 3071 non
1756 3015 1939 3072 solum
1980 3017 2126 3074 idem
2167 3030 2294 3072 esse
2363 3015 2508 3070 inter
2559 3030 2642 3081 se,
2673 3018 2961 3074 semiudum
3030 3028 3285 3074 naturam
3314 3022 3391 3091 tl)
3423 3023 3643 3093 signiti-

355 3121 485 3168 cant
547 3111 664 3168 haec
693 3113 942 3181 nomina,
989 3121 1047 3168 et
1086 3112 1236 3184 quod
1286 3110 1394 3168 hoc
1475 3112 1686 3183 aliquid
1740 3114 1980 3170 alterius
2010 3130 2133 3171 esse
2184 3114 2403 3169 dicatur
2479 3112 2729 3186 (propter
2777 3114 3030 3171 eamdem
3083 3120 3364 3191 naturam)
3411 3121 3464 3176 in
3523 3140 3636 3193 quo

357 3208 475 3271 ipse
529 3205 773 3264 niteris:
850 3222 1045 3263 verum
1128 3206 1298 3263 etiam
1346 3206 1762 3266 distinctionem
1811 3226 2179 3282 personarum
2235 3208 2547 3277 declarant,
2602 3209 2705 3263 hac
2778 3222 2964 3265 autem
3036 3213 3251 3270 ratione
3343 3229 3641 3287 concussi,

355 3311 558 3360 caetera
602 3318 829 3376 quoque
877 3302 1088 3372 omnia,
1122 3319 1247 3376 quae
1275 3315 1591 3374 sequuntur
1622 3305 1786 3364 facile
1836 3323 1945 3365 una
1985 3314 2281 3364 corruunt.

790 3417 902 3478 Τοῦ
950 3420 1186 3478 Βέκκου
1223 3424 1313 3490 εις
1339 3422 1456 3492 τὴν
1490 3422 1562 3480 δ’.

429 3545 651 3617 Ἐπειδὴ
680 3552 827 3609 τινες
858 3545 937 3616 μὴ
994 3545 1427 3617 καταδεχόμενοι
1484 3544 1584 3616 τὴν
1645 3545 1703 3598 ὲν
1758 3532 1952 3615 Τριάδι

361 3641 642 3713 μεσιτείαν
669 3639 764 3696 τοῦ
800 3626 933 3693 Υίοῦ
965 3637 1252 3710 προδήλως
1290 3638 1444 3709 παρὰ
1473 3638 1586 3691 τῶν
1626 3637 1801 3703 ἁγίων
1835 3636 1951 3690 θεο-

358 3733 702 3803 λογουμὲνην
737 3730 1115 3803 άπαρνοῦνται
1141 3731 1235 3785 καὶ
1263 3731 1326 3785 τὸ
1354 3731 1493 3795 ὅλως
1539 3730 1728 3799 λέγειν
1777 3729 1952 3800 ὄνομα

358 3825 566 3891 τάξεως
590 3826 651 3879 ὲν
690 3826 756 3897 τῇ
787 3822 1003 3894 Τριάδι,
1030 3823 1401 3895 συνελέγησαν
1435 3824 1492 3877 ai
1520 3821 1954 3893 παροῦσαιγρα-

362 3920 530 3988 φικαὶ
587 3919 782 3990 ῥήσεις
842 3919 924 3980 είς
994 3916 1231 3988 δήλωσιν
1255 3932 1317 3971 τε
1352 3914 1448 3970 τοῦ
1485 3915 1546 3967 τὸ
1595 3913 1822 3984 Πνεῦμα
1860 3913 1952 3967 διὰ

361 4010 459 4065 τοῦ
494 4009 627 4064 Υίοῦ
691 4008 1064 4064 συνάπτεσθαι
1100 4009 1180 4079 τῷ
1242 4007 1442 4079 Πατρὶ,
1493 4005 1591 4061 καὶ
1631 4008 1715 4070 είς
1772 4007 1957 4077 παρά-

362 4116 558 4154 στασιν
637 4092 735 4153 τοῦ
818 4099 1079 4169 λέγεσθαι
1159 4097 1440 4172 άριδήλως
1537 4093 1694 4162 τάξιν
1765 4097 1825 4149 ὲν
1882 4099 1949 4167 τῇ

360 4191 572 4265 Τριάδι.

938 4306 1054 4364 τοῦ
1104 4306 1383 4378 Halani.

433 4423 772 4497 Καταψεύδῃ
796 4423 907 4478 τῶν
940 4423 1211 4488 εὐσεϐῶν,
1238 4422 1587 4496 ταλαίπωρε.
1621 4424 1813 4494 Ἰσμεν
1843 4419 1952 4492 γάρ

360 4520 514 4585 τάξιν
549 4519 647 4571 ἐπὶ
676 4516 780 4587 τῆς
810 4516 973 4586 hic;
1003 4515 1258 4585 Τριάδος,
1289 4515 1429 4570 ἀλλὰ
1456 4515 1557 4586 τὴν
1591 4512 1814 4583 εὐσεϐῆ.
1836 4510 1954 4583 Τὴν

360 4614 419 4668 δὲ
438 4610 734 4667 δεικνῦσαν
762 4611 950 4683 τρίτον
977 4610 1035 4677 ἐξ
1069 4609 1320 4680 ἀνάγκης
1345 4609 1457 4663 άπὸ
1511 4607 1605 4662 τοῦ
1644 4606 1862 4677 nam;
1890 4605 1952 4658 τὸ

362 4702 588 4774 Πνεῦμα
611 4701 671 4755 τὸ
706 4699 890 4771 ἅγιον,
916 4699 992 4765 ὡς
1024 4697 1309 4763 δυσσεϐῶς
1343 4698 1596 4769 ἔχουσαν,
1628 4696 1698 4769 ἣν
1734 4697 1799 4751 σὺ
1832 4693 1952 4766 μετ’

1979 3429 2025 3490 C

2574 3424 2728 3482 Βρεσὶ
2760 3428 2813 3482 in
2848 3438 3123 3499 quartam.

2125 3536 2400 3607 Quoniam
2452 3550 2583 3596 sunt
2621 3541 2868 3612 quidam,
2904 3544 2998 3613 qui
3044 3559 3169 3600 cum
3211 3554 3320 3602 non
3370 3549 3644 3621 recipiant

2051 3630 2251 3687 Filium
2285 3648 2406 3687 esse
2433 3634 2677 3687 medium
2710 3634 2763 3688 in
2793 3634 3090 3703 Trinitate,
3120 3640 3269 3710 quod
3314 3640 3473 3711 plane
3497 3659 3526 3698 a
3552 3660 3645 3699 sa-

2053 3727 2164 3781 cris
2214 3726 2488 3795 theologis
2536 3727 2827 3793 asset'itur,
2876 3740 3137 3787 recusant
3193 3735 3359 3788 etiam
3416 3738 3645 3792 omnino

2052 3819 2239 3876 dicere
2285 3835 2485 3876 nomen
2524 3821 2737 3876 ordinis
2784 3824 2839 3877 in
2885 3812 3179 3888 Trinitate.
3232 3820 3477 3885 collectae
3516 3841 3645 3886 sunt.

2054 3920 2353 3982 praesentes
2384 3914 2669 3968 memoria:
2701 3912 2915 3969 traditae
2946 3910 3263 3983 sententiae,
3306 3920 3361 3975 in
3395 3920 3644 3977 declara-

2057 4007 2264 4058 tionem
2293 4005 2480 4075 hujus,
2500 4004 2648 4075 quod
2668 4004 2911 4076 Spiritus
2940 4004 3451 4081 conjungaturcum
3483 4015 3644 4070 Patre

2055 4112 2148 4166 per
2179 4095 2402 4160 Filium,
2447 4105 2611 4167 atque
2657 4099 2711 4153 iu
2754 4099 3303 4171 demonstrationem,
3329 4106 3477 4176 quod
3522 4123 3648 4177 per-

2054 4190 2250 4263 spicue
2286 4191 2503 4246 dicatur
2527 4191 2665 4247 ordo
2693 4193 2746 4248 in
2784 4193 3076 4251 Triuitate.

2699 4304 2970 4363 Palamw.

2125 4420 2313 4488 Miser,
2344 4420 2597 4477 mentiris
2630 4422 2699 4478 de
2741 4423 2847 4495 piis
2879 4423 3239 4495 hominibus;
3268 4430 3473 4488 scimus
3496 4436 3645 4489 enim

2055 4515 2308 4571 ordinem
2343 4516 2400 4570 in
2427 4515 2783 4570 sanctissima
2813 4514 3108 4584 Trinitate,
3142 4521 3238 4576 sed
3273 4521 3458 4591 pium;
3489 4523 3645 4581 illum

2055 4612 2263 4668 autem,
2293 4605 2390 4674 qui
2420 4618 2489 4659 ex
2516 4604 2853 4662 necessitate
2881 4608 3108 4663 tertium
3133 4611 3395 4669 ostendat
3428 4629 3459 4668 ιι
3482 4613 3648 4670 Patre

2057 4695 2328 4768 Spiritum
2362 4704 2637 4763 sanctum,
2671 4714 2835 4768 quem
2882 4710 2937 4753 tu
2965 4715 3091 4756 cum
3118 4702 3392 4761 Eunomio
3434 4707 3649 4777 ample-

359 4796 635 4867 Εὖνομίου
677 4795 955 4866 στέργεις,
978 4794 1040 4848 οὐ
1069 4791 1512 4865 καταδεχόμεθα.
1539 4792 1650 4844 Καὶ
1685 4789 1794 4845 τῶν
1815 4807 1947 4861 γρα-

2057 4793 2246 4858 cteris,
2298 4801 2356 4845 ut
2392 4791 2564 4863 impie
2605 4808 2663 4849 se
2710 4793 3004 4850 habentem
3057 4794 3286 4853 minime
3327 4800 3649 4871 recipimus.

359 4888 538 4955 φικῶν
562 4887 884 4960 καταψεύδῃ
914 4887 1151 4958 ῥήσεων.
1178 4885 1254 4938 Οὐ
1286 4885 1396 4956 γὰρ
1458 4884 1551 4936 τὸν
1598 4881 1732 4935 Υίδν
1764 4883 1949 4952 μόνον,

363 4980 479 5033 ἀλλ’
512 4978 630 5033 ἐσθ’
658 4980 748 5033 ὅτε
768 4978 864 5033 καὶ
895 4978 988 5032 τὸν
1021 4978 1237 5047 Πατέρα
1260 4976 1352 5029 τοῦ
1381 4975 1514 5029 Υίοῦ
1543 4973 1752 5029 καὶτοῦ
1779 4974 1952 5029 Πνεῦ-

2055 4883 2308 4939 Meutiris
2344 4883 2513 4939 etiam
2540 4882 2610 4940 de
2644 4894 2968 4941 sanctorum
3013 4888 3255 4943 exaratis
3304 4892 3643 4960 sententiis;

2057 4993 2167 5031 non
2196 4977 2345 5031 enim
2386 4977 2563 5031 solum
2606 4976 2833 5043 Filium,
2888 4978 2985 5035 sed
3034 4994 3433 5054 nonnunquam
3476 4986 3644 5041 etiam

365 5088 538 5142 ματος
566 5064 764 5127 ἕνωσίν
802 5088 993 5140 φασιν,
1050 5069 1241 5124 ἄλλοτε
1292 5069 1350 5122 δὲ
1385 5068 1486 5121 τοῦ
1534 5065 1668 5121 Υἱοῦ
1704 5068 1799 5139 καὶ
1859 5064 1947 5118 τοῦ

2053 5068 2275 5125 Patrem
2312 5068 2436 5124 Filii
2472 5079 2528 5124 et
2555 5068 2797 5139 Spiritus
2827 5070 3300 5142 coniunctionem,
3346 5076 3646 5149 aliquando

365 5163 580 5233 Πατρδς
604 5165 669 5218 τὸ
693 5163 929 5234 Πνεῦμα
960 5163 1128 5235 μέσον
1161 5163 1263 5216 καὶ
1295 5161 1473 5216 κοινὸν
1505 5160 1711 5221 αὐτοῖς.
1744 5159 1850 5212 Kal
1887 5159 1955 5229 ἦν

360 5256 633 5328 ἁρώήλιυς
654 5256 914 5325 λέγεσθαι
964 5256 1069 5329 φῂς
1098 5254 1274 5319 τάξιν,
1311 5256 1480 5323 σαφὲς
1509 5251 1584 5316 ὡς
1611 5251 1674 5304 οὐ
1707 5250 1952 5321 περὶτοῦ

365 5350 498 5405 Υίοῦ
521 5351 619 5405 καί⁵
656 5349 754 5404 τοῦ
803 5350 964 5418 ἁγίου
1000 5347 1325 5418 Πνεῦματός
1374 5347 1523 5400 ἔστι·
1562 5347 1854 5417 στέργεται
1897 5342 1953 5398 δὲ

365 5444 460 5498 καὶ
492 5444 527 5513 ἠ
562 5443 815 5513 μεσιτεία
843 5442 939 5499 τοῦ
964 5442 1118 5508 Υἰοῦ,
1153 5440 1269 5495 ἀλλ’
1313 5442 1376 5495 οὐ
1417 5439 1560 5495 κατὰ
1587 5440 1689 5511 τὴν
1719 5438 1959 5509 ὕπαρξιν

365 5536 463 5592 ⁴νοῦ
511 5538 836 5608 [li/stipato;
870 5540 987 5603 τοῖς
1038 5537 1108 5591 τά
1145 5536 1266 5589 θεῖα
1334 5537 1606 5603 συνετοῖς,
1648 5534 1787 5589 ἀλλὰ
1816 5534 1958 5589 κατὰ

364 5630 465 5703 τὴν
495 5634 814 5704 ὁμολογίαν,
880 5632 957 5704 μὴ
991 5630 1275 5703 προσεχῶς
1333 5631 1391 5685 τὸ
1423 5630 1651 5701 Πνεῦμα
1684 5627 1759 5683 τὸν
1800 5626 1959 5696 ἅγιον

2061 5178 2192 5217 vero
2228 5162 2349 5217 Filii
2373 5170 2429 5215 et
2471 5164 2649 5219 Patris
2685 5163 2928 5219 medium
2960 5180 3315 5224 communem
3348 5170 3488 5241 ipsis
3522 5170 3648 5243 Spi-

2064 5254 2229 5310 ritum
2275 5256 2579 5327 appellant,
2610 5256 2677 5312 Et
2717 5272 2883 5328 quem
2933 5260 3141 5316 asseris
3189 5262 3481 5320 manifeste
3538 5265 3643 5322 dici

2064 5346 2342 5411 ordinem,
2381 5347 2593 5402 clarum
2625 5359 2733 5415 est,
2768 5366 2875 5405 non
2905 5366 3032 5407 eum
3062 5352 3132 5408 de
3166 5353 3305 5410 Filio
3344 5367 3402 5410 et
3436 5356 3644 5429 Spiritu

2066 5454 2209 5496 esse.
2251 5439 2388 5495 illud
2430 5456 2653 5512 quoque
2686 5443 2928 5513 probant
2962 5461 3151 5502 rerum
3192 5446 3504 5504 divinarum
3547 5466 3649 5523 pe-
3742 5522 3743 5525 η

2067 5532 2182 5598 riti,
2225 5532 2467 5589 medium
2518 5550 2641 5591 esse
2684 5535 2911 5605 Filium,
2959 5553 3151 5594 verum
3196 5554 3307 5596 non
3338 5542 3646 5599 secundum

2064 5625 2442 5683 exsisteutiam
2476 5624 2740 5698 Spiritus,
2763 5628 2863 5686 sed
2892 5630 3199 5688 secundum
3237 5632 3647 5689 confessionem

435 5751 517 5825 (l)
536 5752 692 5810 Addo
724 5752 829 5808 ista
856 5752 1051 5818 verba,
1070 5766 1195 5820 qua:
1227 5749 1432 5805 desunt
1464 5748 1519 5805 in
1547 5746 1742 5806 Gnaeo
1764 5745 2095 5819 exemplari,
2125 5744 2545 5817 perspicuitatis
2574 5738 2763 5805 causa.

648 5848 921 5909 Panos.
973 5846 1095 5908 Gn.
1139 5843 1354 5906 CLXI.

3089 5841 3129 5908 9
