4036 6140
343 286 439 355 ΞΜ

1316 278 1695 342 APOLOGIA
1731 278 2356 342 INSCRIPTIONUM
2399 282 2640 347 VECCL

3507 290 3619 358 ἓθὶ

349 393 662 471 προσώπων
709 393 865 462 τάξιν
916 392 1133 464 φύσεως
1188 389 1289 461 μὲν
1336 391 1414 462 μὴ
1461 383 1639 455 εἶναι’
1682 391 1842 459 φύσει
1873 390 1929 444 δὲ

2044 387 2161 459 ips‘c
2206 405 2592 463 quemcunque
2638 394 2888 453 ordinem
2920 412 3031 454 non
3072 398 3356 470 admittas,
3407 406 3501 476 qui
3538 408 3623 472 ip-

348 493 495 561 ὂμως
555 486 722 555 εἶναι,
772 488 883 553 πᾶς
937 504 1027 552 τις
1070 485 1139 541 ἂν
1194 486 1602 557 συγχωρήσειε,
1654 489 1749 540 καὶ
1790 485 1933 539 κατὰ

347 583 508 639 τοῦτο
546 580 696 639 εἶναι
740 583 835 636 καὶ
870 581 1135 652 φυσικὴν,
1163 579 1225 634 οὐ
1258 577 1396 633 καθὸ
1440 578 1605 649 φύσιν
1635 580 1932 650 διακρίνει,

346 680 484 736 ἀλλά
511 679 651 735 καθὸ
679 680 865 750 φύσει.
894 679 956 732 ού
992 678 1139 732 θέσει
1191 678 1257 750 τῇ
1300 677 1545 748 ἡμετέρᾳ
1573 676 1710 731 ἐστι.
1762 675 1936 730 Τοῦτο

345 770 392 827 δ’
414 772 483 827 ἃν
515 776 691 845 ’φαῖεν
724 773 818 825 καὶ
850 772 900 825 oi
926 770 1226 841 κορυφαῖοι
1262 768 1363 839 τῆς
1418 766 1746 837 Ἐκκλησίας
1786 767 1937 822 διδάο

345 865 544 920 σιαλοι
579 864 926 931 ’Δθανάσιος,
948 863 1047 916 καὶΙ
1073 861 1378 929 Βασίλειος,
1406 863 1436 915 δ
1461 860 1559 932 μὲν
1581 860 1679 931 τὴν
1713 861 1937 932 μείζονα

342 958 629 1031 παραδοὺς
646 958 759 1012 τῶν
778 956 1123 1029 προτάσεων,
1139 955 1463 1019 Ἀθανάσιος
1491 954 1535 1008 δ’
1563 956 1789 1024 ἐπάγων
1836 955 1939 1027 τὴν

340 1054 653 1111 ἐλάσσονα*
713 1054 808 1107 καὶ
857 1050 1227 1123 συλλογισμὸν
1278 1050 1452 1121 ἄμφω
1501 1050 1797 1119 πλέξαντες
1839 1052 1936 1105 ἕνα

339 1147 512 1216 φύσει
545 1147 685 1218 πρὸς
707 1148 799 1201 τδν
822 1145 955 1201 Υῐὸν
977 1145 1240 1216 τετάχθαι
1265 1145 1326 1219 τρ
1352 1144 1581 1216 Πνεῦμα
1606 1145 1897 1200 δεικνύντα
1919 1160 1935 1177 ο

340 1239 482 1310 πρὸς
518 1239 621 1310 μὲν
642 1238 752 1311 γὰρ
777 1239 871 1295 τὸν
903 1238 1130 1311 Πατέρα
1159 1240 1253 1293 τὸν
1284 1238 1411 1291 Υῑδν
1452 1237 1615 1308 φύσει
1649 1238 1934 1311 τετάχθαι,

337 1333 441 1388 καὶ
460 1330 608 1387 οὕτω
633 1331 822 1403 φύσει,
846 1335 923 1396 ὡς
947 1334 1056 1387 πᾶν
1073 1331 1321 1387 αἰτιατὸν
1340 1331 1476 1403 πρὸς
1502 1331 1563 1385 τὸ
1581 1332 1717 1387 ῐδιον
1734 1332 1937 1399 αἴτιον,

337 1427 436 1481 καὶ
454 1426 536 1489 ὡς
566 1424 627 1479 τὸ
648 1426 713 1479 ὲκ
741 1424 838 1480 τοῦ
871 1424 1052 1496 πυρὸς
1081 1424 1221 1496 πρὸς
1248 1424 1310 1479 τὸ
1332 1423 1466 1496 πῦρ,
1485 1423 1728 1479 διδάσκει
1766 1425 1939 1479 Baci-

337 1519 490 1583 λειος
509 1534 526 1551 ο
559 1518 621 1573 τδ
642 1518 699 1574 δὲ
733 1516 965 1590 Πνεῦμα
993 1516 1259 1596 τοιαύτην
1289 1517 1455 1588 φύσιν
1480 1518 1578 1572 καὶ
1610 1516 1767 1584 τάξιν
1798 1519 1936 1590 πρὸς

334 1602 434 1665 τὸν
455 1611 590 1666 Υιδν
618 1610 789 1683 ἔχειν,
826 1612 899 1684 ἢν
925 1612 956 1666 δ
986 1610 1118 1675 Υἱὸς
1150 1610 1293 1682 πρὸς
1316 1611 1410 1666 τὸν
1430 1611 1674 1683 Πατέρα,
1702 1615 1730 1665 ό
1756 1610 1935 1681 λέγων

336 1702 492 1755 ἐστὶν
538 1702 886 1767 ’Δθανάσιος,
911 1701 981 1774 ἣν
1013 1700 1256 1773 φυσικὴν
1294 1694 1462 1756 οὖσαν
1492 1702 1554 1756 οὐ
1593 1702 1732 1758 καθὸ
1769 1704 1933 1772 φύσιν

334 1794 621 1866 διακρίνει
657 1794 925 1869 (λεγέσθω
969 1796 1081 1867 γὰρ
1135 1794 1296 1848 τοῦτο
1347 1793 1612 1859 πολλάκις
1652 1796 1722 1850 τὰ
1774 1811 1935 1850 συκο·

335 1888 699 1958 φαντούντων
730 1889 1112 1961 ἐμφράττουσι
1140 1887 1435 1959 στόματα),
1465 1888 1584 1944 ἀλλ’
1618 1888 1703 1943 ὅτι
1741 1889 1930 1959 φύσει,

333 1983 401 2037 ού
431 1982 589 2036 θέσει
612 1985 678 2054 τῇ
714 1983 970 2055 ἡμετέρᾳ
1001 1984 1145 2048 ἐστὶ,
1187 1983 1488 2055 πράγμασί
1519 2000 1581 2036 τε
1641 1978 1805 2050 εἶναι,
1839 1984 1935 2038 καὶ

335 2076 402 2131 οὐ
437 2080 511 2147 τῇ
536 2078 755 2149 ἐπινοίᾳ
785 2079 853 2149 τῇ
891 2079 1166 2149 ἡμετέρᾳ,
1221 2077 1335 2133 οὐδ’
1365 2074 1508 2130 εῖναι
1556 2076 1930 2143 ἐναλλάττειν,

334 2169 419 2234 ὡς
461 2170 624 2233 αὐτὸς
658 2171 784 2237 οἴει,
831 2171 965 2224 ποτὶ
1003 2168 1103 2239 μὲν
1137 2164 1286 2224 οὕτω
1341 2169 1661 2235 τάττοντας,
1714 2170 1843 2223 ποτὲ
1885 2167 1934 2222 δ’

336 2263 578 2336 ἑτέρως,
608 2263 876 2329 οὗδεὶςδς
925 2264 1025 2335 οὐχ
1057 2263 1477 2335 ὁμολογήσειεν.
1512 2262 1726 2318 Οὐκοῦν
1749 2266 1797 2321 εἰ
1833 2263 1933 2333 μὲν

337 2359 610 2430 τοιαύτην
647 2359 939 2431 ὁμολογεῖς
968 2359 1064 2413 καὶ
1098 2357 1264 2422 αὐτὸς
1297 2358 1474 2426 τάξιν,
1504 2358 1612 2412 τῶν
1641 2358 1933 2429 γραφικῶν

338 2452 403 2504 οὐ
435 2451 893 2523 καταψευδόμεθα
934 2453 1177 2524 ῥήσεων,
1206 2449 1410 2509 οὔκουν
1442 2468 1507 2520 γε
1539 2450 1680 2519 δόξει
1714 2454 1828 2517 τοῖς
1868 2469 1933 2520 γε

344 2548 619 2598 συνιεῖσιν
652 2546 854 2601 αὐτῶν.
892 2546 1057 2601 Ἀλλὰ
1084 2545 1265 2609 καλῶς
1299 2544 1679 2617 ὁσυνειληχὼς
1710 2545 1808 2609 τὰς
1831 2547 1934 2618 ῥή-

339 2656 461 2703 σεις
495 2639 751 2705 συνέλεξε
769 2655 784 2670 ·
816 2641 912 2695 καὶ
934 2640 1073 2710 πρὸς
1094 2639 1256 2709 ἡμῶν
1278 2641 1326 2691 οἱ
1352 2638 1524 2708 λόγοι.
1556 2641 1618 2693 Ei
1646 2639 1705 2693 δὲ
1728 2638 1935 2711 ταύτην

338 2735 509 2805 ἀρνῇ,
550 2734 811 2806 ἀληθεύει
864 2733 1042 2803 λέγων
1093 2734 1243 2806 ἡμᾶς
1301 2734 1475 2805 αὐτὴν
1533 2732 1931 2804 ἀρνουμένους,

336 2822 501 2891 οὗτος
532 2828 592 2883 δὲ
620 2830 680 2882 οὐ
712 2827 993 2901 ψεύδεται,
1040 2827 1176 2882 ἀλλὰ
1207 2829 1302 2886 καὶ
1336 2827 1523 2899 βάλλει
1555 2826 1780 2897 καιρίαν
1815 2828 1934 2892 rei;

342 2926 799 2996 συνειλεγμένοις
831 2922 1017 2992 λόγοις
1043 2921 1156 2977 τῶν
1186 2922 1547 2979 διδασκάλων.
1586 2922 1735 2974 Πάνυ
1754 2920 1812 2974 δὲ
1838 2920 1936 2975 καὶ

338 3021 507 3078 τοῦτο
556 3020 734 3082 ποιεῖς
787 3016 983 3088 ἁγενὶς
1021 3010 1114 3071 ἐπ’
1153 3016 1337 3080 ἄλλοις
1390 3015 1696 3087 εἰρημένας
1743 3016 1933 3088 ῥήσεις

2040 498 2165 537 sum
2200 485 2425 540 tertium
2473 502 2595 543 esse
2631 492 2946 547 necessario
2980 495 3260 550 ostendat.
3295 495 3488 570 Neque
3514 498 3623 557 Pa-

2041 586 2181 632 trem
2208 576 2467 635 Basiliam
2493 580 2675 649 audis,
2705 583 2802 655 qui
2829 585 2937 641 hoc
2958 586 3116 645 docet
3146 590 3246 661 (l).
3290 590 3435 664 Ergo
3468 594 3622 651 ordi-

2041 681 2167 723 nem
2200 670 2295 741 qui
2321 670 2566 739 ,divinas
2606 689 2870 744 personas
2920 690 3194 750 secernat,
3225 686 3402 741 sancti
3455 701 3624 759 agno-

2040 770 2200 817 scunt
2228 780 2243 818 :
2275 773 2331 820 at
2351 780 2478 820 eum
2510 768 2606 837 qui
2637 780 2896 827 naturam
2923 785 3144 845 separet
3188 777 3245 833 in
3271 783 3622 839 sanctissima

2042 853 2336 927 Trinitate,
2387 862 2672 933 rejiciunt;
2700 866 2952 925 ordinem
2978 880 3188 939 autem,
3231 873 3324 945 qui
3356 892 3625 948 personas

2040 947 2339 1023 disjungat,
2373 962 2582 1013 naturae
2612 958 2836 1030 quidem
2875 978 2985 1019 non
3011 979 3155 1022 esse.
3200 968 3271 1025 At
3306 947 3487 1028 tamen
3525 989 3626 1030 na-

2043 1046 2165 1096 tura
2196 1057 2338 1111 esse,
2375 1050 2758 1123 unusquisque
2806 1059 3159 1127 concederet,
3202 1069 3257 1118 et
3311 1066 3637 1123 secundum

2042 1132 2147 1191 hoc
2175 1152 2297 1194 esse
2322 1154 2544 1213 quoque
2571 1146 2913 1219 naturalem;
2944 1166 3054 1208 non
3070 1164 3343 1225 quatenus
3364 1168 3622 1217 naturam
3706 1181 3712 1185 ‘

2040 1228 2330 1300 discernit,
2362 1235 2460 1292 sed
2489 1248 2763 1309 quatenus
2806 1252 3028 1312 natura,
3062 1264 3174 1305 non
3210 1250 3350 1310 thesi
3380 1263 3437 1311 et
3473 1258 3626 1326 posi-

2040 1319 2186 1377 tione
2220 1333 2407 1381 nostra
2439 1336 2544 1384 est.
2576 1328 2693 1387 Hoc
2723 1342 2908 1391 autem
2954 1341 3232 1411 coryphaei
3262 1319 3492 1417 quoque
3515 1348 3624 1404 Ec-

2041 1412 2221 1472 clesize
2250 1416 2509 1477 doctores
2539 1423 2874 1484 Athanasius
2927 1440 3092 1503 atque
3115 1412 3354 1494 Basilius
3380 1412 3491 1497 non
3528 1457 3627 1503 ne-

2039 1520 2252 1579 garent,
2279 1528 2405 1569 cum
2437 1515 2484 1572 is
2505 1520 2724 1588 quidem
2753 1525 3017 1596 majorem
3049 1533 3491 1601 propositionem
3523 1554 3623 1594 no-

2040 1600 2123 1657 bis
2153 1605 2353 1674 tradat,
2390 1609 2724 1671 Athanasius
2760 1632 2944 1676 autem
2977 1600 3250 1682 minorem
3297 1628 3516 1701 inierat,
3566 1643 3623 1692 et

2038 1696 2413 1768 syllogismum
2456 1721 2625 1762 unum
2661 1710 2826 1768 ambo
2872 1730 3233 1788 componant,
3281 1724 3377 1794 qui
3423 1737 3623 1788 natura

2037 1792 2307 1863 Spiritum
2334 1807 2586 1854 sanctum
2612 1801 2813 1860 habere
2834 1807 3083 1865 ordinem
3113 1813 3182 1868 ad
3209 1792 3407 1873 Filium
3436 1830 3623 1880 osten-

2035 1886 2131 1947 dat
2158 1908 2173 1943 :
2200 1890 2472 1962 siquidem
2500 1895 2702 1953 Filium
2736 1899 2942 1960 habere
2992 1908 3246 1966 ordinem
3295 1914 3364 1970 ad
3401 1914 3619 1976 Patrem

2035 1994 2257 2055 natura,
2282 1996 2447 2061 atque
2471 1990 2547 2048 ita
2574 2005 2795 2065 natura,
2826 2009 3089 2072 tanquam
3137 2020 3302 2064 omne
3330 2023 3618 2071 causatum

2037 2077 2178 2134 solet
2212 2079 2417 2139 habere
2450 2085 2517 2140 ad
2540 2088 2825 2159 propriam
2852 2107 3095 2162 causam,
3128 2105 3185 2153 et
3209 2100 3361 2157 velut
3388 2106 3442 2160 id
3472 2108 3619 2177 quod

2036 2186 2101 2228 ex
2138 2172 2263 2245 igne
2294 2180 2553 2245 provenit
2582 2182 2650 2241 ad
2679 2184 2884 2255 ignem,
2932 2188 3170 2250 Basilius
3203 2195 3386 2252 docet.
3442 2172 3623 2272 spiri-

2037 2271 2152 2319 tum
2192 2278 2376 2325 autem
2425 2272 2589 2329 talem
2632 2286 2886 2335 naturam
2918 2292 2979 2338 et
3021 2286 3267 2344 ordinem
3304 2271 3509 2351 habere
3552 2300 3619 2355 ad

2036 2357 2258 2425 Filium,
2293 2368 2514 2433 qualem
2541 2367 2714 2426 Filius
2745 2371 2812 2427 ad
2848 2374 3091 2447 Patrem,
3143 2382 3476 2445 Athanasius
3505 2404 3612 2459 est,

2036 2453 2132 2521 qui
2161 2453 2264 2510 hoc
2294 2458 2480 2526 tradit,
2512 2475 2677 2531 quem
2705 2466 2961 2525 ordinem
2992 2476 3298 2532 naturalem
3331 2496 3473 2549 esse,
3510 2501 3619 2544 non

2036 2557 2310 2615 quatenus
2334 2562 2585 2610 naturam
2609 2562 2854 2618 secernit
2882 2565 3154 2636 (dicamus
3176 2572 3323 2629 enim
3351 2576 3454 2632 hoc
3476 2594 3623 2651 saepe

2035 2639 2493 2703 calumniantium
2528 2663 2623 2704 ora
2640 2651 3040 2729 obstruentes),
3071 2662 3166 2717 sed
3197 2676 3472 2735 quatenus
3519 2639 3622 2728 na-

2040 2741 2184 2798 tura,
2214 2749 2324 2791 non
2354 2738 2494 2794 thesi
2523 2752 2711 2799 nostra
2738 2758 2982 2814 constat,
3021 2762 3082 2808 et
3108 2770 3167 2812 re
3194 2756 3308 2829 ipsa
3344 2777 3488 2829 esse,
3521 2766 3624 2822 mi-

2038 2826 2299 2901 nimeque
2353 2837 2523 2889 animi
2576 2853 2767 2909 sensu,
2824 2853 2879 2898 et
2918 2847 3253 2919 cogitatione
3295 2858 3619 2916 consistere.

2035 2920 2229 2992 Neque
2253 2924 2420 2983 licere
2470 2929 2660 3001 alicui,
2698 2946 2758 2989 ut
2792 2936 2912 3007 ipse
2953 2942 3265 3012 arbitraris,
3323 2950 3489 3008 modo
3542 2955 3625 3012 sic

2039 3020 2360 3088 statuendo,
2403 3025 2571 3082 modo
2602 3043 2738 3084 vero
2757 3031 2921 3087 aliter
2948 3050 3073 3090 eum
3105 3039 3422 3112 immutare,
3460 3064 3624 3104 nemo

341 3109 649 3179 συλλέγων,
684 3107 781 3163 καὶ
805 3106 896 3161 διὰ
914 3105 1124 3161 τούτων
1154 3106 1331 3159 δοκῶν
1360 3104 1692 3177 ἀνατρέπειν
1713 3106 1813 3174 τὴν
1837 3107 1934 3175 τῆς

2040 3124 2149 3163 non
2174 3109 2461 3169 fateretur.
2492 3118 2547 3173 Si
2574 3120 2744 3187 igitur
2773 3124 2937 3181 talem
2968 3129 3219 3187 ordinem
3244 3144 3300 3190 et
3338 3145 3393 3192 tu
3423 3153 3624 3197 conce-

339 3206 557 3273 τάξεως
606 3202 816 3274 χρυσῆν
850 3202 947 3256 καὶ
998 3199 1195 3256 ἄλυτον
1248 3200 1421 3262 δντως
1464 3198 1678 3269 σειράν.
1715 3198 1789 3251 Τὸ
1834 3197 1935 3268 μὲν

338 3305 455 3372 γὰρ
518 3297 745 3368 Πνεῦμα
803 3297 969 3366 μέσον
999 3293 1134 3348 Υιοῦ
1186 3294 1281 3348 καὶ
1328 3293 1544 3363 Πατρὸς
1572 3293 1812 3364 εἴρηται,
1856 3292 1934 3357 ὡς

340 3393 650 3465 ἀγεννήτου
666 3391 761 3445 καὶ
773 3385 1056 3460 γεννητοῦ,
1076 3386 1213 3442 αὐτὸ
1232 3388 1369 3458 μήτε
1388 3389 1648 3456 γεννητὸν
1667 3387 1935 3458 ὑπάρχον,

345 3490 492 3560 μήτε
553 3488 886 3557 ἀγέννητονο
917 3483 945 3534 ὁ
972 3484 1030 3536 δὲ
1087 3480 1278 3553 Πατὴρ
1323 3480 1452 3535 Υἱοῦ
1489 3482 1586 3534 καὶ
1618 3481 1936 3552 Πνεῦματος

340 3584 546 3645 ἓνωσις
577 3579 837 3641 ὼςηαύτὸς
884 3576 962 3631 ὢν
1011 3578 1044 3649 ἡ
1101 3575 1256 3646 πηγὴ
1306 3576 1496 3639 αὐτοῖς
1526 3574 1623 3629 καὶ
1666 3575 1762 3631 τοῦ
1794 3571 1937 3629 εἶναι

341 3680 443 3732 καὶ
490 3677 584 3731 τοῦ
619 3673 889 3743 ἡνῶσθαι.
924 3673 991 3727 ’Λ
1034 3670 1203 3742 μηδὲν
1251 3671 1383 3726 ταντα
1436 3672 1575 3741 πρὸς
1628 3673 1689 3724 τὸ
1721 3672 1941 3743 προκεε-

343 3787 514 3842 μενον
546 3769 643 3839 οὐχ
689 3767 893 3839 ἥκιστα
922 3762 1015 3817 τοῦ
1052 3767 1410 3835 προάγοντος,
1442 3764 1475 3835 ἢ
1517 3762 1641 3818 καθ’
1667 3758 1744 3819 ὧν
1764 3767 1939 3836 προὰο

340 3882 539 3937 γονται
564 3864 789 3933 ἔλεγχον
812 3860 945 3931 ἔχει,
972 3860 1067 3915 καὶ
1100 3858 1344 3928 ἁμαθῑας
1375 3858 1676 3927 ἀπόδειξιν.

2045 3202 2151 3271 dis,
2193 3222 2302 3262 non
2345 3213 2644 3269 mentimur
2678 3216 2746 3272 de
2776 3208 3090 3293 sententiis,
3136 3243 3275 3298 quas
3305 3231 3357 3286 in
3399 3235 3623 3306 scriptis

2046 3298 2390 3371 reliquerunt
2417 3308 2615 3375 sancti,
2640 3310 2865 3369 minimc
2913 3332 3043 3373 vero
3084 3322 3185 3379 hoc
3217 3326 3285 3379 iis
3318 3327 3621 3399 videbitur,

2044 3394 2141 3461 qui
2171 3408 2267 3450 eas
2316 3396 2656 3470 intelligunt.
2690 3404 2796 3461 Sed
2845 3410 2938 3478 qui
2990 3413 3235 3487 collegit,
3290 3435 3387 3475 eas
3418 3394 3625 3494 optime

2047 3488 2325 3562 intelligit.
2377 3501 2435 3547 et
2475 3510 2574 3565 pro
2620 3499 2786 3556 nobis
2816 3514 2947 3559 sunt
2982 3510 3230 3566 rationes
3267 3530 3281 3567 :
3313 3515 3399 3570 sin
3438 3488 3626 3574 autem

2047 3582 2214 3639 istum
2246 3587 2497 3645 ordinem
2525 3607 2713 3665 negas,
2744 3613 2873 3653 vera
2909 3601 3047 3658 dicis
3082 3620 3186 3661 nos
3216 3622 3343 3664 eum
3371 3611 3627 3670 ordinem

2047 3693 2331 3750 respuere,
2364 3684 2411 3739 is
2441 3695 2629 3747 autem
2651 3705 2763 3746 non
2803 3695 3094 3764 mentitur,
3135 3702 3269 3771 quin
3305 3704 3472 3761 etiam
3512 3708 3631 3764 col-

2047 3771 2205 3828 lectis
2243 3775 2534 3834 doctorum
2574 3784 2905 3854 rationibus,
2941 3789 3145 3848 letbale
3168 3796 3373 3855 vulnus
3401 3800 3624 3873 inﬂigit.

2049 3862 2221 3920 Valde
2241 3868 2409 3930 etiam
2444 3872 2497 3924 in
2542 3873 2648 3929 hoc
2684 3875 2941 3945 ignavum
2976 3889 3031 3938 te
3065 3885 3298 3953 praebes,
3331 3874 3457 3945 cum
3500 3910 3631 3950 sen-

341 3963 551 4020 tentias
588 3956 818 4032 onlligas
852 3960 905 4013 in
950 3959 1119 4013 alium
1156 3970 1384 4011 sensum
1416 3954 1616 4011 dictas.
1659 3956 1839 4025 Atque
1879 3957 2034 4014 hisce
2075 3969 2237 4030 putas
2287 3973 2340 4017 te
2393 3980 2616 4025 auream
2667 3969 2837 4039 illam,
2880 3990 3123 4048 vereque
3183 3980 3625 4046 indissolubilem

339 4072 596 4116 catenam
640 4065 891 4112 evertere
932 4067 1113 4126 posse.
1163 4051 1380 4106 Etenim
1426 4049 1665 4120 Spiritus
1714 4051 1934 4107 medius
1973 4053 2119 4110 inter
2158 4056 2379 4112 Patrem
2450 4072 2503 4116 et
2540 4061 2742 4121 Filium
2767 4066 2969 4134 _dictus
3038 4084 3125 4129 est
3162 4090 3308 4145 esse,
3348 4080 3501 4136 velut
3540 4084 3627 4138 in-

343 4166 429 4212 ter
480 4156 789 4224 ingenitum
844 4168 900 4208 et
942 4152 1212 4224 genitum,
1269 4148 1389 4219 ipse
1456 4163 1638 4219 neque
1684 4151 1930 4221 genitus,
2005 4169 2185 4223 neque
2242 4158 2521 4228 ingenitus
2575 4165 2870 4231 exsistens,
2903 4169 3066 4225 Pater
3097 4188 3316 4245 quoque
3363 4176 3506 4234 inter
3540 4180 3629 4237 Fi-

340 4252 482 4307 lium
524 4260 580 4306 ct
635 4249 903 4319 Spiritum
951 4245 1275 4317 coniunctio
1322 4244 1510 4300 dictus
1567 4253 1675 4300 est.
1758 4244 1970 4317 Nempe
2004 4250 2136 4319 quia
2187 4251 2306 4322 ipse
2359 4264 2446 4311 est
2480 4256 2604 4312 fons
2642 4259 2732 4327 iis,
2767 4269 2829 4316 et
2897 4274 2960 4319 ut
2997 4266 3133 4332 sint,
3180 4278 3238 4324 et
3280 4281 3341 4326 ut
3388 4273 3534 4332 inter
3565 4291 3623 4332 se

340 4348 781 4421 coniungantur.
819 4345 950 4412 Qua:
974 4359 1100 4399 cum
1131 4340 1269 4397 nihil
1304 4340 1370 4397 ad
1404 4357 1521 4398 rem
1557 4341 1785 4412 faciant,
1836 4346 2191 4416 potissimum
2269 4366 2421 4417 eum,
2486 4357 2582 4426 qui
2640 4374 2704 4414 ea
2749 4361 3027 4433 producit,
3057 4382 3220 4438 quam
3256 4370 3461 4441 quibus
3527 4373 3623 4430 ob-

342 4446 646 4519 jiciuntur,
676 4442 975 4514 imperitiae
998 4453 1333 4513 coarguunt.

779 4584 889 4639 Τοῦ
924 4583 1155 4639 Βέκκου
1186 4585 1273 4651 εἰς
1304 4583 1419 4651 τὴν
1442 4590 1507 4638 s'.

429 4701 649 4772 Ἐπειδὴ
697 4701 803 4754 εἰσί
837 4718 981 4764 τινες
1016 4701 1091 4772 μὴ
1148 4702 1575 4772 καταδεχόμενοι
1620 4703 1801 4757 ἐκεῖνο
1833 4705 1934 4775 τὴν

346 4796 709 4868 εὐαγγελικνὴν
731 4794 1006 4848 δύνασθαι
1040 4796 1219 4866 ῥῆσιν,
1262 4794 1363 4865 τὴν
1408 4796 1633 4866 Πνεῦμα
1667 4795 1930 4866 ἀληθείας

343 4896 406 4947 τὸ
460 4892 618 4962 ἅγιον
668 4892 939 4960 λέγουσαν
996 4889 1263 4963 Πνεῦμαο
1325 4890 1463 4960 ὅπερ
1494 4891 1725 4945 δύναται
1767 4892 1930 4960 καὶὴ

348 4988 508 5059 ῥῆσις
544 4988 577 5056 ἡ
604 4985 842 5053 λέγουσα
857 4984 927 5036 ὲκ
958 4982 1051 5035 τοῦ
1078 4982 1292 5055 Πατρδς
1327 4982 1460 5037 αύτῆ
1485 4983 1889 5055 ἐκπορεύεσθαι
1918 5000 1930 5014 ·

346 5084 428 5137 ἔτι
474 5081 533 5134 δὲ
580 5081 976 5149 διενιστὰμενοι
1026 5078 1161 5150 μηδὲ
1210 5078 1292 5141 εις
1336 5078 1661 5150 ίσοδύναμον
1722 5078 1934 5134 ἔννοιαν

346 5172 607 5242 λέγεσθαι
652 5172 716 5225 τὸ
764 5173 828 5227 ἐκ
857 5173 952 5227 τοῦ
1000 5173 1214 5244 Πατρδς
1260 5172 1690 5245 ἐκπορεύεσθαι,
1726 5177 1821 5228 καὶ
1869 5175 1933 5227 ἐκ

346 5267 440 5321 τοῦ
505 5266 638 5321 Υῑοῦ
679 5266 983 5337 λαμϐάνειν
1036 5267 1098 5321 τὸ
1139 5266 1365 5338 Πνεῦμα
1424 5268 1487 5321 τδ
1539 5268 1732 5336 ἅγιονο
1767 5285 1932 5323 κατε-

350 5359 675 5433 στρώθησαν
724 5361 782 5413 αἱ
837 5358 1123 5447 παροῦσαι.
1145 5361 1417 5431 γραφικαὶ
1450 5362 1641 5433 ῥήσεις
1675 5361 1756 5425 εις
1791 5362 1933 5415 ἀπό-

348 5452 514 5519 δειξιν
546 5451 641 5508 τοῦ
688 5453 1013 5525 ῑσώυνάμου
1068 5454 1181 5509 τῶν
1233 5453 1495 5509 τοιούτων
1549 5456 1931 5525 εὐαγγελικῶν

350 5549 584 5622 ῥήσεων.

416 5797 492 5871 (Ι)
512 5796 581 5854 in
609 5798 781 5871 epist.
805 5798 876 5858 ad
901 5799 1235 5857 .canonicas.

1970 4585 2018 4649 Β

2569 4598 2720 4653 Βριτί
2756 4600 2809 4655 in
2831 4603 3092 4672 quintam.

2108 4708 2375 4775 Quoniam
2419 4717 2673 4770 nonnulli
2741 4717 2951 4774 dictum
3017 4722 3149 4779 illud
3196 4729 3614 4801 evangelicum,

2038 4816 2150 4870 quo
2202 4803 2408 4859 dicitur
2456 4805 2698 4876 Spiritus
2753 4822 2977 4868 sanctus
3035 4813 3279 4887 Spiritus
3326 4821 3616 4887 veritatis.

2030 4904 2241 4965 negant
2291 4897 2345 4951 id
2376 4897 2483 4955 sibi
2516 4901 2676 4970 velle,
2701 4903 2848 4974 quod
2878 4907 3046 4962 etiam
3075 4909 3212 4976 vult,
3245 4919 3299 4967 et
3338 4913 3615 4986 signiﬁcat

2039 4989 2274 5046 alterum
2326 4992 2557 5061 dictum,
2596 5012 2707 5067 quo
2742 4998 2951 5055 dicitur
3000 5017 3069 5057 ex
3101 5004 3262 5062 Patre
3294 5008 3618 5078 procedam.

2040 5080 2313 5139 Pmterea
2359 5084 2551 5151 etiam,
2602 5089 2887 5157 quoniam,
2950 5092 3296 5164 refragantur
3326 5098 3397 5156 iis
3436 5101 3617 5172 quiin

2037 5189 2221 5245 parem
2279 5185 2446 5247 atque
2495 5180 2763 5249 aequalem
2792 5199 3017 5241 sensum
3047 5188 3157 5244 dici
3196 5206 3266 5245 ex
3292 5191 3456 5251 Patre
3487 5211 3619 5266 pro-

2037 5270 2236 5327 cedere
2260 5270 2526 5342 Spiritum
2552 5287 2827 5345 sanctum,
2857 5288 2915 5335 et
2939 5297 3008 5337 ex
3044 5283 3187 5343 Filio
3216 5288 3471 5360 accipere
3500 5292 3623 5361 Opi-

2038 5373 2278 5430 nantur;
2312 5364 2649 5435 subiecimus
2674 5380 2979 5449 praesentes
3034 5376 3366 5434 auctoritate
3394 5381 3617 5440 Patrum

2036 5464 2267 5512 testatas
2322 5461 2646 5529 sententias,
2734 5463 2790 5521 in
2862 5464 3393 5527 demonstrationem
3452 5474 3618 5546 hujus

2039 5548 2188 5617 quod
2255 5548 2400 5605 idem
2452 5552 2691 5624 valeant,
2740 5565 2797 5613 et
2850 5573 3010 5629 aeque
3048 5563 3265 5631 possint
3295 5563 3616 5635 huiusmodi

2038 5642 2182 5699 dicta
2202 5645 2534 5717 evangelica.
