4090 6146
410 261 519 329 275

1403 272 1906 341 BESSARIONIS
1938 282 1996 344 S.
2044 283 2122 345 Β.
2165 284 2226 344 Ε.
2264 287 2724 352 CARDINALIS

3578 290 3685 355 276

411 378 808 448 proprietatem
853 382 1169 438 naturalem
1209 385 1442 457 alicujus
1474 389 1675 445 habere
1723 393 1985 461 aliquem,

2106 397 2279 463 λέγειν
2310 415 2457 469 εχειν
2480 400 2569 455 τὸν
2591 403 2762 467 δεῖνα,
2815 403 2847 470 ἦ
2876 400 2945 455 τὰ
2976 400 3147 454 αὐτοῦ
3205 397 3474 470 ἰδιώματα
3528 415 3686 468 φυσι-

408 480 469 526 et
501 470 622 541 ejus
662 472 1026 540 preprictatcs
1055 478 1376 532 naturaliter
1405 497 1417 543 ;
1442 479 1573 535 illud
1603 483 1749 536 enim
1781 485 1990 539 solutu-

415 561 579 617 modo
609 562 676 616 ad
710 563 1060 619 identitatem
1081 568 1404 625 substantia:
1436 570 1695 641 pertinet,
1726 574 1829 631 hoc
1861 592 1992 632 vero

414 650 683 717 quasdam
712 654 966 712 notio::es
986 652 1303 727 persenales
1326 679 1648 722 communes
1668 652 1790 723 esse
1818 670 1992 739 signi-

418 743 580 807 ﬁcat;
613 749 939 805 naturaliter
968 762 1147 810 tamen
1175 772 1298 826 quae
1350 758 1484 825 sint,
1508 773 1564 817 et
1598 760 1990 831 essentialiter,

415 850 483 890 ne
509 838 804 907 accidenti,
830 851 886 897 et
913 846 1058 915 qttud
1085 856 1167 902 est
1189 864 1287 919 per
1309 852 1803 924 participationem,
1831 857 1994 914 detur

418 928 601 988 locus.
639 934 773 989 Illud
834 947 1016 994 autem
1071 943 1252 996 omnia
1315 958 1437 1015 qua:
1478 958 1609 1002 sunt
1638 949 1836 1013 Patris.
1866 958 1993 1009 esse

415 1023 583 1077 etiam
641 1026 900 1098 Spiritus,
933 1044 1133 1102 prmter
1160 1037 1429 1094 rationem
1476 1039 1727 1113 ingeniti,
1773 1055 1828 1101 et
1859 1046 1991 1102 illud

417 1117 601 1171 omnia
636 1116 759 1175 Filii
777 1137 901 1178 esse
924 1141 1144 1198 quoque
1168 1128 1427 1200 Spiritus,
1451 1146 1677 1206 excepta
1704 1136 1992 1208 ﬁliatione,

418 1215 607 1269 nescio
673 1232 772 1271 cur
828 1229 1031 1277 temere
1063 1222 1482 1295 disputationi:
1523 1238 1574 1287 te
1628 1231 1826 1301 injecta
1860 1236 1993 1292 sint.

418 1305 637 1363 Etenim
686 1327 785 1367 nos
818 1316 906 1383 pie
942 1315 1166 1383 quidem
1216 1316 1315 1375 ista
1352 1321 1750 1395 intelligimus:
1779 1328 1824 1381 si
1857 1344 1995 1385 vero

417 1399 616 1468 aliquis
657 1419 765 1457 non
795 1414 941 1459 recte
967 1409 1168 1464 sentiat
1192 1410 1260 1466 de
1292 1424 1476 1468 mente
1512 1427 1855 1486 sanctorum,
1909 1422 1992 1478 vel

418 1493 556 1547 alios
586 1495 977 1565 calumnietur,
1008 1503 1126 1571 ipse
1161 1504 1235 1559 sit
1256 1504 1310 1560 in
1344 1506 1525 1577 culpa.
1576 1508 1634 1565 Si
1682 1512 1809 1582 quis
1847 1517 1993 1573 enim

419 1583 627 1640 adimat
652 1588 883 1673 Spiritui
918 1597 1307 1665 preprietatem
1340 1601 1637 1672 ingenitam
1667 1605 1865 1673 Patris,
1889 1609 1996 1665 hoc

419 1689 604 1731 autem
638 1667 879 1736 est'cum
903 1685 995 1755 qui
1026 1686 1146 1743 sine
1194 1705 1356 1745 causa
1383 1695 1477 1757 sit,
1508 1711 1733 1753 causam
1763 1701 1992 1756 aliarum

417 1785 780 1839 personarum
812 1778 1080 1836 exsistere
1107 1798 1121 1848 ;
1148 1782 1367 1851 qualem
1431 1790 1669 1860 amplius
1692 1792 1992 1864 liypostati—

418 1878 538 1916 eam
590 1867 980 1935 proprietatem
1035 1874 1217 1930 Patris
1276 1876 1374 1947 ipsi
1405 1881 1719 1952 relinquet?
1754 1887 1995 1959 itemque

418 1957 463 2011 si
489 1960 613 2026 quis
647 1960 843 2017 Filium
884 1979 1009 2018 cum
1065 1964 1273 2035 Spiritu
1308 1971 1621 2039 conferens,
1653 1985 1820 2048 atque
1858 1957 1995 2037 alte-

318 2074 319 2077 η
417 2064 540 2104 rum
565 2066 693 2107 cum
723 2055 926 2121 altero,
982 2061 1161 2115 solum
1195 2078 1322 2119 cum
1353 2067 1469 2120 solo
1497 2084 1845 2140 comparans,
1876 2074 1998 2143 δρία

416 2143 589 2199 ritum
658 2162 780 2204 esse
840 2149 1038 2207 Filium
1091 2166 1273 2225 neget,
1356 2158 1409 2213 in
1476 2164 1688 2218 caneris
1737 2167 1999 2224 omnibus

416 2254 597 2307 reque,
626 2249 791 2310 atque
823 2243 1021 2299 Filium
1060 2264 1187 2302 cum
1241 2264 1363 2307 esse
1395 2256 1664 2322 credens;
1704 2272 1996 2328 quamnam

416 2336 651 2405 amplius
676 2337 774 2406 ipsi
805 2340 1198 2408 proprietatem
1263 2342 1657 2415 lijpostatieam
1690 2349 2001 2420 impertiet?

418 2428 687 2498 siquidem
720 2443 1005 2501 paternam
1037 2452 1143 2492 non
1169 2440 1451 2507 impertiet
1474 2442 1496 2494 ἲ
1522 2442 1713 2512 Neque
1753 2445 1897 2498 enim
1931 2445 1998 2502 de

414 2520 581 2584 Patre
614 2528 899 2594 agebatur,
952 2545 1132 2599 neque
1166 2545 1290 2585 cum
1336 2532 1456 2603 ipso
1483 2537 1822 2605 comparatio
1859 2540 1997 2595 facta

418 2624 505 2669 est
539 2634 552 2671 :
582 2618 667 2671 fac
700 2631 881 2673 tamen
913 2637 1037 2674 cum
1064 2638 1129 2675 eo
1164 2623 1360 2679 factam
1393 2641 1552 2693 esse;
1586 2646 1765 2698 neque
1796 2632 1995 2703 sicipsi

421 2710 531 2763 ulla
561 2711 868 2780 proprietas
902 2712 1079 2771 Patris
1114 2718 1480 2789 relinquetur,
1507 2739 1631 2778 cum
1663 2724 1715 2778 in
1743 2728 2001 2783 omnibus

422 2802 659 2873 sitjuxta
683 2804 905 2869 Filium,
933 2820 999 2861 eo
1047 2820 1297 2880 excepto,
1322 2813 1467 2882 quod
1498 2818 1567 2872 sit
1598 2817 1791 2876 Filius.
1822 2819 1997 2891 Atque

418 2898 653 2965 proinde
705 2910 1016 2955 causatusa
1071 2903 1231 2960 Patre
1262 2922 1493 2975 prorsus
1542 2912 1793 2978 exsistat,
1854 2913 2000 2968 sicut

420 2996 478 3043 et
513 2987 705 3045 Filius.
744 2991 812 3046 At
881 3010 1063 3065 neque
1092 2997 1255 3053 ullam
1291 3005 1686 3071 proprietatem
1739 3005 1864 3062 Filii
1894 3008 1995 3078 ipsi
2043 2992 2048 2997 ’

2097 491 2227 553 κῶς.
2254 492 2328 544 Τὸ
2363 493 2462 561 μὲν
2488 494 2599 567 γάρ
2628 495 2762 566 πρὸς
2796 495 2891 566 τὴν
2925 494 3025 564 τῆς
3063 494 3253 556 οὐσίας
3315 492 3479 562 μόνον
3524 492 3682 562 φέρει

2095 584 2401 653 ταύτότητα
2424 605 2437 619 ·
2468 586 2529 640 τὸ
2563 587 2619 640 δὲ
2660 587 2759 658 τὴν
2796 588 2958 645 τινῶν
2994 586 3094 656 μὲν
3130 585 3509 657 προσωπικῶν
3541 602 3683 651 γνωο

2098 676 2383 747 ρισμάτων
2413 682 2704 735 κοινωνίαν
2740 682 2997 751 σημαίνει
3036 697 3053 714 θ
3092 678 3343 751 φυσικῶς
3384 678 3571 748 μέντοι
3622 695 3682 747 γε

2095 770 2303 839 ταύτην
2324 772 2416 827 καί⁵
2440 774 2714 837 οὐσιωδῶς
2740 773 2927 839 οὖσαν,
2952 773 3037 826 ἶνα
3074 772 3148 845 μὴ
3177 772 3255 841 τῷ
3280 770 3676 841 συμϐεϐηκότι,

2058 906 2059 909 η
2097 865 2191 918 καὶ
2205 864 2282 933 τῷ
2303 866 2443 919 κατὰ
2461 866 2698 938 μετοχὴν
2717 868 2872 937 χώρα
2897 865 3100 935 δοθείη.
3128 866 3201 919 Τὸ
3221 866 3277 921 δὲ
3293 866 3476 921 πάντα
3498 863 3570 919 τὰ
3588 862 3680 917 τοῦ

2096 958 2315 1027 Πατρὸς
2359 959 2453 1013 καὶ
2485 959 2579 1014 τοῦ
2618 960 2957 1031 Πνεῦματος,
2994 958 3135 1032 πλὴν
3196 959 3297 1030 τῆς
3329 958 3683 1029 ἀγεννησξας.

2097 1052 2129 1120 ἦ
2161 1055 2335 1106 πάντα
2364 1054 2431 1108 τὰ
2453 1053 2547 1109 τοῦ
2579 1054 2707 1108 Υίοῦ
2746 1055 2839 1111 καὶ
2873 1053 2969 1109 τοῦ
3018 1054 3339 1123 Πνεῦματος
3375 1046 3521 1111 εἶναι
3548 1052 3688 1119 πλὴν

2096 1143 2192 1210 τῆς
2228 1144 2495 1213 νεότητος,
2526 1145 2625 1199 οὐκ
2660 1143 2757 1198 οἷδ’
2778 1146 2904 1200 ὅτου
2939 1146 3100 1215 χάριν
3131 1143 3210 1215 τῷ
3267 1145 3417 1213 λόγῳ
3474 1143 3687 1213 παρέρ-

2101 1236 2294 1304 ριπται
2326 1252 2338 1265 ·
2371 1237 2534 1305 ἡμεῖς
2576 1238 2676 1306 μὲν
2708 1239 2819 1308 γὰρ
2868 1237 3115 1301 εὐσεϐῶς
3166 1235 3341 1293 ταῦτα
3405 1235 3639 1305 νοοῦμεν
3669 1250 3685 1265 ο

2098 1324 2163 1378 ἂν
2185 1326 2239 1378 δέ
2268 1343 2352 1387 τις
2380 1326 2411 1396 ἢ
2439 1326 2514 1398 μὴ
2542 1329 2704 1392 αὐτὸς
2731 1328 2955 1403 ὑγιαίνῃ
3008 1332 3140 1400 περὶ
3193 1329 3294 1401 τὴν
3350 1328 3464 1385 τῶν
3518 1327 3689 1396 ἁγίων

2098 1418 2359 1481 διάνοιαν,
2396 1420 2428 1488 ἦ
2464 1419 2692 1492 ἑτέρους
2725 1424 3065 1493 συκοφαντῇ,
3099 1423 3315 1480 ἐκείνου
3372 1420 3435 1476 τὸ
3492 1419 3689 1490 ἔγκλη-

2103 1528 2199 1578 μα.
2246 1511 2485 1579 Ἀιρελὼν
2512 1513 2623 1583 γάρ
2656 1532 2741 1579 τις
2770 1514 2866 1569 τοῦ
2916 1514 3237 1585 Πνεῦματος
3279 1515 3342 1568 τὸ
3391 1515 3690 1587 ἀγέννητον

2104 1603 2300 1673 ἰδίωμα
2335 1605 2430 1659 τοῦ
2463 1606 2699 1678 Πατρδς,
2726 1608 2887 1663 τοῦτο
2914 1608 2970 1669 δέ
3003 1609 3207 1665 ἔστιτὸ
3245 1609 3491 1665 ἀναίτιον
3520 1602 3690 1674 εἶναι,

2102 1696 2265 1748 αὐτὸν
2293 1698 2349 1751 δὲ
2380 1697 2554 1753 αἴτιον
2592 1696 2870 1755 εἶναιτῶν
2930 1701 3107 1756 ἄλλων
3164 1696 3498 1773 προσώᾶτων,
3537 1705 3694 1761 ποῖον

2106 1788 2188 1841 ἔτι
2218 1791 2583 1847 ὐποστατικὸν
2615 1794 2813 1866 ἰδίωμα
2847 1795 2942 1850 τοῦ
2993 1795 3209 1867 Πατρδς
3243 1794 3398 1865 αὐτῷ
3442 1794 3693 1851 καταλεί-

2103 1881 2242 1950 ψεις
2294 1883 2528 1954 ὐμοίως
2580 1885 2646 1940 ἄν
2683 1903 2770 1950 τις
2827 1887 2921 1941 τὸν
2971 1888 3103 1941 Υίδν
3140 1887 3293 1958 ’πρὸς
3352 1888 3415 1943 τὸ
3463 1886 3695 1956 Πνεῦμα

2109 1974 2439 2044 συγκρίνων,
2466 1979 2561 2030 καὶ
2604 1977 2779 2031 ταῦτα
2817 1979 2959 2047 μόνα
2988 1979 3127 2049 πρὸς
3164 1979 3369 2048 ἄλληλα
3400 1977 3695 2049 παραϐάλ-

2107 2068 2335 2135 low,th
2361 2071 2490 2126 Υίὶν
2521 2068 2741 2127 εἶναιτὸ
2770 2071 3002 2143 Πνεῦμα
3031 2075 3272 2144 άρνοῖτο,
3310 2074 3482 2128 τᾶλλα
3512 2074 3694 2128 πάντα

2107 2162 2249 2215 κατὰ
2271 2162 2363 2215 τὸν
2392 2163 2522 2217 Υίὸν
2555 2163 2694 2220 εἶναι
2721 2166 2996 2220 πιστεύων
3042 2166 3178 2221 αὐτό
3206 2184 3220 2199 ⁸
3254 2167 3401 2230 τίνος
3430 2165 3516 2221 ἔτι
3541 2166 3695 2237 αὐτῷ

2111 2241 2417 2325 μεταδώσει
2450 2258 2818 2313 ὐποστατικοῦ
2884 2260 3177 2330 ἰδιώματος
3212 2276 3227 2324 ;
3262 2256 3536 2332 πατρικοῦ
3594 2260 3696 2331 μὲν

2108 2352 2217 2417 γὰρ
2240 2350 2338 2403 οὐκ
2354 2349 2426 2403 ἂν
2461 2353 2741 2423 μεταδοίη.
2765 2353 2906 2408 Οὔτε
2954 2354 3063 2422 γὰρ
3105 2353 3236 2423 περὶ
3279 2354 3495 2423 Πατρὶς
3558 2347 3629 2425 ἦν
3666 2355 3696 2406 ὁ

2108 2442 2287 2512 λόγος,
2312 2444 2432 2499 οὐδὲ
2469 2446 2603 2515 πρὸς
2635 2445 2828 2500 τοῦτον
2857 2449 2889 2518 ἡ
2919 2446 3206 2517 παραϐολή
3234 2461 3249 2476 ·
3301 2444 3429 2499 οὔτε
3488 2447 3586 2499 καὶ
3645 2447 3693 2499 εί

2109 2541 2245 2610 πρὸς
2276 2540 2471 2595 τοῦτον
2502 2536 2592 2611 ἦν,
2627 2542 2740 2595 οὐδ’
2766 2542 2943 2606 οὕτως
2983 2541 3134 2613 αὐτῷ
3163 2542 3317 2597 οὐδὲν
3346 2541 3549 2612 ἰδίωμα
3582 2542 3695 2593 Zet-

2109 2637 2379 2707 φθήσεται
2408 2635 2503 2688 τοῦ
2536 2637 2776 2706 Πατρδς,
2809 2635 2951 2706 πλὴν
2982 2634 3080 2690 τοῦ
3140 2636 3269 2699 Υἱὸς
3321 2630 3482 2701 εἶναι,
3527 2634 3697 2691 τᾶλλα

2108 2729 2289 2781 πάντα
2328 2728 2470 2782 κατὰ
2510 2727 2601 2781 τὸν
2638 2727 2767 2783 Υίδν
2796 2727 2933 2795 ὄντι,
2961 2730 3059 2783 καὶ
3090 2727 3321 2798 αἰτιατῷ
3350 2726 3448 2781 τοῦ
3484 2726 3697 2796 Harpe;

2108 2824 2329 2883 πάντως
2350 2822 2426 2885 ὡς
2465 2822 2582 2883 re;
2614 2821 2769 2875 ὄντι*
2800 2821 2939 2876 ἀλλὰ
2979 2821 3098 2892 ,μὴν
3139 2821 3261 2875 οὐδὲ
3310 2818 3511 2883 υίικοῦ,
3550 2819 3697 2884 τίνος

2108 2919 2259 2989 γὰρς
2304 2918 2465 2985 εἴπερ
2515 2915 2661 2968 τοῦτ’
2714 2915 2836 2969 ἐστὶ
2899 2915 2977 2987 τῷ
3026 2914 3143 2986 Υἱῷ
3186 2913 3571 2999 ὐνποστατικὺν,
3637 2913 3698 2966 τὸ

2108 3008 2251 3065 εἶναι
2280 3009 2407 3074 Υἱός
2432 3028 2447 3043 θ
2478 3011 2506 3065 ὃ
2537 3011 2848 3078 φθάσαντες
2902 3009 3254 3079 ἀφαιροῦμεν
3285 3005 3377 3061 τοῦ
3439 3007 3696 3074 Πνεύμα-

420 3082 632 3147 tribuet
660 3102 674 3138 :
709 3086 883 3154 Quam
913 3091 1105 3146 enim?
1131 3093 1403 3163 siquidem
1438 3098 1555 3153 haec
1583 3108 1665 3154 est
1691 3102 2000 3171 proprietas

2110 3125 2217 3170 τος.
2249 3106 2393 3177 Πρὸς
2410 3106 2465 3159 δὲ
2499 3105 2559 3159 τὸ
2586 3107 2657 3159 ἐκ
2706 3105 2807 3174 τῆς
2848 3103 3036 3166 οὐσίας
3081 3101 3176 3156 τοῦ
3221 3101 3353 3157 Υῐοῦ
3380 3100 3697 3169 ,ἀκούοντας

424 3178 770 3249 liypostatica
804 3182 954 3247 Fiiii,
1017 3195 1075 3240 ut
1109 3188 1181 3242 sit
1208 3186 1402 3245 Filius.
1459 3192 1631 3257 Quam
1686 3194 1911 3263 quidem
1970 3214 2001 3252 a

419 3270 629 3341 Spiritu
679 3275 1085 3342 prmveuientes
1141 3279 1474 3350 excipimus.
1536 3283 1617 3337 Ad
1650 3283 1785 3340 illud
1817 3297 2001 3341 autem

419 3379 548 3418 cum
582 3368 863 3433 audimus,
921 3385 985 3424 ex
1015 3372 1329 3428 substantia
1361 3390 1482 3431 esse
1553 3374 1700 3442 Filii,
1759 3394 1822 3433 ex
1857 3380 2006 3436 illius

419 3472 643 3527 quoque
676 3476 913 3529 persona
944 3463 1281 3535 intelligere,
1313 3484 1423 3522 non
1452 3484 1575 3525 esse
1610 3472 1834 3537 mirum,
1870 3474 2005 3530 satis

422 3562 587 3605 antea
619 3552 833 3608 dictum
870 3564 975 3610 εει.
1013 3556 1171 3624 Quod
1200 3575 1330 3613 vero
1360 3561 1439 3615 ait
1484 3579 1693 3633 magna:
1723 3581 1848 3621 esse
1910 3567 2006 3621 de-

419 3646 645 3701 mentiae
701 3663 815 3703 non
868 3651 1337 3719 animadvertere,
1407 3658 1555 3727 quod
1607 3672 1731 3713 cum
1765 3661 2006 3732 Spiritus

427 3737 613 3794 Patris
638 3755 782 3808 esse,
817 3751 871 3797 et
901 3758 967 3798 ex
1005 3743 1166 3801 Patre
1213 3746 1452 3816 dicatur,
1481 3751 1576 3820 qui
1641 3749 1857 3807 Patrem
1885 3769 2006 3812 esse

418 3832 627 3890 Filium
656 3847 879 3909 negant,
913 3841 1076 3896 simul
1099 3843 1262 3898 etiam
1319 3856 1520 3918 negant
1569 3848 1672 3919 ipsi
1714 3839 2006 3910 commune

424 3944 549 3985 esse
583 3946 707 3986 cum
731 3932 893 3989 Patre
912 3936 1221 4001 producere
1249 3956 1264 4004 ;
1298 3938 1555 3997 fortassis
1584 3943 1666 3998 rel
1698 3943 1865 3999 etiam
1897 3946 2004 4001 sibi

415 4027 686 4096 aequalem
702 4030 999 4084 amentiam
1019 4032 1229 4103 objicit,
1252 4032 1438 4090 forsan
1455 4037 1621 4091 etiam
1648 4048 1702 4093 et
1718 4042 2005 4111 majorem,

422 4134 536 4189 quo
571 4120 886 4191 Intelligens
910 4124 1332 4193 absurditatem,
1360 4137 1541 4184 tamen
1574 4145 1691 4184 eam
1723 4131 2004 4187 admittit:

423 4226 739 4284 propterea,
780 4216 929 4286 quod
962 4218 1209 4287 Spiritus
1240 4216 1362 4275 Filii
1398 4220 1638 4292 Spiritus
1686 4238 1807 4279 esse
1850 4225 2005 4280 dica-

416 4317 536 4362 tur.
572 4308 628 4362 Si
665 4308 813 4363 enim
846 4309 1090 4381 Spiritus
1122 4313 1278 4383 juxta
1313 4329 1468 4369 suam
1501 4317 1835 4371 sententiam
1898 4319 2003 4374 Pa-

422 4398 546 4465 tris,
582 4409 638 4456 et
700 4416 765 4454 ex
792 4401 959 4458 Patre
1010 4419 1134 4459 esse
1176 4404 1401 4471 dicitur,
1468 4407 1561 4476 qui
1612 4408 1827 4464 Patrem
1882 4426 2005 4467 esse

2105 3202 2172 3253 ἐκ
2200 3200 2299 3269 τῆς
2331 3198 2686 3259 ὑποστάσεως
2710 3196 2875 3250 αὐτοῦ
2902 3198 3041 3251 νοεῖν
3072 3196 3147 3266 μὴ
3175 3192 3490 3263 θαυμαστὸν
3534 3190 3693 3259 εἶναι,

2106 3293 2311 3356 ἱκανῶς
2339 3292 2558 3364 εἴρηται
2598 3292 2889 3363 πρότερον.
2934 3292 2994 3344 '0
3026 3290 3084 3343 δὲ
3132 3289 3229 3344 καὶ
3269 3288 3473 3358 πολλῆς
3505 3287 3698 3351 ἀνοίας

2105 3385 2247 3441 εἷναί
2279 3404 2415 3459 φησι
2438 3387 2498 3441 τὸ
2525 3386 2603 3457 μὴ
2638 3385 2896 3457 συνορᾷν,
2930 3383 3009 3448 ὡς
3054 3382 3182 3437 ἔπει
3224 3381 3439 3452 Πατρδς
3506 3382 3600 3434 καὶ
3633 3380 3700 3436 ἐκ

2109 3478 2322 3550 Ila-cpe;
2353 3479 2575 3548 λέγεται
2614 3478 2675 3531 τδ
2726 3476 2978 3548 Πνεῦμα,
3031 3478 3081 3531 οἱ
3137 3470 3363 3547 Πατέρα
3415 3470 3561 3529 εἶναι
3606 3473 3700 3527 τὸν

2109 3576 2237 3627 Υἱδν
2264 3572 2703 3645 άπαγορεύοντες
2738 3571 3256 3643 συναπαγὸρεύουσι
3284 3572 3380 3626 καὶ
3430 3572 3531 3643 τὴν
3556 3572 3701 3628 κατὰ

2107 3671 2168 3722 τὸ
2203 3670 2539 3741 προϐάλλειν
2563 3668 2644 3737 τῷ
2674 3667 2788 3739 Υἱῷ
2822 3665 3113 3721 κοινωνίαν
3144 3666 3285 3736 πρὸς
3308 3667 3403 3720 τὸν
3450 3666 3696 3737 Πατέρα,

2110 3762 2299 3832 ἴσωςῆ
2337 3761 2433 3815 καὶ
2460 3760 2639 3831 ἑαυτῷ
2677 3759 2778 3831 τὴν
2806 3759 2931 3829 ίσην
2991 3758 3245 3827 ἐγκαλῶν
3294 3759 3502 3834 ἄνοιαν,
3554 3757 3699 3832 τάχα

2109 3855 2166 3925 δὲ
2208 3854 2305 3907 καὶ
2357 3852 2608 3924 μείζονα,
2658 3853 2784 3907 ὅσον
2842 3851 3047 3917 συνιεὶς
3101 3852 3163 3907 τὸ
3221 3851 3427 3907 ἄτοπον
3480 3853 3699 3926 δέχεται

2108 3921 2283 4020 ὅμως,
2314 3921 2403 4004 διὰ
2448 3950 2510 4003 τὸ
2542 3948 2772 4020 Πνεῦμα
2824 3947 3055 4020 Πνεῦμα
3116 3948 3373 4019 λέγεσθαι
3445 3921 3601 4006 Υίοῦ.
3637 3950 3699 4005 El

2108 4042 2217 4113 γὰρ
2247 4041 2457 4110 [ἰατρὸς
2491 4041 2584 4094 καὶ
2618 4042 2682 4094 ἐκ
2743 4038 2961 4112 Πατρδς
3009 4039 3130 4092 κατ’
3180 4037 3343 4092 αὐτὸν
3392 4038 3612 4107 λέγεται
3636 4039 3701 4093 τὸ

2110 4135 2357 4205 Πνεῦμα,
2394 4134 2442 4185 oi
2468 4133 2687 4203 Πατέρα
2733 4127 2877 4186 εῖναι
2928 4132 3023 4184 τὸν
3068 4131 3197 4185 Υίδν
3251 4132 3698 4225 ἀπαγορεύοντες

2109 4232 2170 4285 οὐ
2198 4231 2297 4302 τὴν
2320 4229 2464 4283 κατὰ
2495 4227 2558 4281 rb
2595 4227 2925 4299 προϐάλλειν
2944 4227 3021 4295 τῷ
3050 4226 3165 4297 Υίῷ
3194 4225 3331 4299 πρὸς
3350 4226 3444 4279 τὸν
3476 4226 3696 4298 Πατέρα

2110 4324 2399 4380 κοινωνίαν
2452 4320 2968 4389 συναπαγορεύουσι
3033 4319 3230 4387 μόνον,
3287 4318 3427 4373 ἀλλὰ
3484 4320 3579 4374 καὶ
3638 4324 3699 4374 τ’)

2112 4415 2341 4486 Πνεῦμα
2397 4414 2531 4468 Υίοῦ
2582 4414 2863 4482 λέγεσθαι.
2932 4412 3001 4466 “ll
3058 4411 3265 4483 ταύτην
3321 4412 3542 4481 φεύγων
3598 4411 3701 4484 τὴν

418 4490 623 4564 Filium
655 4503 877 4565 negant,
915 4510 1021 4550 non
1063 4505 1277 4552 tantum
1314 4475 1715 4570 simulinegaut
1746 4515 2000 4557 commu-

2111 4475 2318 4574 ἄνοιαν,
2349 4509 2431 4571 είς
2465 4475 2668 4578 ἑτέραν
2702 4506 2880 4578 πολλῷ
2934 4505 3161 4575 μείζονα
3207 4475 3555 4575 ἐμπεσεῖται,
3612 4508 3699 4576 μὴ

419 4598 550 4638 nem
602 4600 723 4640 esse
780 4584 921 4653 Filio
988 4604 1114 4645 eum
1171 4588 1333 4646 Patre
1362 4591 1471 4647 vim
1508 4594 1870 4663 producendi,
1905 4594 2001 4651 sed

416 4677 587 4741 etiam
612 4689 811 4753 negant
839 4682 1105 4753 Spiritum
1137 4684 1247 4742 dici
1266 4686 1410 4741 Filii.
1451 4686 1545 4744 Vel
1572 4689 1617 4743 si
1648 4689 1789 4745 hanc
1818 4705 2010 4745 amen-

422 4774 559 4831 tiam
594 4777 767 4833 vitare
808 4777 1080 4847 voluerit,
1108 4780 1166 4835 in
1188 4781 1355 4837 aliam
1416 4781 1578 4853 longe
1619 4785 1884 4854 majorem
1917 4785 2005 4842 in-

2112 4602 2317 4671 λέγειν,
2342 4600 2488 4674 μηδὲν
2527 4601 2744 4670 φρονεῖν
2771 4602 2834 4655 τὸ
2882 4600 3107 4670 Πνεῦμα
3154 4600 3381 4672 Πνεῦμα
3414 4600 3570 4657 Υίοῦ.
3590 4601 3702 4656 Καὶ

2114 4694 2285 4757 οὓτως
2317 4695 2507 4767 ἁπάσῃ
2523 4695 2717 4768 Γραφῇ
2751 4695 3013 4749 τάναντία
3036 4698 3175 4766 ἐρεῖ.
3215 4694 3372 4750 Οῦτω
3396 4699 3489 4751 καὶ
3505 4696 3700 4762 οὗτοςὸ

2115 4787 2271 4855 λόγος
2305 4787 2631 4859 ἒλήλεγχται
2669 4787 2806 4843 πολὺ
2852 4789 2916 4842 τὸ
2950 4787 3313 4843 άνεπίστατον
3359 4791 3697 4859 περιφέρων.

422 4869 603 4937 eidet;
656 4878 880 4939 utnon,
904 4872 1050 4929 dicat
1088 4890 1270 4946 neque
1296 4877 1497 4933 sentiat
1545 4876 1810 4949 Spiritum
1844 4894 1964 4937 esse
2006 4878 2127 4936 Filii
2166 4881 2461 4950 Spiritum.
2495 4882 2671 4953 Atque
2729 4882 2803 4937 ita
2835 4881 3126 4937 aﬂirmabit
3157 4898 3221 4938 ea
3247 4899 3369 4953 quae
3393 4883 3490 4938 toti
3531 4882 3686 4939 Scri-

419 4975 599 5045 ptura:
628 4981 797 5031 sacra:
825 4973 1103 5026 contraria
1143 4972 1273 5028 sint.
1306 4973 1463 5029 llunc
1496 4975 1551 5029 in
1591 4974 1813 5035 modum
1856 4976 2015 5034 istam
2046 4992 2265 5051 quoque
2300 4976 2566 5045 rationem
2592 4976 3015 5043 confutavimus,
3057 4994 3182 5033 cum
3221 4978 3453 5032 multum
3489 4977 3686 5034 iucou~

420 5064 743 5135 _sideranti£e
785 5067 839 5122 in
876 5083 934 5125 se
964 5070 1259 5127 contineat.

947 5216 1092 5272 Vacci
1140 5221 1194 5273 in
1237 5219 1520 5277 decimam.

497 5335 830 5402 Praesentes,
888 5350 1027 5405 quas
1087 5335 1280 5393 Patres
1334 5337 1544 5408 scripto
1621 5338 2006 5409 prodiderunt,

426 5428 755 5495 sententias,
792 5428 848 5482 in
894 5427 1097 5498 quibus
1125 5428 1431 5500 theologice
1504 5443 1867 5489 asseruerunt
1921 5434 2009 5489 Fi-

430 5522 564 5583 lium
603 5536 723 5578 esse
747 5520 1034 5592 prOprium
1089 5522 1292 5590 Patris,
1352 5532 1567 5594 utpote,
1589 5526 1685 5595 qui
1726 5541 1793 5582 ex
1832 5527 2011 5596 ipsius

430 5614 673 5671 essentia
701 5615 794 5681 sit,
820 5623 876 5671 et
896 5632 962 5672 ex
994 5616 1116 5686 ipso
1147 5631 1291 5683 esse,
1320 5618 1522 5689 quippe
1552 5619 1809 5690 proprius
1838 5621 2011 5691 ipsius

432 5709 690 5765 essentia:
716 5710 968 5775 exsistat,
1024 5710 1117 5765 hic
1166 5710 1533 5783 subjecimus;
1570 5714 1788 5770 utliinc
1848 5715 2009 5771 liceat

431 5803 641 5861 volenti
719 5818 1014 5885 agnoscere
1075 5804 1365 5877 Spiritum,
1394 5807 1464 5863 ob
1496 5822 1620 5863 eam
1653 5824 1873 5877 causam
1899 5810 2008 5867 dici

2511 5222 2627 5278 Tov
2657 5221 2891 5278 Βέκκου
2935 5226 3023 5289 εὶς
3054 5224 3168 5291 τὴν
3222 5222 3275 5279 ι’.

2188 5339 2256 5394 Ai
2281 5338 2555 5412 παροῦσαι
2586 5340 2862 5419 γραφικαὶ
2886 5339 3102 5411 ῥήσεις,
3132 5343 3190 5393 ἐν
3230 5334 3319 5427 αἷς
3346 5336 3397 5397 οἱ
3461 5344 3704 5417 Πατέρες

2118 5433 2485 5503 ὲθεολόγησαν
2511 5433 2645 5488 tam
2667 5432 2762 5489 τοῦ
2792 5433 3007 5504 [ἰατρὸς
3027 5434 3119 5489 τὸν
3140 5435 3272 5490 Υίὸν
3314 5431 3483 5506 εἶναι,
3513 5438 3590 5505 ὡς
3639 5443 3705 5513 ἐκ

2119 5528 2218 5599 τῆς
2243 5526 2437 5593 οὐσίας
2474 5526 2644 5582 αὐτοῦ
2672 5528 2825 5593 ὄντα,
2860 5530 2956 5583 καὶ
2991 5529 3053 5595 ἐξ
3081 5529 3251 5584 αὐτοῦ
3291 5526 3434 5588 εἶναι
3471 5533 3544 5599 ὡς
3574 5534 3706 5590 ίδιον

2120 5621 2250 5676 ὄντα
2302 5622 2400 5693 τῆς
2450 5624 2639 5686 οὐσίας
2705 5622 2895 5691 αὐτοῦ,
2959 5626 3419 5699 κατεστρώθησαν
3466 5630 3704 5702 ἐνταῦθα

2124 5716 2189 5771 ἵν’
2247 5718 2334 5788 εἴη
2378 5718 2453 5789 τῷ
2506 5718 2818 5789 βουλομένῳ
2878 5719 3132 5774 ἐντεῦθεν
3174 5722 3582 5791 διαγινώσκειν,
3626 5724 3703 5787 ὡς

2123 5816 2216 5871 καὶ
2244 5814 2306 5870 τὺ
2354 5812 2578 5887 Πνεῦμα
2624 5812 2712 5870 διὰ
2756 5814 2915 5871 τοῦτο
2966 5817 3097 5876 ῑδιον
3144 5816 3238 5872 τοῦ
3296 5817 3424 5874 Υίοῦ
3485 5820 3704 5903 λέγεται
