4036 6140
395 268 507 337 279

1381 276 1885 345 BESSARIONIS
1920 284 1981 349 S.
2021 285 2095 351 Β.
2132 283 2203 349 Ε.
2238 286 2736 354 CARDINALIS’

3548 295 3654 359 2&0

394 383 595 440 habeat
624 399 787 451 esse;
822 386 918 443 scd
950 389 1261 446 secundum
1300 390 1464 447 aliam
1507 396 1777 451 rationem
1809 411 1975 466 quam

2080 417 2192 465 τεις
2223 399 2299 465 ὡς
2328 402 2386 454 ἐν
2414 402 2647 476 ὀνείροις
2678 404 2798 457 κατ’
2838 402 3109 469 ἐξουσίαν.
3149 401 3215 458 ’⁸0
3262 402 3371 475 γάρ
3408 401 3503 457 τοῦ
3554 422 3651 474 με·

392 474 519 545 ipse
561 476 715 532 velut
756 477 809 532 in
844 481 1057 536 somnis
1091 481 1157 537 ad
1190 483 1489 539 arbitrium
1528 486 1710 557 lingis.
1754 486 1974 544 Dictum

390 571 543 625 enim
573 576 758 643 magni
796 572 1011 640 Basilii,
1047 578 1196 648 quod
1235 577 1489 646 adducis,
1542 582 1835 638 nobiscum
1876 599 1976 653 po-

394 660 506 718 tius
533 664 661 720 facit
690 686 705 733 ;
731 677 787 724 et
819 666 1145 739 imprudens
1172 682 1363 728 contra
1389 681 1439 729 te
1471 674 1605 730 illud
1625 675 1808 732 aﬂ‘ers.
1836 676 1975 733 Cum

392 756 542 809 enim
596 758 762 814 unius
806 771 973 830 atque
1022 763 1269 835 ejusdem
1321 768 1423 834 rei,
1464 767 1725 825 nimirum
1780 772 1974 842 hujus,

396 850 541 917 quod
573 862 657 906 cst
692 853 959 923 Spiritum
1001 865 1252 913 sanctum
1295 871 1495 919 natura
1532 880 1657 919 eum
1695 864 1854 921 Patre
1886 867 1976 922 Fi-

390 939 579 1011 lioque
606 945 892 1015 conjungi,
932 948 1440 1010 demonstrationes
1472 957 1717 1026 requirat
1758 958 1975 1024 doctor,

392 1032 527 1087 illud
551 1037 698 1105 quod
743 1050 825 1093 est
854 1054 921 1094 ex
953 1042 1115 1098 Patre
1138 1045 1443 1114 procedere
1475 1058 1531 1103 et
1559 1048 1691 1105 illud
1720 1050 1843 1105 Filii
1869 1053 1975 1107 dici

391 1132 561 1193 atque
616 1143 761 1192 esse,
802 1130 1083 1212 producit,
1140 1134 1208 1189 ad
1264 1137 1408 1191 idem
1457 1141 1761 1209 pertinere,
1809 1152 1977 1214 atque

394 1216 544 1271 idem
579 1220 786 1288 valere,
824 1234 879 1279 et
913 1225 1078 1284 ambo
1111 1228 1478 1290 existimans:
1516 1236 1673 1307 cujus
1700 1237 1848 1292 enim
1890 1238 1977 1294 di-

395 1310 542 1365 citur
583 1314 847 1384 Spiritus,
891 1319 962 1375 ab
1006 1337 1076 1376 eo
1123 1338 1256 1379 sane
1304 1335 1359 1382 et
1401 1328 1666 1398 spiratur.
1707 1330 1789 1387 ’l‘u
1843 1349 1978 1390 vero

392 1402 721 1471 absurdum,
759 1409 903 1478 quod
930 1413 1203 1482 sequitur,
1232 1425 1288 1471 et
1320 1417 1456 1473 illud
1476 1422 1618 1490 quod
1661 1428 1978 1482 necessario

394 1494 799 1565 reciprocatur,
823 1510 1021 1572 estque
1041 1506 1151 1562 tuis
1178 1506 1344 1567 dictis
1370 1524 1830 1585 consentaneum,
1850 1494 1975 1574 cum

393 1588 778 1662 subterfugere
818 1596 1065 1662 coneris,
1104 1599 1327 1657 etiamsi
1354 1605 1512 1663 valde
1558 1608 1726 1671 nolis.
1777 1611 1976 1666 adrer-

392 1680 558 1736 sariis
608 1686 1000 1753 patrocinaris.
1040 1690 1163 1748 Non
1206 1694 1381 1767 enim,
1421 1698 1631 1771 inquis,
1666 1700 1842 1759 Filius
1893 1705 1978 1760 di-

392 1774 540 1829 citur
572 1775 813 1849 Spiritus
848 1785 1048 1854 sancti,
1079 1802 1146 1843 ne
1172 1787 1415 1859 Spiritus
1448 1792 1611 1849 Pater
1636 1795 1813 1865 ipsius
1852 1814 1974 1855 esse

392 1867 693 1925 videatur:
722 1874 888 1930 etiam
934 1888 991 1933 tu
1029 1879 1148 1951 ipse
1188 1886 1505 1942 concedens
1556 1888 1787 1946 relativa
1832 1892 1974 1948 reei-

394 1963 612 2029 procari
651 1986 660 2019 :
696 1969 1167 2036 quemadmodum
1202 1986 1258 2031 et
1301 1994 1505 2035 nomen
1549 1978 1815 2051 Spiritus,
1846 2001 1976 2051 cum

392 2051 467 2107 sit
498 2054 814 2125 relativum,
842 2064 1091 2119 utetiam
1132 2077 1188 2122 tu
1228 2070 1365 2126 velis
1404 2071 1549 2128 nolis
1591 2073 1880 2142 fateberis,
1906 2078 1974 2133 ad

393 2146 701 2215 spirantem
746 2152 1004 2225 iniertur,
1059 2162 1131 2217 ab
1168 2176 1351 2233 eoque
1406 2166 1677 2235 spiratur,
1706 2169 1882 2239 cujus
1920 2179 1979 2225 et

394 2239 600 2296 dicitur
633 2242 895 2314 Spiritus.
933 2251 1230 2311 Existimas
1257 2266 1440 2315 autem
1468 2275 1592 2315 cum
1617 2278 1683 2317 ex
1714 2265 1975 2320 substan-

392 2332 467 2385 tia
500 2331 624 2390 Filii
658 2352 780 2392 esse
812 2337 1085 2411 Spiritum
1117 2344 1381 2413 dicimus,
1414 2350 1583 2407 etiam
1631 2370 1699 2408 ex
1736 2370 1976 2426 persona

393 2425 547 2483 illius
582 2444 703 2486 esse
736 2434 962 2491 minime
1002 2436 1164 2494 lateri
1202 2455 1302 2496 nos
1331 2442 1451 2512 cogi
1486 2454 1585 2500 :et
1616 2446 1682 2502 ad
1718 2425 1821 2503 hoc
1849 2465 1983 2520 pros

395 2519 663 2585 trandum,
717 2527 904 2581 nescio
945 2529 1091 2585 unde
1147 2531 1450 2589 absurdum
1492 2537 1721 2608 aliquod
1770 2519 1977 2599 videris

393 2611 682 2684 colligere.
718 2614 812 2673 Sic
847 2621 995 2675 enim
1044 2622 1453 2694 inquis:Alter
1499 2630 1571 2683 ab
1618 2631 1792 2687 altero
1829 2635 1972 2702 erit;

394 2717 657 2778 tanquam
687 2711 947 2770 videlicet
982 2714 1101 2771 lieri
1128 2720 1328 2788 possit,
1364 2729 1424 2777 ut
1450 2731 1508 2778 et
1533 2723 1707 2781 Filius
1741 2742 1810 2783 ex
1844 2731 1976 2785 sub-

394 2800 599 2856 stantia
623 2800 891 2872 Spiritus,
921 2818 979 2861 et
1029 2820 1328 2880 propterea
1360 2813 1529 2870 etiam
1560 2832 1630 2872 ex
1668 2816 1847 2889 ipsius
1878 2820 1979 2893 Ity-

392 2894 597 2961 postasi
631 2894 882 2963 dicatur;
910 2908 1177 2968 quantum
1202 2918 1306 2975 ego
1336 2905 1651 2979 conjectura
1676 2908 1976 2981 perSpicio,

394 2996 451 3042 et
479 3003 543 3043 ex
578 2996 669 3044 tua
705 2998 891 3046 mente
914 2991 1195 3067 intelligo;
1226 2996 1365 3053 nihil
1391 2998 1543 3055 enim
1564 2986 1683 3072 ipse
1707 3000 1974 3058 declaras.

2079 494 2247 562 γάλου
2293 493 2576 549 Βασιλείου
2635 496 2861 565 ἐπάγεις
2903 496 3045 567 ὑπὲρ
3090 494 3248 568 ἡμῶν
3297 496 3518 566 μᾶλλον.
3562 496 3653 550 καὶ

2079 588 2220 642 κατὰ
2265 588 2466 642 σαυτοῦ
2516 588 2750 661 λέληθας
2794 588 3169 661 προκομίζων.
3214 588 3368 653 Ἐνδς
3412 590 3522 660 γὰρ
3560 587 3655 642 τοῦ

2078 682 2242 737 αὐτοῦ
2271 684 2366 737 τοῦ
2430 684 2572 739 κατὰ
2623 684 2787 756 φύσιν
2842 685 3153 756 ᾠκειῶσθαι
3178 684 3357 756 Πατρὶ
3401 686 3495 740 καὶ
3535 681 3655 753 Υίῷ

2075 775 2139 829 τὸ
2172 777 2395 848 Πνεῦμα
2419 777 2481 832 τὸ
2509 776 2664 848 ἅγιον
2692 776 3001 844 ἀποδείξεις
3044 776 3227 849 ζητῶν
3256 777 3285 831 ὁ
3312 777 3658 841 διδάσκαλος,

2078 872 2138 923 τό
2173 886 2233 923 τε
2274 871 2338 924 ἐκ
2382 870 2477 925 τοῦ
2518 871 2734 943 Πατρδς
2775 866 3202 940 ἐκπορεύεσθαι,
3250 869 3347 924 καὶ
3382 869 3474 923 τοῦ
3524 866 3658 922 Υίοῦ

2074 961 2336 1029 λέγεσθαί
2378 981 2441 1017 τε
2495 965 2592 1019 καὶ
2644 960 2805 1031 εἶναι,
2833 965 3090 1037 προάγει,
3125 964 3209 1029 είς
3252 963 3416 1017 ταὺτὸ
3444 962 3656 1033 φέρειν,

2079 1055 2173 1108 καὶ
2204 1052 2371 1109 ταυτδ
2411 1055 2677 1111 δύνασθαι
2709 1057 2810 1111 καὶ
2843 1056 3011 1127 ἄμφω
3037 1056 3308 1127 οἰόμενος.
3332 1054 3408 1109 Οῦ
3440 1056 3552 1124 γὰρ
3576 1053 3659 1106 λέ-

2078 1165 2239 1217 γεται
2267 1148 2513 1219 Πνεῦμα,
2538 1150 2598 1218 ἐξ
2628 1150 2841 1205 ἐκείνου
2888 1149 3063 1220 δήπου
3088 1149 3187 1205 καὶ
3214 1151 3456 1205 πνεῖται.
3494 1147 3568 1203 Σὺ
3604 1146 3660 1200 δὲ

2079 1240 2141 1295 τὸ
2167 1242 2436 1312 ἑπόμενον
2466 1244 2671 1297 ἄτοπον
2703 1243 2797 1297 καὶ
2820 1242 2921 1314 τὴν
2948 1243 3260 1311 ἀναγκαίαν
3288 1240 3662 1312 ἀντιστροφὴν

2079 1333 2194 1397 τοῖς
2231 1334 2342 1397 σοῖς
2382 1333 2566 1404 λόγοις
2610 1334 3019 1389 ἀκολουθοῦσαν
3051 1334 3346 1403 ἐκφεύγειν
3379 1332 3660 1403 πειρώμε-

2079 1445 2188 1492 νος.
2213 1428 2309 1483 καὶ
2346 1428 2419 1498 μὴ
2453 1428 2661 1499 σφόδρα
2692 1428 3018 1501 βουλόμενος
3046 1430 3161 1493 τοῖς
3189 1427 3463 1491 ἐναντίοις
3496 1444 3662 1498 συνη-

2079 1523 2285 1593 γορεῖς.
2315 1523 2391 1575 Οὑ
2422 1522 2535 1593 γὰρ
2559 1522 2798 1591 λέγεται,
2818 1522 2949 1595 φῂς,
2982 1521 3075 1577 τοῦ
3111 1523 3430 1594 Πνεῦματος
3455 1525 3483 1577 ὁ
3505 1521 3660 1585 Υἱὸς,

2080 1614 2171 1669 ἶνα
2205 1615 2280 1686 μὴ
2310 1614 2500 1685 Πατὴρ
2526 1614 2695 1669 αὑτοῦ
2724 1614 2854 1690 δόξῃ
2880 1615 2947 1669 τὸ
2969 1615 3222 1685 Πνεῦμα,
3249 1614 3531 1685 ὁμολογῶν
3568 1614 3665 1668 καὶ

2008 1749 2054 1810 Β
2084 1707 2251 1770 αὑτὸς
2278 1706 2350 1760 τά
2380 1706 2691 1777 άναφορικά
2733 1706 2871 1776 πρὸς
2915 1706 3344 1778 ἀντιστρέφοντα
3375 1704 3662 1775 λέγεσθαι,

2079 1800 2157 1863 ὡς
2178 1794 2283 1854 ’καὶ
2316 1800 2377 1853 τὸ
2398 1798 2495 1854 τοῦ
2528 1799 2848 1868 Πνεύματος
2875 1798 3047 1869 ὄνομα
3089 1800 3422 1870 άναφορικδν
3460 1799 3543 1866 ὃν,
3585 1799 3664 1863 ὡς

2080 1895 2176 1949 καὶ
2205 1893 2434 1965 αὑτὸςῆ
2485 1890 2627 1947 ἑκὼν
2673 1893 2708 1965 ἥ
2753 1891 2906 1947 ἄκων
2957 1892 3341 1966 ὁμολογήσεις,
3380 1892 3519 1963 πρὸς
3568 1891 3665 1945 τὸν
3720 1890 3725 1901 ⁶

2080 1986 2309 2040 πνέοντα
2362 1984 2757 2055 ἀναφέρεσθαι,
2826 1986 3077 2040 πνεῖσθαί
3118 2003 3176 2040 τε
3218 1985 3278 2051 ἐξ
3326 1985 3557 2050 ἐκείνου,
3602 1977 3663 2039 οῦ

2078 2080 2176 2132 καὶ
2207 2078 2424 2147 λέγεται
2471 2078 2731 2150 Πνεῦμα.
2766 2080 2841 2133 Τὸ
2862 2080 2906 2133 δ’
2940 2082 3005 2133 ἐκ
3042 2080 3143 2150 τῆς
3177 2079 3366 2143 οὑσίας
3396 2079 3490 2133 τοῦ
3526 2077 3673 2133 Υίοῦ.

2078 2171 2259 2239 λέγειν
2288 2167 2429 2226 εἶναι
2472 2172 2535 2225 τὺ
2564 2173 2791 2243 Πνεῦμα
2828 2173 2904 2245 μὴ
2933 2173 3269 2242 ἀναγκάζειν
3294 2173 3539 2243 οἰόμενος
3567 2173 3665 2227 καὶ

2082 2264 2146 2317 ἐκ
2178 2263 2281 2333 τῆς
2308 2262 2660 2326 ὑποστάσεως
2681 2261 2826 2319 εἶναι
2849 2264 3038 2326 αὑτοῦ,
3062 2265 3157 2317 καὶ
3190 2263 3392 2318 ἄτοπόν
3416 2280 3470 2319 τι
3495 2265 3664 2321 συνᾶ-

2080 2374 2199 2426 γειν
2227 2357 2430 2425 δοκεῖς,
2457 2354 2558 2411 οὐκ
2574 2353 2671 2412 οἷδ’
2697 2357 2822 2413 ὅθεν
2852 2359 2933 2421 εἰς
2955 2358 3054 2427 τὴν
3072 2357 3262 2412 τούτου
3287 2356 3670 2426 παράστασινοη

2079 2451 2221 2529 οὑτω
2262 2451 2375 2525 γὰρ
2422 2451 2663 2512 ἔσονται.
2697 2453 2823 2526 φῇς,
2858 2450 2917 2517 ἐξ
2961 2450 3231 2525 ἀλλήλων,
3268 2450 3344 2515 ὡς
3379 2450 3665 2523 ἐγχωροῦν

2077 2543 2281 2614 δηλαδὴ
2314 2544 2407 2598 καὶ
2455 2544 2549 2598 τὸν
2578 2543 2708 2598 Υἱδν
2736 2546 2800 2597 ἐκ
2826 2543 2929 2613 τῆς
2960 2542 3057 2597 τοῦ
3107 2542 3426 2615 Πνεῦματος
3470 2542 3664 2604 οὐσίας

2079 2636 2357 2707 λέγεσθαι,
2390 2636 2486 2691 καὶ
2531 2637 2619 2691 διὰ
2648 2635 2808 2691 τοῦτο
2839 2635 2938 2689 καὶ
2979 2637 3045 2689 ὲκ
3072 2633 3177 2706 τῆς
3207 2634 3373 2689 αὑτοῦ
3416 2632 3667 2688 ὑποστὰ-

2082 2745 2241 2796 σεως.
2275 2730 2329 2785 ετ
2348 2748 2402 2783 τι
2428 2730 2527 2800 τῆς
2559 2730 2657 2800 σῆς
2686 2729 2929 2791 διανοίας
2961 2728 3073 2799 ἐγὼ
3104 2728 3461 2799 στοχάζομαι.
3488 2727 3667 2782 Οὐδὲν

2078 2823 2188 2894 γὰρ
2218 2822 2383 2887 αὐτὸς
2414 2823 2739 2892 ἀποσαφεῖς.
2785 2824 2834 2877 Κ
2883 2822 2982 2876 ττοι
3008 2811 3156 2876 τοῦτ’
3181 2821 3315 2877 αὐτὸ
3338 2821 3433 2876 τοῦ
3457 2821 3661 2893 ἡμετέ-

2081 2931 2178 2987 ρου
2211 2915 2373 2984 λόγου
2413 2915 2556 2985 μέγα
2589 2912 2913 2987 μαρτύριον.
2951 2915 3225 2970 οὐδέποτε
3256 2913 3390 2983 γοῦν
3416 2913 3659 2984 οὑδαμοῦ

2078 3007 2171 3061 τὸν
2202 3007 2328 3061 Υίδν
2349 3009 2384 3080 ἢ
2406 3008 2498 3059 τὸν
2533 3006 2750 3074 Πατέρα
2782 3006 3061 3078 εὑρήσεις,
3080 3007 3142 3061 οὑ
3170 3005 3321 3077 παρὰ
3345 3008 3412 3078 τῇ
3440 3006 3663 3077 Γραφῇ,

391 3082 561 3152 Atqui
593 3084 700 3139 hoc
730 3084 874 3140 idem
917 3096 1121 3144 nostra:
1151 3092 1446 3161 sententiae
1482 3097 1740 3165 magnum
1772 3106 1859 3151 est
1887 3113 1973 3153 ar-

2079 3101 2138 3154 οὑ
2172 3100 2324 3171 παρά
2352 3103 2465 3164 τοῖς
2486 3100 2829 3165 διδασκάλοις
2852 3103 2917 3155 ὲκ
2946 3101 3044 3172 τῆς
3080 3101 3175 3156 τοῦ
3209 3101 3535 3171 Πνεῦματος
3563 3100 3659 3172 οὑ-

390 3184 719 3244 gumentum
765 3195 779 3233 :
810 3177 1089 3254 siquidem
1133 3195 1419 3254 nunquam
1456 3187 1672 3258 uspiam
1705 3192 1974 3261 reperies,

398 3285 509 3323 non
544 3269 601 3325 in
623 3271 799 3327 sacris
838 3272 1095 3337 Litteris,
1136 3289 1245 3330 non
1275 3277 1423 3349 apud
1450 3277 1731 3346 doctores,
1751 3281 1976 3348 Filium,

396 3360 483 3414 vel
507 3361 755 3429 Patrem,
793 3365 888 3434 qui
924 3380 994 3421 ex
1042 3364 1355 3425 substantia
1397 3369 1638 3442 Spiritus
1669 3373 1929 3431 dicantur
1955 3392 1981 3434 ε

397 3455 529 3529 quia
562 3456 825 3514 nimirum
851 3474 1031 3531 neque
1056 3478 1122 3519 ex
1163 3462 1448 3537 hypostasi
1485 3468 1637 3525 illius
1658 3468 1791 3524 sint.
1822 3470 1894 3527 At
1927 3470 1974 3525 si

400 3549 573 3604 solam
602 3553 1263 3620 consubstantialitatem,
1286 3566 1346 3611 ut
1362 3572 1463 3614 vos
1492 3558 1685 3627 vultis,
1708 3559 1825 3617 haec
1844 3577 1973 3630 vox,

398 3646 480 3701 Ex
515 3647 845 3710 substantia,
868 3647 1121 3718 inquam,
1151 3665 1275 3706 esse
1297 3650 1446 3715 Filii,
1474 3654 1560 3708 vel
1589 3653 1769 3711 Patris
1801 3656 1979 3725 signi-

397 3740 622 3804 ﬁcaret;
667 3742 743 3795 nil
775 3741 1049 3807 obstaret,
1083 3742 1389 3815 quominus
1412 3745 1518 3811 hoc
1545 3748 1712 3804 etiam
1754 3748 1823 3804 de
1863 3750 1978 3805 illis

395 3832 699 3889 diceretur.
734 3834 889 3901 Quod
937 3837 982 3891 si
1025 3852 1188 3892 nemo
1233 3846 1560 3894 sanctorum
1590 3855 1660 3896 ex
1694 3840 1977 3912 hypostasi

396 3924 520 3982 Filii
557 3942 682 3983 esse
708 3927 980 3999 Spiritum
1022 3929 1182 3997 dixit,
1214 3941 1271 3987 at
1293 3947 1359 3988 ex
1393 3932 1533 3991 Filio
1553 3949 1677 3990 esse
1705 3944 1761 3990 et
1785 3951 1813 3989 a
1839 3936 1979 3992 Filio

394 4019 664 4075 exsistere
688 4019 815 4075 lassi
838 4030 988 4076 sunt.
1005 4020 1138 4087 Quae.
1157 4021 1318 4079 verba
1339 4023 1577 4079 maxime
1593 4025 1978 4083 exsistentiam

395 4114 638 4184 Spiritus
668 4114 1001 4185 signiﬁcant.
1033 4114 1415 4173 Occidentales
1464 4127 1648 4173 autem
1678 4120 1868 4177 Patres
1897 4129 1982 4176 at-

396 4222 508 4276 que
533 4209 786 4263 doctores
807 4208 973 4263 etiam
1000 4224 1068 4263 ex
1089 4208 1231 4264 Filio
1254 4209 1555 4278 procedere
1580 4211 1874 4268 aiiirmant.
1898 4214 1979 4269 Ex

398 4302 536 4359 Filio
563 4311 749 4360 autem
770 4319 896 4361 cum
917 4303 1099 4368 audis,
1126 4304 1182 4359 ni
1218 4320 1511 4373 personam
1534 4305 1655 4361 Filii
1695 4308 1980 4365 intellexe-

397 4396 498 4459 ris,
525 4397 729 4450 mirum
750 4411 880 4452 sane
916 4398 1007 4452 sit.
1029 4396 1291 4467 Alioquin
1324 4408 1382 4453 tu
1406 4414 1587 4469 neque
1607 4416 1673 4454 ex
1695 4400 1978 4473 hypostasi

2081 3192 2204 3257 σίας
2222 3188 2365 3247 εἶναι
2384 3192 2703 3263 λεγόμενον,
2730 3192 2819 3246 διὰ
2837 3194 2898 3247 τὸ
2930 3192 3055 3264 μηδ’
3080 3194 3145 3247 ἐκ
3165 3192 3268 3261 τῆς
3300 3191 3661 3257 ὑποστάσεως

2079 3286 2248 3359 αὑτοῦ
2282 3286 2553 3352 δήπουθεν
2579 3280 2740 3342 εἶναι.
2767 3286 2963 3340 Καίτοι
2988 3285 3040 3339 εί
3069 3285 3133 3339 τὸ
3154 3286 3318 3357 ὁμοσὺ
3330 3301 3443 3339 σιον
3473 3286 3658 3356 μόνον,

2079 3379 2155 3444 ὡς
2189 3379 2348 3452 ὑμεῖς
2388 3377 2666 3449 βούλεσθε,
2702 3375 2909 3450 αὑτηὺή
2940 3377 3108 3447 λέξις,
3135 3378 3198 3432 τὸ
3249 3380 3312 3433 ἐκ
3336 3379 3441 3449 -τῆς
3472 3377 3657 3441 οὐσίας

2082 3467 2222 3527 εἶναι
2248 3470 2345 3527 τοῦ
2377 3471 2507 3526 Υίοῦ
2543 3471 2575 3544 ἦ
2610 3471 2706 3527 τοῦ
2749 3472 2964 3541 Πατρδς
2994 3471 3160 3541 λέγω,
3204 3471 3526 3544 ἐσήμαινεν,
3571 3470 3659 3523 οὑ-

2080 3566 2193 3627 δέν.
2216 3565 2284 3621 ἂν
2312 3565 2520 3620 ἐκώλυε
2548 3566 2644 3619 καὶ
2671 3565 2833 3619 τοῦτο
2860 3562 3119 3637 ῥηθῆναι.
3145 3564 3208 3618 Εί
3235 3564 3291 3620 δὲ
3324 3563 3516 3635 μηδεὶς
3552 3563 3658 3617 τῶν

2081 3657 2255 3722 ἁγίων
2284 3658 2348 3712 ἐκ
2373 3657 2468 3726 τῆς
2496 3658 2842 3722 ὑποστάσεως
2879 3656 2972 3711 τοῦ
3004 3656 3139 3711 Υίοῦ
3168 3651 3312 3711 εἶναι
3340 3655 3401 3710 τὸ
3431 3655 3658 3726 Πνεῦμα

2082 3749 2371 3821 ἐκήρυξεν,
2392 3748 2507 3803 ἀλλ’
2529 3743 2685 3803 εἷπον
2707 3752 2774 3804 ἐκ
2798 3748 2892 3803 τοῦ
2918 3748 3051 3803 Υίοῦ
3078 3743 3243 3817 εἶναι,
3269 3750 3362 3801 καὶ
3390 3748 3658 3820 ὑπάρχειν

2082 3844 2147 3897 ἐκ
2174 3842 2269 3896 τοῦ
2302 3841 2432 3896 Υἱοῦ
2455 3857 2469 3875 °
2494 3841 2529 3897 ἃ.
2560 3841 2795 3913 μάλιστα
2818 3841 2930 3895 τῶν
2956 3841 3222 3914 ῥημάτων
3247 3843 3347 3912 τὴν
3369 3842 3465 3896 τοῦ
3494 3843 3662 3897 Πνεῦ-

2083 3952 2256 4007 ματος
2300 3934 2659 4005 σημαίνουσιν
2692 3932 2952 4004 ὕπαρξιν.
2985 3935 3047 3989 οι
3098 3933 3155 3987 δὲ
3184 3933 3394 3989 δυτικά
3423 3935 3659 4007 Πατέρες

2080 4047 2141 4083 τε
2178 4029 2271 4082 καὶ
2300 4027 2640 4096 διδάσκαλοι,
2664 4030 2760 4081 καὶ
2791 4029 2868 4085 ἐκ
2914 4026 3010 4082 τοῦ
3046 4025 3180 4082 Υίοὺ
3227 4026 3657 4098 ἐκπορεύεσθαι.

2094 4124 2189 4177 Ἐκ
2222 4123 2315 4175 τοῦ
2338 4121 2471 4176 Υἰοῦ
2503 4122 2547 4175 δ’
2572 4121 2637 4175 ἂν
2671 4121 2910 4183 ἀκούων,
2936 4122 2986 4173 εί
3020 4120 3096 4191 μὴ
3125 4119 3223 4191 τὴν
3252 4119 3349 4175 τοῦ
3375 4119 3506 4173 Υίοῦ
3534 4120 3659 4192 νοή-

2084 4234 2205 4278 σαις
2238 4215 2557 4283 ὑπόστασιν,
2592 4212 2779 4285 θαῦμα
2810 4215 2879 4292 ἂν
2909 4213 3015 4285 εἴη.
3049 4214 3123 4268 Ἦ
3153 4213 3216 4266 σύ
3249 4230 3312 4281 γε
3343 4213 3454 4267 οὐδ’
3478 4214 3545 4268 ἐκ
3564 4213 3661 4283 τῆς

2082 4309 2178 4361 τοῦ
2228 4309 2443 4379 ἰιατρδς
2476 4306 2835 4372 ὑποστάσεως
2864 4302 3019 4370 εἶπες
3052 4308 3120 4361 ἂν
3150 4303 3285 4361 εἶναι
3322 4307 3384 4363 τὸ
3413 4305 3658 4377 Πνεῦμα,

2086 4404 2131 4456 εί
2168 4403 2242 4473 μὴ
2268 4405 2298 4456 ὁ
2325 4401 2545 4473 Νύσσης
2591 4400 2895 4473 Γρηγόριος
2940 4400 3125 4471 μόνος,
3168 4400 3265 4453 καὶ
3309 4393 3465 4464 οὗτος
3515 4397 3661 4465 ἅπαξ

400 4490 602 4556 Patris,
638 4476 856 4545 diceres
888 4506 1013 4547 esse
1046 4490 1341 4561 Spiritum,
1370 4493 1475 4547 nisi
1512 4492 1816 4564 Gregorius
1841 4495 1977 4566 Nys-

2087 4515 2192 4551 που
2225 4497 2334 4551 τῶν
2382 4494 2578 4552 ἑαυτοῦ
2610 4496 2810 4563 λόγων,
2852 4494 3082 4566 Πνεῦμα
3130 4494 3191 4548 τδ
3237 4495 3338 4563 τῆς
3386 4495 3660 4563 πατρικῆς

400 4599 588 4648 sentis,
631 4592 687 4638 et
706 4583 754 4639 is
790 4583 908 4641 fere
937 4586 1131 4651 semel,
1162 4586 1215 4641 in
1236 4589 1352 4641 suis
1375 4588 1724 4646 orationibus
1751 4589 1977 4647 dixisset

2085 4589 2520 4661 ἐκπορευόμενον
2574 4589 2932 4651 ὑποστάσεως
2980 4588 3227 4660 εἴρηκεν.
3268 4588 3433 4642 Ἀλλά
3481 4590 3545 4643 τὸ
3598 4591 3660 4642 ἐκ
3710 4614 3715 4621 ο

403 4677 673 4749 Spiritum
713 4693 779 4732 ex
818 4690 1046 4750 paterna
1076 4679 1358 4753 hypostasi
1395 4682 1719 4753 procedere.
1773 4683 1976 4741 Verum

2086 4683 2299 4753 Πατρὸς
2338 4683 2575 4749 άκοὺων,
2607 4681 2669 4736 οὗ
2706 4680 2927 4752 πλήρης
2959 4681 3113 4735 πᾶσα
3142 4680 3359 4751 Γραφὴ,
3385 4679 3561 4735 πάντα
3595 4680 3660 4734 ἂν

402 4792 418 4824 ι
441 4789 469 4826 x
499 4773 662 4829 Patre
688 4774 943 4840 audiens,
993 4772 1155 4845 cujus
1184 4774 1264 4829 rei
1293 4776 1455 4846 plena
1487 4786 1573 4831 est
1626 4778 1807 4833 ouinis
1833 4777 1983 4833 Serio

406 4875 594 4934 plura,
640 4876 837 4921 cuncta
874 4865 983 4921 alia
1022 4866 1178 4936 prius
1210 4883 1375 4938 quam
1419 4867 1761 4942 bypostasim
1804 4868 1983 4937 Patris

401 4950 768 5030 intelligeres,
797 4974 962 5029 quam
990 4959 1152 5029 plane
1183 4960 1417 5029 puerilis
1440 4972 1573 5016 sunt
1610 4961 1714 5018 ista
1752 4962 1980 5019 mentis.

406 5051 539 5108 Uter
572 5052 737 5122 igitur
778 5062 1047 5119 vestrum,
1090 5064 1245 5119 tune,
1281 5070 1350 5109 an
1397 5054 1634 5129 Veccus,
1682 5054 1820 5110 nihil
1860 5054 1981 5110 sani

405 5146 666 5218 colligat,
699 5150 916 5204 ratione
949 5149 1065 5220 ipsa
1086 5149 1221 5205 satis
1250 5148 1693 5206 demonstratum
1728 5147 1834 5207 est.

868 5287 1013 5343 Vacci
1046 5289 1101 5344 in
1139 5290 1495 5347 undecimam.

476 5430 748 5496 Quoniam
789 5428 1035 5500 quidam,
1070 5446 1195 5485 cum
1241 5431 1499 5499 audiunt,
1534 5429 1804 5501 Spiritum
1852 5445 1984 5487 san-

408 5533 559 5580 etum
587 5538 649 5577 cx
680 5522 987 5579 substantia
1043 5541 1166 5580 esse
1205 5524 1356 5586 Filii.
1397 5525 1549 5581 aliud
1581 5525 1739 5581 aiunt
1762 5539 1885 5580 esse
1914 5541 1980 5579 ex

410 5617 748 5681 substantia,
782 5625 838 5672 et
892 5617 1039 5674 aliud
1082 5635 1147 5673 ex
1183 5635 1442 5690 persona,
1490 5634 1617 5674 eum
1668 5620 1982 5689 perspicere

410 5725 519 5763 non
550 5709 747 5768 valeat.
778 5725 977 5764 nomen
1011 5709 1134 5764 Filii
1172 5712 1577 5781 hypostatieum
1610 5726 1731 5767 esse
1760 5726 1980 5774 nomen,

403 5813 464 5858 et
514 5800 609 5866 qui
642 5801 800 5870 dicit,
854 5819 918 5858 ex
956 5801 1265 5861 substantia
1304 5804 1451 5875 Filii,
1492 5812 1667 5861 totum
1710 5803 1983 5876 signiﬁcat

2088 4777 2290 4848 μᾶλλον
2318 4776 2352 4846 ἢ
2383 4779 2483 4847 τὴν
2511 4774 2607 4829 τοῦ
2633 4775 2847 4843 Πατρδς
2874 4775 3045 4838 ἐνόεις
3079 4774 3402 4839 ὑπόστασιν,
3424 4772 3501 4837 ὡς
3533 4774 3661 4843 σφό-

2082 4871 2185 4942 δρα
2219 4887 2279 4939 γε
2313 4869 2474 4924 ταυτὶ
2510 4868 2765 4935 παιδικῆς
2802 4868 3064 4929 διανοίας.
3101 4865 3339 4936 Πότερος
3376 4866 3470 4921 οὑν
3504 4866 3658 4936 ὑμῶν

2083 4964 2237 5018 οὐδὲν
2269 4962 2418 5030 ὑγιὲς
2442 4962 2669 5030 συνάγει
2699 4961 2812 5015 εἴτε
2836 4960 3019 5025 αὐτὸς.
3050 4959 3161 5014 εἴτε
3192 4959 3419 5026 Βὲκκος,
3448 4962 3477 5014 ὁ
3501 4960 3656 5029 λόγος

2083 5059 2112 5109 ἁ
2122 5057 2267 5127 ρκείε-
2279 5056 2655 5128 παραστῆσαι.

2501 5279 2618 5335 Τοῦ
2650 5277 2882 5337 Βέκκου
2924 5282 3011 5347 είς
3040 5277 3157 5346 τὴν
3185 5282 3280 5332 ια’.

2169 5420 2391 5493 Ἐπειδὴ
2419 5418 2712 5483 ἀκούοντές
2740 5436 2884 5483 τινες
2907 5418 2969 5472 τὸ
3002 5416 3232 5488 Πνεῦμα
3265 5420 3330 5472 ἐκ
3352 5419 3447 5491 τῆς
3471 5419 3659 5484 οὑσίας

2083 5518 2179 5571 τοῦ
2216 5515 2368 5580 Υίοῦ,
2400 5515 2651 5583 λέγουσιν
2686 5514 2816 5568 ἄλλο
2844 5509 2985 5567 εἶναι
3020 5512 3081 5565 τὸ
3116 5514 3179 5567 ἐκ
3206 5514 3304 5583 τῆς
3330 5513 3542 5580 οὐσίας,
3565 5515 3659 5567 καὶ

2085 5611 2211 5666 ἄλλο
2237 5609 2298 5662 τδ
2334 5612 2397 5662 ἐκ
2428 5606 2528 5677 τῆς
2565 5606 2941 5672 ὑποστάσεως,
2996 5605 3071 5675 μὴ
3100 5604 3393 5676 δυνάμενοι
3427 5604 3657 5659 συνιδεῖν

2085 5708 2158 5766 (τις
2190 5705 2250 5757 τὺ
2302 5704 2430 5767 Υἱὸς
2483 5703 2655 5771 ὄνομα
2705 5698 3077 5755 ὑποστατικόν
3104 5700 3252 5753 ἐστιν
3281 5700 3476 5770 δνομα,
3508 5698 3601 5753 καὶ
3630 5698 3659 5752 6

2086 5800 2257 5869 λέγων
2306 5799 2365 5851 ἐκ
2400 5798 2497 5867 τῆς
2534 5781 2846 5861 οὐσίας’τοῦ
2884 5792 3038 5862 Υίοῦ,
3066 5793 3186 5849 ὅλον
3212 5794 3361 5867 δηλοῖ
3388 5792 3477 5851 τὸν
3508 5792 3655 5863 “by,
