4090 6146
386 273 484 341 281

1341 276 1727 340 APOLOGIA
1775 276 2392 339 lNSCBlPTIONUM
2432 276 2671 341 VECCI.

3537 278 3647 343 282

388 390 578 446 οὐσίαν
615 390 818 461 δηλαδὴ
869 389 1255 457 ἐνυπόστατον,
1304 390 1384 455 είς
1437 390 1692 463 λαμπρὸν
1738 388 1961 462 ἔλεγχον

2078 390 2295 457 Filium;
2326 391 2588 446 nimirum
2613 389 2978 446 substantiam
2999 390 3418 448 subsistentiam
3445 391 3651 450 haben.

386 482 483 549 τῆς
512 481 717 536 ἀτόπου
750 481 931 536 αὐτῶν
963 480 1229 547 ἐπινοίας,
1260 482 1631 551 συνελέγησαν
1669 483 1726 540 ai
1756 480 1965 551 παροῦ-

391 590 481 626 σαι
514 572 791 644 Γραφικαὶ
819 574 1032 647 ῥήσεις,
1054 575 1110 629 αί
1138 574 1396 645 δηλοῦσαι
1427 578 1490 630 ἐκ
1523 577 1624 647 τῆς
1652 575 1840 639 οὐσίας
1865 573 1960 629 τοῦ

388 666 601 736 Πατρὺς
622 668 712 718 τὸν
737 665 866 720 Υίὸν
884 668 1198 735 γεννᾶσθαι.
1232 668 1673 739 Ὠμολογημένου
1695 673 1806 741 γὰρ
1831 671 1962 741 μίαν

387 756 527 812 εἶναι
574 760 671 830 τὴν
710 760 776 811 ἐκ
821 759 1034 833 [ἰατρὸς
1095 763 1351 833 γέννησιν
1380 761 1473 816 τοῦ
1510 762 1665 828 Υίοῦ,
1698 764 1814 827 πῶς
1844 762 1963 819 ἔστι

384 852 662 924 διαφέρειν
697 854 759 906 τὸ
789 854 854 908 ἐκ
894 856 994 923 τῆς
1025 854 1235 919 οὐσίας,
1272 856 1366 909 καὶ
1398 856 1460 909 τὸ
1490 858 1554 911 ἐκ
1588 858 1685 927 τῆς
1720 856 1963 911 ὑποστάο

385 961 561 1011 σεως;
595 947 643 1000 εί
674 947 750 1017 μή
780 963 865 1011 τις
893 945 1231 1018 βλασφημῶν
1254 948 1539 1021 προδήλως
1571 950 1747 1003 ἐθέλοι
1779 948 1962 1017 λέγειν

386 1037 554 1109 ἄλλην
607 1039 709 1109 μιν
748 1042 811 1094 ἐκ
856 1042 953 1111 τῆς
983 1040 1168 1103 οὐσίας
1200 1043 1295 1095 τοῦ
1333 1043 1546 1111 [ἰατρὸς
1576 1043 1832 1115 γέννησιν
1866 1040 1965 1097 τοῦ

386 1131 539 1195 Υῐοῦ,
562 1130 733 1204 ἄλλην
761 1134 806 1189 δ’
837 1135 903 1189 ἐκ
933 1134 1033 1204 τῆς
1074 1134 1448 1198 ὑποστάσεως.
1480 1134 1875 1205 Προστίθενται
1904 1134 1963 1188 δέ

382 1224 502 1288 ταῖς
532 1223 814 1288 τοιαύταις
848 1225 1078 1295 ρήσεσιν
1109 1225 1190 1288 είς
1222 1226 1590 1294 συγκρότησιν
1640 1224 1741 1292 τῆς
1782 1220 1967 1276 τοιαύ-

388 1331 488 1385 της
519 1316 733 1380 ἐννοίας
762 1316 855 1369 καὶ
882 1317 1069 1387 ῥήσεις
1098 1316 1308 1386 ἕτεραι,
1341 1313 1601 1386 δηλοῦσαι
1624 1313 1840 1368 τελείαν
1871 1314 1967 1368 οὐ-

384 1409 531 1471 σίαν,
580 1411 676 1463 καὶ
726 1410 933 1463 τέλειον
972 1409 1106 1464 Θεὸν
1158 1410 1420 1478 λέγεσθαι
1465 1409 1558 1462 τὸν
1594 1408 1839 1477 Πατέρα,
1870 1410 1968 1460 καὶ

383 1500 597 1557 τελείαν
649 1503 841 1559 οὐσίαν
888 1502 984 1557 τὸν
1037 1501 1208 1569 Υίδν,
1256 1502 1348 1557 καὶ
1401 1501 1615 1557 τελείαν
1668 1502 1858 1555 οὐσίαν
1902 1498 1965 1553 τδ

390 1590 617 1665 Πνεῦμα
650 1595 713 1647 τδ
738 1592 915 1664 ἅγιον.

963 1794 1074 1850 Τοῦ
1121 1794 1396 1866 Halani.

461 1908 633 1962 ὀταν
681 1924 738 1963 τι
786 1912 915 1980 μιᾶς
970 1910 1163 1975 οὐσίας
1264 1911 1357 1966 καὶ
1401 1912 1777 1979 ὑποστάσεως,
1806 1913 1866 1967 τδ
1900 1914 1967 1969 ἐκ

384 2002 484 2073 τῆς
510 2001 700 2066 οὐσίας
729 2000 950 2073 ἐκείνης
986 2007 1234 2073 φυσικῶς
1284 2004 1408 2077 ἔχον
1456 2007 1605 2071 ὅπως
1632 2007 1831 2077 δήποτε
1865 2007 1968 2079 τὴν

390 2089 651 2165 ὓπαρξιν,
698 2096 795 2149 καὶ
843 2096 907 2149 ἐκ
948 2095 1051 2166 τῆς
1101 2097 1457 2162 ὑποστάσεως
1500 2098 1714 2167 ἐκείνης
1759 2098 1969 2168 ταύτην

392 2186 531 2257 εχει.
557 2188 665 2241 Καὶ
689 2189 1065 2261 ἀντιστρόφως
1092 2192 1257 2247 πάλιν
1280 2204 1297 2219 ·
1320 2189 1349 2244 δ
1374 2190 1484 2260 γὰρ
1512 2189 1580 2244 ἂν
1614 2192 1680 2243 ἐκ
1713 2189 1811 2258 τῆς
1840 2191 1971 2243 ὑπο-

393 2279 637 2342 στάσεως
664 2280 882 2349 ἐκείνης
906 2275 966 2355 ᾗ,
988 2283 1084 2335 καὶ
1112 2283 1175 2335 ἐκ
1204 2281 1302 2352 τῆς
1330 2281 1520 2345 οὐσίας
1550 2281 1768 2355 ἐκείνης
1796 2283 1967 2337 ἐστίν.

392 2369 565 2424 Ὅταν
587 2370 646 2424 δέ
674 2372 806 2441 μιᾶς
832 2373 933 2441 μὲν
952 2371 1140 2436 οὐσίας
1161 2367 1217 2447 ᾗ,
1234 2374 1493 2445 οὐδεμιᾶς
1513 2372 1569 2428 δέ
1589 2373 1968 2440 ὑποστάσεως,

390 2462 529 2516 ἀλλά
572 2461 860 2526 πλειόνων,
892 2464 955 2517 τὸ
984 2463 1050 2517 ἐκ
1080 2464 1179 2536 τῆς
1218 2466 1352 2536 μιᾶς
1397 2466 1611 2538 ἐκείνης
1642 2466 1835 2531 οὐσίας
1870 2467 1971 2521 οὐκ

391 2561 459 2611 ἐκ
479 2558 589 2612 τῶν
617 2557 821 2611 λοιπῶν
852 2559 1209 2613 ὑποστάσεών
1239 2562 1411 2622 ἐστιν,
1440 2560 1555 2613 ἀλλ’
1577 2562 1641 2614 ἐκ
1674 2563 1803 2631 μιᾶς
1826 2578 1971 2626 τινος

389 2652 597 2706 αὐτῶν.
636 2650 786 2703 Ἐπεὶ
815 2648 906 2702 οὖν
934 2653 970 2722 ἢ
998 2652 1250 2721 ἀνωτατη
1285 2652 1381 2707 καὶ
1418 2655 1772 2726 προσκυνητὴ
1800 2655 1974 2725 Τριὰς

387 2743 553 2812 ἡμῶν
589 2743 687 2813 μία
718 2742 879 2810 φύσις
911 2744 1061 2797 ἐστὶν
1095 2747 1153 2798 ἐν
1184 2745 1517 2799 ὑποστάσεσι
1547 2750 1749 2818 τρισὶν,
1775 2748 1837 2801 οὐ
1866 2749 1975 2802 πᾶν

391 2837 456 2887 τὸ
482 2839 546 2888 ἐκ
577 2836 679 2906 τῆς
710 2835 899 2901 οὐσίας
926 2837 1025 2909 τὴν
1059 2836 1364 2892 ὑπόστασιν
1386 2837 1507 2908 ἔχον
1538 2840 1602 2892 ἐκ
1631 2838 1738 2892 τῶν
1766 2839 1973 2911 λοιπῶν

395 2927 753 2982 ὐποστὰσεὼν
782 2930 953 2994 ἐστιν,
976 2928 1095 2982 ἀλλ’
1117 2931 1181 2982 ἐκ
1206 2931 1337 2999 μιᾶς
1368 2946 1513 2992 τινος
1540 2930 1742 2994 αὐτῶν,
1770 2928 1973 3002 δηλαδῆ

391 3023 496 3093 τῆς
529 3008 804 3093 πατρικῆς
830 3038 845 3053 ·
880 3024 945 3076 ἐκ
975 3038 1183 3090 ταυτης
1211 3021 1319 3093 γὰρ
1346 3021 1422 3093 μὴ
1452 3017 1593 3076 εἶναι
1625 3022 1724 3075 οὐκ
1758 3021 1970 3092 ἐνδέχε-

2068 490 2214 546 tem;
2246 482 2315 537 ad
2342 498 2497 537 suam
2533 482 2827 538 absurdam
2858 482 3177 553 opinionem
3224 484 3446 555 egregie
3487 500 3649 541 coar-

2066 572 2339 644 guendam
2366 582 2421 628 et
2468 573 2866 629 confutandam
2894 575 3139 630 collecta:
3177 584 3312 630 sunt
3350 587 3650 647 praesentes

2066 682 2099 722 a
2131 669 2340 724 sanctis
2365 670 2420 723 in
2448 668 2671 740 scriptis
2691 669 2895 724 relictae
2923 668 3231 732 sententiar,
3254 686 3377 740 quae
3400 669 3654 725 indicant

2070 775 2140 815 ex
2172 759 2485 817 substantia
2528 763 2707 817 Patris
2736 760 2936 815 Filium
2973 761 3117 830 gigni
3145 778 3162 828 ;
3199 777 3466 818 conceSso
3500 765 3650 817 enim

2069 868 2237 907 unam
2293 868 2418 909 esse
2449 855 2866 924 generationem
2901 853 3026 912 Filii
3054 869 3120 909 es
3174 854 3371 917 Patre;
3397 854 3492 925 qui
3534 854 3651 909 ﬁeri

2068 954 2271 1015 potest,
2297 955 2358 1002 ut
2395 946 2531 1002 illud
2565 962 2631 1003 ex
2659 947 2983 1013 substantia,
3016 955 3073 1001 et
3105 945 3243 1001 illud
3272 962 3339 1001 ex
3370 946 3653 1018 hypostasi

2068 1037 2214 1094 inter
2245 1054 2304 1095 se
2329 1038 2631 1095 diilerant?
2665 1039 2769 1094 nisi
2794 1039 2917 1111 quis
2940 1038 3232 1095 manifeste
3264 1039 3654 1109 blasphemaus

2070 1132 2261 1187 dicere
2297 1133 2449 1198 velit,
2484 1132 2647 1186 aliam
2674 1147 2796 1187 esse
2819 1132 3233 1201 generationem
3273 1132 3397 1187 Filii
3428 1148 3494 1187 ex
3523 1132 3657 1186 sub-

2070 1223 2277 1278 stantia
2302 1222 2508 1289 Patris,
2550 1224 2715 1277 aliam
2750 1237 2817 1279 ex
2864 1222 3169 1293 hypostasi.
3212 1222 3290 1277 Ad
3345 1223 3463 1278 haec
3504 1224 3652 1278 dicta

2069 1315 2126 1369 in
2152 1314 2607 1385 approbationem
2640 1316 2800 1387 hujus
2829 1315 3210 1386 intelligentiae
3237 1314 3495 1370 addimus
3543 1315 3654 1369 alia

2070 1422 2193 1479 qua:
2231 1406 2499 1462 denotant
2545 1406 2850 1480 perfectam
2882 1407 3276 1472 substantiam,
3318 1406 3655 1477 perfectum-

2074 1515 2183 1570 que
2216 1500 2386 1555 Deum
2429 1499 2539 1556 dici
2574 1501 2821 1567 Patrem,
2855 1510 2911 1559 et
2942 1500 3246 1572 perfectam
3280 1500 3653 1556 substantiam

2074 1586 2296 1653 Filium,
2348 1598 2513 1660 atque
2585 1590 2886 1659 perfectam
2949 1590 3318 1647 substantiam
3382 1591 3653 1663 Spititum

2068 1690 2345 1739 sanctum.

2730 1796 2867 1854 Pala
2878 1814 2995 1855 mar.

2140 1908 2277 1967 Cum
2338 1909 2553 1983 aliquid
2598 1926 2666 1967 ex
2717 1926 2826 1967 una
2876 1911 3209 1980 substantia,
3261 1924 3319 1971 et
3371 1916 3653 1986 hypostaai

2070 2012 2310 2071 constat,
2350 2004 2500 2077 quod
2537 2003 2607 2059 ab
2644 2004 2756 2081 illa
2797 2004 3108 2060 substantia
3154 2008 3487 2064 naturaliter
3519 2026 3657 2080 quo-

2072 2096 2460 2167 modocunque
2500 2095 2886 2151 exsistentiam
2945 2096 3133 2161 habet,
3179 2113 3246 2152 es
3294 2098 3385 2153 illa
3432 2115 3656 2170 quoque

2073 2190 2352 2259 hypostasi
2409 2205 2529 2244 eam
2572 2188 2766 2245 habet.
2816 2187 2884 2244 Et
2920 2199 3108 2243 contra
3140 2206 3154 2242 :
3184 2188 3337 2257 Quod
3385 2192 3535 2245 enim
3586 2209 3657 2247 ex

2073 2282 2163 2337 illa
2198 2280 2481 2354 hypostasi
2505 2288 2612 2346 est,
2646 2278 2813 2335 etiam
2840 2296 2908 2334 ex
2937 2280 3029 2335 illa
3067 2281 3376 2336 substantia
3407 2285 3643 2338 exsistit.

2072 2377 2143 2429 At
2170 2388 2323 2436 vero,
2348 2386 2473 2427 cum
2505 2371 2712 2442 aliquid
2745 2371 2909 2426 unius
2926 2372 3149 2442 quidem
3175 2382 3263 2428 est
3296 2374 3648 2436 substantim.

2076 2464 2283 2521 nullius
2310 2476 2495 2520 autem
2526 2467 2909 2535 bypoéttaseos,
2950 2466 3045 2521 sed
3092 2466 3356 2535 plurium.
3400 2467 3547 2538 quod
3588 2484 3657 2523 ιιι

2077 2562 2163 2615 illa
2187 2575 2291 2613 una
2321 2558 2654 2625 substantia,
2686 2573 2796 2613 nou
2821 2558 2987 2612 etiam
3014 2573 3080 2614 ex
3115 2559 3343 2629 reliquis
3367 2562 3649 2629 personui...

2076 2649 2173 2706 sed
2218 2666 2286 2706 ex
2313 2666 2418 2705 una
2451 2649 2635 2719 aliqua
2667 2650 2887 2705 illarum
2922 2658 3028 2706 est.
3063 2648 3336 2715 Quoniam
3369 2653 3537 2721 igitur
3563 2668 3657 2707 sn.

2076 2760 2268 2815 prema
2305 2752 2472 2814 atque
2513 2744 2743 2797 colenda
2786 2752 2971 2798 nostra
3006 2742 3251 2798 Trinitas
3302 2760 3408 2798 una
3441 2756 3659 2800 constat

2078 2846 2272 2893 natura
2317 2838 2371 2891 in
2421 2838 2597 2893 tribus
2630 2838 3044 2910 bypostasibus,
3080 2853 3190 2894 non
3215 2853 3380 2894 omne
3404 2842 3551 2908 quod
3587 2857 3655 2894 ex

2077 2931 2386 2987 substantia
2423 2932 2757 3001 hypostasitn
2794 2931 2981 2995 habet,
3017 2946 3085 2985 ex
3135 2931 3368 3002 reliquis
3405 2933 3663 3003 persmis

2078 3021 2444 3087 exsistit,iscd
2474 3037 2540 3077 ex
2567 3037 2673 3075 una
2700 3020 2881 3092 aliqua
2924 3024 3167 3089 illarum,
3204 3032 3431 3092 paterna
3465 3025 3657 3081 videt.

392 3132 507 3171 ται.
544 3116 757 3170 Οὐκοῦν
787 3115 907 3187 οὐχὶ
930 3116 1021 3169 καὶ
1044 3115 1103 3181 ἐξ
1129 3115 1344 3184 ἐτέρας,
1374 3114 1492 3169 ἀλλ’
1515 3119 1579 3169 ἐκ
1601 3118 1793 3188 μόνης,
1813 3116 1972 3187 είπερ

2078 3126 2190 3172 cet.
2217 3115 2287 3173 Ut
2315 3116 2466 3171 enim
2494 3116 2563 3169 ab
2601 3114 2692 3169 illa
2721 3130 2833 3170 non
2865 3115 2959 3181 sit,
2995 3115 3112 3171 fieri
3137 3132 3248 3172 non
3296 3126 3497 3187 patest.
3540 3117 3659 3172 Non

395 3210 463 3261 ἐκ
499 3208 651 3277 μιᾶς.
684 3209 796 3262 Καὶ
836 3207 993 3261 τοῦτο
1028 3206 1188 3277 δῆλον
1214 3210 1307 3260 ἐπὶ
1333 3208 1443 3261 τῶν
1466 3206 1775 3278 ἀνθρώπων
1797 3221 1811 3235 ”
1843 3205 1974 3279 ἕκα-

398 3319 527 3366 στος
564 3303 672 3373 γὰρ
698 3302 856 3373 ἡμῶν
899 3305 963 3355 ἐκ
992 3300 1091 3371 τῆς
1117 3302 1308 3365 οὐσίας
1344 3300 1437 3355 τοῦ
1481 3301 1672 3371 Ἀδὰμ,
1704 3302 1889 3355 οὐκέτι
1920 3300 1977 3356 δέ

401 3395 498 3449 καὶ
527 3397 592 3448 ἐκ
632 3395 733 3465 τῆς
765 3396 1117 3457 ὑποστάσεως
1145 3391 1313 3448 αὐτοῦ
1337 3410 1352 3424 ’
1382 3393 1520 3447 διότι
1554 3394 1653 3464 μία
1690 3392 1790 3464 μὲν
1823 3391 1979 3445 οὐσία

397 3492 434 3561 ἡ
460 3489 569 3543 τῶν
598 3488 903 3560 ἀνθρώπων
933 3484 1023 3560 ἦν,
1059 3487 1253 3541 πολλαὶ
1279 3486 1335 3540 δὲ
1358 3485 1707 3548 ὑποστάσεις.
1745 3483 1981 3554 Ἄνθρω-

401 3585 564 3655 πίνης
594 3585 774 3655 δὲτὴν
817 3586 993 3655 ἀρχὴν
1029 3585 1160 3653 μιᾶς
1187 3583 1351 3652 οὔσης
1385 3583 1575 3647 οὐσίας
1614 3598 1673 3634 τε
1713 3582 1808 3634 καὶ
1848 3582 1979 3635 ὑπο·

397 3680 667 3745 στᾶσεως,
710 3681 775 3732 ἐκ
830 3678 959 3747 μιᾶς
993 3677 1091 3728 καὶ
1138 3679 1239 3744 τῆς
1275 3674 1442 3743 αὐτῆς
1472 3674 1667 3750 ὀΚάῖν
1714 3673 1978 3744 ἀνδρικῆς

396 3773 586 3835 οὐσίας
616 3788 674 3824 τε
706 3772 801 3824 καὶ
826 3770 1187 3831 ὑποστάσεως
1214 3770 1430 3839 ὑπῆρχε
1461 3767 1558 3821 τοῦ
1594 3768 1788 3833 Ἀδάμ.
1822 3770 1980 3820 Δυοῖν

396 3864 460 3920 δὲ
491 3865 701 3936 ἀνδρῶν
734 3864 838 3936 ήδη
884 3861 1013 3917 καθ’
1059 3862 1361 3917 ὑπόστασιν
1394 3860 1717 3925 τελούντων,
1744 3860 1773 3911 ὀ
1806 3858 1979 3930 Ἑνὼχ

398 3965 466 4016 ἐκ
499 3963 597 4032 τῆς
623 3959 814 4024 οὐσίας
844 3958 947 4030 μὲν
979 3956 1197 4029 ὑπῆρχε
1227 3956 1322 4010 τοῦ
1372 3956 1564 4025 ’Δδαμ,
1587 3954 1706 4008 ἀλλ’
1731 3954 1853 4025 οὐχὶ
1885 3956 1980 4009 καὶ

401 4060 468 4111 ἐκ
501 4058 596 4128 τῆς
649 4054 1004 4118 ὑποστάσεως
1030 4051 1223 4115 αὐτοῦ,
1247 4048 1364 4103 ἀλλ’
1390 4052 1455 4103 ἐκ
1484 4050 1656 4120 μόνης
1689 4046 1784 4101 τοῦ
1814 4048 1977 4102 Κὰϊν.

417 4151 478 4205 '0
506 4149 601 4205 οῦν
632 4149 839 4210 Βέκκος
883 4141 1038 4211 οὗτος
1065 4145 1469 4215 διατεινόμενος
1505 4141 1741 4197 ἐνταῦθα
1791 4145 1884 4195 καὶ
1915 4142 1981 4194 ἐκ

400 4246 501 4315 τῆς
549 4244 906 4306 ὑποστάσεως
939 4235 1082 4294 εῖναι
1116 4238 1214 4293 τοῦ
1250 4237 1380 4293 Υίοῦ
1431 4236 1495 4290 τὸ
1529 4235 1770 4307 Πνεῦμα,
1819 4236 1980 4302 εἰπερ

402 4334 546 4391 εἶναι
568 4334 904 4403 θεολογείται
928 4333 992 4386 ἐκ
1016 4331 1115 4401 τῆς
1141 4328 1378 4399 φύσεως,
1410 4329 1541 4399 μίαν
1572 4322 1713 4380 εἶναι
1737 4327 1983 4381 δείκνυσι

403 4428 622 4501 φρονῶν
648 4426 841 4492 ὥσπερ
869 4424 1060 4479 οὐσίαν
1086 4423 1229 4477 οὕτω
1255 4425 1349 4477 καὶ
1373 4422 1673 4475 ὑπόστασιν
1706 4420 1801 4473 ἐπὶ
1821 4418 1979 4485 θεοῦ,

2080 3211 2250 3284 igitur
2287 3219 2343 3266 et
2370 3224 2439 3266 ex
2471 3210 2598 3273 alia,
2630 3209 2725 3265 sed
2754 3223 2785 3263 a
2815 3209 2955 3275 sola,
2992 3209 3269 3280 siquidem
3292 3226 3361 3265 ex
3393 3225 3499 3266 una
3530 3230 3544 3266 :
3578 3211 3661 3266 id-

2078 3322 2186 3380 que
2236 3313 2388 3377 patet
2431 3305 2486 3359 in
2529 3302 2893 3358 hominibus:
2933 3303 3314 3374 unusquisque
3355 3304 3501 3360 enim
3558 3323 3659 3359 no.

2079 3413 2255 3460 strum
2286 3419 2353 3459 ex
2382 3401 2574 3457 Adami
2600 3401 2910 3458 substantia
2929 3410 3036 3468 est,
3070 3415 3177 3456 non
3204 3400 3441 3470 amplius
3471 3410 3660 3456 autem

2079 3506 2137 3554 et
2178 3513 2245 3555 ex
2278 3511 2512 3566 persona
2548 3494 2733 3561 illius;
2769 3493 2899 3565 quia
2935 3507 3042 3547 una
3068 3499 3156 3548 est
3199 3491 3485 3547 hominum
3522 3494 3660 3547 sub-

2081 3591 2307 3655 stantia,
2360 3590 2544 3645 multa:
2584 3604 2854 3658 personae.
2894 3588 3031 3644 Cum
3080 3596 3267 3642 autem
3306 3601 3340 3640 α
3384 3585 3660 3658 principio

2083 3693 2187 3732 una
2218 3678 2531 3732 substantia
2570 3686 2628 3730 et
2674 3690 2911 3745 persona
2960 3675 3201 3730 humana
3231 3684 3554 3741 constaret;
3589 3692 3661 3732 ex

2082 3784 2189 3825 una
2220 3769 2528 3839 eademque
2563 3768 2708 3821 virili
2744 3767 3057 3823 substantia
3092 3774 3149 3821 et
3181 3782 3417 3838 persona
3459 3768 3657 3826 Adami

2081 3861 2389 3933 productus
2428 3870 2513 3915 est
2546 3860 2703 3915 Cain.
2751 3865 2821 3915 At
2852 3876 2983 3916 vero
3038 3859 3259 3916 duobus
3315 3860 3657 3928 hominibus,

2082 3957 2384 4014 secundum
2408 3969 2670 4025 personas
2684 3954 2737 4008 in
2758 3968 2943 4009 rerum
2967 3962 3164 4009 natura
3179 3954 3290 4025 jam
3316 3955 3659 4021 constitutis,

2086 4051 2273 4107 Enoch
2296 4066 2362 4103 ex
2392 4047 2704 4105 substantia
2734 4047 2959 4117 quidem
2997 4045 3216 4113 Adami,
3254 4062 3366 4102 non
3396 4055 3578 4103 autem
3606 4059 3663 4104 et

2083 4161 2149 4199 ex
2184 4158 2284 4199 sua
2317 4157 2572 4213 persona,
2597 4139 2694 4197 sed
2726 4157 2795 4197 ex
2826 4155 3064 4211 persona
3090 4141 3263 4197 solius
3277 4141 3412 4197 Cain
3436 4152 3661 4197 consta-

2084 4239 2195 4292 bat.
2226 4237 2415 4306 Itaque
2450 4238 2551 4289 iste
2576 4233 2786 4289 Veecus
2817 4233 2926 4288 hoc
2956 4233 3080 4287 loco
3105 4247 3457 4299 asseverans,
3490 4233 3660 4289 etiam

2082 4345 2149 4385 ex
2176 4342 2412 4401 persona
2459 4326 2583 4382 Filii
2616 4342 2742 4383 esse
2772 4324 3063 4397 Spiritum,
3094 4325 3390 4397 siquidem,
3417 4336 3477 4382 ut
3507 4342 3663 4381 asse-

2086 4432 2216 4480 runt
2244 4422 2509 4492 theologi,
2541 4431 2624 4478 est
2653 4436 2721 4476 ex
2746 4430 2981 4487 natura;
3008 4418 3254 4474 ostendit
3271 4434 3331 4475 se
3363 4419 3419 4474 in
3444 4433 3510 4473 ea
3536 4436 3660 4477 esse

401 4494 495 4577 τδν
555 4519 678 4574 ru»
710 4520 743 4588 ἢ
791 4520 881 4571 τὸν
928 4516 1154 4589 Πατέρα
1205 4514 1431 4578 τελείως
1461 4513 1673 4567 ἀθετῶν
1708 4516 1736 4567 ὁ
1768 4514 1933 4576 τάλας
1960 4529 1974 4547 ·

2086 4515 2383 4582 sententia,
2406 4522 2469 4569 ut
2490 4514 2767 4585 opinetur,
2803 4528 2965 4568 unam
3004 4528 3128 4568 esse
3152 4510 3209 4567 in
3232 4511 3370 4575 Deo,
3398 4520 3657 4582 tanquam

404 4614 543 4685 πρὸς
576 4612 632 4665 δέ
664 4613 845 4679 τούτῳ
898 4608 995 4663 καὶ
1026 4609 1090 4661 ἐκ
1122 4609 1285 4676 μόνου
1319 4604 1414 4659 τοῦ
1449 4605 1579 4659 Υίοῦ
1608 4609 1707 4676 τὴν
1748 4604 1983 4675 ὕπαρξιν

406 4704 547 4761 εἶναι
579 4704 676 4759 τοῦ
706 4704 853 4759 θείου
902 4700 1220 4771 Πνεύματος
1265 4698 1504 4762 δεικνύς.
1553 4698 1711 4750 Ἀλλὰ
1746 4700 1840 4750 καὶ
1875 4698 1985 4749 απὸ

409 4799 517 4853 τῶν
548 4797 751 4868 ῥητῶν,
776 4795 813 4851 ἃ
841 4794 1053 4849 τελείαν
1089 4793 1435 4860 θεολογοῦσιν
1468 4793 1658 4845 οὐσίαν
1707 4788 1849 4845 εἶναι
1893 4792 1983 4842 τὸν

414 4892 653 4962 Πατέρα,
691 4891 785 4943 καὶ
810 4889 1024 4942 τελεῖαν
1057 4887 1248 4941 οὐσίαν
1292 4888 1382 4941 τὸν
1414 4886 1563 4949 Υἰὸν,
1586 4886 1849 4948 ὡσαύτως
1889 4884 1986 4937 καὶ

408 4985 470 5038 τὸ
506 4982 729 5053 Πνεῦμα
764 4983 823 5035 τὸ
856 4981 1033 5051 ἅγιον,
1072 4981 1133 5032 οὐ
1173 4979 1234 5033 τδ
1285 4980 1484 5033 ἐνιατον
1532 4983 1626 5032 καὶ
1669 4979 1990 5049 ἀπαραλλα-

411 5094 541 5133 κτον
561 5078 659 5149 τῆς
684 5077 869 5140 οὐσίας
900 5072 1259 5144 ἐπιγινώσκει
1285 5074 1395 5127 τῶν
1420 5072 1608 5142 τριῶν,
1638 5072 1755 5128 ἀλλ’
1772 5062 1987 5123 ¹ἐνθεωο

415 5174 532 5242 ρεῐν
571 5171 830 5240 πειρᾶται
878 5166 1196 5237 πληθυσμόν
1229 5183 1372 5231 τινα,
1404 5165 1499 5219 καὶ
1544 5164 1811 5235 διαφορὰν
1862 5162 1986 5217 κατ’

412 5263 583 5333 αὐτὴν
609 5263 885 5333 ἀφρόνως.

875 5561 988 5618 Τοῦ
1017 5559 1216 5632 σοφοῦ
1256 5561 1527 5627 Νικαίας.

490 5679 589 5747 Ὠς
622 5679 823 5752 σφόδρα
847 5696 909 5747 γε
944 5678 1159 5732 ἐοικότα
1187 5677 1267 5740 είς
1297 5675 1393 5746 τὴν
1425 5674 1707 5745 θεολογίαν
1736 5675 1987 5747 είσάγετε

423 5773 868 5848 παραδείγματαί
896 5769 1067 5826 Τοῦτο
1093 5770 1223 5838 ὑμῖν
1249 5765 1700 5838 ὁμολογουμένως
1725 5765 1824 5838 τῆς
1851 5767 1987 5837 πλᾲ-

2088 4609 2480 4672 substantiam,
2520 4609 2603 4663 sic
2639 4616 2695 4661 et
2730 4619 3044 4677 personam,
3086 4602 3283 4658 Filium
3316 4602 3401 4658 vel
3440 4603 3661 4658 Patrem

2092 4702 2313 4773 penitus
2355 4700 2615 4771 rejiciens
2643 4698 2834 4764 miser,
2865 4705 2920 4753 et
2961 4705 3227 4767 praterea
3254 4709 3322 4751 ex
3365 4697 3485 4751 solo
3525 4696 3663 4751 Filio

2089 4798 2362 4852 exsistere
2386 4792 2639 4847 divinum
2672 4790 2940 4861 Spiritum
2964 4789 3191 4844 docens.
3222 4788 3363 4855 Quin
3385 4791 3550 4845 etiam
3595 4805 3666 4843 ex

2089 4885 2380 4942 sententiis
2423 4886 2624 4956 quibus
2663 4883 2966 4953 perlectam
3006 4881 3367 4937 substantiam
3403 4896 3525 4937 esse
3566 4881 3667 4935 Pa-

2092 4992 2253 5044 trem,
2287 4988 2343 5033 et
2374 4976 2680 5047 perfectam
2726 4976 3092 5030 substantiam
3126 4973 3348 5039 Filium,
3388 4982 3553 5042 atque
3585 4974 3666 5028 si-

2092 5074 2297 5128 utiliter
2318 5069 2583 5138 Spiritum
2610 5078 2864 5123 sanctum
2892 5067 3033 5121 sacri
3062 5065 3302 5135 theologi
3326 5063 3663 5129 ostendunt;

2092 5180 2202 5220 non
2258 5162 2475 5217 unicam
2524 5167 2580 5215 et
2625 5159 3034 5215 indiﬂ‘erentem
3094 5158 3259 5213 trium
3306 5172 3666 5227 personarum

2092 5256 2340 5326 agnoscit
2368 5252 2759 5319 substantiam,
2787 5251 2886 5307 sed
2916 5250 3329 5307 multitudinem
3372 5250 3666 5321 quamdam

2094 5350 2304 5420 ipsius,
2366 5364 2431 5402 ac
2488 5344 2862 5403 diderentiam
2925 5346 3308 5416 imprudenter
3371 5344 3669 5403 observare

2094 5451 2351 5503 conatur,

2612 5552 2881 5623 Sapientis
2926 5551 3150 5609 Niccni.

2167 5671 2342 5738 Quam
2376 5669 2533 5725 valde
2557 5668 2947 5725 convenientia
2975 5666 3230 5737 exempla
3256 5666 3312 5721 in
3335 5664 3670 5738 theOIOgiam

2098 5764 2491 5822 iutrodueitis!
2545 5762 2603 5819 Id
2630 5760 2879 5834 proiecto
2906 5760 3063 5821 vobis
3103 5775 3270 5818 causa
3303 5769 3486 5817 exstat
3516 5774 3674 5836 erro;
