4036 6140
398 304 508 367 283

1351 285 1856 345 BiﬂSSARlONIS
1886 285 1943 345 s.
1989 284 2035 342 tt
2106 284 2171 346 E.
2217 270 2687 359 CAl’tDlNALlS

3552 279 3652 346 2‘84

405 412 501 475 ris,
548 404 813 476 quoniam
852 402 918 457 de
950 400 1154 455 divinis
1191 400 1449 469 Ihumana
1496 398 1709 465 sapitis,
1756 408 1810 450 et
1852 412 1973 464 qua:

2102 414 2174 464 ἠς
2203 396 2264 449 τὸ
2295 396 2485 458 αἴτιον,
2522 396 2602 447 ὄτι
2638 395 2770 466 περὶ
2825 394 2934 447 τῶν
2968 395 3127 448 Deiera
3159 399 3413 467 φρονεῖτε
3449 397 3654 470 ἀνθρώ-

404 498 493 555 hic
532 505 659 550 sunt
697 496 848 565 juxta
892 493 942 547 id
985 504 1170 553 omne,
1206 488 1352 559 quod
1394 489 1631 558 ilttt‘iiigi
1677 496 1879 557 potest,
1911 501 1976 541 eo

404 588 730 647 transfertis.
762 587 831 641 At
863 587 1013 640 enim
1077 584 1379 637 cavendum
1427 599 1494 637 ne
1544 584 1617 635 sit
1658 583 1809 636 nefas
1851 582 1976 635 talia

403 684 472 737 de
520 682 607 735 illa
664 678 925 733 irrell‘abili
966 678 1234 731 Trinitatc
1288 663 1779 746 sentirc;oportct
1831 677 1978 731 enim

404 776 569 830 etiam
618 775 903 840 unitatem,
957 783 1122 841 atque
1163 771 1440 840 singulare
1509 770 1737 825 Deitatis
1782 782 1982 839 praeter

406 866 732 920 Trinitatem
774 878 1135 934 personarum
1188 862 1288 931 ipsi
1327 876 1582 927 scrvare;
1632 880 1741 917 non
1797 873 1980 917 autem

410 964 465 1016 in
500 960 680 1013 trinos
699 958 828 1013 deos
861 958 1165 1011 incurrere.
1199 956 1357 1021 Quod
1394 972 1492 1010 vos
1520 956 1638 1011 istis
1673 955 1983 1011 rationibus

407 1052 671 1106 astruitis.
719 1050 837 1104 Non
876 1050 1021 1104 enim
1052 1050 1220 1103 veluti
1266 1062 1373 1105 tres
1418 1050 1690 1116 homines,
1737 1066 1985 1105 commu-

411 1163 533 1200 nem
568 1160 720 1199 suam
752 1143 1138 1205 substantiam,
1168 1144 1567 1198 humanitatem
1592 1142 1735 1197 inter
1757 1159 1814 1198 se
1834 1159 1984 1198 com-

410 1239 715 1304 municant,
746 1238 824 1292 sic
852 1236 1015 1291 etiam
1054 1237 1253 1291 divina:
1293 1251 1541 1305 personae
1578 1236 1873 1291 Trinitatis
1901 1236 1984 1292 di-

408 1334 589 1385 vinam
622 1332 921 1386 essentiam
960 1329 1327 1399 participant;
1364 1328 1461 1381 sed
1499 1328 1718 1382 illorum
1752 1329 1980 1398 quidem

411 1424 600 1478 eadem
643 1433 727 1477 est
780 1436 888 1476 non
942 1434 1198 1484 nurnero,
1245 1419 1342 1475 sed
1393 1420 1575 1489 specie
1634 1420 1984 1485 humanitas;

414 1517 620 1572 idcirco
651 1515 818 1571 etiam
855 1521 967 1569 tres
1001 1528 1231 1567 numero
1271 1521 1526 1568 constant
1573 1512 1845 1567 homines.
1888 1513 1986 1569 Sa-

413 1614 714 1664 crosanctte
749 1614 935 1661 autem
980 1604 1022 1657 Τ
1029 1604 1237 1659 rinitati
1291 1604 1479 1659 eadem
1516 1620 1748 1659 numero
1781 1616 1863 1660 est
1896 1605 1984 1659 di-

412 1702 539 1756 vina
566 1699 828 1764 essentia,
864 1707 918 1752 et
949 1714 1091 1752 unus
1130 1707 1259 1750 sunt
1295 1712 1526 1752 numero
1567 1698 1747 1762 Deus;
1783 1706 1839 1752 et
1867 1698 1984 1768 ipsa

2083 505 2236 552 πινα,
2264 489 2426 540 κάκεῖ
2458 487 2525 541 τὰ
2569 487 2806 544 ἐνταῦθα
2867 488 3009 543 κατὰ
3047 490 3153 542 πᾶν
3191 489 3381 544 ἕλκετε
3419 491 3481 548 τὸ
3510 491 3655 546 νοού-

2086 598 2267 649 μενον.
2324 580 2485 633 Ἀλλά
2534 581 2610 650 μὴ
2664 581 2726 633 ού
2777 578 3067 656 υεμιτδνῇ
3104 582 3326 637 τοιαῦτα
3382 587 3515 656 περὶ
3559 588 3654 654 τῆς

2082 672 2401 744 ἀπορρήτου
2444 672 2670 743 Τριάδος
2717 675 2936 744 ἐκείνης
2981 678 3219 745 φρονεῖν.
3264 680 3353 731 Δεῖ
3379 678 3488 750 γὰρ
3518 679 3652 749 αὑτῇ

2085 767 2178 817 καὶ
2211 768 2306 835 τὴν
2344 766 2549 836 μονάδα
2579 769 2898 837 φυλάττειν,
2933 772 3027 823 καὶ
3053 773 3112 823 τὸ
3140 771 3321 824 ἑνικὸν
3346 772 3444 839 τῆς
3470 772 3655 842 θεότη-

2084 877 2173 923 τος
2209 861 2345 931 πρὸς
2392 864 2457 931 τῇ
2513 862 2623 915 τῶν
2681 862 2991 933 προσώπων
3048 864 3265 934 Τριάδι,
3300 862 3437 918 ἀλλὰ
3472 863 3544 934 μὴ
3578 865 3656 928 είς

2084 951 2326 1022 τριύεῖαν
2358 954 2654 1008 ἐκπίπτειν
2676 970 2689 985 ·
2722 953 2750 1007 δ
2779 954 2994 1019 τούτοις
3033 957 3192 1027 ὑμεῖς
3220 959 3333 1020 τοῖς
3356 956 3536 1026 λόγοις
3562 974 3657 1012 κειὁ

2083 1045 2472 1107 τασκευάζετε.
2506 1047 2580 1098 Οὐ
2613 1046 2721 1115 γὰρ
2758 1045 2950 1117 ὥσπερ
2983 1047 3034 1099 oi
3061 1049 3212 1119 τρεῖς
3249 1047 3528 1118 ἄνθρωποι
3559 1048 3657 1115 τῆς

2087 1137 2273 1206 κοινῆς
2323 1138 2505 1191 αὐτῶν
2554 1139 2741 1201 οὐσίας
2774 1140 2873 1209 τῆς
2906 1138 3345 1210 ἀνθρωπότητοςι
3369 1138 3657 1193 κοινωνοῦ-

2088 1247 2172 1282 σιν
2205 1229 2478 1298 ἀλλήλοις,
2520 1228 2665 1283 οὑτω
2722 1233 2817 1283 καὶ
2844 1232 2913 1284 τά
2944 1232 3061 1283 θεία
3091 1231 3190 1301 τῆς
3222 1232 3454 1301 Τριάδσς
3487 1235 3659 1302 προσ-

2089 1338 2214 1373 ωπα
2244 1321 2345 1390 τῆς
2390 1321 2540 1382 Θείας
2589 1322 2775 1385 οὐσίας
2798 1338 2812 1351 ⁸
2841 1322 2953 1375 ἀλλ’
2976 1323 3202 1376 ἐκείνων
3248 1322 3348 1391 μὲν
3387 1322 3536 1382 εἴδει.
3562 1324 3660 1377 οὐκ

2088 1413 2309 1484 ἀριθμῴ
2339 1416 2370 1485 ἡ
2406 1412 2546 1484 αὑτὴ
2580 1414 2937 1486 άνθρωπότης
2969 1416 3115 1467 ἐστί·
3152 1414 3231 1467 διὸ
3261 1415 3354 1469 καὶ
3384 1416 3531 1485 τρεῖς
3554 1414 3661 1467 είσι

2088 1507 2165 1577 τῷ
2214 1506 2431 1579 ἀριθμῷ
2464 1508 2786 1579 ἂνθρωποιθ
2838 1511 2904 1578 τῇ
2958 1508 3016 1562 δὲ
3063 1508 3185 1580 θείᾳ
3232 1507 3426 1581 Τριάδι
3457 1509 3489 1580 ἡ
3523 1507 3661 1580 αὐτὴ

2089 1597 2308 1668 ἀριθμῷ
2358 1601 2506 1653 ἐστιν
2537 1602 2570 1670 ἡ
2601 1599 2722 1653 θεία
2768 1601 2928 1653 οὐσία
2972 1601 3147 1653 εῖτουν
3182 1598 3408 1668 θεότης·
3444 1599 3536 1652 καὶ
3572 1598 3662 1653 διὰ

2089 1689 2249 1744 τοῦτο
2278 1693 2373 1744 καὶ
2403 1693 2501 1763 μία
2525 1692 2687 1745 οὐσία
2722 1692 2817 1745 καὶ
2838 1692 2972 1754 Θεὸς
3007 1693 3148 1745 εἰσιν
3175 1686 3261 1756 εἷς
3291 1691 3530 1763 ἀριθμῷ.
3556 1692 3665 1745 Καὶ

413 1792 638 1864 quidem
664 1794 716 1847 in
750 1791 953 1845 divinis
988 1790 1240 1860 personis
1272 1790 1548 1854 subsistit,
1584 1800 1781 1859 estque
1809 1804 1981 1844 unum

2102 1781 2235 1852 αὕτη
2273 1784 2371 1850 μὲν
2406 1761 2700 1854 ὑφεστῶσα
2728 1786 2786 1837 ὲν
2814 1788 2933 1848 ταῖς
2976 1785 3153 1848 θείαις
3182 1761 3338 1839 ἐστὶν
3362 1761 3666 1839 ὑποστάσε-

415 1887 726 1943 subsistens
751 1901 876 1940 cum
899 1883 1131 1954 singulis
1155 1883 1424 1953 personis.
1454 1880 1778 1936 Humanitas
1803 1889 1988 1935 autem

415 1995 596 2050 neque
622 1989 706 2033 est
753 1977 1062 2032 subsistens
1090 1977 1144 2029 in
1181 1974 1609 2045 particularibus
1647 1975 1988 2039 hominibus,

417 2089 597 2143 neque
652 2086 821 2126 unum
876 2070 1185 2125 subsistens
1227 2084 1352 2123 cum
1408 2069 1645 2139 singulis
1689 2067 1989 2123 individuis

417 2166 722 2223 constituit.
746 2165 825 2219 Ex
842 2179 953 2234 quo
1005 2164 1063 2217 ﬁt
1116 2173 1176 2217 ut
1205 2160 1351 2232 quod
1383 2177 1448 2217 ex
1469 2162 1770 2217 substantia
1794 2162 1987 2216 horum

416 2271 521 2326 est,
576 2277 682 2316 non
720 2262 886 2313 etiam
932 2273 995 2311 ex
1043 2271 1278 2328 persona
1332 2254 1577 2310 omnium
1626 2255 1717 2310 sit.
1775 2255 1989 2309 Etenim

414 2355 574 2419 Cain,
604 2368 728 2407 cum
751 2368 816 2407 ex
850 2350 1179 2416 substantia,
1208 2364 1303 2403 seu
1331 2358 1530 2403 natura
1560 2348 1631 2401 sit
1656 2348 1870 2412 Adami,
1897 2356 1983 2401 at-

418 2462 527 2516 que
569 2443 775 2507 Abelis,
829 2458 896 2497 ex
939 2440 1135 2496 Adami
1192 2440 1416 2509 quidem
1464 2450 1661 2494 natura
1730 2454 1852 2493 eum
1896 2438 1989 2505 sit,

417 2538 579 2592 etiam
613 2553 678 2590 ex
722 2534 869 2589 illius
892 2547 1127 2603 persona
1163 2531 1308 2586 foret
1352 2548 1367 2585 :
1409 2547 1516 2585 non
1556 2532 1681 2601 quia
1715 2549 1779 2588 ex
1815 2532 1991 2602 ipsius

416 2630 724 2685 substantia
757 2627 849 2691 sit,
883 2626 981 2680 sed
1003 2623 1262 2695 quoniam
1286 2626 1513 2679 omnino
1547 2641 1614 2677 ex
1646 2624 1821 2694 ipsius
1852 2640 1991 2695 per-

418 2739 551 2780 sona
587 2733 690 2786 est,
735 2734 860 2775 cum
907 2719 1087 2789 ipsum
1129 2725 1323 2773 nactus
1361 2716 1528 2771 fuerit
1560 2732 1714 2771 suam
1747 2733 1990 2772 causam.

418 2819 495 2873 Et
531 2814 836 2879 substantia
869 2826 998 2866 vero
1040 2811 1227 2867 Abelis
1269 2818 1550 2875 constans,
1576 2826 1683 2865 non
1715 2813 1880 2866 etiam
1925 2828 1994 2868 ex

420 2911 595 2979 ipsius
642 2920 874 2978 persona
915 2912 1033 2969 est;
1064 2902 1336 2971 siquidem
1378 2901 1564 2957 Abelis
1610 2918 1850 2972 persona
1882 2917 1993 2958 non

421 3016 675 3067 numero,
715 3000 811 3055 sed
847 2997 1193 3054 solummodo
1226 2998 1409 3067 specie
1451 2996 1818 3051 substantiam
1865 3010 1993 3052 cum

424 3096 630 3150 Adamn
673 3093 986 3163 participat.
1016 3091 1209 3162 Neque
1240 3106 1372 3145 vero
1412 3088 1809 3145 subsistentem
1848 3089 1903 3145 in
1935 3106 1995 3147 se

424 3187 589 3243 habet
621 3200 774 3239 suam
822 3181 1227 3247 substantiam,
1268 3196 1444 3250 neque
1471 3197 1642 3235 unum
1682 3180 1997 3236 subsistens

422 3297 546 3335 cuni
578 3295 678 3333 sua
710 3292 942 3347 persona
972 3274 1283 3330 constituit.
1311 3272 1464 3339 Quod
1486 3283 1670 3328 autem
1721 3289 1787 3329 ex
1822 3274 1999 3330 Patris

424 3382 481 3427 et
514 3372 637 3426 Filii
674 3380 760 3424 est
819 3367 1151 3432 substantia,
1199 3366 1335 3420 nihil
1376 3366 1557 3421 obstat
1603 3367 1901 3437 quominus
1942 3378 1998 3425 et

424 3482 491 3521 ex
526 3478 759 3533 persona
791 3461 1007 3515 illorum
1038 3460 1133 3515 sit.
1157 3459 1301 3526 Quin
1323 3460 1489 3515 etiam
1512 3462 1749 3516 maxime
1779 3472 1864 3518 est
1899 3479 1998 3519 ne-

427 3559 752 3619 cessarium,
786 3570 912 3608 cum
941 3553 1057 3608 haec
1088 3552 1395 3607 substantia
1418 3552 1565 3607 Patri
1599 3568 1662 3607 ac
1694 3553 1852 3621 Filio,
1888 3571 1998 3611 non

427 3660 640 3707 tantum
672 3648 859 3718 specie
881 3645 1184 3701 secundum
1220 3644 1506 3700 hominum
1540 3648 1874 3716 exemplum,
1902 3650 1997 3702 sed

427 3744 620 3799 eadem
664 3755 917 3805 numero,
962 3749 1127 3809 atque
1169 3741 1482 3794 communis
1527 3739 1774 3794 exsistat.
1822 3741 1885 3795 Et
1940 3741 1999 3795 in

431 3839 564 3908 ipsis
617 3846 885 3907 pra‘terea
926 3832 1131 3888 divinis
1173 3832 1587 3904 hypostasibus,
1646 3833 1999 3901 paternitate,

432 3934 677 3999 inquam,
714 3938 769 3982 et
808 3926 1071 3981 tiliatioue
1119 3925 1408 3981 subsiStat.
1454 3924 1650 3979 Nescio
1675 3925 1840 3996 igitur
1866 3922 2028 3994 quid'

430 4025 534 4078 sibi
568 4023 739 4077 velint
776 4020 1023 4089 exempla
1056 4019 1157 4072 ista
1197 4018 1606 4086 discrepantia;
1635 4017 1723 4071 vel
1762 4017 1892 4087 quid
1934 4032 2003 4072 ex

433 4119 566 4188 ipsis
600 4116 800 4186 aliquis
847 4113 1183 4170 concludere
1221 4112 1439 4181 queat?
1480 4114 1551 4166 At
1587 4112 1839 4167 fortassis
1883 4112 2005 4166 talis

431 4220 515 4265 est
550 4211 787 4270 animus.
815 4206 909 4278 qui
945 4208 1114 4261 semel
1143 4216 1465 4261 concertare
1511 4204 1900 4269 constituerit;
1949 4212 2005 4259 et

434 4302 741 4373 perspicuis
784 4299 1247 4367 evidentibusque
1279 4298 1446 4352 rebus
1501 4297 1845 4359 adversatur,
1881 4306 1936 4351 et
1976 4313 2005 4350 a

435 4399 662 4450 veritate
698 4393 998 4457 abhorret;
1035 4402 1097 4446 ut
1123 4390 1287 4445 etiam
1316 4394 1369 4444 in
1399 4400 1674 4459 pratrupta
1702 4389 2008 4443 horrenda-

2021 3130 2069 3190 ο

2098 1892 2207 1939 σιν,
2237 1879 2325 1928 καὶ
2353 1876 2410 1930 ἓν
2445 1877 2693 1947 ὑφεστὼς
2728 1877 2847 1947 μεθ’
2875 1878 3113 1948 ἑκάστης
3140 1878 3248 1933 τῶν
3280 1877 3665 1933 ὑποστάσεωψ

2098 1971 2128 2040 ἡ
2165 1969 2219 2023 δὲ
2255 1971 2615 2043 ἀνθρωπὸτης
2663 1970 2788 2025 οὔτε
2838 1973 3129 2041 ὑφεστῶσα
3160 1974 3217 2026 ὲν
3251 1973 3366 2036 τοῖς
3399 1976 3542 2026 κατᾶ
3572 1972 3668 2042 μέ-

2102 2079 2193 2132 ρος
2221 2063 2557 2134 ἀνθρώποις,
2591 2064 2712 2119 οὔτε
2748 2066 2805 2118 ἓν
2846 2066 3094 2137 ὑφεστὼς
3127 2070 3246 2123 ἔστι
3286 2067 3407 2136 μεθ’
3434 2067 3669 2122 ἑκάστου

2098 2153 2325 2225 ἀτόμου.
2367 2157 2526 2213 Ὅθεν
2558 2160 2617 2211 τὸ
2642 2162 2705 2213 ἐκ
2730 2160 2829 2228 τῆς
2861 2160 3048 2221 οὐσίας
3083 2161 3263 2216 αὐτῶν
3292 2163 3354 2217 ὃν
3385 2163 3445 2217 οὐ
3483 2162 3577 2215 καὶ
3607 2163 3672 2215 ὲκ

2095 2244 2199 2314 τῆς
2252 2247 2472 2303 πάντων
2522 2251 2673 2303 ἐστὶν
2726 2252 3077 2316 ὑποστάσεως
3104 2269 3116 2282 ·
3155 2255 3297 2307 Κάῖν
3335 2254 3440 2326 γὰρ
3475 2256 3536 2307 ἐκ
3572 2253 3672 2321 τῆς

2098 2337 2193 2390 τοῦ
2235 2338 2410 2411 Ἀδάμ
2450 2342 2545 2394 καὶ
2577 2343 2671 2395 τοῦ
2719 2344 2887 2399 Ἀὁελ
2938 2345 3129 2409 οὐσίας
3164 2344 3193 2417 ἢ
3225 2345 3443 2416 φύσεως
3496 2347 3573 2401 ὣν
3607 2348 3672 2400 ἐκ

2104 2433 2200 2503 μὲν
2233 2432 2324 2486 τοῦ
2370 2434 2546 2505 Ἀδὰμ
2580 2434 2665 2506 εἴη
2701 2436 2769 2490 ἂν
2800 2436 3019 2507 καὶτῆς
3049 2438 3425 2506 ὑποστάσεως,
3454 2441 3551 2511 οὑχ
3590 2440 3675 2493 ὅτι

2100 2528 2164 2579 ἐκ
2194 2529 2294 2597 τῆς
2325 2527 2491 2581 αὐτοῦ
2522 2528 2735 2593 οὐσίας,
2765 2530 2882 2584 ἀλλ’
2911 2530 2995 2584 ὅτι
3043 2531 3183 2595 ὅλως
3236 2532 3302 2586 ἐκ
3349 2530 3450 2601 τῆς
3505 2531 3676 2585 αὐτοῦ

2103 2621 2247 2673 ἐστιν
2280 2621 2652 2685 ὑποστάσεως,
2686 2623 2847 2676 αὐτὸν
2873 2621 3125 2692 ἐσχηκὼς
3152 2622 3328 2678 αἴτιον
3351 2639 3364 2653 ·
3386 2626 3452 2678 ἐκ
3480 2623 3536 2677 δὲ
3581 2622 3676 2678 τοὺ

2108 2713 2274 2766 ’Ἅϐελ
2296 2715 2392 2786 τῆς
2414 2714 2605 2779 οὐσίας
2636 2712 2711 2768 ὢν
2733 2715 2833 2768 οὐκ
2863 2716 2976 2769 ἔστι
3009 2716 3101 2769 καὶ
3125 2716 3190 2770 ὲκ
3217 2716 3317 2783 τῆς
3348 2717 3513 2771 αὐτοῦ
3543 2719 3676 2771 tino-

2106 2803 2374 2869 στάσεως,
2397 2802 2555 2876 εἴπερ
2587 2805 2619 2875 ἡ
2651 2805 2746 2859 τοῦ
2778 2803 2945 2859 Ἅϐελ
2976 2807 3274 2873 ὑπόστασις
3306 2807 3420 2862 οὔτ’
3455 2810 3678 2881 ἀριθμῷ

2103 2892 2385 2949 ἀλλ’·εῐδει
2419 2896 2584 2968 μόνον
2614 2898 2709 2968 τῆς
2747 2898 2919 2970 αὐτῆς
2959 2902 3212 2955 κοινωνεῖ
3254 2901 3333 2968 τῷ
3373 2902 3546 2975 ’Δδὰμ
3586 2904 3681 2957 06-

2107 2987 2250 3053 σίας.
2283 2987 2419 3043 Οὑτε
2449 2990 2504 3043 δὲ
2542 2992 2869 3060 ὑφεστῶσαν
2900 2992 3014 3063 ἔχει
3049 2996 3109 3048 ἑν
3140 2995 3318 3065 ἐαυτῷ
3355 2990 3456 3066 τὴν
3483 2997 3678 3051 οὐσίαν

2104 3081 2438 3149 αὑτοῦ,οὑτε
2471 3083 2532 3137 ὃν
2562 3083 2811 3154 ὑφεστὼς
2846 3087 2985 3156 μετὰ
3036 3087 3136 3160 τῆς
3188 3087 3386 3143 ἑαυτοῦ
3435 3088 3680 3144 ὑποστάο

2104 3193 2266 3240 σεως.
2295 3175 2369 3229 Τὸ
2391 3176 2446 3230 δὲ
2473 3177 2536 3230 ὲκ
2564 3177 2662 3247 τῆς
2687 3178 2782 3232 τοῦ
2814 3179 3032 3251 Πατρδς
3062 3182 3157 3234 καὶ
3185 3180 3281 3235 τοῦ
3307 3181 3437 3235 Υίοῦ
3465 3182 3680 3247 οὐσίας,

2103 3269 2199 3323 καὶ
2228 3269 2293 3322 ὲκ
2334 3270 2432 3339 τῆς
2463 3268 2647 3325 αὐτῶν
2677 3272 3057 3336 ὑποστάσεως,
3087 3272 3239 3327 οὐδὲν
3265 3274 3491 3329 κωλύει.
3530 3275 3681 3328 Μᾶλ-

2099 3360 2194 3414 λον
2236 3358 2293 3413 δὲ
2335 3360 2429 3415 καὶ
2460 3363 2611 3415 πᾶσα
2656 3362 2873 3435 ἀνάγκη
2911 3357 3075 3431 εἶναι,
3116 3364 3325 3435 ταύτης
3355 3366 3456 3435 τῆς
3483 3366 3683 3430 οὐσίας

2102 3451 2327 3524 ἀριθμῷ
2359 3454 2455 3522 τῆς
2507 3455 2679 3524 αὐτῆς
2714 3457 2811 3510 καὶ
2844 3457 3035 3528 κοινῆς
3065 3456 3233 3530 οὔσης
3262 3459 3341 3530 τῷ
3372 3461 3550 3531 Πατρὶ
3584 3462 3681 3515 καὶ

2102 3545 2181 3616 τῷ
2217 3546 2350 3616 Υίῷ,
2374 3545 2491 3601 ἀλλ’
2512 3547 2610 3601 οὑκ
2634 3547 2768 3601 εῖδει
2796 3550 2961 3618 μόνον
2987 3550 3129 3604 κατὰ
3154 3552 3214 3604 τὸ
3234 3551 3343 3605 τῶν
3368 3551 3684 3624 ἀνθρώπων

2105 3642 2483 3711 παράδειγμα,
2514 3642 2611 3695 καὶ
2661 3641 2744 3697 ἔτι
2793 3644 3165 3713 ὑφεστηκυίας
3221 3646 3282 3699 ὲν
3331 3649 3453 3710 ταῖς
3502 3648 3681 3711 θείαις

2106 3734 2442 3789 ὑποστάσεσι
2463 3735 2709 3802 ταύταις,
2731 3738 2799 3807 τῇ
2826 3738 3130 3808 πατρότητι
3153 3739 3246 3791 καὶ
3268 3740 3497 3811 υίὸτητι,
3517 3741 3684 3810 λέγω.

2105 3826 2261 3880 Ὥστ⁹
2285 3827 2353 3881 ἂν
2380 3828 2475 3881 καὶ
2500 3829 2563 3881 ὲκ
2591 3828 2692 3898 τῆς
2732 3828 2930 3881 ἑαυτοῦ
2975 3828 3165 3893 οὐσίας
3196 3830 3291 3884 καὶ
3324 3832 3684 3898 ὑποστάσεως

2106 3916 2175 3992 ἦν
2206 3922 2266 3974 τὸ
2300 3922 2525 3991 Πνεῦμα
2551 3924 2613 3976 τὸ
2640 3922 2819 3992 ἅγιον,
2852 3924 2902 3975 εί
2932 3922 3007 3995 μὴ
3036 3929 3102 3997 τῇ
3131 3931 3326 3982 τούτου
3352 3928 3685 3984 ἀντέπιπτεν

2112 4015 2357 4087 ἰδιότητι,
2383 4016 2486 4087 τῆς
2518 4017 2689 4087 αὐτῆς
2714 4019 2999 4089 ,τάριομῷ
3031 4023 3126 4073 καὶ
3180 4022 3323 4075 κατὰ
3356 4022 3551 4077 τούτου
3587 4027 3684 4094 τῆς

2107 4109 2298 4172 οὐσίας
2348 4112 2841 4182 κατηγορονυμένης
2917 4112 3158 4185 ἐκείνης,
3209 4116 3303 4169 καὶ
3361 4115 3687 4192 ὑφεστώσης

2107 4201 2308 4269 ὁμοίιος
2333 4203 2434 4254 κάν
2460 4202 2657 4272 τούτῳ.
2684 4203 2799 4256 Οὐκ
2822 4203 2941 4258 οῖδα
2964 4200 3058 4259 οὖν
3081 4205 3134 4260 τί
3156 4206 3225 4261 τὰ
3246 4207 3481 4280 ἀνόμοια
3506 4211 3678 4266 ταῦτα

2111 4296 2537 4367 παραδείγματα
2591 4296 2845 4367 βούλεται
2875 4314 2890 4329 ο
2944 4298 2977 4370 ἢ
3018 4302 3071 4353 τί
3119 4300 3344 4355 δυνατὸν
3378 4307 3683 4377 συμπεραί-

2111 4404 2222 4441 νειν
2274 4392 2339 4443 ἐκ
2393 4389 2641 4457 τούτων;
2688 4391 2828 4445 Ἀλλ’
2878 4394 3007 4457 ἴσως
3055 4396 3297 4448 τοιοῦτόν
3352 4399 3503 4452 ἐστιν
3540 4399 3687 4464 ἅπαξ

435 4505 543 4559 que
580 4502 712 4541 saxa
753 4487 1097 4557 prmcipitare
1138 4499 1258 4539 sese
1300 4500 1410 4538 non
1460 4486 1806 4550 extimescat,
1845 4484 1997 4538 dum.

2111 4483 2317 4552 ἐρίζειν
2346 4485 2664 4556 προθεμένη
2694 4485 2841 4557 ψυχή
2869 4503 2885 4519 ·
2916 4489 3008 4541 καὶ
3040 4487 3177 4558 πρὸς
3207 4488 3273 4543 τὰ
3307 4489 3443 4559 δῆλα
3472 4492 3686 4546 ἐνίστα-

438 4582 599 4635 modo
632 4583 700 4635 iis
738 4594 936 4633 nocere
974 4592 1033 4633 se
1063 4577 1274 4641 credat,
1319 4592 1460 4647 quos
1508 4577 1615 4631 sibi
1664 4577 2011 4632 adversarios

438 4676 781 4740 arbitratur;
832 4673 1012 4742 qualis
1050 4679 1133 4726 est
1181 4680 1236 4724 et
1282 4685 1526 4740 praesens
1579 4671 2009 4740 argumentatio,

438 4770 640 4838 quibus
677 4768 781 4821 hoc
822 4766 877 4820 in
909 4765 1034 4820 loco
1069 4766 1201 4834 agit,
1246 4774 1431 4833 aperte
1482 4767 1534 4817 in
1572 4766 1871 4819 ternarium
1906 4782 2013 4819 nu-

442 4877 652 4915 merum
684 4862 915 4913 deorum
949 4857 1233 4911 decidens.
1274 4859 1323 4909 Is
1347 4867 1529 4910 autem
1570 4868 1618 4911 et
1651 4872 1811 4910 suum
1840 4858 2014 4927 ipsius

441 4956 650 5007 crimen
688 4954 810 5005 aliis
844 4949 1124 5004 ascribere
1158 4964 1265 5003 non
1306 4949 1606 5005 erubescit.
1650 4948 1716 5006 Et
1755 4951 1831 5004 illi
1859 4966 2011 5018 sane,

443 5050 535 5115 qui
579 5057 737 5099 antea
765 5045 1031 5112 Spiritum
1058 5056 1307 5096 sanetum
1335 5042 1748 5112 impugnabant,
1778 5059 1904 5098 cum
1946 5061 2015 5099 ex

445 5140 605 5194 Patre
634 5139 718 5192 vel
769 5137 905 5190 Filio
941 5136 1120 5205 ipsum
1150 5149 1273 5191 esse
1300 5135 1576 5200 audirent,
1612 5136 1747 5192 illud
1792 5139 2015 5207 quidem

444 5250 510 5287 ex
548 5232 825 5302 hypostasi
869 5228 1273 5284 admittebant:
1312 5237 1367 5282 at
1415 5244 1479 5283 ex
1526 5242 1722 5285 natura
1770 5232 2014 5301 ipsorum

448 5343 589 5391 esse,
628 5327 730 5379 hoc
758 5340 887 5378 vero
920 5322 1383 5392 aspernabantur.
1415 5322 1571 5378 Nunc
1609 5324 1838 5379 alterum
1874 5327 2017 5381 istud

449 5419 649 5473 bellum
680 5434 805 5472 cum
842 5432 906 5470 eo
946 5424 1163 5486 gerunt,
1200 5430 1323 5469 cum
1350 5416 1484 5470 illud
1517 5432 1648 5471 sane
1680 5433 1744 5471 cx
1770 5420 2021 5473 substan-

452 5508 523 5562 tia
548 5508 792 5571 landent,
811 5522 878 5561 ac
902 5507 1154 5576 probent,
1180 5505 1310 5561 illud
1341 5522 1407 5561 ex
1430 5506 1708 5579 hypostasi
1740 5523 2021 5578 respuant.

453 5601 532 5654 Ita
564 5616 843 5670 nunquam
895 5598 1216 5655 intermittit
1253 5598 1427 5655 hostis
1461 5600 1716 5656 Ecclesia:
1765 5602 2025 5657 scandala

416 5694 697 5748 excitare
738 5693 1162 5765 :quaequid'em
1212 5708 1435 5750 necesse
1480 5701 1562 5748 est
1618 5694 1864 5759 evenire,
1913 5697 2021 5751 heu

457 5798 640 5841 tamen
689 5786 866 5851 iilum,
909 5802 973 5841 ex
1007 5801 1116 5857 quo
1154 5784 1504 5857 proveniunt!
1549 5782 1869 5856 Quanquam
1919 5786 2026 5843 illis

2112 4592 2225 4641 ται,
2256 4576 2350 4628 καὶ
2380 4579 2475 4645 τὴν
2508 4576 2769 4647 ἀλήθειαν
2796 4579 3176 4652 δυσχεραίνει,
3200 4582 3300 4635 οὐκ
3324 4582 3565 4640 ὀκνοῦσα
3591 4587 3685 4641 καὶ

2114 4668 2254 4719 κατά
2287 4668 2540 4735 μεγάλων
2564 4673 2829 4741 κρημνῶν
2854 4673 3139 4744 κρυϐιστᾷν,
3172 4674 3237 4728 ἂν
3270 4677 3435 4744 μόνον
3466 4693 3519 4730 τι
3552 4679 3685 4749 δρᾷν

2118 4762 2298 4829 οἴηται
2330 4763 2449 4815 κατ’
2476 4764 2725 4830 ἐκείνων,
2753 4764 2847 4830 οὓς
2877 4768 3014 4838 αὐτῇ
3051 4771 3398 4839 μαχομένους
3426 4774 3641 4843 ἡγεῖται
3664 4785 3680 4805 ⁸

2115 4850 2226 4919 οἷός
2252 4859 2371 4908 εστι
2401 4858 2495 4911 καὶ
2528 4858 2556 4908 ὁ
2586 4857 2779 4928 παρὼν
2814 4859 2996 4928 λόγος,
3028 4864 3107 4923 είς
3133 4862 3378 4931 τριθεῖαν
3408 4867 3685 4937 προδήλως

2117 4952 2401 5006 ἐκπίπτων
2427 4947 2506 5014 οἷς
2534 4954 2773 5007 ἐνταῦθά
2800 4973 2988 5025 φησιν.
3022 4956 3083 5009 '0
3113 4957 3170 5009 δὲ
3204 4958 3295 5010 καὶ
3324 4959 3454 5014 ἄνευ
3480 4962 3574 5014 τοῦ
3602 4964 3685 5014 ate

2120 5039 2413 5109 σχύνεσοαι
2467 5042 2675 5113 ἑτέροις
2732 5044 2795 5096 τὸ
2842 5047 2974 5098 [διον
3017 5048 3269 5117 ἔγκλημα
3320 5051 3681 5120 ἐπιγράφεται

2121 5137 2326 5204 φέρων.
2358 5134 2466 5188 Καὶ
2494 5136 2542 5188 οἱ
2574 5137 2670 5204 μὲν
2704 5142 2835 5208 πρὶν
2872 5138 3173 5209 μαχόμενοι
3206 5139 3283 5210 τῷ
3306 5140 3582 5211 Π‹νεὺρατι
3612 5143 3685 5214 τῷ

2122 5231 2283 5299 ἁγίῳ,
2327 5230 2392 5283 ὲκ
2420 5230 2513 5282 τοῦ
2550 5230 2762 5301 Πατρὸς
2813 5232 2946 5286 αὐτὸ
2979 5232 3295 5301 ἀκούοντες,
3327 5235 3361 5306 ἢ
3414 5236 3508 5289 τοῦ
3536 5237 3685 5302 Υίοῦ,

2122 5322 2180 5375 τὸ
2213 5321 2312 5392 μὲν
2340 5324 2405 5376 ἐκ
2434 5325 2533 5393 τῆς
2564 5324 2920 5390 ὑποστάσεως
2947 5326 3294 5398 ἀπεδέχοντο,
3320 5330 3383 5382 τὸ
3418 5332 3475 5386 δὲ
3500 5332 3563 5384 ἐκ
3589 5329 3684 5402 τῆς

2124 5415 2339 5482 φύσεως
2373 5414 2573 5479 αὐτῶν,
2604 5412 2762 5468 τοῦτο
2797 5414 2853 5468 δὲ
2890 5417 3271 5487 ἀπηρνοῦντω
3308 5419 3405 5474 νῦν
3436 5422 3492 5475 δὲ
3537 5421 3684 5475 πόλι·

2128 5525 2228 5577 μον
2278 5508 2465 5561 τοῦτον
2514 5508 2701 5579 ἕτερον
2742 5511 2892 5583 αὑτῴ
2924 5512 3242 5583 πολεμοῦσι,
3265 5516 3326 5569 τὸ
3361 5515 3461 5585 μὲν
3489 5517 3551 5570 ὲκ
3589 5515 3685 5581 τῆς

2124 5602 2311 5664 οὐσίας
2346 5600 2646 5672 δεχόμενοι,
2682 5604 3012 5676 ἀρνούμενοι
3046 5608 3101 5661 δὲ
3163 5610 3224 5661 τὸ
3275 5609 3338 5662 ἐκ
3378 5610 3477 5680 τῆς
3509 5608 3685 5662 αὐτῶν

2091 5693 2500 5757 ὑποστάσεως.
2535 5696 2725 5761 Οὕτως
2794 5699 3049 5753 οὐδέποτε
3099 5702 3369 5758 διαλείπει
3418 5699 3683 5757 σκάνδαλα

2128 5790 2156 5842 ὁ
2189 5787 2383 5856 ἐχθρὸς
2413 5792 2477 5855 τῇ
2522 5790 2821 5857 Ἐκκλησία
2874 5794 3135 5861 ἐγείρων·
3163 5795 3198 5852 ἃ
3230 5796 3445 5859 ἁιάγκη
3479 5795 3573 5852 μὲν
3600 5792 3682 5849 ἑλ-
