4036 6140
372 241 478 310 235

1344 249 1733 313 APOLOGIA
1777 250 2399 314 INSCRII’TIUNUM
2442 253 2686 317 YECCI.

3540 257 3647 325 285

374 370 501 435 θεῖν,
534 371 659 425 ούαὶ
705 372 763 426 δὲ
809 372 957 444 ὅμως
989 374 1057 428 δι’
1104 370 1166 429 οῦ
1201 373 1457 446 ἐρχεταιί
1494 378 1691 433 Καίτοι
1724 377 1952 441 ἐκείνοις

2066 378 2291 449 quidem
2343 378 2494 433 dicta
2548 380 2821 448 quaedam,
2865 391 2987 447 quae
3027 393 3096 432 ex
3139 376 3344 434 divinis
3392 381 3648 448 personis

375 464 471 535 μὲν
498 468 596 521 καί
619 483 704 530 τις
730 466 945 539 ὑπῆρχε
981 470 1112 534 ἴσως
1146 468 1474 541 συγγνώμη,
1510 462 1714 539 μᾶλλον
1736 470 1781 525 δ’
1811 472 1959 541 ἴχνος

372 558 725 629 συγγνώμης,
753 560 943 631 ἔχουσί
968 578 1090 617 τινα
1120 563 1388 634 προάγειν
1416 564 1497 628 είς
1534 565 1867 637 μαρτυρίαν,
1893 565 1955 621 ἐκ

373 651 472 718 μὲν
518 652 630 707 τῶν
681 653 848 710 θείων
899 656 1264 711 ὐποστάσεων
1294 656 1451 724 ὄντα,
1491 657 1568 729 μὴ
1627 658 1813 728 μέντοι
1855 656 1952 711 καὶ

370 740 467 811 τῆς
495 743 723 808 οὐσίας’
763 747 976 813 τούτοις
1017 748 1075 801 δὲ
1120 750 1251 803 ποία
1301 750 1455 803 ἔσται
1494 750 1853 820 παραίτησις,
1890 752 1954 803 ἐκ

373 837 471 906 μὲν
518 841 620 909 τῆς
667 839 859 903 οὐσίας
899 842 1281 912 ὁμολογοῦσιν,
1314 843 1681 915 ἀρνουμένοις
1712 845 1770 898 δὲ
1797 849 1858 897 τὸ
1890 847 1955 898 ἐκ

366 920 463 998 τῆς
487 930 843 997 ὑποστάσεως
871 931 1038 1003 εἶναι,
1063 932 1139 991 ὦν
1164 938 1264 1007 τὴν
1286 937 1459 1009 αὐτὴν
1483 938 1737 1010 τάριθμῷ
1765 937 1954 992 οὐσίαν

368 1023 748 1093 συντίθενται;
796 1026 989 1092 Οὕτως
1041 1030 1341 1100 ἀσύμὸατα
1380 1031 1476 1086 καὶ
1506 1032 1721 1095 ἑαυτοῖς
1755 1032 1849 1086 xui.
1882 1034 1951 1104 τῇ

364 1116 596 1191 ἀληθείᾳ
626 1120 782 1190 φασί.

761 1238 875 1293 Τοῦ
912 1242 1147 1297 Βέκκου
1183 1244 1271 1311 εις
1311 1240 1431 1311 τὴν
1459 1241 1560 1308 ιβ’.

446 1328 671 1405 ἶΕπειδή
720 1334 828 1388 είσί
859 1352 1011 1401 τινες
1046 1336 1469 1406 ἀποτολμῶντες
1499 1337 1703 1408 λέγειν,
1729 1338 1793 1391 τὸ
1819 1339 1954 1393 ἀνα-ι

361 1425 606 1494 ϐλύζειν,
640 1430 738 1482 καὶ
766 1432 1040 1501 προϊέναι,
1094 1433 1190 1487 καὶ
1224 1432 1558 1504 ἐκλάμπειν,
1584 1435 1681 1487 καὶ
1709 1434 1953 1504 πεφηνέο

359 1538 449 1576 ναι
483 1521 552 1575 ὲκ
574 1520 670 1576 τοῦ
698 1522 831 1578 Υίοῦ
862 1525 925 1578 τὸ
958 1525 1206 1596 Πνεῦμα,
1239 1527 1315 1599 μὴ
1348 1524 1548 1598 δηλοῦν
1577 1527 1639 1581 τί)
1671 1525 1956 1591 ούσιωδῶς

361 1617 459 1671 καὶ
500 1615 888 1681 ἑνυποστάτως
928 1618 1200 1689 ὑπάρχειν
1233 1619 1367 1675 αὐτὸ
1397 1622 1460 1673 ἔκ
1501 1616 1594 1673 τοῦ
1627 1618 1782 1686 Υίοῦ,
1817 1616 1956 1673 ἀλλὰ

358 1703 457 1778 τὴν
490 1706 553 1772 ἐξ
590 1708 755 1762 αὑτοῦ
794 1710 904 1765 τῶν
940 1711 1345 1782 Πνευματικῶν
1374 1712 1745 1783 χαρισμάτων
1775 1709 1952 1765 διανο-

363 1800 473 1872 μὴν
499 1801 578 1865 είς
606 1801 835 1875 ἔλεγχον
878 1804 979 1871 τῆς
1013 1805 1273 1871 τοιαύτης
1309 1807 1496 1871 ἀνοίας
1528 1804 1867 1876 ἑξελὲγησαν
1895 1804 1952 1859 αί

360 1894 640 1965 παροῦσαι
666 1902 940 1969 γραφικαὶ
966 1899 1180 1971 ῥήσεις,
1217 1901 1276 1954 αι
1303 1897 1567 1971 δηλοῦσαι
1592 1898 1951 1963 ἀναϐλύζειν,

360 1988 455 2041 καὶ
481 1988 794 2061 ἐκλάμπειν
817 1994 913 2047 καὶ
940 1994 1244 2063 πεφηνέναι
1272 1991 1368 2046 τὸν
1420 1993 1551 2046 Υἱὸν
1585 1994 1653 2047 ὲκ
1686 1990 1903 2063 Πατρός
1936 2006 1953 2023 ⁸

358 2080 420 2134 οὐ
453 2082 565 2154 γὰρ
595 2082 659 2155 δή
707 2101 794 2147 τις
844 2084 982 2156 ὲρεῑ,
1014 2085 1090 2148 ὡς
1126 2086 1224 2156 οὐχ
1252 2087 1281 2139 ὁ
1319 2083 1446 2149 Υίὸς
1487 2087 1635 2140 ἐστιν
1664 2087 1693 2138 ὁ
1719 2081 1955 2138 ἀναϐλύ-

361 2174 474 2237 ζων
499 2176 595 2232 καὶ
627 2176 950 2247 ὲκλάμπων,
984 2179 1080 2234 καὶ
1110 2178 1373 2249 πεφηνὼς
1404 2181 1469 2232 ἐκ
1494 2178 1590 2232 τοῦ
1624 2178 1836 2249 Πατρδς
1862 2176 1954 2230 ού-

361 2269 574 2336 σιωδῶς
605 2270 698 2326 καὶ
731 2271 1137 2340 ὲνυποστάτως,
1164 2272 1303 2328 ἀλλά
1337 2275 1405 2327 τά
1432 2272 1771 2345 χαρίσματα.

937 2386 1050 2441 Τοῦ
1107 2385 1385 2458 Παλαμᾶ.

436 2477 511 2533 Τὸ
536 2478 815 2551 γεννητῶς
843 2479 907 2535 ἐκ
941 2496 1109 2545 τινος,
1143 2480 1179 2552 ἢ
1208 2481 1559 2553 ὲκπορευτῶς
1585 2482 1687 2553 τὴν
1717 2481 1954 2553 ὓπαρξιν

363 2574 491 2645 εχον
529 2572 591 2638 ἐξ
629 2573 797 2627 αὐτοῦ
832 2571 929 2626 καὶ
956 2573 1205 2644 προϊέναι
1246 2573 1469 2642 λέγεται
1515 2575 1611 2627 καὶ
1665 2572 1952 2640 ἐκπέμπε-

361 2668 492 2722 σθαι
519 2671 617 2722 καὶ
646 2666 977 2738 ἐκλάμπειν,
1008 2667 1171 2740 είπερ
1202 2666 1321 2737 φῶς
1353 2668 1495 2730 ἐστι,
1525 2666 1621 2719 καὶ
1646 2665 1749 2719 ὅσα
1775 2682 1952 2736 παρα-

360 2762 571 2834 πλήσια
601 2762 837 2825 τούτοις.
868 2760 943 2814 Οὐ
991 2760 1098 2833 μὴν
1127 2762 1239 2815 πᾶν
1266 2759 1330 2813 τὸ
1357 2758 1571 2829 προϊὸν,
1602 2758 1636 2831 ἢ
1667 2757 1954 2827 ἐκπεμπὸ-

365 2874 556 2929 μενον,
586 2855 623 2928 ἢ
653 2855 943 2926 ἐκλάμπον
971 2854 1037 2910 εκ
1092 2870 1263 2919 τινος,
1294 2854 1390 2908 καὶ
1419 2854 1478 2919 ἐξ
1508 2854 1719 2907 ἐκείνου
1757 2870 1952 2923 γεννη-

359 2950 493 3017 τῶς,
528 2951 560 3018 ἢ
594 2948 945 3020 ὲκπορευτῶς
980 2949 1080 3022 τὴν
1128 2947 1368 3020 ὕπαρξιν
1401 2947 1537 3019 ἔχει,
1588 2947 1681 3001 καὶ
1730 2949 1790 3001 ὲν
1842 2946 1950 3017 ἰδίᾳ

361 3042 667 3123 ὑποστάσει
700 3041 871 3097 ἐστίν.
904 3039 1077 3105 Οὗτος
1106 3040 1164 3095 δὲ
1198 3043 1228 3095 ὁ
1257 3042 1358 3105 τὰς
1392 3039 1712 3111 ἐπιγραφὰς
1743 3038 1951 3101 ταύτας

2062 473 2323 535 habeant,
2354 486 2465 527 non
2502 481 2710 537 tamen,
2746 480 2802 526 et
2832 486 2900 526 ex
2932 472 3241 528 substantia
3290 473 3348 527 in
3390 475 3647 529 testimo-

2056 566 2209 619 nium
2234 564 2511 619 adducere
2539 563 2870 631 valentibus,
2896 564 3039 620 forte
3063 564 3247 635 aliqua
3277 565 3437 621 venia
3462 566 3643 621 danda

2056 668 2196 725 erat,
2229 673 2325 713 seu
2356 659 2540 729 potius
2582 659 2876 731 vestigium
2919 662 3119 716 venite.
3156 662 3228 715 At
3257 676 3391 716 vero
3423 662 3545 717 imis
3574 677 3642 717 ex

2056 754 2359 810 substantia
2388 753 2611 821 quidem
2641 769 2763 811 esse
2819 753 3278 821 concedentibus,
3300 771 3367 810 ex
3388 756 3649 827 personis

2058 858 2242 903 autem
2269 849 2629 919 negantibus,
2666 864 2905 919 quarum
2950 849 3201 905 eamdem
3247 864 3484 905 numero
3514 851 3644 907 sub-

2056 941 2313 996 smntiam
2347 940 2611 1004 fatentur,
2634 957 2883 1011 quamam
2915 943 3024 998 erit
3056 942 3384 1000 excusatio?
3412 942 3489 997 lta
3520 952 3637 997 tum

2058 1050 2086 1089 a
2113 1049 2171 1089 se
2200 1034 2356 1104 ipsis,
2400 1044 2513 1089 tum
2565 1050 2594 1088 a
2629 1035 2860 1091 veritate
2886 1035 3187 1105 plurimum
3232 1036 3505 1093 dissident
3556 1046 3641 1092 at;

2058 1142 2164 1197 que
2187 1126 2524 1182 discordant.

2528 1221 2683 1297 νιντεὶ
2702 1245 2758 1297 in
2789 1245 3177 1301 duodecimam.

2129 1336 2398 1401 Quoniam
2435 1348 2568 1391 sunt
2616 1337 2894 1403 nonnulli,
2931 1337 3023 1408 qui
3074 1346 3281 1395 temere
3325 1338 3511 1397 dicere
3548 1358 3644 1397 au-

2057 1428 2245 1495 deant,
2301 1444 2559 1484 emanare
2594 1429 2862 1500 Spiritum
2893 1447 2958 1486 ex
3009 1430 3171 1497 Filio,
3209 1447 3274 1487 ac
3314 1435 3641 1503 procedere,

2056 1532 2112 1577 et
2138 1524 2382 1587 elucere,
2424 1531 2590 1593 atque
2622 1538 2748 1578 esse
2799 1539 2910 1578 non
2970 1524 3426 1593 substantialiter,
3456 1537 3511 1581 et
3542 1543 3641 1597 per

2060 1613 2285 1669 modum
2318 1615 2654 1671 subsistendi
2683 1617 2864 1687 ipsum
2895 1632 3018 1672 esse
3050 1633 3081 1672 a
3109 1618 3280 1686 Filio;
3304 1618 3401 1675 sed
3432 1619 3500 1675 ab
3520 1621 3642 1689 ipso

2056 1707 2325 1763 donorum
2389 1708 2722 1778 spiritalium
2777 1709 3108 1766 divisionem
3179 1713 3512 1782 signiﬁcare.
3581 1712 3639 1768 In

2058 1798 2493 1855 confutationem
2548 1800 2822 1870 ejusmodi
2892 1803 3150 1859 amentia:
3207 1803 3455 1859 collectae
3509 1817 3642 1861 sunt

2055 1903 2355 1963 praesentes
2373 1893 2576 1949 litteris
2602 1904 2941 1951 consecratae
2958 1897 3268 1964 sententiae,
3289 1912 3413 1968 qua:
3439 1897 3639 1954 Filium

2055 1999 2124 2039 ex
2168 1985 2328 2040 Patre
2381 2000 2665 2049 emanare,
2709 1997 2766 2042 et
2815 1988 3060 2053 elucere,
3093 1997 3261 2057 atque
3310 2003 3435 2045 case
3475 1989 3642 2060 plane

2055 2078 2377 2131 ostendunt.
2412 2077 2529 2132 Non
2553 2080 2699 2134 enim
2730 2088 2881 2135 certe
2923 2079 3069 2135 dicet
3097 2080 3298 2150 aliquis
3336 2080 3500 2147 dona,
3541 2084 3640 2136 sed

2057 2184 2167 2224 non
2196 2170 2394 2225 Filium
2427 2186 2570 2236 esse,
2601 2171 2695 2241 qui
2718 2171 3160 2226 substantialiter
3188 2186 3217 2224 a
3251 2170 3433 2237 Patre,
3453 2181 3508 2226 et
3540 2187 3639 2241 per

2056 2264 2278 2319 modum
2303 2264 2641 2321 subsistendi
2663 2274 2904 2328 emanet,
2926 2264 3141 2320 eluceat
3181 2276 3346 2335 atque
3381 2265 3633 2322 exsistat.

2715 2377 2978 2433 Palmum.

2126 2472 2284 2539 Quod
2316 2488 2415 2545 per
2442 2473 2667 2529 modum
2708 2472 3103 2543 generationis,
3131 2488 3229 2529 seu
3270 2473 3638 2544 processionis

2055 2568 2126 2623 ab
2172 2568 2359 2639 aliquo
2402 2567 2639 2631 exsistit,
2683 2568 2751 2622 ab
2795 2581 2863 2621 eo
2923 2582 3145 2637 quoque
3195 2568 3525 2637 procedere,
3572 2583 3636 2622 ac

2056 2661 2224 2727 mitti,
2254 2671 2422 2731 atque
2452 2661 2673 2716 elucere
2702 2660 2929 2727 dicitur,
2961 2661 3411 2731 quandoquidem
3448 2661 3638 2718 lumen

2055 2764 2257 2821 exstat,
2293 2764 2349 2810 et
2391 2770 2730 2827 quzecunque
2764 2755 2869 2811 alia
2915 2755 3001 2810 bis
3044 2756 3272 2812 similia.
3301 2755 3421 2811 Non
3456 2766 3639 2813 tamen

2057 2866 2219 2908 omne
2237 2850 2385 2923 quod
2428 2851 2700 2920 procedit,
2736 2867 2833 2907 seu
2878 2852 3141 2919 mittitur,
3186 2868 3283 2909 seu
3336 2853 3519 2908 elucet
3568 2854 3641 2909 ab

2056 2944 2265 3014 aliquo,
2311 2944 2377 2999 ab
2410 2944 2529 3015 ipso
2576 2960 2797 3014 quoque
2858 2961 2959 3016 per
3008 2944 3229 3001 modum
3270 2946 3644 3017 generationis

2058 3039 2142 3093 vel
2170 3037 2542 3109 processionis
2571 3047 2808 3099 constat.
2841 3048 3007 3108 atque
3047 3038 3101 3094 in
3148 3041 3368 3109 propria
3403 3055 3639 3110 persona

362 3118 831 3209 συγγραψάμενος
882 3136 1093 3209 τόλμαν
1142 3134 1369 3206 ἱγκαλεῖ
1422 3138 1535 3198 τοῖς
1570 3133 1816 3198 εὐσεϐῶς
1853 3135 1951 3186 καὶ

2060 3129 2293 3185 exsistit.
2330 3129 2435 3185 Iste
2464 3138 2673 3195 autem,
2701 3130 2794 3199 qui
2837 3130 2937 3184 ltas
2968 3130 3355 3200 inscriptiones
3414 3146 3643 3200 compo-

358 3231 635 3304 νουνεχῶς
666 3228 933 3305 φρονοῦσι
966 3226 1270 3301 τολμητίας
1298 3227 1377 3282 ὢν
1402 3228 1533 3299 περὶ
1560 3226 1621 3281 τὸ
1662 3226 1952 3280 ὃυσσεόείν

360 3325 551 3390 αὑτός.

935 3525 1051 3582 Τοῦ
1108 3525 1382 3591 Νικαίας.

430 3624 569 3683 eam
600 3626 697 3680 καὶ
720 3624 819 3696 τὴν
851 3621 1125 3692 ἀνάγκην,
1153 3619 1224 3675 δι’
1254 3620 1325 3692 ἣν
1351 3620 1447 3675 ἐπὶ
1484 3620 1585 3692 μὲν
1616 3620 1718 3690 τῆς
1746 3621 1812 3674 ὲκ
1840 3618 1953 3672 Πα-

358 3722 491 3793 τρδς
527 3718 759 3789 προόδου
792 3715 928 3772 Υίοῦ
956 3732 1016 3768 τε
1049 3714 1145 3770 καὶ
1192 3712 1518 3784 Πνεύματος
1547 3712 1748 3766 ταυτὸν
1778 3709 1952 3765 ταῦτα

358 3815 590 3870 δύναται
621 3813 692 3867 τὰ
722 3812 990 3879 ὀνύματα.
1013 3809 1075 3863 τό
1106 3824 1167 3863 τε
1210 3807 1494 3879 γεννητιῖκ
1525 3807 1559 3878 ἢ
1593 3803 1953 3873 ὲκπορευτῶς

359 3911 640 3981 προϊέναι,
673 3909 769 3962 καὶ
796 3906 859 3960 τὸ
884 3902 1297 3973 ἀναϐλύζειν,ἣ
1330 3901 1607 3972 πηγάζειν
1636 3902 1732 3955 καὶ
1754 3900 1948 3953 τᾶλλα·

361 4004 458 4057 ἐπὶ
484 4002 543 4056 δὲ
569 4002 673 4072 τῆς
725 4000 788 4054 ἐκ
819 3998 915 4053 τοῦ
955 3996 1085 4052 Υίοῦ
1116 3995 1211 4051 τοῦ
1250 3996 1573 4065 Πνεύματος
1609 3990 1953 4066 προαγωγῆς

360 4098 423 4151 οὐ
454 4092 654 4150 ταυτδν
683 4094 746 4148 τὸ
772 4092 1045 4164 πηγάζειν
1076 4092 1172 4144 καὶ
1204 4089 1375 4144 τᾶλλα
1405 4086 1485 4160 τῷ
1517 4085 1949 4157 ἐκπορεύεσθαι.

363 4194 434 4246 Ἢ
467 4188 616 4246 διατί
639 4188 703 4242 τδ
731 4188 833 4259 μὲν
856 4184 1297 4258 ἐκπορευόμενον
1324 4183 1421 4237 καὶ
1446 4180 1710 4253 πηγάζει,
1736 4180 1799 4233 οὗ
1830 4178 1954 4248 μέν.

360 4304 447 4341 τοι
476 4286 576 4338 καὶ
602 4282 665 4337 τὸ
696 4281 969 4337 ἀνάπαλιν
994 4297 1010 4349 ;
1069 4278 1234 4334 ’Λλλά
1272 4279 1348 4350 μὴ
1381 4276 1555 4342 οὕτως
1585 4276 1776 4369 ἀτελῶς
1810 4293 1952 4344 συμ-

363 4381 593 4450 πέραινε
624 4371 788 4449 χάριν
816 4377 945 4441 τοὺς
978 4373 1373 4448 ἀκροωμένους
1404 4372 1599 4426 αἰτῶν.
1630 4372 1691 4425 Εί
1714 4370 1759 4423 δ’
1784 4370 1948 4435 αὐτὸς

2057 3223 2189 3290 suit,
2230 3238 2326 3279 eos
2356 3224 2451 3294 qui
2498 3224 2587 3294 pie
2626 3224 3043 3295 prudenterque.
3072 3227 3361 3291 sentiunt,
3395 3225 3642 3282 audacia:

2058 3328 2225 3389 atque
2264 3318 2593 3374 temeritatis
2652 3326 2897 3385 accusat,
2934 3333 3058 3374 cum
3094 3320 3207 3389 ipse
3250 3320 3323 3375 sit
3361 3319 3539 3375 audax
3573 3320 3647 3376 ad

2057 3413 2423 3487 impietatem.

2736 3528 2963 3586 Nirami.

2126 3627 2527 3683 Necessitatem
2562 3642 2782 3697 quoque
2815 3625 3015 3681 alferas
3038 3666 3051 3691 ,
3087 3640 3313 3697 propter
3371 3644 3535 3699 quam
3584 3629 3641 3685 in

2057 3720 2180 3777 Filii
2222 3730 2277 3775 et
2337 3718 2577 3789 Spiritus
2625 3736 2691 3774 ex
2740 3719 2899 3773 Patre
2942 3724 3215 3789 processu
3265 3720 3367 3775 ista
3418 3724 3642 3779 nomina

2056 3832 2158 3888 per
2180 3814 2401 3871 modum
2418 3814 2792 3886 generationis
2811 3830 2905 3869 seu
2933 3814 3300 3883 processionis
3316 3818 3637 3884 procedere,

2057 3921 2114 3967 et
2136 3925 2420 3977 emanare,
2454 3909 2540 3965 vel
2578 3908 3199 3978 scaturire,e;eteraque
3233 3908 3378 3964 idem
3406 3910 3551 3965 inter
3581 3928 3641 3968 se

2058 4005 2272 4069 valent;
2331 4005 2387 4059 in
2434 4001 2804 4075 productione
2852 4009 3037 4055 autem
3078 4000 3322 4070 Spiritus
3372 4020 3437 4058 ex
3496 4002 3640 4061 Filio

2058 4112 2335 4161 emanare,
2369 4104 2419 4152 el
2462 4096 2515 4150 id
2546 4110 2717 4167 genus
2759 4094 2991 4166 reliqua,
3023 4110 3134 4149 non
3189 4095 3330 4150 idem
3364 4109 3640 4153 suntcum

2060 4191 2384 4262 procedere.
2419 4190 2517 4246 Vel
2547 4203 2793 4260 exponas
2825 4188 3093 4243 rationem
3141 4204 3241 4243 cur
3270 4192 3417 4259 quod
3449 4206 3643 4261 proce-

2060 4286 2160 4352 dit,
2184 4285 2350 4341 etiam
2374 4294 2615 4350 emanat,
2633 4299 2743 4337 non
2776 4292 2958 4339 tamen
2990 4291 3039 4338 et
3067 4284 3292 4339 contra?
3313 4282 3429 4339 Non
3457 4298 3643 4342 autem

2060 4383 2135 4437 ita
2185 4379 2512 4452 simpliciter
2566 4378 2903 4445 concludas,
2955 4376 3102 4449 quod
3143 4379 3488 4450 probandum
3533 4392 3638 4448 est,

362 4478 492 4531 ἄνευ
519 4470 850 4539 ἀποδείξεως
873 4469 1050 4539 λέγων
1075 4468 1178 4522 οῐει
1208 4485 1260 4521 τι
1281 4468 1539 4537 γενναῖον
1567 4468 1766 4530 ποιεῖν,
1796 4462 1951 4536 ἐροῦ-

2060 4475 2233 4548 gratis
2277 4474 2345 4530 ab
2385 4473 2734 4529 auditoribus
2781 4471 2882 4527 tibi
2922 4472 3152 4527 concedi
3195 4473 3504 4539 postulans.
3546 4475 3643 4531 Sin

364 4584 468 4637 μεν
503 4561 600 4619 καὶ
640 4560 805 4635 ἡμεῖς
836 4559 1026 4625 ἁπλῶς
1055 4558 1251 4624 οὕτως,
1296 4551 1372 4612 ὧν
1414 4559 1479 4611 σὺ
1516 4558 1619 4630 φῂς
1650 4556 1912 4613 τάναντία
1933 4573 1947 4588 ο

365 4664 460 4716 καὶ
492 4660 629 4723 ἴσως
667 4652 1155 4727 πιστευθησόμεθα
1193 4653 1421 4723 μᾶλλον,
1452 4651 1687 4706 καθόσον
1716 4651 1952 4723 ἐροῦμεν

363 4758 458 4811 καὶ
509 4748 745 4825 βέλτιον,
800 4745 929 4805 Ἐπὶ
977 4748 1081 4817 μὲν
1132 4749 1242 4819 γὰρ
1277 4747 1387 4799 τῶν
1441 4746 1759 4815 κτισμάτων
1819 4746 1953 4807 ἴσως

363 4849 513 4903 τοῦθ’
542 4846 931 4918 εὑρεθήσεται,
959 4844 1019 4895 τὸ
1049 4842 1410 4913 πεμπόμενον
1445 4839 1510 4894 ἔκ
1554 4855 1721 4903 τινος,
1752 4839 1785 4909 ἦ
1820 4855 1955 4908 προ-

362 4946 465 5009 ῖὸν,
495 4942 531 5014 ἦ
578 4940 852 5008 πηγάζον,
886 4937 920 5007 ἦ
959 4934 1290 5001 ἀναϐλύζον,
1337 4933 1415 5005 μὴ
1472 4932 1531 4998 ἐξ
1584 4933 1796 4987 ἐκείνου
1851 4934 1951 5001 τὴν

367 5036 608 5109 ὕπαρξιν
648 5033 826 5105 ἔχειν·
856 5030 943 5101 ἐφ’
989 5026 1066 5085 ὧν
1094 5029 1225 5085 ἄλλο
1260 5027 1381 5081 ἐστὶ
1417 5028 1656 5101 πρᾶγμα
1690 5026 1753 5080 τὸ
1786 5023 1951 5095 εἶναι,

366 5132 458 5185 καὶ
487 5129 549 5183 τὸ
578 5124 899 5197 πέμπεσθαι
938 5124 1151 5195 ἓτερον.
1188 5122 1385 5176 Καίτοι
1424 5138 1489 5192 γε
1546 5120 1669 5175 οὐδὲ
1703 5119 1793 5173 διὰ
1822 5119 1956 5173 πάνυ

365 5242 471 5278 των
500 5220 810 5293 ἐφαρμόζει
844 5217 1003 5273 τοῦτο
1035 5215 1143 5271 τῶν
1173 5215 1483 5286 ὀνομάτων.
1509 5212 1585 5265 Τὸ
1620 5216 1730 5283 γὰρ
1763 5212 1826 5265 ἔκ
1854 5229 1948 5265 του

367 5318 638 5391 πηγάζον,
660 5316 694 5385 ἢ
721 5312 1051 5380 ὰναὸλύζον,
1084 5309 1162 5381 μὴ
1189 5313 1283 5363 καλ.
1312 5309 1371 5374 ἐξ
1403 5307 1616 5361 ἐκείνου
1655 5306 1948 5378 ὑπάρχειν,

365 5418 462 5468 οὐκ
490 5412 590 5467 οἶδ’
620 5412 767 5473 ὅπως
800 5410 866 5464 ἂν
893 5409 1170 5477 είποιμεν.
1208 5405 1335 5458 Ἐπὶ
1367 5403 1424 5457 δὲ
1463 5403 1564 5474 τῆς
1601 5403 1752 5465 θείας
1787 5402 1952 5473 Τριά-

364 5508 448 5572 δος
472 5507 558 5570 τίς
591 5508 619 5561 ὁ
645 5506 825 5574 λόγος,
846 5503 911 5557 τὸ
952 5501 1049 5574 μὶν
1080 5499 1206 5570 ἕχον
1232 5499 1295 5553 ἐκ
1321 5515 1466 5561 τινος
1492 5499 1551 5550 τὸ
1582 5492 1725 5550 εἶναι
1763 5500 1859 5549 καὶ
1890 5493 1953 5559 ἐξ

366 5602 575 5655 ἑκείνου
606 5597 901 5670 πηγάζειν,
949 5595 1010 5648 τὸ
1042 5595 1099 5648 δὲ
1134 5590 1388 5663 πηγάζον
1432 5592 1507 5663 μὴ
1539 5594 1635 5645 καὶ
1662 5591 1724 5643 ἐκ
1756 5591 1948 5643 τούτου

368 5697 666 5767 ὑπάρχειν;
722 5693 806 5762 ἐφ’
851 5685 918 5762 ἦς
957 5693 1018 5744 τδ
1053 5688 1325 5759 πηγάζειν
1377 5686 1474 5739 καὶ
1533 5684 1807 5753 προϊέναι,
1853 5682 1949 5734 καὶ

367 5786 791 5863 ὲκπορεύεσθαι,
818 5784 901 5838 ἔτι
943 5783 999 5839 δὲ
1039 5784 1134 5839 καὶ
1168 5780 1231 5836 τδ
1267 5777 1587 5851 πέμπεσθαι
1621 5775 1678 5830 ἓν
1708 5776 1945 5846 πρᾶγμα

2058 4578 2243 4621 autem
2278 4574 2331 4620 tu
2371 4564 2510 4620 nihil
2538 4563 2845 4635 probando.
2878 4572 3091 4618 tantum
3123 4562 3392 4632 dicendo,
3419 4566 3645 4635 praecla-

2058 4673 2182 4713 rum
2215 4655 2424 4728 aliquid
2452 4656 2634 4712 facere
2668 4664 2717 4711 te
2746 4655 3049 4718 existimas,
3076 4654 3327 4710 dicemus
3346 4658 3512 4711 etiam
3541 4673 3644 4714 nos

2060 4751 2135 4804 ita
2170 4749 2494 4820 simpliciter
2538 4764 2728 4805 eorum
2779 4749 3057 4804 contraria
3090 4791 3103 4812 ,
3164 4765 3285 4819 quae
3316 4758 3373 4804 tu
3422 4751 3644 4806 asscris.

2057 4842 2222 4899 Forte
2275 4845 2444 4898 etiam
2488 4843 2755 4913 majorem
2816 4842 2977 4897 nobis
3043 4843 3383 4912 praestabunt
3443 4845 3643 4909 iidem,

2057 4946 2333 5007 quatenus
2372 4936 2616 4991 dicemus
2663 4946 2716 4990 et
2755 4935 2974 4990 melius.
3012 4933 3224 4989 Etenim
3274 4935 3328 4989 in
3374 4937 3645 4992 creaturis

2059 5032 2112 5086 id
2156 5031 2341 5086 forsan
2387 5030 2720 5092 invenietur,
2758 5028 2907 5099 quod
2939 5028 3006 5083 ab
3034 5028 3218 5098 aliquo
3258 5029 3513 5095 mittitur,
3559 5030 3646 5084 vel

2057 5124 2333 5197 procedit,
2365 5124 2451 5179 vel
2484 5132 2726 5187 emanat,
2779 5136 2873 5176 seu
2925 5121 3191 5189 scaturit,
3226 5129 3423 5177 utnon
3477 5122 3643 5178 etiam

2056 5220 2127 5272 ab
2182 5218 2303 5288 ipso
2332 5215 2727 5273 exsistentiam'
2759 5213 2991 5279 habeat;
3028 5212 3085 5268 in
3133 5214 3337 5285 quibus
3362 5213 3511 5269 aliud
3559 5222 3645 5270 est

2057 5326 2201 5377 esse,
2231 5317 2288 5364 et
2319 5308 2466 5364 aliud
2499 5306 2667 5361 mitti.
2709 5307 3037 5375 Quanquam
3074 5304 3239 5360 etiam
3290 5319 3469 5374 neque
3513 5303 3647 5374 ipsis

2060 5404 2228 5459 rebus
2259 5401 2459 5456 creatis
2486 5401 2766 5463 universe,
2796 5406 2962 5468 atque
3001 5413 3099 5468 per
3135 5395 3321 5451 omnia
3367 5393 3422 5450 id
3459 5396 3646 5449 nomi-

2058 5511 2190 5550 num
2220 5492 2493 5564 congruit.
2538 5491 2695 5557 Quod
2721 5491 2868 5545 enim
2896 5506 2962 5545 ex
2995 5490 3179 5559 aliquo
3214 5495 3456 5554 emanat,
3479 5496 3645 5557 atque

2059 5589 2239 5644 instar
2302 5586 2470 5642 fontis
2524 5594 2721 5651 scatet,
2757 5595 2816 5639 ut
2864 5599 2979 5640 non
3033 5584 3200 5640 etiam
3266 5581 3335 5638 ab
3382 5584 3503 5652 ipso
3549 5581 3646 5650 sit,

2058 5681 2246 5735 nescio
2282 5679 2562 5749 quomodo
2605 5678 2863 5734 dixerim.
2905 5679 2976 5733 At
3002 5692 3133 5732 vero
3187 5676 3243 5730 in
3295 5674 3644 5733 sanctissima

2059 5774 2349 5845 Trlnitatc,
2386 5773 2479 5830 ubi
2510 5773 2803 5844 scaturire,
2844 5781 2898 5831 et
2928 5771 3224 5845 proﬁcisci,
3248 5780 3412 5843 atque
3446 5782 3645 5842 prece:
