4090 6146
379 301 488 370 287

1346 299 1864 365 BESSARIONIS
1917 303 1976 361 S.
2013 303 2081 362 R.
2128 303 2195 364 E.
2229 296 2698 361 CARDINALIS

3561 242 3708 362 ρει

381 419 537 486 dere,
563 419 742 477 adhuc
769 429 954 481 autem
982 433 1037 480 el
1068 425 1209 481 mitti
1259 439 1425 478 unam
1470 437 1586 495 rem
1639 419 1974 492 significant,

2084 421 2382 488 σημαίνεις
2421 421 2468 473 εἰ
2516 412 2613 473 itii
2661 417 2838 473 ἐνίοτε
2890 416 3139 488 διαφέρει
3169 414 3249 486 τῷ
3279 413 3447 485 λόγῳ.
3505 414 3669 469 ἐστι

379 513 862 584 licetquandoque
896 517 1108 571 ralimie
1146 515 1444 582 differant;
1511 528 1632 582 qua:
1687 513 1827 566 ratio
1883 520 1968 565 est

383 615 440 659 ut
472 606 617 675 quod
640 607 709 661 ab
741 607 929 677 aliquo
969 608 1134 663 habet
1177 623 1317 671 esse,
1352 607 1422 661 ab
1457 621 1522 661 eo
1569 621 1788 676 quoque
1848 621 1973 674 pro-

381 697 530 763 ﬂuat,
573 697 718 766 quod
748 707 933 753 autem
973 700 1219 768 profluit,
1274 714 1381 754 non
1431 700 1598 753 etiam
1632 700 1699 752 ab
1754 713 1821 751 eo
1879 713 1973 751 ex-

379 788 579 846 sistat?
619 787 758 858 Ergo
806 805 983 860 neque
1015 794 1115 846 ista
1161 793 1300 846 ratio
1347 804 1548 847 recten
1581 799 1632 846 te
1679 790 1823 845 dicta
1853 798 1973 856 est,

2085 512 2197 565 οὐδ’
2235 510 2392 576 οὗτος
2419 513 2447 566 ὁ
2473 513 2632 581 λόγος
2669 511 2852 574 καλῶς
2898 511 3138 581 εἴρηται,
3162 509 3284 563 οὐδέ
3321 525 3491 578 φησιν
3518 507 3671 561 οὐδὲν

2080 605 2383 672 ἀναγκαῖον
2439 604 2561 657 οὐδὲ
2606 603 2782 674 ὑγιὲς,
2818 603 3132 665 ἀκολούθως
3178 603 3290 664 τοῖς
3324 600 3577 668 ἀδελφοῖς
3611 618 3674 652 τε

2086 696 2180 748 καὶ
2217 695 2481 766 φθάσασι,
2514 698 2608 750 καὶ
2641 695 2939 770 μαρτυρῶν
2969 698 3185 761 ἑαυτοῖς
3213 696 3313 767 τὴν
3341 699 3464 768 ῐσην
3491 697 3672 766 ἑαυτῷ

2085 789 2340 844 ἁθένειάν
2379 807 2438 843 τε
2477 791 2571 844 καὶ
2602 791 2904 846 οὐθένειαν.

383 896 563 948 neque
594 882 802 955 aliquid
822 885 967 954 quod
999 901 1192 940 sanum
1227 897 1393 955 atque
1424 886 1662 941 solidum
1702 886 1792 944 sit.
1824 885 1908 938 vel
1944 887 2318 940 necessarium
2392 884 2898 992 aﬂ'ert.ml\'imirum
2941 885 3045 940 sibi
3069 886 3396 992 'ge‘rmanis,
3423 895 3479 941 et
3524 895 3674 940 ante-

383 975 708 1033 cedentibus
736 978 1043 1033 rationibus
1067 981 1387 1050 respondet,
1411 989 1464 1034 et
1489 980 1753 1050 aqualem
1784 979 1908 1038 illis.
1931 986 2097 1050 atque
2119 980 2226 1035 sibi
2256 981 2358 1049 ipsi
2385 980 2818 1035 imbecillitatem
2862 995 2922 1034 ac
2958 983 3253 1035 vanitatem
3302 990 3553 1036 testatur.

445 1105 559 1116 οπο-ς.-

568 1108 852 1120 -οα--ο-

861 1111 1016 1121 .——

2429 1117 2693 1128 m

2700 1117 3102 1129 -__.—_.___..

3103 1120 3279 1129 ’,ι-,ϋ-

1333 1131 1504 1142 ...α-

3569 1119 3641 1132 -ιοι-

3569 1135 3639 1148 υ-’δη

1731 1134 2116 1144 W

2607 1133 2920 1144 Μ

1845 1229 2225 1292 ΜΟΝΙΤΗΜ.

455 1355 749 1418 Bcssarion
788 1363 1119 1429 eardinalis,
1177 1366 1312 1422 visis
1363 1367 1820 1438 inscriptitmibus
1860 1371 2189 1441 patriarchae
2221 1372 2382 1429 Vccci
2436 1381 2492 1431 et
2541 1361 2887 1448 ineptissima
2918 1391 3109 1432 contra
3150 1393 3246 1433 eas
3286 1376 3671 1432 confutatione

384 1442 636 1522 Gregorii
681 1455 932 1520 Palamae.
965 1459 1126 1514 aliam
1173 1461 1289 1532 ipse
1325 1463 1762 1518 confutatiouem
1789 1464 2055 1522 adversus
2097 1467 2373 1523 Palamam
2422 1471 2626 1527 tuendo
2657 1473 2894 1527 Veccum
2945 1473 3136 1528 Graece
3172 1471 3673 1576 composuit._'Qu:e

389 1551 566 1576 ...ρ-...2-
633 1563 690 1576 -.ι
726 1555 1011 1576 ...-__:P--.-
1046 1559 1170 1576 "HJ
1198 1569 1236 1576 ξ-
1283 1559 1331 1576 j,
1385 1560 1422 1576 ,ο
1509 1561 1522 1572 ο
1729 1571 1740 1576 _
1775 1562 1794 1576 1
1859 1564 1893 1576 ,ι
2088 1566 2100 1576 -
2127 1563 2162 1576 ι.
2187 1566 2242 1576 ..Α
2335 1567 2365 1576 ,ι
2468 1569 2477 1576 .

387 1551 594 1616 omnia,
633 1563 693 1608 ut
725 1555 1019 1612 manifesta
1046 1559 1242 1614 fierent
1272 1559 1474 1628 doctis,
1509 1561 1744 1632 ipsemet
1775 1562 1971 1619 Latina
2006 1563 2271 1622 reddidit.
2329 1567 2647 1625 Orationem
2678 1585 2900 1640 quoque
2925 1565 3192 1632 G'rtecam,
3229 1581 3394 1637 quant
3447 1569 3674 1672 miserat

389 1639 607 1672 'nnnnn:
642 1643 1096 1672 DI.:I_--.|._-..:_-
1137 1651 1154 1672 Ι
1183 1653 1323 1672 μμ-
1360 1655 1525 1672 ___,.s.
1580 1653 1676 1672 ην·
1718 1668 1728 1672 -
1775 1657 1814 1672 μ
1909 1657 1944 1672 ι.
2154 1657 2169 1672 ι
2265 1669 2273 1672 .
2325 1671 2332 1672 ,
2412 1661 2423 1671 .
2843 1663 2854 1672 .
3131 1662 3141 1672 .
3247 1660 3260 1672 .
3355 1660 3390 1672 η
3507 1669 3516 1672 -

388 1639 610 1700 Lascari
638 1643 1101 1720 Pbilanthmpino
1134 1651 1329 1708 Latine
1360 1655 1549 1710 vertit.
1580 1653 1881 1726 Epistolam
1909 1657 2039 1712 item
2081 1657 2517 1716 exhortatoriam
2537 1704 2551 1725 ,
2591 1672 2810 1719 creatus
2835 1663 2948 1731 jam
3000 1660 3316 1732 patriarcha
3347 1660 3672 1766 .Constanti-

390 1736 742 1766 "anAn-nu...
767 1737 954 1766 [Ἰν-ι-..
986 1745 1240 1766 ---ε-ιΑ...
1275 1745 1338 1766 -1
1367 1762 1548 1766 -______
1581 1747 1640 1766 η.
1667 1764 1695 1766 Α
1717 1765 1727 1766 γ
1750 1765 1758 1766 ,
1783 1765 1792 1766 ,
1827 1751 1836 1766 ξ
1860 1765 1869 1766 ,
1911 1748 1928 1766 ι
1990 1750 2024 1766 ,ο
2145 1765 2150 1766 ,
2200 1760 2211 1766 -
2355 1761 2365 1766 -
2415 1753 2472 1766 ι..
2530 1754 2565 1766 Α
2697 1755 2718 1766 -
2803 1757 2815 1766 .
3043 1756 3056 1766 .

390 1736 744 1803 nopolitanus
767 1737 956 1797 Graece
984 1745 1245 1813 scriptam
1272 1745 1338 1800 ad
1359 1762 1554 1802 omnes
1581 1747 1802 1805 Graecos
1826 1751 1879 1803 in
1907 1748 2163 1804 Latinum
2196 1753 2499 1808 transtulit.
2525 1754 2660 1821 Qua:
2697 1755 2890 1812 Latina
2914 1756 3096 1812 versio
3124 1771 3250 1811 cum
3290 1753 3518 1808 minime
3543 1765 3671 1860 nota

392 1837 535 1860 μιαιιι
576 1830 735 1860 Dm-..
774 1834 1004 1860 A-.....I:-
1067 1835 1179 1860 :..--
1219 1854 1426 1860 ___-,.___-
1480 1839 1660 1860 __,a-_-
1699 1841 1877 1860 nu---
1912 1841 2065 1860 n-_-_
2114 1843 2154 1860 μ
2213 1845 2245 1860 ον
2292 1844 2312 1860 π
2372 1847 2405 1860 ,ι
2538 1847 2560 1860 .
2627 1849 2661 1860 .-
2717 1849 2754 1860 κ
2962 1853 3003 1860 ..
3098 1848 3117 1860 ρ
3180 1849 3212 1860 _.
3319 1846 3356 1860 υ.
3520 1849 3531 1859 .

392 1837 542 1885 esset
576 1830 737 1886 Petro
765 1834 1028 1899 Arcadio,
1067 1835 1182 1906 ipse
1213 1854 1432 1910 quoque
1472 1839 1665 1896 eadem
1697 1841 1886 1896 Graeca
1912 1841 2258 1900 Bessarionis
2292 1844 2484 1902 Latina
2537 1847 2683 1904 fecit.
2716 1849 2782 1904 Et
2805 1853 3066 1922 quoniam
3097 1848 3290 1904 Latina
3317 1846 3673 1905 Bessarionis

393 1925 529 1980 vitio
573 1930 928 1984 amanuensis
967 1931 1158 1988 multis
1236 1933 1455 1990 mendis
1503 1943 1739 1999 scatent,
1777 1945 1838 1990 ut
1893 1933 2084 1991 videre
2126 1946 2212 1993 est
2273 1939 2331 1994 in
2387 1941 2725 2000 bibliotheca
2783 1945 3049 2001 Vaticana
3075 1985 3092 2010 ,
3130 1945 3408 2002 Arcadius
3443 1959 3574 2000 vero
3604 1942 3672 1999 ad

394 2023 660 2094 majorem
685 2025 993 2082 claritatem
1021 2029 1177 2098 quasi
1205 2031 1474 2087 verbatim
1521 2047 1589 2088 ea
1630 2033 1904 2089 convertit
1935 2051 1948 2100 ε
1982 2035 2204 2106 quidam
2253 2047 2486 2109 utraque
2534 2042 2676 2112 typis
2706 2058 2826 2099 esse
2856 2044 3108 2105 cudendo
3153 2054 3517 2100 censuerunt.
3553 2041 3670 2102 Hoc

388 2115 580 2186 Itaque
606 2132 714 2172 non
749 2128 798 2174 te
824 2119 1013 2186 lateat,
1051 2122 1282 2194 benigne
1310 2125 1526 2182 Lector.

1197 2225 3631 2260 Mm

1582 2343 2506 2464 BESSARIONIS

756 2555 1292 2622 DEFENSlONES
1335 2559 1568 2622 RECTI
1617 2562 2215 2641 CATHOLICIQUE
2265 2572 2680 2639 DOGMATIS
2738 2579 3254 2658 LATINORUM,

1905 2686 2240 2736 VIDELICET

394 2784 501 2851 DE
549 2791 1079 2854 PROCESSIONE
1131 2792 1489 2859 SPIRITUS
1529 2799 1811 2864 SANCTI
1859 2802 2172 2866 CONTRA
2223 2807 2725 2878 HxERETICUM
2773 2819 3008 2881 ILLUD
3073 2822 3673 2889 IMPUGNANTEM

1349 2921 1610 2981 CR/ECE
1646 2927 2064 2996 LATINEQUE
2094 2933 2235 2991 PER
2267 2937 2424 2995 EUM
2453 2942 2712 3001 la'DszE.

467 3057 594 3111 Post
633 3055 928 3110 concilium
957 3055 1348 3128 Lugdunense,
1374 3073 1622 3134 tempore
1650 3066 1901 3140 Gregorii
1927 3070 1976 3126 Χ

2084 3068 2236 3109 suam
2295 3057 2653 3117 intentionem
2705 3064 3014 3136 declarans,
3047 3080 3102 3126 et
3146 3076 3538 3132 auctoritatum
3591 3079 3674 3135 in-

392 3151 733 3206 celebratum
761 3189 777 3215 ,
809 3149 863 3202 in
896 3166 1006 3220 quo
1039 3168 1134 3222 per
1162 3169 1292 3209 suos
1330 3165 1582 3213 oratores
1621 3160 1797 3218 Grazci
1834 3165 1976 3221 uniti

393 3244 621 3299 fuerunt
653 3242 911 3298 Ecclesiae
944 3227 1243 3304 Romanas;
1283 3246 1666 3322 Spiritumque
1722 3269 1977 3313 sanctum

389 3354 458 3393 ex
487 3332 648 3391 Patre
697 3347 756 3392 et
790 3335 929 3391 Filio
979 3341 1280 3407 precedere
1330 3343 1566 3414 professi
1608 3358 1767 3416 sunt,
1818 3363 1980 3421 prout

394 3426 638 3486 Ecclesia
670 3427 942 3486 catholica
972 3432 1149 3487 credit
1173 3443 1228 3489 et
1252 3437 1542 3506 proﬁtetur
1583 3456 1597 3494 :
1628 3443 1850 3511 quidam
1879 3461 1976 3515 pa-

395 3523 635 3579 triarcha
670 3522 1316 3596 Constantinopolitanus
1344 3533 1564 3585 nomine
1601 3532 1828 3601 Veccus,
1848 3537 1979 3591 huic

393 3615 615 3671 veritati
635 3614 921 3670 adhaerens
939 3615 1004 3671 ad
1029 3617 1493 3690 impugnationem
1512 3623 1978 3696 adversariorum,

391 3723 631 3778 quorum
666 3709 848 3763 adhuc
875 3723 1104 3781 magnus
1136 3712 1384 3769 exstabat
1410 3730 1696 3782 numerus,
1729 3723 1976 3778 omnium

394 3804 711 3860 Graecorum
767 3804 1062 3860 doctorum
1100 3807 1380 3862 volumina
1431 3825 1626 3882 magno
1674 3815 1859 3871 studio
1899 3832 1983 3872 re-

395 3897 647 3963 volvens,
675 3905 906 3954 cunctas
943 3912 1134 3954 eorum
1163 3901 1526 3958 auctoritates
1567 3904 1636 3959 ad
1679 3904 1823 3962 hanc
1860 3925 1978 3964 rem

385 3988 661 4048 facientes
707 3993 764 4046 in
821 4007 992 4047 unum
1032 3992 1272 4063 collegit,
1313 4003 1370 4049 et
1424 3996 1700 4066 aliquibus
1730 4014 1828 4070 per
1852 4016 1978 4057 eum

393 4082 570 4146 titulis
599 4080 926 4154 prmpositis,
956 4097 1122 4155 prout
1181 4102 1246 4142 ex
1289 4087 1552 4144 continua
1598 4094 1976 4161 contentione,

382 4191 516 4246 qua:
551 4186 682 4232 tunc
716 4177 879 4234 fiebat
901 4219 915 4243 ,
946 4180 1242 4234 videbatur
1295 4185 1662 4238 necessarium
1695 4203 1839 4249 esse,
1894 4198 1981 4242 nt-

391 4280 528 4340 puta
565 4270 713 4340 quod
742 4269 985 4342 Spiritus
1017 4283 1242 4327 sanctus
1272 4275 1344 4329 sit
1395 4292 1463 4330 ex
1504 4278 1668 4332 Patre
1709 4289 1764 4334 et
1796 4281 1933 4338 Filio
1962 4302 1977 4339 :

394 4363 543 4432 quod
563 4379 629 4418 cx
649 4365 803 4420 Patre
825 4379 922 4435 per
945 4364 1170 4432 Filium,
1189 4366 1336 4436 quod
1363 4367 1684 4427 immediate
1710 4387 1776 4427 ex
1798 4374 1978 4442 Patre,

390 4465 453 4510 et
508 4456 588 4511 sic
663 4457 732 4511 de
797 4457 1095 4513 similibus.
1158 4457 1469 4530 Unicuique
1527 4463 1725 4518 borum
1793 4468 2052 4546 titulo-C

395 4563 522 4602 rum
579 4548 759 4603 varias
835 4549 1179 4607 diversorum
1256 4552 1563 4609 doetorum'
1625 4561 1982 4619 auctoritates

397 4641 676 4712 adaptavit
705 4658 718 4707 ;
752 4644 994 4711 probans
1045 4659 1143 4713 per
1171 4661 1264 4702 eas
1289 4646 1438 4716 quod
1479 4649 1588 4704 sibi
1637 4654 1980 4723 propositum

391 4742 516 4787 erat
542 4749 556 4787 :
583 4733 736 4790 verbi
764 4737 961 4804 gratia,
995 4737 1048 4791 in
1070 4737 1250 4807 primo
1279 4739 1520 4808 capitulo
1548 4743 1770 4801 adducit
1793 4760 1982 4803 aucto-

400 4823 610 4887 ritates,
648 4824 848 4892 quibus
889 4825 1157 4895 probatur
1204 4826 1474 4898 Spiritum
1540 4845 1789 4890 sanctum
1859 4855 1982 4894 esse

390 4913 566 4969 etiam
600 4929 667 4968 ex
696 4912 834 4968 Filio
859 4932 873 4978 ;
899 4917 1034 4972 alias
1052 4918 1252 4974 deinde
1273 4925 1572 4992 probantes
1596 4941 1658 4982 ex
1680 4928 1840 4983 Patre
1861 4945 1980 4985 esse

397 5021 496 5075 per
529 5007 726 5062 Filium
753 5025 769 5074 ;
803 5009 1027 5064 demum
1056 5013 1122 5066 ad
1159 5015 1646 5074 demonstrandum
1677 5020 1824 5076 idem
1858 5037 1980 5079 esse

390 5099 586 5155 dicere
617 5117 686 5155 ex
739 5100 900 5157 Patre
939 5115 994 5160 et
1042 5104 1203 5171 Filio,
1249 5117 1414 5178 atque
1455 5127 1520 5166 ex
1555 5113 1713 5168 Patre
1756 5130 1858 5185 per
1893 5115 1982 5172 Fi-

399 5193 553 5257 lium,
583 5202 643 5247 ut
676 5195 916 5251 instruat
946 5213 1066 5265 nos,
1104 5215 1229 5254 cum
1270 5203 1526 5260 audimus
1553 5207 1812 5265 doctores
1831 5208 1981 5265 Gne-

392 5300 494 5340 cos
522 5285 787 5355 Spiritum
819 5301 1070 5345 sanetum
1104 5307 1168 5347 ex
1204 5294 1364 5350 Patre
1407 5311 1504 5365 per
1533 5297 1731 5353 Filium
1770 5304 1984 5357 theolo-

394 5389 592 5449 gantes
617 5381 762 5436 idem
791 5383 1100 5458 intelligere
1123 5403 1224 5443 nos
1245 5389 1471 5458 debere,
1499 5407 1562 5447 ac
1591 5394 1636 5447 si
1657 5396 1980 5452 audiremus

393 5487 467 5527 ex
498 5473 658 5528 Patre
696 5483 750 5529 et
776 5473 916 5531 Filio
984 5494 1081 5534 eos
1125 5480 1411 5548 dicentes;
1451 5485 1586 5541 alias
1623 5491 1981 5546 auctoritates

395 5564 627 5621 adducit
676 5567 1114 5639 tequivalentiam
1149 5572 1375 5629 istarum
1419 5581 1869 5647 praepositionum
1924 5585 1978 5638 in

398 5657 674 5729 theologia
709 5660 1098 5731 significantes.
1151 5665 1215 5721 Et
1252 5668 1380 5724 huic
1423 5669 1620 5737 titulo,
1657 5675 1980 5744 caeterisque

395 5749 656 5804 omnibus
685 5752 958 5820 quoddam
1009 5769 1390 5828 argumentum
1442 5777 1602 5818 suum
1655 5768 1974 5835 praeposuit,

2088 3148 2445 3218 telligentia'm
2473 3154 2682 3224 optime
2713 3156 2819 3215 hoc
2871 3162 3035 3218 modo
3086 3157 3231 3234 quod
3266 3168 3372 3224 sibi
3398 3180 3518 3225 erat
3545 3188 3669 3241 pro-

2084 3241 2326 3310 positum
2355 3245 2713 3304 concludens.
2750 3251 2878 3307 Post
2911 3251 3149 3312 Veccum
3183 3260 3504 3329 praedictum
3536 3281 3674 3320 non-

2086 3326 2253 3390 nullis
2269 3336 2428 3391 annis
2446 3340 2666 3408 quidam
2686 3344 2832 3414 apud
2861 3345 3082 3406 Graecos
3102 3326 3401 3423 Cragorius
3424 3360 3670 3426 nomine,

2084 3429 2410 3498 cognomine
2470 3431 2740 3503 Palamas,
2799 3439 2866 3495 de
2899 3457 3010 3512 quo
3079 3461 3275 3515 magna
3336 3449 3672 3507 existimatio

2085 3521 2229 3591 apud
2281 3522 2502 3582 Graecos
2541 3527 2665 3596 fuit,
2719 3534 2936 3590 veritati
2978 3537 3269 3596 catholicae
3322 3541 3472 3599 circa
3523 3545 3672 3601 hunc

2084 3615 2378 3672 articulum
2411 3623 2742 3692 contrarius,
2777 3635 2831 3681 et
2867 3627 3043 3685 hostis
3076 3642 3320 3704 apertus,
3356 3637 3551 3709 paucis
3581 3655 3674 3694 vo-

2083 3706 2206 3761 lens
2241 3724 2465 3767 omnem
2495 3713 2652 3770 Vecci
2680 3719 2931 3786 praedicti
2970 3723 3216 3781 laborem
3261 3743 3549 3799 enervare,
3585 3749 3676 3788 ar-

2086 3803 2361 3871 gumentis
2421 3807 2774 3880 prologisque
2825 3815 2948 3885 ejus
3022 3819 3416 3879 contradixit:
3481 3825 3671 3881 volens

2084 3893 2320 3960 probare
2367 3900 2723 3958 auctoritates
2760 3908 3094 3976 propositas,
3146 3927 3255 3965 non
3303 3921 3446 3981 eam,
3503 3933 3668 3989 quam
3723 3970 3728 3974 .

2086 3983 2176 4038 ille
2215 3982 2451 4054 diccbat,
2488 3991 2582 4045 sed
2621 3991 2782 4064 longe
2812 3996 2982 4052 aliam
3037 4001 3405 4064 intentionem
3441 3982 3666 4069 habere.

2081 4077 2216 4142 Qua:
2241 4079 2287 4134 si
2320 4095 2446 4136 vera
2478 4081 2730 4153 fuissent,
2778 4097 2924 4145 totus
2957 4091 3118 4148 labor
3149 4098 3482 4168 patriarcha:
3525 4121 3670 4176 prte-

2084 4169 2217 4224 dicti
2275 4176 2612 4232 evanuisset.
2681 4185 2739 4233 In
2801 4181 2902 4236 hac
2955 4194 3137 4243 tamen
3189 4191 3454 4260 opinione
3481 4199 3670 4254 multis

2083 4263 2245 4318 annis
2298 4265 2551 4324 homines
2631 4287 3072 4340 permanserunt.
3116 4281 3256 4339 Cum
3329 4297 3514 4346 autem
3565 4293 3669 4349 hoc

2086 4357 2374 4427 utriusque
2409 4373 2552 4430 opus
2578 4367 2644 4418 ad
2687 4382 2880 4423 manus
2906 4372 3015 4426 mei
3046 4373 3389 4436 Bessarionis
3419 4381 3478 4439 S.
3507 4384 3572 4439 R.
3605 4386 3667 4442 Ε.

2085 4448 2387 4507 cardinalis
2413 4455 2660 4527 episcopi
2693 4459 3033 4533 Tusculani,
3072 4478 3205 4526 tunc
3260 4476 3666 4550 archiepiscopi

2085 4541 2318 4611 Nicaeni,
2357 4551 2731 4621 pervenisset,
2789 4570 2899 4612 non
2937 4576 3133 4630 passus
3166 4582 3328 4636 sum,
3366 4586 3472 4627 nec
3508 4591 3669 4646 aequo

2086 4739 2424 4797 paterentur,
2453 4743 2509 4789 et
2533 4753 2634 4806 pro
2664 4743 2941 4812 convicto,
2997 4756 3163 4819 atque
3200 4754 3493 4828 proﬂigato
3533 4760 3670 4818 falso

2083 4823 2152 4874 ab
2215 4824 2491 4893 aliquibus
2542 4829 2634 4885 hic
2696 4835 3138 4903 sapientissimus
3186 4847 3266 4900 vir
3303 4849 3513 4907 Veccus
3575 4872 3668 4923 pa-

2086 4917 2325 4971 triarcha
2368 4931 2678 4989 putaretur.
2699 4926 2880 4993 Quare
2920 4944 3115 4990 contra
3147 4937 3425 4998 Palamam
3461 4955 3518 5001 et
3548 4950 3670 5018 ejus

2087 5007 2301 5066 fucosas
2323 5025 2374 5068 et
2407 5030 2739 5086 apparentes
2771 5029 3240 5088 contradictiones
3270 5050 3356 5090 me
3411 5045 3664 5110 opposui,

2082 5103 2326 5173 probans
2355 5123 2455 5176 pro
2485 5126 2647 5180 posse
2671 5120 3032 5176 auctoritates
3060 5126 3363 5194 productas
3399 5103 3543 5189 ill-arm
3578 5137 3669 5190 in-

2086 5196 2386 5254 tentionem
2413 5201 2616 5259 habere
2651 5220 2816 5276 quam
2835 5209 3049 5269 Veccus
3071 5219 3476 5287 sapientissime
3495 5228 3663 5298 dicit;

2084 5307 2195 5345 non
2236 5309 2397 5361 quam
2430 5296 2680 5354 Palat-uas
2708 5303 3046 5364 calumniose
3095 5316 3342 5382 exponit.
3370 5318 3488 5384 Quo
3527 5334 3666 5391 prae.

2084 5389 2369 5455 supposito
2422 5405 2616 5448 omnes
2676 5399 3044 5456 auctoritates
3096 5405 3303 5474 optime
3346 5389 3554 5467 faciunt
3584 5415 3664 5471 ad

2084 5482 2418 5547 propositam
2454 5498 2591 5551 rem,
2631 5493 2687 5540 et
2712 5487 2915 5543 veritas
2957 5506 3054 5559 per
3085 5497 3271 5552 omnia
3311 5497 3433 5556 luce
3458 5503 3664 5561 clarius

2083 5587 2310 5645 apparet
2345 5578 2717 5636 intuentibus.
2755 5583 3148 5654 Proponuntur
3200 5591 3366 5663 igitur
3420 5595 3659 5668 primum

2083 5675 2405 5742 argumenta
2439 5673 2554 5730 sive
2612 5677 2820 5750 prologi
2855 5678 3012 5735 Veeci
3034 5722 3051 5749 ,
3081 5682 3282 5741 deinde
3329 5686 3560 5743 Palamat-
3590 5689 3658 5744 ad

2082 5784 2146 5825 ea
2201 5771 2715 5843 contradictiones,
2756 5773 2979 5830 demum
3030 5787 3233 5836 nostra:
3284 5780 3661 5870 defensiones,
