4036 6140
346 294 448 358 Ξὸῧ

1299 276 1682 340 ΑΡοιοῡιΑ
1726 269 2216 335 lNSCillPTION
2238 269 2342 330 UH
2389 267 2628 330 VECCI.

3491 251 3599 322 290

335 407 536 482 quibus
569 405 805 460 Veccum
851 397 1214 456 defendentes
1262 393 1497 450 Palamae
1544 388 1920 445 cavillationes
1951 392 1992 446 Α
2021 393 2186 454 atque
2211 384 2459 455 largitur.
2496 381 2558 435 lli
2598 394 2743 438 tero.
2774 377 2867 448 qui
2903 347 3126 429 Latinos
3156 380 3489 443 sequuntur,
3521 380 3607 423 te-

333 481 628 569 aperimus.
655 503 711 551 et
743 508 837 549 eas
862 507 961 562 pro
995 503 1155 560 posse
1191 498 1544 550 enervamus,
1591 481 1637 537 si
1671 488 1816 536 recte
1862 486 1917 532 et

334 591 668 648 suﬂicieuter
696 586 929 641 aliorum
959 583 1028 638 sit
1064 579 1351 652 judicium.

725 697 872 754 Vacci
893 696 1125 768 primunt
1154 699 1546 763 argumentum.

403 816 584 873 Varia:
605 814 953 869 diversorum
974 811 1262 864 doctorum
1285 806 1643 861 auctoritates
1659 804 1816 857 coliet
1834 812 1919 865 tne,

332 913 537 981 quibus
587 908 853 978 probatur
902 903 1144 974 Spiritus
1183 909 1410 955 sanctus
1438 897 1605 952 etiam
1658 912 1723 949 ex
1782 893 1922 948 Filio

333 1018 476 1060 esse.
504 1002 637 1056 Alia:
666 1014 888 1071 quoque
923 1005 1045 1068 post
1077 1009 1170 1050 eas
1211 993 1317 1047 hoc
1369 992 1424 1046 in
1452 989 1731 1044 volumine
1779 988 1918 1043 infe-

336 1105 535 1150 runtur
556 1095 623 1149 ad
664 1086 1155 1148 demonstrandum
1215 1085 1481 1154 Spiritum
1522 1091 1769 1137 sanctum
1797 1096 1923 1136 esse

335 1204 432 1260 per
465 1185 666 1242 Filium
696 1201 762 1240 ex
787 1186 970 1240 Patre.
995 1177 1243 1250 Cumque
1288 1178 1391 1232 illm
1426 1193 1491 1232 ex
1521 1175 1684 1241 Filio,
1710 1175 1792 1230 ha:
1829 1189 1926 1245 per

334 1281 533 1337 Filium
578 1277 833 1335 eumdem
883 1275 1149 1347 Spiritum
1211 1287 1332 1326 esse
1385 1269 1806 1332 demonstrent,
1857 1268 1925 1322 ad

334 1373 785 1447 equivalentiam
828 1370 1025 1424 barum
1060 1365 1510 1438 praepositionum
1561 1360 1922 1432 probandam,

335 1482 430 1538 per
474 1465 687 1522 scilicet
744 1471 801 1516 et
859 1475 951 1526 ex,
995 1458 1112 1512 alite
1164 1455 1424 1523 deinceps
1473 1452 1790 1506 inferuntur
1834 1453 1931 1503 «ιυ-

337 1555 954 1617 ctoruniauctoritatcs,
1002 1549 1207 1620 quibus
1249 1549 1442 1602 harum
1480 1544 1925 1616 praepositionum

337 1648 728 1722 :equivalentia
767 1645 1196 1702 demonstratur.

803 1760 1055 1818 Paiamm
1103 1754 1452 1816 cutttradictio

411 1882 552 1939 Cum
582 1880 637 1934 in
689 1877 963 1947 theologia
994 1877 1233 1931 invicem
1278 1872 1642 1944 aequivaleaut
1670 1884 1746 1924 ea:
1794 1882 1930 1938 prte-

341 1974 671 2048 positiones.
721 1987 814 2041 per
865 1981 921 2024 et
975 1986 1040 2024 ea:
1111 1983 1290 2034 neque
1351 1963 1677 2020 divisionem
1739 1960 1930 2024 ullam,

345 2083 527 2140 neque
579 2063 948 2120 diﬂerentiam
1006 2073 1208 2118 sancta:
1253 2059 1540 2114 Trinitatis
1598 2053 1929 2127 significant,

344 2163 444 2217 sed
479 2164 742 2215 unionem
766 2169 822 2213 et
873 2157 1399 2231 inmutabilitatem,
1438 2150 1741 2207 secundum
1769 2158 1934 2203 natu-

347 2268 470 2307 ram
496 2251 749 2307 videlicet
782 2260 838 2305 et
876 2250 1216 2303 voluntatem
1247 2248 1385 2317 ejus.
1432 2244 1568 2298 llinc
1623 2244 1770 2296 enim
1801 2254 1934 2295 sane

349 2346 663 2401 ostenditur
719 2345 885 2399 unius
949 2342 1310 2412 ejusdemque
1392 2348 1602 2392 natura:
1653 2336 1934 2404 potentiae,

347 2438 692 2509 operationis
741 2447 796 2492 et
827 2436 1126 2492 voluntatis
1157 2433 1339 2492 Pater,
1377 2438 1431 2484 et
1457 2428 1647 2493 Filius,
1671 2437 1726 2481 et
1757 2426 1935 2495 Spiri-

352 2544 445 2589 tus
500 2543 721 2588 sanctus
775 2544 918 2586 esse.
955 2527 1057 2596 Qui
1091 2541 1222 2582 vero
1272 2526 1359 2580 hic
1418 2533 1736 2578 sanctorum
1791 2521 1936 2575 dicta

350 2623 591 2694 sumpsit
629 2633 795 2691 atque
872 2618 1173 2688 inscripsit,
1217 2615 1525 2668 divinarum
1578 2624 1937 2681 personarum

353 2716 727 2773 differentiam
761 2713 904 2768 male
961 2713 1238 2782 impieque
1290 2723 1387 2777 per
1427 2703 1764 2778 ejusceinodi
1801 2718 1939 2772 pra:-

352 2812 692 2883 positionnm
741 2804 1181 2876 aequivalentiam
1228 2810 1462 2855 cenatur
1512 2795 1805 2852 ostendere
1833 2835 1848 2856 .
1885 2803 1941 2849 et

353 2908 504 2978 quod
563 2921 593 2958 a
645 2903 857 2958 duabus
910 2901 1204 2972 personis,
1245 2907 1301 2953 et
1349 2899 1418 2952 ab
1469 2906 1702 2963 utraque
1749 2906 1938 2948 earum

356 3015 466 3054 una
490 3001 655 3053 trium
677 2996 985 3051 divinarum
1007 3004 1388 3062 personarum,
1417 2987 1660 3057 Spiritus
1689 2986 1944 3041 videlicet

355 3100 606 3158 sanctus,
631 3090 950 3155 dilferenter
990 3085 1285 3140 essentiam
1350 3080 1566 3134 habeat.
1627 3079 1939 3134 Dilucidum
1971 3120 2017 3181 Ο

357 3185 530 3256 igitur
557 3189 642 3236 est
686 3187 1002 3235 sanctorum
1055 3176 1358 3232 sontentias
1422 3177 1562 3227 bene
1619 3186 1680 3225 ac
1740 3170 1827 3240 pie
1880 3183 1940 3222 se

359 3277 604 3340 habere;
636 3273 730 3327 sed
766 3272 832 3325 ab
863 3285 952 3334 eo,
999 3266 1091 3337 qui
1129 3267 1247 3320 illas
1279 3263 1359 3318 sic
1414 3261 1732 3332 aggregavit
1775 3268 1941 3327 atque

357 3368 714 3437 conscripsit,
745 3366 883 3419 maio
913 3372 1073 3432 atque
1117 3359 1282 3429 impie
1332 3356 1524 3427 accipi.
1556 3353 1712 3422 Quod
1756 3361 1939 3406 autem

357 3461 654 3535 ejusmodi,
676 3476 792 3529 per,
829 3454 1142 3528 praepositio
1170 3453 1466 3516 unionem,
1501 3461 1557 3503 et
1581 3447 1808 3503 oniniuo
1841 3446 1943 3499 im—

359 3553 785 3616 mutabilitateiu
835 3548 1126 3618 signiﬁcet,
1181 3543 1400 3616 quando
1449 3541 1658 3598 scilicet
1687 3539 1802 3602 isti,
1857 3551 1941 3603 ex,

361 3647 693 3720 aequivaiet,
764 3644 984 3698 divinu's
1050 3640 1315 3694 Maximus
1376 3652 1539 3704 quam
1597 3631 1942 3703 apertissi.-..e

361 3740 627 3804 ostendit,
660 3754 786 3793 cum
836 3735 902 3789 ad
938 3733 1207 3788 Marinum
1246 3728 1442 3784 scribit
1493 3731 1559 3779 de
1593 3723 1940 3796 ,‘quibusdam

362 3835 682 3893 dicentibus
703 3845 768 3886 ex
804 3828 942 3883 Filio
968 3808 1234 3896 Spiritum
1255 3837 1396 3878 esse.
1419 3820 1509 3874 Ait
1539 3818 1765 3883 etenim,
1794 3816 1940 3887 quod

365 3946 477 3985 non
512 3927 757 3981 facerent
795 3921 991 3976 Filium
1025 3932 1268 3978 causam,
1291 3929 1457 3969 unam
1492 3914 1639 3966 enim
1674 3917 1943 3965 noverant

366 4015 492 4072 Filii
527 4013 594 4070 et'
627 4014 868 4083 Spiritus
912 4011 1087 4063 sancti
1122 4020 1367 4069 causam,
1409 4004 1622 4057 Patrem
1656 3999 1940 4062 videlicet,

366 4127 511 4174 esse,
539 4107 634 4163 sed
668 4117 841 4175 utper
867 4105 1046 4173 ipsum
1085 4097 1306 4171 prodire
1346 4097 1724 4157 ostenderent,
1757 4103 1812 4148 et
1846 4107 1945 4162 per

371 4208 515 4259 bane
545 4198 990 4272 praepositionem
1013 4190 1460 4261 conjunction‘em
1512 4185 1833 4242 substantia:
1886 4193 1945 4237 ct

372 4292 879 4353 immutabilitatem
943 4285 1259 4356 probarent.
1313 4281 1392 4336 Ex
1447 4280 1514 4334 iis
1569 4279 1736 4349 igitur
1798 4286 1950 4348 patet

371 4389 608 4444 Veccum
660 4385 830 4438 iatum
886 4376 1181 4433 infideliter
1245 4382 1411 4446 atque
1456 4373 1624 4442 impie
1673 4368 1944 4439 ejusmodi

2022 476 2287 532 mulentia
2319 476 2554 546 quadam
2591 487 2687 544 per
2720 470 2914 524 Filium
2951 476 3006 522 et
3045 482 3111 522 ex
3144 463 3282 521 Filio
3335 459 3602 534 Spiritum

2023 577 2275 623 sanctum
2305 577 2563 638 putantes
2580 563 2878 620 essentiam
2905 561 3133 623 habere,
3155 572 3296 629 opus
3322 570 3448 610 cum
3481 568 3602 609 esse

2021 660 2350 730 beneplaciti
2383 670 2439 713 et
2477 656 2799 730 voluntatis,
2822 663 2984 724 atque
3006 669 3069 707 ex
3105 649 3431 705 necessitate
3449 662 3602 701 crea-

2024 763 2225 814 turam,
2288 749 2384 804 sed
2442 765 2552 804 non
2616 746 2818 802 divina
2869 754 3084 800 natura:
3141 742 3380 796 fructum
3437 736 3603 805 impie

2024 852 2299 900 asserunt.
2333 841 2500 896 Sacer
2529 841 2677 894 enim
2704 839 3072 893 Damascenus
3101 833 3316 904 inquit:
3343 831 3493 901 Opus
3519 829 3606 885 di-

2025 937 2168 991 vina:
2196 933 2494 990 voluntatis
2538 940 2786 986 creatura
2844 936 2954 990 est,
2989 926 3085 982 sed
3122 940 3232 1000 non
3275 923 3604 985 divinitatis,

2025 1016 2189 1082 absit.
2232 1024 2300 1078 Et
2324 1037 2516 1077 rursus
2548 1037 2654 1075 non
2693 1017 3016 1081 voluntatis,
3044 1015 3142 1072 sed
3175 1015 3371 1071 divina:
3399 1023 3606 1067 natum

2029 1129 2137 1172 tam
2157 1115 2635 1189 generatio,quam
2658 1113 2942 1185 processio
2960 1122 3062 1177 est,
3099 1125 3222 1180 qum
3250 1116 3378 1164 ante
3409 1105 3605 1162 saecula

2025 1219 2084 1266 et
2119 1209 2455 1280 sempiterna
2489 1217 2597 1264 est.

2585 1344 2793 1401 Nica’ni
2829 1346 3079 1416 defensio.

2102 1490 2376 1546 Strenuus
2429 1489 2530 1544 iste
2579 1490 2662 1544 vir
2709 1489 2776 1543 ad
2830 1503 2922 1544 eas
2953 1485 3175 1557 quidem
3228 1482 3608 1545 auctoritates,

2032 1600 2154 1654 qum
2183 1599 2248 1638 ex
2281 1583 2419 1638 Filio
2441 1598 2562 1640 esse
2598 1591 2655 1639 ct
2684 1598 2781 1652 per
2805 1580 3004 1636 Filimu
3038 1596 3103 1635 ex
3124 1579 3282 1633 Patre
3311 1573 3610 1647 procedere

2036 1673 2303 1744 Spiritum
2340 1687 2588 1729 sanctmn
2617 1673 2912 1732 aiiirmant.
2943 1670 3202 1743 quodque
3239 1685 3306 1726 ex
3346 1668 3414 1724 iis
3458 1666 3611 1722 colli-

1959 1762 2006 1821 B
2037 1770 2203 1840 gitur,
2252 1769 2478 1822 minime
2508 1777 2694 1822 contra
2729 1766 2842 1836 ipse
2872 1774 3070 1836 potest.
3112 1763 3230 1828 Quo
3271 1763 3419 1819 enim
3453 1770 3612 1833 pacto

2034 1862 2103 1917 ad
2126 1871 2334 1916 tantam
2370 1872 2477 1915 tam
2514 1860 2813 1916 dilucidam
2846 1858 3177 1914 veritatem?
3213 1855 3615 1926 requivalemia:

2035 1973 2168 2014 vero
2197 1958 2393 2012 harum
2429 1957 2901 2028 praepositionum,
2925 1971 3017 2024 per
3045 1964 3100 2010 ct
3124 1971 3208 2020 ex,
3243 1969 3421 2023 neque
3453 1952 3616 2014 bene,

2035 2066 2215 2120 neque
2245 2051 2350 2104 ulla
2384 2065 2508 2105 cum
2541 2049 2752 2104 ratione
2788 2049 3040 2113 inhaeret,
3090 2053 3147 2103 et
3172 2046 3525 2102 contumeliis
3549 2062 3615 2100 ac

2038 2143 2342 2198 maledictis
2369 2141 2746 2196 adversarium
2775 2141 3147 2211 prosequitur,
3175 2147 3330 2211 putat
3353 2153 3410 2193 se
3437 2153 3617 2207 operae

2037 2237 2271 2307 pretium
2310 2237 2510 2301 facere,
2544 2251 2667 2290 cum
2701 2249 2957 2304 perverse
2992 2243 3158 2304 atque
3201 2233 3367 2302 impie
3396 2241 3587 2287 sancto

2040 2347 2158 2384 rum
2209 2327 2445 2384 mentem
2498 2329 2853 2399 exposuisse,
2887 2343 3186 2398 eorumque
3234 2326 3382 2382 dicta
3429 2342 3614 2400 aggre-

2038 2437 2194 2492 gasse
2230 2423 2408 2476 virum
2438 2422 2584 2475 hunc
2610 2422 2913 2488 sapientem
2931 2421 3322 2486 calumniatur,
3345 2420 3461 2491 ipse
3491 2436 3619 2478 vero

2039 2516 2107 2571 de
2140 2516 2225 2571 his
2279 2517 2547 2569 rationein
2601 2514 2830 2568 reddere
2873 2523 3124 2582 nequeat,
3162 2523 3424 2585 putatque
3478 2516 3618 2570 hanc

2042 2607 2484 2678 praepositionem
2515 2622 2627 2676 per.
2647 2608 2754 2660 etsi
2779 2605 3060 2673 unionem,
3095 2604 3618 2672 immutabilitatem,

2044 2701 2502 2770 identitatemqne
2534 2699 2832 2756 voluntatis
2860 2699 2914 2754 in
2940 2711 3126 2754 sancta
3153 2698 3426 2755 Trinitate
3449 2699 3621 2770 signi-

2045 2795 2188 2861 lice't,
2223 2808 2347 2849 cum
2380 2793 2434 2848 in
2467 2792 2738 2864 theologia
2771 2793 2848 2849 illi
2881 2792 3254 2865 prxpositioni
3285 2809 3352 2848 ea:
3381 2794 3612 2865 mquiva-

2043 2884 2158 2939 lere
2196 2885 2568 2955 diguoscatur,
2605 2900 2710 2938 non
2742 2899 2904 2956 posse
2951 2885 3267 2956 quempiam
3315 2887 3618 2944 secundum

2047 2979 2148 3034 hoc
2180 2979 2548 3048 significatum
2579 2993 2700 3035 eam
2737 2979 2990 3049 accipere
3046 2983 3213 3035 etiam
3260 2981 3329 3038 de
3386 2983 3622 3053 Spiritus

2045 3071 2219 3128 sancti
2264 3071 2618 3140 processionc
2668 3087 2735 3125 ex
2789 3071 2946 3128 Patre
3004 3088 3101 3143 per
3140 3073 3362 3141 Filium,
3391 3076 3473 3131 vel
3515 3093 3620 3129 non

2049 3163 2156 3237 ista
2185 3163 2397 3219 ratione
2429 3165 2595 3220 etiam
2645 3181 2747 3220 nos
2800 3164 2853 3220 id
2907 3167 3233 3239 intelligere,
3294 3168 3387 3222 sed
3421 3169 3618 3225 distin-

2048 3255 2286 3311 ctionem
2316 3269 2382 3311 ac
2413 3255 2740 3313 divisionem
2792 3257 2962 3329 magis
3006 3257 3295 3327 inducere,
3321 3261 3623 3329 oppositio-

2050 3363 2286 3419 nemqne
2325 3357 2384 3403 et
2408 3347 2764 3404 discordiam.
2790 3349 2944 3416 Quod
2977 3364 3045 3405 ex
3077 3348 3353 3419 praedictis
3384 3350 3501 3420 ipse
3545 3353 3624 3404 in-

2051 3443 2297 3516 telligcre
2313 3443 2558 3510 videtur;
2579 3443 2690 3498 imo
2711 3458 2842 3500 vero
2861 3459 3022 3512 quam
3037 3443 3384 3514 apertissime
3403 3453 3622 3512 asserit,

2050 3551 2147 3606 per
2178 3535 2282 3590 hoc.
2307 3550 2501 3592 omnes
2522 3550 2624 3592 nos
2656 3536 2791 3592 velle
2821 3553 2888 3593 ex
2921 3537 3138 3593 duabus
3178 3542 3432 3610 personis
3456 3538 3615 3596 Patre

2051 3626 2301 3698 Filioque
2343 3627 2608 3698 Spiritum
2654 3638 2903 3684 sanctuzu
2955 3631 3251 3686 essentiam
3302 3631 3623 3688 diii‘erentcr

2053 3720 2254 3776 habere
2285 3737 2304 3778 :
2338 3721 2523 3778 nescio
2557 3721 2704 3776 unde
2749 3722 2833 3778 vel
2865 3733 2894 3775 a
2925 3736 3034 3792 quo
3071 3725 3176 3781 hoc
3203 3725 3430 3780 verbum
3466 3727 3621 3783 diffe-

2055 3824 2239 3870 renter
2280 3813 2389 3868 dici
2418 3812 2676 3868 audiens.
2726 3815 2804 3868 ita
2837 3828 2942 3868 nos
2989 3824 3145 3886 putat
3177 3817 3466 3889 theologia:
3524 3835 3625 3875 ex-

2053 3920 2234 3978 pertes
2259 3923 2275 3962 :
2304 3907 2552 3962 fortassis
2576 3919 2761 3962 autem
2791 3918 2845 3962 et
2885 3908 3001 3977 ipse
3029 3907 3135 3963 hoc
3163 3911 3348 3975 sentit,
3382 3926 3447 3966 ex
3467 3913 3626 3968 Patre

2053 4017 2150 4072 per
2181 3999 2380 4055 Filium
2411 4013 2663 4054 asserens
2696 4000 2960 4054 mundum
3002 4010 3247 4056 creatum
3276 4002 3449 4059 fuisse
3483 4023 3497 4073 ;
3525 4022 3630 4061 ιιι-(ι

2053 4094 2201 4148 enim
2250 4090 2414 4146 ullam
2476 4103 2646 4145 cerno
2698 4092 3082 4148 necessitatem
3121 4108 3222 4148 cur
3271 4094 3341 4149 de
3375 4107 3626 4151 creatura

2054 4184 2296 4254 quidem,
2331 4197 2447 4251 per,
2479 4181 2838 4252 :equivalens,
2871 4199 2935 4236 ea:
2980 4182 3325 4240 identitatem
3354 4187 3626 4257 signiticet

2055 4275 2416 4348 personarum
2467 4296 2480 4330 :
2519 4284 2699 4333 tamen
2728 4275 3026 4332 ostendens
3067 4276 3453 4336 discretionem
3502 4283 3628 4354 (hoc

2053 4369 2202 4429 enim
2229 4382 2408 4439 neque
2431 4367 2550 4440 ipse
2569 4369 2836 4440 negabit),
2859 4369 2925 4424 de
2949 4370 3156 4441 Spiritu
3190 4387 3320 4429 vero
3337 4374 3629 4431 diversita-

371 4483 521 4539 dicta
546 4478 816 4547 accipere.
845 4473 965 4536 Non
982 4475 1130 4530 enim
1181 4467 1628 4538 conjunctioncm
1668 4476 1720 4518 et
1747 4466 1946 4519 imiuu-
1979 4492 2026 4550 υ
2059 4473 2164 4520 tem
2207 4472 2264 4516 et
2292 4460 2517 4519 omnino
2583 4461 2990 4519 discretionem.
3039 4461 3230 4536 Neque
3277 4481 3405 4522 eum
3461 4474 3629 4537 pudet

373 4576 718 4635 tabililatetu,
738 4564 833 4625 sed
867 4579 1226 4640 personarum
1259 4560 1623 4618 diiferentiam
1649 4574 1714 4614 ei.
1747 4560 1813 4613 iis
1844 4558 1944 4611 ad-

371 4674 579 4728 ducere
623 4677 878 4727 conatur,
907 4677 1084 4735 neque
1138 4673 1391 4730 magnum
1449 4653 1711 4709 Basiliuut
1765 4654 1941 4715 audit,

373 4763 468 4835 qui
483 4761 718 4834 quadam
750 4758 806 4812 in
838 4767 993 4828 parte
1015 4755 1083 4809 ad
1100 4750 1566 4820 Amphilochium,
1593 4746 1736 4814 quod
1761 4746 1943 4808 i’atcr,

372 4853 574 4924 inquit,
610 4866 707 4925 per
739 4849 938 4903 Filium
959 4856 1131 4909 creet,
1155 4857 1334 4913 neque
1365 4840 1741 4908 imperfectam
1767 4835 1948 4889 Patris

374 4945 710 5000 creationem
732 4939 1214 5009 sigtiillcat,tteque
1236 4944 1636 5002 supervacuam
1659 4940 1949 4981 enervem-

375 5056 481 5107 que
502 5034 625 5090 Filii
644 5031 1026 5102 operationem
1049 5025 1312 5089 ostendit,
1337 5025 1433 5078 sed
1459 5023 1716 5076 unionem
1741 5019 1946 5088 signiti-

374 5127 778 5187 catvoiuntatis
809 5143 825 5178 :
857 5124 1041 5192 itaque
1081 5132 1182 5176 vox
1234 5119 1337 5172 ista
1383 5131 1480 5187 per
1516 5113 1716 5168 Filium
1752 5113 1944 5182 primae

380 5221 802 5294 principalisque
832 5227 1011 5269 causa
1036 5208 1441 5266 confessionem
1484 5206 1690 5262 habet:
1722 5220 1830 5261 non
1853 5221 1951 5258 su-

379 5318 547 5374 mitur
585 5312 654 5368 ad
690 5309 1016 5365 etiicientein
1064 5317 1285 5358 causam
1331 5297 1742 5355 inveniendam.
1791 5295 1950 5363 Quod

379 5412 545 5481 igitur
560 5405 754 5462 asserit
772 5416 870 5472 per
886 5395 1106 5460 Filium,
1131 5404 1186 5448 et
1211 5408 1279 5448 ex
1305 5390 1443 5449 Filio
1464 5390 1728 5463 Spiritum
1750 5405 1951 5448 secun-

379 5504 506 5565 dum
521 5501 878 5569 temporalem
910 5492 1226 5546 missionem
1242 5485 1487 5558 prodire,
1503 5486 1750 5540 eamdem
1768 5481 1948 5538 Patr-is

379 5606 436 5654 et
473 5595 595 5650 Filii
641 5595 972 5645 miunt-atem
1009 5587 1314 5656 peroptime
1345 5582 1575 5653 probat;
1613 5578 1755 5633 bona
1798 5576 1947 5631 enim

381 5690 555 5745 Patris
582 5695 641 5739 et
665 5683 787 5737 l‘ilit
819 5681 1118 5742 voluntate,
1142 5675 1337 5731 eodem
1371 5684 1593 5743 quoque
1619 5676 1950 5737 coaperaute

382 5786 607 5855 apo-iui,
631 5777 812 5845 dignis
841 5770 1158 5826 hominibus
1182 5766 1420 5835 Spiritus
1457 5775 1680 5821 sanctus
1714 5761 1952 5817 donatur

702 5881 968 5934 l‘at‘nOn.
1010 5875 1125 5931 Litt.
1184 5864 1404 5929 CLXI.

2052 4566 2242 4612 contra
2264 4572 2322 4612 se
2350 4557 2533 4628 magni
2562 4555 2751 4610 Basilii
2778 4557 3153 4612 testimonium
3183 4557 3377 4615 afferre
3400 4577 3415 4615 :
3438 4577 3625 4619 vcccin

2049 4665 2172 4705 eam
2216 4665 2311 4718 per
2373 4648 2575 4704 Filium
2623 4649 3025 4727 professionem
3083 4652 3407 4722 principalis
3446 4669 3629 4711 causa:

2052 4745 2276 4800 habere.
2308 4745 2379 4801 At
2409 4760 2508 4800 nos
2539 4761 2605 4800 ex
2645 4744 2861 4800 duabus
2889 4745 3109 4814 quidem
3150 4747 3403 4815 personis
3445 4748 3626 4813 Patre,

2051 4853 2115 4892 ac
2161 4837 2300 4894 Filio
2347 4838 2613 4910 Spiritum
2668 4851 2919 4893 sanctum
2971 4838 3348 4893 exsistentiam
3391 4839 3630 4897 dicimus

2053 4930 2276 4997 habere,
2304 4939 2360 4985 et
2391 4941 2504 4985 toto
2533 4932 2697 4986 corde
2745 4933 3089 4988 confitemur.
3119 4930 3267 4987 Nihil
3294 4932 3440 4988 enim
3499 4949 3630 5004 ope-

2054 5033 2226 5089 ratur,
2267 5023 2367 5077 uisi
2405 5024 2458 5077 in
2493 5034 2756 5094 quantum
2791 5024 2895 5078 hoc
2949 5024 3154 5094 aliquid
3186 5034 3243 5080 et
3281 5025 3624 5083 individuum

2052 5119 2143 5170 sit.
2199 5117 2256 5169 lu
2288 5126 2552 5184 quantum
2616 5127 2799 5169 autern
2858 5116 3125 5185 ejusmodi
3162 5113 3325 5172 Pater
3361 5127 3418 5172 ct
3447 5117 3622 5175 Filius

2053 5206 2164 5260 duo
2189 5216 2354 5264 sunt:
2394 5216 2450 5261 at
2482 5205 2801 5264 diﬂ‘erenter
2837 5220 2904 5260 ea
2929 5205 2996 5260 iis
3022 5209 3348 5276 procedere,
3375 5207 3480 5263 hoc
3527 5226 3625 5265 ne—

2054 5314 2329 5368 quaquam
2358 5298 2748 5354 concedemus.
2806 5298 3090 5368 Siquidem
3143 5309 3202 5352 ut
3239 5301 3436 5364 Patris,
3474 5304 3543 5356 ita
3572 5313 3631 5360 et

2053 5389 2177 5451 Filii
2201 5391 2578 5462 operationem
2630 5390 2958 5457 naturalem,
3007 5402 3227 5446 sanctos
3261 5390 3514 5447 audimus
3547 5394 3633 5449 di-

2053 5495 2245 5542 centes
2279 5481 2544 5552 Spiritum
2581 5491 2829 5539 sanctum
2853 5496 2994 5540 esse.
3026 5482 3196 5539 Unam
3223 5493 3404 5539 autem
3434 5500 3632 5557 opera-

2058 5575 2262 5630 tionem
2291 5575 2472 5630 Patris
2502 5583 2559 5629 et
2591 5573 2716 5629 Filii
2743 5589 2865 5635 esse
2913 5575 3188 5646 praecipue
3210 5578 3505 5645 credimus,
3523 5580 3630 5637 nisi

2053 5675 2109 5722 et
2135 5665 2323 5721 iscum
2356 5679 2418 5720 es
2448 5664 2628 5729 Pal-re,
2658 5673 2714 5717 et
2741 5663 2906 5729 Filio,
2926 5666 3233 5734 etSpiritu,
3266 5665 3348 5720 vel
3378 5681 3442 5719 ex
3471 5665 3630 5725 Patro

2056 5776 2154 5833 per
2186 5756 2388 5817 Filium
2435 5759 2493 5812 in
2548 5754 2755 5827 Spiritu
2785 5754 2918 5812 dicit
2956 5757 3224 5816 mundum
3284 5759 3630 5830 subsistere;

3119 5854 3189 5919 10
