4036 6140
394 268 496 334 291

1338 252 1852 331 BESSARIOt‘tis
1893 270 1955 334 s.
2004 269 2075 334 Β.
2118 271 2189 334 E.
2232 265 2699 334 CARDINALI‘S

3547 266 3658 342 292

396 399 508 439 non
532 379 794 439 extribus
823 378 955 438 solis
981 378 1232 454 personis
1262 393 1476 439 asserat
1496 381 1635 439 eilici
1659 403 1675 453 ;
1701 384 1809 442 hoc
1829 385 1974 442 enim
1999 389 2051 451 Α
2078 400 2188 441 non
2227 387 2412 458 potius
2441 387 2625 444 divina
2651 388 2757 442 erit
2778 393 2971 442 natura
3022 394 3077 443 et
3105 385 3387 458 putabit-ur
3412 402 3444 442 a
3468 387 3656 452 nobis,

396 477 589 548 utique
622 474 908 545 fateretur,
949 475 1047 533 sed
1069 475 1235 532 etiam
1278 474 1600 532 diderenter
1637 485 1705 532 ex
1747 478 1967 535 tribus:

397 572 544 643 quod
599 573 645 628 si
676 571 906 627 miretur
950 585 1060 640 quo
1101 580 1262 640 pacto
1307 569 1413 626 hac
1467 571 1855 641 praepositione
1878 588 1972 643 per

397 668 697 723 voluntatis
718 666 983 721 unitatem
1039 673 1094 721 et
1128 663 1478 720 identitatem
1523 673 1974 735 repraesentante,

400 775 505 814 nos
539 772 634 829 per
667 773 789 813 eam
819 753 1016 813 Filium
1047 771 1166 812 esse
1195 769 1415 812 causam
1449 755 1784 811 exsistentiae
1808 751 1978 826 Spiri-

404 861 492 905 tus
519 849 693 905 sancti
722 848 862 902 velle
888 847 1306 902 demonstrare:
1341 846 1582 916 primum
1613 845 1975 915 semetipsum

405 943 658 1004 miretur,
682 938 960 1010 quomodo
978 954 1075 1009 per
1105 935 1304 993 Filium
1330 936 1448 992 ﬂeri
1473 937 1661 993 dicens
1683 938 1977 1004 mundum,

405 1034 606 1091 deinde
624 1046 751 1088 eum
785 1047 1003 1087 causam
1035 1039 1189 1103 putet
1226 1030 1607 1102 productionis
1635 1028 1853 1096 mundi,
1878 1044 1979 1100 per

406 1125 1044 1198 hane-praepositionem
1097 1122 1354 1192 ostendi;
1385 1124 1472 1180 vel
1527 1123 1674 1179 dicat
1710 1137 1819 1178 non
1855 1127 1980 1178 esse

404 1233 627 1273 causam
681 1219 889 1273 entium
943 1215 1168 1282 Filium,
1215 1224 1272 1270 et
1324 1214 1468 1270 malo
1518 1214 1718 1268 malum
1770 1219 1978 1268 curret.

406 1314 578 1369 Ali‘e’rt
625 1326 846 1383 quoque
890 1309 1066 1364 divini
1104 1307 1324 1364 Maximi
1376 1307 1784 1372 testimonium,
1836 1306 1984 1375 quod

410 1407 634 1460 minime
659 1405 727 1459 ad
760 1403 1107 1474 propositum
1139 1400 1292 1457 facit.
1321 1400 1390 1455 Et
1431 1415 1534 1455 nos
1563 1400 1708 1454 enim
1741 1398 1984 1453 fatemur

409 1497 550 1551 hanc
583 1495 1046 1565 prarpositionem,
1069 1508 1185 1563 per,
1225 1499 1278 1546 et
1317 1491 1607 1552 unitatem,
1637 1496 1694 1544 et
1730 1488 1987 1542 immuta-

409 1584 679 1647 bilitatem
733 1586 1050 1643 substantia:
1101 1583 1279 1649 Patris
1328 1597 1392 1636 ac
1455 1581 1576 1635 Filii
1638 1579 1981 1652 signiﬁcare:

414 1686 666 1740 novimus
700 1681 904 1739 etenim
936 1697 1033 1752 per
1064 1681 1206 1734 hanc
1251 1677 1565 1741 dictionem,
1596 1690 1708 1745 per,
1733 1674 1984 1729 ordinem

2075 493 2200 534 cum
2235 480 2450 546 eadem,
2486 497 2597 551 per,
2631 479 2796 534 etiam
2828 477 3148 533 substantia:
3182 477 3530 535 identitatem
3565 487 3660 536 η*

2074 574 2404 642 praesentet?
2434 572 2647 643 Quippe
2693 583 2817 627 cum
2875 571 3021 627 beati
3079 571 3298 628 Maximi
3355 571 3661 633 sententia,

2076 677 2240 733 quam
2278 664 2393 734 ipse
2425 679 2524 733 pro
2548 679 2606 719 se
2646 665 2848 730 attulit,
2881 664 3064 734 potius
3093 664 3284 718 doceat
3315 663 3660 718 identitatem

2078 757 2436 812 substantiae:
2477 754 2546 813 Ut
2577 757 2746 821 enim,
2782 757 2981 826 inquit,
3029 757 3472 828 conjunctionem
3526 756 3666 810 sub-

2078 850 2292 906 stantiae
2324 849 2600 917 ostendat,
2652 866 2967 921 quanquam
2996 859 3052 904 et
3101 849 3145 903 si
3184 849 3361 904 solum
3402 848 3667 903 identiti-

2082 952 2189 998 tem
2239 943 2558 1010 voluntatis,
2610 960 2703 1013 per
2757 942 3092 1007 ostenderet,
3175 942 3310 995 nihil
3356 941 3520 995 etiam
3584 940 3667 993 sic

2081 1032 2308 1090 absurdi
2362 1045 2707 1105 sequeretur,
2751 1051 2877 1089 cum
2915 1034 3103 1091 eadem
3144 1049 3253 1098 res,
3303 1041 3357 1088 et
3403 1031 3665 1096 essentia,

2082 1135 2138 1182 et
2170 1128 2420 1186 voluntas
2453 1130 2520 1186 de
2552 1130 2664 1186 Deo
2713 1130 2946 1187 dicatur.
2990 1130 3140 1185 Hanc
3172 1131 3319 1185 enim
3359 1128 3664 1200 potentiam

2084 1219 2479 1292 simpliciorem
2536 1222 3026 1295 sublimioremque
3057 1223 3312 1278 omnibus
3337 1237 3476 1283 esse,
3504 1235 3670 1274 nemo

2085 1322 2168 1369 est
2221 1315 2316 1385 qui
2375 1315 2608 1386 ignoret.
2662 1316 3116 1387 Unamquamque
3168 1329 3303 1370 vero
3361 1311 3667 1384 potentiam

2088 1414 2240 1462 tanto
2260 1406 2327 1462 ad
2359 1408 2514 1478 plura
2544 1423 2603 1463 se
2657 1407 2860 1463 habere
2908 1416 3117 1478 quanto
3161 1405 3463 1476 simplicior
3491 1412 3547 1458 et
3574 1418 3672 1457 su-

2087 1499 2308 1555 blimior
2337 1501 2428 1567 sit,
2461 1501 2719 1557 omnibus
2745 1502 2925 1572 palam
2954 1509 3060 1558 est.
3087 1499 3267 1566 Quare
3297 1498 3394 1552 Dei
3442 1510 3670 1566 quoque

2089 1593 2420 1648 voluntatem
2455 1592 2522 1647 ad
2571 1594 2809 1658 Filium,
2867 1603 2924 1648 et
2974 1592 3242 1662 Spiritum
3284 1598 3557 1650 sanctum,
3610 1595 3674 1640 ut

2091 1693 2342 1739 naturam
2379 1700 2476 1740 seu
2531 1685 2824 1742 essentiam
2854 1701 2913 1740 se
2945 1684 3172 1750 habere,
3207 1683 3300 1738 sed
3327 1689 3386 1736 ut
3417 1680 3673 1735 volunta-

413 1777 702 1849 quemdam
727 1786 781 1830 et
810 1785 1117 1843 respectum
1156 1771 1384 1842 ejus,de
1415 1784 1522 1840 quo
1549 1771 1666 1823 haec
1693 1768 1897 1822 dicitur
1917 1767 1985 1821 ad
2014 1743 2063 1805 Β
2094 1785 2199 1830 rem
2250 1776 2317 1831 ad
2375 1787 2702 1831 οτρειιιηηι,
2763 1774 3120 1831 notissimum
3157 1743 3306 1827 'enim
3360 1778 3465 1832 εει,
3520 1763 3669 1836 quod

415 1869 568 1921 illum
620 1866 687 1919 de
743 1879 853 1934 quo
891 1863 992 1917 hac
1025 1860 1287 1924 dictione,
1345 1874 1428 1922 ex,
1463 1859 1692 1922 utimur,
1749 1855 1984 1911 maxime

416 1957 818 2024 demonstrari;
864 1954 1114 2010 eamdem
1174 1961 1355 2006 tamen
1408 1952 1582 2020 ipsam
1644 1949 1988 2005 identitatem

414 2049 1026 2116 immutabilitatemque
1070 2058 1288 2099 causam
1344 2057 1487 2107 esse,
1527 2050 1584 2094 et
1619 2040 1765 2110 quod
1817 2039 1992 2096 Filius

415 2146 561 2200 idem
585 2141 759 2213 possit
780 2139 926 2210 quod
959 2137 1137 2202 Pater,
1163 2134 1421 2206 quodque
1449 2150 1546 2205 per
1573 2149 1699 2190 eum
1727 2132 1993 2204 procedat

420 2229 662 2307 Spiritus
700 2243 944 2288 sanctus.
987 2226 1300 2282 Secundum
1341 2226 1487 2280 enim
1520 2225 1766 2280 divinum
1815 2223 1994 2294 Cyril-

417 2330 530 2385 lum
577 2343 640 2383 ex
679 2333 935 2392 utroque,
965 2335 1032 2376 ex
1068 2320 1225 2375 Patre
1275 2333 1374 2389 per
1409 2317 1654 2373 Filium:
1688 2317 1993 2373 secundum

420 2436 550 2476 vero
579 2419 836 2475 eumdem
860 2415 1153 2471 Maximum
1194 2425 1263 2466 ex
1288 2411 1468 2478 Patre,
1503 2409 1750 2476 ct‘Filio,
1782 2411 1898 2465 sive
1929 2424 1997 2465 ex

424 2515 584 2570 Patre
619 2527 717 2582 per
745 2510 945 2566 Filium
977 2506 1248 2578 procedit,
1282 2505 1334 2560 id
1378 2512 1464 2560 est
1489 2504 1866 2560 exsistentiam
1899 2503 1997 2556 ha-

424 2609 519 2663 bet
544 2624 557 2659 :
591 2605 862 2674 siquidem
882 2600 1183 2672 procedere
1214 2599 1316 2654 iste
1345 2610 1566 2668 quoque
1589 2604 1799 2650 asserat
1829 2594 1998 2665 signi-

424 2702 587 2756 ﬁcare
644 2695 1023 2752 exsistentiam
1083 2692 1308 2756 habere,
1336 2689 1637 2760 prtesertim
1691 2686 1998 2742 secundum

428 2795 552 2849 illos
585 2791 680 2862 qui
707 2791 812 2845 hoc
847 2801 1046 2844 nomen
1076 2786 1344 2841 duntaxat
1388 2781 1724 2836 exsistentize
1758 2779 1998 2850 Spiritus

431 2886 699 2943 tribuunt.
725 2883 881 2949 Quod
910 2891 1092 2936 autem
1123 2878 1270 2934 dicat
1294 2885 1518 2933 sanctus
1549 2878 1763 2940 doctor,
1794 2870 1998 2927 Filium

427 2995 535 3036 non
561 2979 691 3034 facit
719 2989 938 3033 causam
969 2973 1208 3042 Spiritus
1244 2969 1440 3038 sancti,
1494 2969 1590 3024 sed
1615 2969 1854 3035 Patrem,
1896 2967 2000 3021 mi-

427 3075 575 3128 nime
600 3068 913 3132 miraberis,
962 3066 1009 3121 si
1037 3064 1278 3121 Graecam
1313 3061 1554 3133 linguam
1596 3044 1996 3127 considerabis,

427 3177 484 3224 et
514 3168 582 3222 de
615 3179 725 3235 quo
768 3163 882 3232 ipsa
908 3157 1126 3231 proprie
1172 3158 1276 3211 hoc
1310 3157 1532 3212 nomine
1564 3167 1728 3209 causa
1755 3153 1836 3209 uti
1866 3167 2002 3208 eon-

427 3262 626 3316 suevit.
655 3253 1011 3311 Notissimum
1045 3264 1286 3319 namque
1306 3256 1391 3303 est
1422 3247 1657 3316 primam
1705 3254 1761 3300 et
1793 3245 2003 3316 princi-

430 3357 606 3427 palem
637 3365 878 3412 causam,
909 3342 1545 3408 etioutcm,etradicem
1566 3341 2002 3412 uniuscujusque

432 3452 573 3504 hanc
603 3444 824 3517 proprie
844 3456 1064 3498 causam
1100 3437 1303 3502 vocari,
1330 3436 1549 3507 qualem
1584 3436 1758 3490 solum
1789 3433 2004 3488 Patrem

428 3557 554 3598 esse
611 3539 737 3610 quis
776 3551 886 3590 non
919 3531 1288 3596 concederet,
1350 3529 1496 3598 quod
1529 3529 1828 3583 dilucidum
1880 3527 2009 3582 hinc

431 3646 519 3691 est
555 3650 571 3688 :
602 3631 872 3702 siquidem
911 3638 1181 3684 creaturae
1210 3634 1265 3680 et
1295 3623 1556 3694 Spiritum
1588 3632 1860 3686 sanctum,
1880 3636 2010 3676 cau-

431 3745 550 3784 sam
585 3741 708 3782 esse
735 3737 919 3788 nemo,
971 3718 1407 3800 quiChristiano
1447 3715 1666 3771 nomine
1697 3724 2008 3782 censeatur,

436 3831 680 3892 negaret.
706 3821 773 3872 At
804 3815 1089 3885 theologus
1137 3811 1435 3882 Gregorius
1465 3827 1479 3863 :
1516 3810 1681 3874 Deus,
1714 3809 1915 3878 inquit,
1954 3807 2010 3860 in

368 3906 370 3908 ’
439 3915 617 3969 tribus
637 3910 887 3967 consistit
934 3906 1209 3972 maximis,
1246 3920 1410 3960 causa
1455 3910 1513 3959 et
1557 3901 1775 3973 opi-ﬁee,
1806 3910 1861 3956 et
1890 3915 2013 3971 per-

439 4007 655 4061 ticiente
712 4003 872 4056 Patre
915 3998 1148 4064 scilicet,
1175 4012 1229 4052 et
1261 3996 1421 4062 Filio,
1455 4003 1511 4050 et
1545 3992 1753 4064 Spiritu
1799 4003 2012 4049 sancto.

434 4100 571 4156 Cum
605 4107 784 4152 autem
813 4093 1004 4147 audias
1039 4090 1253 4146 Patrem
1275 4088 1631 4158 principalem
1657 4099 1904 4148 causam,
1944 4098 2014 4137 ne

440 4203 596 4262 putes
649 4203 751 4245 nos
810 4189 919 4257 jam
970 4187 1136 4240 etiam
1187 4182 1508 4238 diﬂerenter
1569 4179 1773 4244 dicere,
1812 4177 2013 4232 Filium

444 4284 749 4354 producere
776 4280 1063 4350 Spiritum,
1101 4291 1223 4332 cum
1259 4290 1366 4329 non
1395 4274 1465 4329 sit
1492 4288 1657 4328 causa
1675 4271 2012 4343 principalis.

443 4377 590 4433 idem
613 4376 762 4431 enim
791 4371 1152 4426 nihilominus
1181 4368 1345 4422 etiam
1365 4366 1434 4422 de
1463 4375 1716 4422 creatura
1746 4367 2015 4436 sequitur,

2092 1868 2271 1923 omnis
2290 1876 2345 1923 et
2367 1869 2620 1924 voluntas
2647 1868 2812 1923 etiam
2845 1867 3028 1922 divina
3091 1864 3159 1920 ad
3196 1864 3359 1918 linem
3383 1870 3441 1916 ut
3470 1869 3674 1915 natura

2093 1975 2153 2016 se
2183 1958 2346 2015 habet
2369 1959 2732 2015 determinate
2765 1960 2944 2028 ipsum
2978 1962 3265 2028 appetens,
3310 1953 3675 2026 quemadmo-

2094 2051 2222 2106 dum
2251 2060 2306 2106 et
2339 2058 2531 2106 natura
2562 2050 2630 2105 ad
2655 2058 2824 2105 unum
2840 2051 3203 2107 determinate
3230 2063 3288 2103 se
3326 2046 3492 2101 habet
3515 2064 3528 2098 :
3550 2044 3675 2097 ﬂuis

2096 2149 2276 2196 autem
2303 2142 2601 2198 voluntatis
2637 2140 2732 2197 Dei
2786 2150 2844 2198 et
2878 2142 3056 2198 Patris
3082 2185 3096 2208 ,
3136 2142 3308 2197 Filius
3345 2149 3401 2195 et
3433 2138 3676 2208 Spiritus

2095 2243 2319 2290 sanctus
2348 2243 2466 2290 est:
2497 2237 2562 2290 ad
2586 2252 2725 2308 quos
2757 2252 2982 2293 necesse
3009 2246 3097 2292 est
3128 2251 3255 2292 eum
3285 2250 3353 2296 .se
3387 2236 3586 2287 habere
3614 2241 3678 2286 ut

2098 2332 2371 2379 naturam.
2415 2325 2494 2380 Ad
2523 2342 2588 2380 ea
2620 2335 2751 2382 vero
2801 2342 2921 2397 qua
2955 2334 3085 2382 sunt
3128 2324 3194 2379 ad
3225 2325 3408 2387 ﬁnem,
3452 2327 3510 2377 et
3537 2331 3675 2391 pra:-

2098 2419 2290 2474 sertim
2329 2419 2396 2474 ad
2442 2435 2503 2474 ea
2564 2420 2681 2476 sine
2710 2421 2913 2491 quibus
2965 2429 3144 2490 potest
3177 2419 3337 2472 tinem
3381 2415 3674 2484 attingere,

2100 2520 2159 2564 ut
2207 2521 2337 2565 sunt
2378 2519 2661 2576 creatura),
2691 2511 2826 2565 nihil
2873 2512 3022 2566 enim
3058 2511 3140 2564 has
3178 2523 3280 2563 nec
3333 2506 3524 2561 adesse
3580 2503 3675 2558 Dei

2099 2605 2414 2674 conferunt,
2452 2622 2554 2660 nec
2601 2604 2669 2660 ad
2723 2605 2917 2659 melius
2957 2619 3111 2660 esse:
3151 2601 3221 2657 ad
3253 2602 3389 2668 haec,
3426 2599 3675 2669 inquam.

2100 2717 2212 2756 non
2234 2699 2613 2767 determinate,
2660 2707 2715 2753 et
2761 2699 2964 2754 idcirco
3009 2706 3068 2751 ut
3099 2697 3350 2751 voluntas
3390 2708 3449 2749 se
3480 2693 3675 2756 habet;

2101 2801 2252 2866 patet
2279 2793 2424 2847 enim
2452 2807 2514 2847 ea
2542 2793 2762 2847 etnolle
2814 2800 2870 2847 et
2905 2791 3063 2844 velle.
3086 2788 3242 2844 Unde
3269 2795 3325 2842 et
3356 2784 3680 2841 Damasceni

2101 2885 2370 2942 sententia
2410 2885 2674 2948 solvatur,
2698 2891 2752 2938 et
2799 2897 2900 2937 nos
2934 2882 3002 2936 ab
3046 2880 3196 2934 omni
3248 2877 3681 2947 reprehensione

2105 2980 2270 3036 Saluti
2300 2987 2511 3043 sumus,
2539 2990 2664 3033 cum
2696 2975 2863 3032 verba
2894 2975 2984 3030 illa
3024 2987 3147 3045 quas
3175 2981 3364 3026 contra
3409 2985 3511 3025 nos
3559 2985 3679 3025 esse

2106 3073 2457 3139 videbantur,
2478 3072 2615 3125 nihil
2639 3070 2870 3124 all‘eraut
2887 3066 3204 3124 necessarii.
3229 3065 3416 3135 Itaque
3439 3063 3542 3120 iste
3555 3077 3682 3118 cum

2106 3167 2310 3238 aliquid
2323 3166 2524 3221 dixisse
2539 3164 2844 3230 videbatur,
2860 3172 3048 3217 centra
3067 3174 3124 3216 se.
3140 3159 3365 3215 omnino
3381 3153 3685 3213 concludit.

2433 3278 2733 3335 Secundum
2779 3276 2930 3332 γει·σί
2953 3284 3344 3349 argumentum.

2177 3397 2314 3453 Cum
2369 3394 2752 3464 sintquidam,
2805 3393 2899 3462 qui
2953 3392 3365 3462 Scripturarum
3395 3390 3687 3446 sententiis

2108 3491 2493 3554 adversantur,
2561 3501 2683 3556 qua:
2742 3493 3033 3554 propterea
3067 3499 3166 3554 per
3194 3483 3392 3539 Filium
3421 3475 3686 3555 Spiritum

2108 3594 2362 3642 sanctum
2415 3599 2481 3638 ex
2538 3581 2699 3637 Patre
2748 3579 3168 3645 esseindicant,
3210 3581 3454 3637 collecta:
3481 3589 3690 3638 suntet

2111 3679 2194 3734 hae
2247 3677 2553 3744 sententiae,
2622 3690 2743 3745 quae
2793 3674 3110 3730 immediate
3159 3675 3360 3731 Filium
3405 3692 3470 3730 ex
3531 3677 3690 3732 Patre

2111 3787 2231 3828 esse
2252 3771 2574 3834 ostendunt,
2619 3769 2685 3822 ad
2717 3769 3020 3824 sententias
3070 3769 3192 3825 illas
3255 3768 3683 3832 conﬁrmandae,

2112 3882 2233 3936 quae
2297 3882 2395 3935 per
2438 3864 2635 3919 Filium
2694 3863 2963 3933 Spiritum
3014 3874 3264 3919 sanctum
3295 3879 3419 3921 esse
3453 3865 3686 3920 demono

2122 3970 2319 4018 strant.
2345 3961 2480 4015 Nam
2514 3959 2619 4012 nisi
2651 3974 2744 4026 per
2777 3956 2972 4011 Filium
3007 3956 3246 4027 Spiritus
3271 3967 3494 4033 sanctus
3523 3967 3688 4017 esset.

2116 4071 2214 4111 cur
2238 4071 2343 4111 nou
2368 4064 2423 4108 ct
2447 4057 2561 4124 ipse
2590 4053 2906 4108 immediate
2931 4068 2997 4106 ex
3034 4051 3190 4107 Patre
3220 4066 3340 4107 esse
3372 4051 3692 4108 diceretur?

2566 4169 2808 4224 Palama'
2859 4171 3230 4224 contradictio.

2191 4291 2287 4346 Est
2339 4303 2560 4359 quoque
2597 4287 2836 4357 Spiritus
2872 4296 3102 4342 sanctus
3147 4287 3467 4344 immediate
3497 4265 3564 4344 ex
3594 4289 3692 4344 Pa-

2125 4390 2207 4437 tre
2255 4381 2455 4443 dietns,
2531 4395 2598 4434 ex
2654 4397 2764 4449 quo
2827 4390 2917 4433 tua
2943 4380 3034 4433 illa
3069 4380 3368 4445 sententia,
3401 4381 3696 4451 omnisque

439 4481 607 4541 atque
634 4465 892 4522 omnibus
929 4463 1272 4533 simpliciter,
1301 4475 1421 4530 quae
1451 4459 1620 4514 Filius
1651 4458 1833 4532 habet,
1870 4473 2017 4527 quae-
2054 4496 2094 4552 Β
2125 4473 2466 4529 interimitur
2494 4481 2725 4526 eumut;
2764 4472 3064 4542 Gregorius
3091 4512 3106 4536 ,
3165 4473 3260 4543 qui
3287 4488 3385 4529 sua
3421 4475 3698 4532 οιοειιεη-

441 4578 661 4633 cunque
691 4571 747 4616 et
767 4558 926 4615 Pater
958 4558 1117 4612 habet
1148 4573 1287 4611 :ncc
1320 4556 1468 4612 enim
1505 4565 1772 4608 creatura:
1815 4552 2016 4621 princi-

445 4657 584 4728 palis
608 4667 772 4711 oausa
807 4650 978 4706 Filius
1003 4660 1107 4714 est,
1137 4647 1408 4720 siquidem
1433 4656 1691 4717 tanquam
1721 4648 2016 4702 causaliter

440 4763 497 4806 ct
525 4761 582 4805 ut
610 4747 780 4804 Filius
806 4745 990 4800 omnia
1020 4743 1199 4810 habet,
1229 4756 1569 4812 quaecunque
1591 4751 1646 4796 et
1673 4742 1834 4796 Pater
1856 4741 2020 4796 habet

441 4841 819 4915 paternaliter,
845 4845 1026 4892 etnon
1052 4836 1343 4891 causaliter
1375 4852 1390 4888 :
1423 4846 1604 4889 tamen
1631 4843 1687 4888 et
1719 4834 1833 4904 ipse
1853 4849 2020 4889 causa

440 4949 548 5004 est,
578 4945 636 4993 et
683 4951 791 4991 una
832 4948 958 4989 cum
996 4930 1156 4986 Patre
1193 4933 1402 4984 entium
1459 4944 1645 4984 causa.
1699 4931 1777 4983 Ac
1826 4942 2018 4982 eorum

445 5031 809 5092 identitatem,
871 5036 927 5082 et
993 5024 1288 5079 voluntatis
1370 5021 1669 5085 unitatem,
1750 5037 1853 5077 nec
1917 5024 2021 5075 mi-

449 5141 553 5179 nus
612 5135 968 5193 personarum
1024 5118 1471 5181 distinctionem,
1544 5131 1638 5185 per
1708 5115 2018 5184 praepositio

448 5223 824 5290 repraesentat.
858 5212 988 5280 Qua:
1017 5221 1220 5274 autem,
1253 5209 1453 5279 inquit,
1484 5210 1630 5278 quod
1660 5224 1797 5278 opus
1822 5208 2022 5263 divinae

449 5309 766 5373 voluntatis,
791 5316 847 5361 et
895 5305 1096 5360 idcirco
1126 5311 1429 5358 creaturam
1463 5301 1698 5357 dicimus
1748 5300 2017 5371 Spiritum

452 5411 676 5474 prOpter
704 5400 845 5454 hanc
883 5397 1202 5460 dictionem,
1238 5411 1351 5465 per,
1395 5409 1516 5465 qua:
1550 5393 1888 5449 identitatem
1927 5385 2022 5448 vo-

449 5493 677 5550 luutatis
726 5500 1101 5562 repraesentat.
1166 5488 1318 5542 Haud
1375 5489 1490 5542 scio
1531 5489 1576 5543 si
1639 5482 1804 5542 εἰὶευί
1865 5488 2022 5542 alteri

451 5598 646 5659 praeter
677 5602 735 5647 se
773 5589 952 5656 ipsum
986 5582 1158 5637 videri
1211 5581 1440 5652 possint.
1473 5580 1527 5636 Si
1556 5581 1701 5634 enim
1733 5591 2024 5650 propterea

451 5683 605 5752 quod
631 5697 724 5752 per
759 5679 1057 5733 voluntatis
1119 5677 1462 5731 identitatem
1520 5674 1796 5737 ostendit,
1829 5688 2027 5729 secun-

453 5775 588 5828 dum
639 5773 801 5826 istum
852 5772 1091 5842 Spiritus
1139 5780 1388 5824 creatura
1427 5783 1546 5822 esse
1577 5767 1891 5838 colligitur:
1927 5782 2025 5823 cur

2127 4569 2199 4622 tia
2253 4565 2564 4634 Theologus
2624 4573 2708 4618 est
2756 4575 3124 4634 nuncupatus,
3159 4565 3467 4622 secundum
3493 4570 3698 4623 essein

2129 4663 2246 4716 suis
2298 4658 2660 4722 carminibus,
2709 4658 2921 4727 inquit,
2961 4658 3230 4728 Spiritum
3254 4670 3505 4716 sanctum
3537 4677 3565 4716 a
3598 4662 3698 4718 Pa-

2131 4763 2210 4808 tre
2238 4752 2701 4825 quemadmodum
2752 4762 2806 4806 ct
2843 4751 3067 4805 Filium.
3105 4751 3391 4823 Nyssenus
3421 4769 3553 4810 vero
3590 4773 3697 4810 una

2128 4864 2252 4902 cum
2297 4843 2547 4916 pluribus
2601 4842 2725 4897 aliis
2784 4845 2851 4899 ad
2882 4860 3044 4899 unam
3081 4845 3260 4901 Patris
3293 4861 3588 4917 personam
3611 4867 3703 4905 ee.-

2130 4941 2252 4995 dcm
2324 4940 2484 4994 modo
2535 4948 2834 5008 utrumque
2898 4954 2957 4994 se
3009 4940 3448 5010 habereinquit.
3501 4953 3698 5013 praeter

2131 5033 2505 5088 subsistentia:
2559 5032 2811 5086 modum.
2854 5032 2996 5100 Quid
3046 5045 3229 5088 autem
3259 5035 3336 5090 illi
3376 5037 3471 5106 qui
3511 5037 3702 5091 dicunt

2133 5124 2401 5196 Spiritum
2455 5135 2706 5178 sanctum
2765 5140 2828 5177 ex
2888 5125 3049 5178 Patre
3078 5127 3404 5194 procedere,
3448 5138 3612 5196 atque
3649 5130 3700 5182 in

2133 5218 2273 5272 Filio
2306 5231 2654 5286 permanere,
2694 5228 2748 5270 et
2780 5231 2847 5271 ex
2878 5217 3040 5272 Patre
3071 5221 3125 5271 in
3158 5218 3359 5273 Filium
3385 5230 3699 5290 penetrare,

2133 5326 2195 5367 ac
2225 5325 2293 5365 ex
2324 5309 2486 5365 Patre
2513 5323 2656 5374 esse,
2687 5310 2977 5380 Verboque
3013 5313 3414 5368 concomitarii
3448 5316 3583 5369 item
3609 5316 3703 5385 qui

2135 5403 2584 5458 communionem
2635 5401 2960 5456 charitatcm
3043 5401 3218 5457 Patris
3283 5412 3338 5458 et
3399 5402 3525 5458 Filii
3585 5420 3706 5464 esse

2137 5490 2402 5562 Spiritum
2449 5504 2697 5546 sanetum
2749 5500 3028 5557 asserunt,
3087 5502 3358 5564 prasterea
3388 5497 3482 5565 qui
3517 5509 3709 5552 unam-

2134 5601 2408 5658 quamque
2434 5599 2723 5653 personam
2769 5586 2836 5638 ad
2861 5587 3091 5640 alteram
3123 5603 3180 5641 se
3215 5587 3415 5642 habere
3461 5605 3570 5643 non
3605 5591 3707 5645 mi-

2136 5695 2240 5733 nus
2303 5693 2463 5747 quam
2512 5681 2577 5732 ad
2643 5693 2701 5733 sc
2761 5680 2957 5751 ipsam.
3007 5679 3148 5746 Quid
3196 5682 3434 5752 denique
3472 5686 3582 5751 ille,
3616 5685 3707 5755 qui

2137 5780 2364 5825 cantat:
2405 5772 2596 5826 Manus
2647 5781 2752 5826 tua;
2819 5773 3054 5839 [rcerunt
3111 5789 3192 5828 me
3230 5785 3277 5830 et
3313 5775 3706 5845 plasmata-unt
