4090 6146
377 250 496 316 293

1315 265 1706 329 APOLOGIA
1747 267 2375 335 INSCRIP'l‘lONUM
2417 262 2659 342 VECCI.

3545 281 3652 348 994

373 367 516 421 me!
571 367 769 433 Nonne,
813 361 987 444 igitur
1028 374 1085 433 hi
1115 391 1310 436 omnes
1351 378 1668 436 immediate
1695 381 1962 454 Spiritum
1993 394 2038 453 Α
2067 388 2172 443 erit
2200 389 2463 461 deinceps
2503 391 2665 447 Pater
2709 405 2945 467 persona
2991 376 3164 463 altera
3196 389 3394 468 printer
3424 372 3647 464 Filium.

373 469 640 520 sanctum
668 478 734 524 ex
769 465 932 525 Patre
964 483 1086 524 esse
1117 471 1444 528 ostendunt.

933 581 1136 642 Νίσαιεηὶ
1161 584 1415 655 defensio.

455 690 572 748 Nec
631 707 771 750 vero
813 695 1047 756 omnino
1092 712 1195 752 nos
1236 714 1504 773 negamus
1545 701 1810 774 Spiritum
1843 718 1967 762 san;

373 798 532 842 ctum
593 788 919 844 immediate
974 805 1040 846 es
1130 791 1319 858 Patre,
1381 803 1697 875 quanquam
1753 815 1863 855 non
1912 800 1965 864 id

373 897 641 950 expresse
700 883 910 938 dictum
972 899 1008 940 a-
1062 885 1386 943 doctoribus
1429 891 1682 947 attulisti.
1715 893 1770 951 Si
1801 894 1968 964 igitur

375 975 552 1031 etiam
605 975 723 1045 ipse
773 977 1067 1032 nobiscum
1119 989 1250 1034 eum
1297 982 1538 1039 mediate
1593 1000 1714 1042 esse
1756 984 1965 1055 fateris,

375 1083 486 1137 pro
518 1069 683 1124 nobis
705 1084 888 1126 sermo
911 1079 996 1126 est
1019 1087 1036 1125 :
1062 1073 1146 1126 sin
1190 1083 1372 1130 autem
1400 1073 1453 1131 id
1477 1092 1658 1144 caves,
1683 1081 1967 1149 sequentia

378 1159 779 1228 reformidans,
835 1162 1129 1219 doctorum
1188 1149 1289 1220 tibi
1341 1167 1704 1238 reprehensio
1741 1181 1964 1241 praesto,

378 1249 479 1320 qui
536 1258 594 1304 et
639 1251 842 1306 Filium
885 1257 952 1308 e‘x
1015 1253 1179 1310 Patre
1244 1256 1564 1312 immediate
1596 1274 1717 1314 esse
1744 1260 1965 1326 docent,

377 1352 552 1411 atque
575 1343 718 1398 inter
747 1359 846 1400 eos
875 1346 1016 1402 nihil
1068 1363 1192 1403 esse
1224 1349 1427 1414 medii,
1453 1366 1514 1406 ac
1545 1351 1815 1422 Spiritum
1845 1369 1968 1409 esse

378 1451 483 1507 per
519 1436 747 1503 Filium,
805 1439 1157 1512 mediamque
1213 1457 1510 1513 personam
1549 1444 1672 1499 Filii
1699 1445 1844 1504 inter
1869 1445 1970 1502 Pa-

381 1539 528 1584 trem
576 1540 634 1586 et
693 1528 966 1601 Spiritum
1023 1543 1298 1590 sanctum.
1353 1536 1441 1591 Fit
1485 1547 1666 1594 autem
1705 1541 1804 1595 tibi
1839 1540 1969 1596 hinc

378 1619 666 1690 deceptio,
731 1629 859 1676 cum
911 1623 1257 1694 distinguere
1281 1627 1333 1681 id
1371 1644 1478 1683 non
1504 1631 1702 1698 possis,
1736 1648 1845 1712 quo
1875 1649 1968 1702 pa-

379 1716 477 1763 cto
516 1715 582 1763 ex
639 1710 804 1766 Patre
872 1712 1192 1768 immediate
1253 1716 1491 1786 Spiritus
1546 1710 1784 1792 sit,quo
1807 1734 1967 1793 pacto

377 1801 554 1854 etiam
615 1803 874 1858 mediate.
929 1805 1068 1858 Nam
1128 1807 1172 1861 si
1237 1810 1322 1863 vel
1353 1810 1565 1867 duabus
1597 1820 1652 1868 et
1704 1814 1964 1871 differen-

383 1895 540 1950 tibus
582 1899 1032 1965 processionibus
1061 1914 1130 1954 ex
1187 1901 1346 1958 Patre
1403 1901 1650 1976 Filioque
1693 1906 1964 1978 Spiritum

381 1997 641 2042 sanctum
683 2004 808 2045 esse
851 1990 1178 2060 fateremur,
1211 2003 1271 2049 ut
1304 2010 1370 2051 ex
1401 1997 1564 2054 Patre
1595 2000 1821 2070 quidem
1859 2004 1968 2060 im-

383 2081 654 2154 perfecte,
704 2083 952 2156 perfecte
993 2101 1126 2144 vero
1187 2090 1515 2159 procederet
1557 2096 1624 2148 e‘x
1666 2094 1803 2148 Filio
1837 2113 1852 2150 :
1881 2096 1966 2151 vel

381 2176 431 2232 si
466 2190 534 2230 ex
565 2175 706 2232 Filio
739 2186 952 2234 tantum
982 2180 1209 2251 prodire
1259 2197 1614 2252 poneremus,
1645 2195 1758 2242 tum
1786 2189 1964 2244 scium

382 2268 629 2323 mediate
671 2283 737 2323 ex
794 2269 956 2326 Patre
1012 2273 1366 2343 procederet.
1420 2273 1578 2332 Nunc
1605 2293 1736 2333 vero
1764 2280 1808 2335 si
1839 2283 1967 2349 quis

380 2359 452 2415 ad
506 2361 728 2417 unicam
786 2365 1208 2433 productionem
1265 2371 1747 2442 processionisque
1808 2372 1965 2429 iden-

382 2453 602 2506 titatem
627 2467 693 2507 ex
726 2462 968 2524 utroque
1000 2459 1330 2528 prospiciat,
1367 2461 1610 2531 itemque
1631 2465 1775 2535 quod
1806 2467 1967 2522 Pater

383 2552 445 2599 et
498 2560 691 2610 causa,
748 2556 806 2608 et
861 2548 984 2606 fons
1033 2549 1349 2608 divinitatis
1377 2555 1483 2615 sit.
1509 2557 1582 2611 ita
1617 2566 1677 2612 ut
1704 2559 1748 2614 si
1781 2559 1826 2614 is
1856 2576 1963 2615 non

381 2647 558 2706 esset,
602 2643 767 2696 etiam
830 2641 947 2713 ipse
1010 2627 1186 2700 Filius
1214 2661 1397 2717 neque
1430 2660 1601 2715 esset,
1649 2668 1828 2724 neque
1869 2655 1967 2709 ali-

383 2728 547 2799 cujus
592 2743 762 2786 causa
823 2740 992 2798 esset,
1043 2733 1364 2794 immediate
1419 2754 1486 2795 ex
1533 2741 1694 2798 Patre
1725 2747 1967 2819 reperiet

383 2821 702 2892 Spiritum;
757 2831 815 2878 et
860 2825 929 2879 ad
986 2826 1106 2883 haec
1150 2828 1360 2886 ducunt
1411 2848 1534 2904 quae
1581 2835 1697 2904 ipse
1747 2835 1966 2894 inducis

385 2914 561 2970 dicta.
624 2917 693 2971 At
736 2919 782 2972 si
831 2919 1087 2974 ordinem
1135 2924 1370 2993 quisque
1420 2907 1753 2994 speculetur,
1781 2929 1874 3000 qui
1909 2945 1966 2986 re

383 3008 442 3062 in
467 3006 740 3063 Trinitate
761 3023 864 3076 est,
917 3027 1018 3067 nee
1056 3014 1241 3068 solum.
1277 3027 1465 3071 nostra
1498 3003 1810 3076 intentione
1832 3036 1966 3077 con-

383 3110 517 3165 stat,
576 3101 771 3158 Filium
815 3105 1056 3159 medium
1115 3115 1328 3172 cernet,
1375 3117 1431 3164 et
1481 3111 1699 3166 tertium
1745 3130 1772 3168 a
1807 3114 1966 3170 Patre
1997 3135 2040 3197 ε

387 3192 683 3263 Spiritum,
739 3211 803 3252 ac
857 3213 955 3268 per
1010 3195 1211 3254 Filium
1262 3218 1326 3256 ex
1361 3203 1522 3259 Patre
1549 3205 1962 3274 procedentem,

381 3277 794 3357 habentemque
815 3299 946 3345 ante
971 3307 1030 3345 se
1065 3293 1530 3361 praeintellectum
1563 3295 1782 3362 Filium,
1822 3298 1966 3354 sicut

385 3379 566 3436 Filius
622 3380 790 3436 habet
847 3381 1066 3440 Patrem
1119 3398 1231 3453 prae
1293 3399 1353 3438 se
1402 3385 1767 3440 intellectum.
1807 3389 1964 3456 Quod

385 3471 506 3540 ipse
538 3471 770 3525 minime
794 3472 1042 3542 cogitans
1074 3475 1358 3532 concludis
1391 3493 1498 3531 non
1539 3481 1875 3535 necessario.

747 3568 976 3622 Tertium
1012 3579 1383 3637 argumentum
1440 3569 1608 3625 Vecci.

456 3681 742 3753 Congesta:
786 3692 915 3739 sunt
959 3691 1016 3737 et
1051 3682 1167 3738 brec
1203 3684 1616 3755 Scripturarum
1651 3688 1962 3755 sententiae,

383 3789 508 3844 quae
561 3773 855 3827 conferunt
888 3774 954 3827 ad
1015 3785 1252 3829 mentem
1285 3776 1575 3831 doctorum
1608 3779 1962 3850 probantium

387 3883 496 3921 non
529 3866 864 3930 immediate,
901 3871 996 3921 sed
1031 3885 1130 3937 per
1161 3868 1364 3923 Filium
1392 3886 1459 3925 ex
1493 3857 1652 3926 Patre
1683 3873 1961 3944 Spiritum

384 3975 526 4016 esse.
581 3959 715 4014 Nam
765 3959 812 4013 si
862 3961 1172 4016 immediate
1228 3961 1466 4031 Spiritus
1520 3963 1755 4020 foretex
1779 3967 1959 4034 Patre,

382 4066 496 4107 non
519 4053 800 4107 diceretur
826 4068 948 4108 esse
983 4053 1156 4108 Filius
1182 4055 1361 4126 imago
1403 4058 1603 4123 Patris,
1637 4069 1692 4114 et
1721 4059 1962 4130 Spiritus

385 4144 566 4213 imago
621 4141 764 4209 Filii,
812 4143 984 4199 Filius
1047 4152 1296 4215 Operatio
1362 4149 1560 4215 Patris,
1610 4160 1665 4206 et
1721 4153 1961 4223 Spiritus

385 4238 634 4307 operatio
679 4235 826 4300 Filii,
871 4237 1045 4293 Filius
1075 4254 1308 4310 persona
1334 4241 1534 4308 Patris,
1565 4244 1804 4314 Spiritus
1834 4262 1957 4316 per-

384 4347 518 4390 sona
552 4332 696 4388 Filii.

851 4429 990 4487 Pola
1000 4448 1098 4486 mre
1126 4430 1501 4489 contradictio.

452 4551 864 4616 Amentissime,
922 4548 1019 4626 qui
1077 4547 1243 4619 impie
1282 4548 1373 4603 hic
1432 4547 1888 4620 describis,qu:e
1926 4567 1957 4616 a

381 4645 593 4708 sanctis
644 4653 795 4700 recte
880 4652 945 4705 ac
1001 4643 1091 4711 pie
1153 4642 1436 4706 dicuntur,
1508 4643 1790 4713 quomodo
1847 4659 1959 4702 non

379 4737 680 4808 muspicis,
758 4735 907 4808 quod
963 4742 1165 4791 sanctae
1213 4734 1466 4789 Trinita‘ti
1519 4737 1835 4792 communia
1903 4739 1959 4794 et

382 4832 656 4889 naturalia
709 4831 919 4888 nullam
972 4828 1179 4887 habent
1230 4828 1598 4889 din‘erentiam
1633 4847 1644 4884 :
1679 4829 1956 4901 siquidem

383 4943 524 4992 unus
555 4928 697 4982 Deus
729 4933 832 4992 est,
861 4939 970 4982 una
1025 4923 1226 4993 imago,
1279 4929 1385 4979 una
1417 4924 1692 4991 voluntas,
1729 4942 1834 4980 una
1865 4928 1958 4981 de-

379 5023 547 5090 nique
602 5019 803 5084 Patris,
851 5025 908 5073 et
943 5014 1089 5080 Filii,
1114 5026 1168 5070 et
1192 5016 1432 5084 Spiritus
1455 5018 1630 5071 sancti
1656 5021 1902 5089 operatio
1939 5039 1952 5074 :

380 5109 547 5178 igitur
606 5121 714 5164 una
769 5113 897 5165 cum
964 5105 1090 5164 aliis
1137 5105 1304 5160 etiam
1348 5121 1472 5160 cum
1511 5123 1742 5176 persona
1781 5111 1952 5169 altera

276 5195 280 5200 ’
373 5186 609 5262 alterius
656 5200 852 5258 barum
900 5198 1130 5264 dicitur,
1177 5198 1447 5254 naturalis
1471 5183 1577 5268 est,
1606 5210 1660 5256 et
1693 5219 1802 5259 non
1828 5222 1954 5275 per-

374 5296 602 5362 sonalis,
635 5303 802 5365 atque
833 5293 1117 5355 ostensiva
1147 5291 1512 5355 immutabilis
1545 5296 1948 5380 similitudinis,

376 5388 474 5444 sed
518 5402 628 5448 non
688 5386 912 5448 modum
967 5383 1323 5444 subsistentia
1381 5384 1746 5457 demonstrat,
1780 5389 1947 5451 absit.

375 5465 458 5534 Tu
485 5493 617 5538 vero
643 5490 754 5538 non
787 5477 867 5532 sic
894 5491 1188 5547 personam
1214 5477 1442 5536 alteram
1469 5479 1698 5536 alterius
1726 5481 1946 5550 dicens,

341 5569 470 5641 'sed
520 5573 862 5643 bypostatice
913 5571 1029 5633 haec
1088 5569 1402 5641 intelligens
1437 5590 1452 5627 :
1491 5588 1599 5627 non
1634 5585 1790 5644 potes
1827 5594 1949 5636 esse

372 5667 636 5735 deinceps
688 5665 1018 5735 praedicator
1075 5661 1383 5722 Trinitatis.
1426 5665 1562 5723 Nam
1593 5670 1640 5723 si
1675 5669 1846 5728 Filius
1863 5681 1949 5730 est

372 5772 607 5832 persona
653 5756 855 5823 Patris,
918 5768 980 5812 ut
1024 5767 1090 5811 ex
1135 5772 1221 5828 eo,
1285 5769 1341 5818 et
1388 5761 1627 5833 Spiritus
1653 5764 1797 5835 Filii,
1835 5785 1943 5825 non

2069 495 2248 550 neque
2304 481 2474 538 Filius
2529 492 2728 552 praeter
2768 483 3037 553 Spiritum
3087 497 3364 546 sanctum.
3411 489 3646 550 Videsne

2069 588 2179 642 quo
2215 585 2374 645 pacto
2397 587 2711 630 sanctorum
2738 578 2963 648 quidem
3006 579 3152 635 dicta
3183 581 3271 651 pie
3301 597 3363 635 ac
3403 592 3556 649 recte
3590 596 3651 646 eo

2069 668 2294 734 habent,
2321 668 2417 733 abs
2446 677 2646 737 te.er
2665 671 2833 741 impio
2866 679 2920 728 et
2944 688 3200 743 perverse
3232 675 3652 744 suscipiuntur!

2614 807 2818 862 Nicmni
2864 809 3112 878 defensio.

2142 938 2361 1004 Siccine
2419 948 2478 995 tu
2536 939 2754 995 beatum
2814 944 2978 1006 etiam
3013 943 3242 1011 PauIUm
3271 987 3285 1011 ,
3328 945 3420 1017 qui
3453 946 3653 1003 Filium

2074 1031 2375 1100 invisibilis
2399 1034 2493 1088 Dei
2518 1034 2814 1109 imaginem
2875 1038 3138 1106 affirmat,
3167 1048 3222 1093 et
3260 1041 3379 1112 ejus
3405 1056 3657 1110 personae

2071 1125 2451 1195 splendorem,
2507 1127 2808 1202 gloriaeque
2868 1131 3220 1201 splendorem
3282 1134 3577 1196 audis;ac
3611 1134 3655 1190 si

2072 1219 2431 1283 diceretcum
2461 1222 2708 1291 ejusdem
2740 1238 2994 1293 persona:
3032 1241 3160 1291 cum
3191 1228 3352 1282 Patre
3377 1241 3524 1291 esse,
3561 1244 3658 1292 na-

2074 1319 2320 1381 turaeque
2372 1313 2551 1369 solum
2613 1315 2930 1372 ostenderet
2964 1318 3326 1390 identitatem,
3383 1337 3511 1383 non,
3543 1320 3657 1375 dis-

2074 1403 2399 1464 tinctionem
2438 1421 2660 1480 quoque
2721 1424 3106 1482 personarum.
3140 1411 3211 1481 At
3261 1427 3384 1482 nos,
3419 1414 3513 1484 qui
3550 1414 3656 1470 lidc

2072 1511 2136 1559 ac
2201 1497 2418 1564 ratione
2480 1499 2761 1573 ducimur,
2819 1511 2877 1558 et
2931 1503 3274 1572 identitatem
3316 1515 3529 1563 natura:
3562 1523 3656 1578 per

2073 1591 2191 1656 haec
2252 1592 2476 1650 nomina
2519 1594 2884 1669 intelligimus
2943 1599 3260 1670 imaginem,
3285 1601 3501 1664 scilicet
3534 1617 3656 1672 per—

2073 1691 2262 1746 sonam
2313 1693 2368 1739 et
2427 1689 2806 1756 operationem
2838 1707 2850 1742 :
2882 1690 2956 1744 ita
3014 1700 3075 1746 ut
3123 1707 3422 1762 possumus
3484 1694 3652 1750 etiam

2002 1763 2042 1832 β
2073 1775 2258 1841 dicere
2312 1794 2476 1845 tinam
2533 1796 2656 1847 esse
2709 1791 2914 1848 sanctae
2956 1783 3245 1848 Trinitatis
3275 1796 3330 1850 et
3361 1787 3652 1857 imaginem

2073 1876 2128 1932 et
2173 1869 2518 1938 divinitatem
2580 1889 2681 1945 pro
2749 1877 3096 1945 exemplari,
3165 1878 3462 1949 imaginem
3513 1879 3653 1935 reci-

2074 1963 2290 2032 pientes
2328 1967 2523 2030 eodem
2553 1967 2738 2035 modo,
2770 1979 2825 2028 et
2849 1984 3140 2038 personam
3171 1971 3350 2036 Patris
3380 1974 3649 2040 dicentes,

2074 2056 2254 2122 Patris
2304 2058 2674 2124 substantiam
2709 2060 3178 2127 demonstremus,
3236 2080 3363 2124 cum
3427 2065 3484 2123 in
3540 2067 3652 2124 Deo

2073 2152 2386 2219 substantia
2441 2153 2586 2220 idem
2636 2155 2708 2220 sit
2764 2171 2891 2219 sum
2956 2173 3192 2228 persona
3252 2161 3394 2230 ejus,
3450 2177 3652 2224 noceo

2075 2244 2264 2310 minus
2314 2256 2369 2302 et
2405 2262 2765 2316 personarum
2819 2251 3165 2317 ostendimus
3209 2250 3649 2311 distinctionem.

2074 2335 2208 2390 Nam
2234 2345 2289 2392 et
2326 2346 2435 2392 tres
2475 2352 2739 2408 personas
2767 2350 2956 2396 sancta
2983 2343 3037 2397 in
3065 2343 3340 2401 Trinitatc
3389 2347 3649 2415 fatemur,

2076 2445 2183 2483 non
2251 2431 2598 2487 identitatem
2666 2450 2764 2504 per
2815 2435 2942 2499 hoc,
2994 2441 3089 2493 sed
3120 2437 3533 2498 distinctionem
3559 2444 3653 2500 de—

2075 2535 2449 2580 monstrantes
2488 2543 2503 2580 :
2542 2527 2835 2600 imagoque
2887 2542 3039 2587 certe
3092 2549 3202 2589 non
3252 2537 3316 2591 ad
3365 2552 3424 2591 se
3456 2537 3650 2609 ipsam,

2074 2617 2170 2672 sed
2227 2618 2295 2673 ad
2353 2620 2502 2674 illam
2539 2620 2810 2690 refertur,
2849 2617 3008 2697 cujus
3038 2632 3092 2681 et
3115 2626 3296 2697 imago
3334 2640 3452 2696 est;
3485 2642 3542 2686 et
3573 2632 3649 2687 id-

2075 2710 2226 2766 circo
2260 2712 2603 2784 hypostasim
2640 2717 2933 2786 significat,
2959 2733 3085 2774 cum
3124 2719 3415 2775 relativum
3453 2739 3651 2780 nomen

2075 2801 2145 2856 sit
2189 2811 2245 2858 et
2281 2819 2573 2874 personam
2613 2795 2937 2864 constituat.
2996 2811 3078 2866 Tu
3103 2827 3237 2868 vero
3270 2831 3381 2885 quo
3405 2826 3568 2886 pacto
3595 2817 3649 2871 id
3679 2866 3686 2874 .

2077 2894 2372 2965 inteiiigas,
2437 2897 2661 2966 nescio,
2725 2914 2847 2954 cum
2893 2903 3228 2960 naturaliter
3252 2907 3364 2960 dici
3401 2923 3510 2961 non
3550 2908 3653 2982 hy-

2074 2991 2348 3058 pestatice
2402 2989 2648 3048 afﬁrmes
2681 3011 2694 3047 :
2723 2994 2946 3064 quando
2995 2996 3134 3051 alter
3162 3014 3395 3067 persona
3426 3001 3653 3058 alterius

2076 3081 2301 3147 dicitur,
2367 3094 2532 3154 atque
2568 3085 2971 3143 inconveniens
3028 3091 3304 3159 quoddam
3335 3103 3524 3149 contra
3554 3111 3653 3152 nos

2075 3175 2274 3230 all'erre
2299 3185 2481 3246 putas,
2513 3179 2659 3247 quod
2690 3177 2902 3248 liquido
2947 3191 3142 3238 contra
3177 3194 3228 3239 te
3254 3197 3360 3242 est.
3393 3185 3530 3242 Nam
3555 3205 3655 3243 no-

2070 3269 2156 3324 bis
2188 3271 2504 3328 dicentibus
2561 3268 2762 3341 Filium
2792 3287 3086 3350 personam
3113 3294 3232 3335 esse
3262 3278 3463 3350 Patris,
3495 3299 3560 3340 ex
3582 3299 3650 3340 eo

2072 3365 2460 3435 prodeuntem,
2493 3363 2618 3420 Filii
2653 3383 2844 3426 rursus
2865 3369 3131 3449 Spiritum
3163 3383 3415 3433 sanctum
3438 3421 3453 3444 ,
3488 3388 3551 3434 ut
3581 3396 3650 3436 ex

2070 3471 2135 3511 eo
2193 3457 2606 3527 procedentem,
2655 3461 2813 3532 sequi
2871 3474 3031 3533 putas
3071 3481 3137 3520 ex
3171 3466 3277 3523 hoc
3307 3485 3419 3528 non
3463 3472 3649 3530 dicere

2068 3546 2284 3601 Patrem
2335 3549 2499 3604 aliam
2539 3566 2832 3620 personam
2866 3570 2988 3610 esse
3014 3597 3028 3621 ,
3055 3568 3110 3612 et
3141 3557 3343 3616 Filium
3375 3562 3558 3632 aliam,
3595 3576 3648 3620 et

2070 3639 2335 3709 Spiritum
2365 3632 2638 3701 sancturri.
2672 3644 2785 3716 Ego
2821 3650 3031 3714 autem,
3058 3652 3100 3710 si
3136 3652 3278 3711 bene
3307 3663 3456 3712 tuam
3488 3661 3649 3716 intel-

2067 3735 2176 3806 ligo
2227 3735 2520 3802 rationem,
2582 3753 2648 3792 ex
2702 3749 2792 3799 tua
2851 3734 3076 3822 quidem
3133 3746 3238 3803 hac
3287 3751 3563 3822 positione
3592 3753 3646 3808 id

2067 3827 2526 3884 absurdissimum
2594 3833 2750 3902 sequi
2803 3821 3151 3905 assererem;
3211 3856 3242 3899 e
3291 3821 3488 3900 nostra
3514 3861 3646 3902 vero

2066 3919 2294 3975 omnino
2349 3923 2717 3980 contrarium.
2772 3924 2826 3978 Si
2896 3926 3044 3981 enim
3093 3931 3323 3987 alteram
3353 3952 3643 4006 personam

2065 4013 2295 4068 alterius
2348 4015 2457 4069 dici
2516 4016 2862 4072 identitatem
2910 4020 3201 4091 duntaxat,
3240 4041 3304 4082 ac
3333 4023 3647 4089 immutabi-

2065 4105 2171 4160 lem
2231 4107 2651 4162 similitudinem
2710 4113 2997 4178 ostendit,
3053 4124 3112 4170 ut
3173 4118 3287 4188 ipSe
3333 4125 3647 4191 poniszest

2065 4204 2246 4254 autem
2301 4216 2535 4271 persona
2588 4203 2768 4259 Patris
2823 4206 3016 4273 Filius,
3085 4221 3145 4265 ut
3191 4213 3337 4270 idem
3372 4219 3647 4276 etsecun-

2063 4294 2191 4350 dum
2216 4296 2598 4362 substantiam,
2658 4301 2899 4372 itemque
2939 4304 3062 4360 Filii
3096 4307 3357 4376 Spiritus,
3387 4322 3448 4366 ut
3485 4316 3636 4386 ejus-

2063 4387 2188 4450 dem
2271 4387 2448 4450 solum
2507 4405 2629 4445 cum
2694 4408 2760 4447 eo
2821 4397 3168 4465 substantiae,
3227 4403 3480 4473 profecto
3535 4424 3646 4466 non

1991 4491 2035 4546 1)
2065 4490 2212 4537 es~.et
2260 4483 2362 4537 alia
2424 4500 2656 4555 persona
2704 4487 2903 4556 Patris,
2960 4507 3125 4562 quam
3161 4496 3284 4552 Filii
3320 4509 3374 4553 et
3402 4500 3644 4573 Spiritus

2068 4575 2264 4638 sancti,
2308 4592 2411 4632 nec
2447 4579 2665 4635 illorum
2708 4582 2775 4637 ab
2809 4583 3067 4641 invicem.
3106 4587 3298 4660 Neque
3331 4594 3479 4648 enim
3512 4597 3648 4652 alte-

2066 4667 2181 4720 rius
2238 4667 2564 4725 substantim
2619 4676 2771 4737 su'nt,
2835 4677 2931 4733 sed
2968 4693 3093 4734 cum
3127 4696 3415 4751 personam
3464 4688 3645 4746 Patris

2065 4761 2148 4813 vel
2204 4775 2491 4829 personam
2556 4765 2680 4821 Filii
2723 4768 3034 4837 audiemus,
3106 4775 3346 4847 itemque
3403 4777 3644 4849 Spiritus

2063 4854 2238 4907 sancti
2268 4854 2616 4911 identitatem
2643 4861 2967 4918 substantiae
3005 4865 3419 4938 intelligemus;
3470 4874 3542 4929 ita
3584 4888 3671 4931 ut'

2062 4949 2366 5002 secundum
2421 4958 2470 5003 te
2528 4950 2769 5007 Trinitas
2816 4956 3125 5024 perimatur
3159 4962 3225 5014 ad
3261 4962 3489 5019 unicum
3528 4968 3639 5021 cir-

2061 5041 2392 5109 cumscripta
2457 5043 2650 5098 Deum.
2707 5048 2802 5100 Sin
2863 5060 3073 5119 autem,
3133 5065 3192 5108 ut
3252 5065 3637 5126 noslatcmur,

2059 5130 2286 5186 alteram
2312 5150 2601 5202 personam
2630 5139 2858 5194 alterius
2885 5143 2992 5198 dici
3019 5186 3034 5211 ,
3068 5161 3133 5200 ex
3159 5133 3406 5204 illo-esse
3430 5155 3638 5222 signiﬁ-

2058 5231 2167 5288 cat,
2208 5226 2366 5296 cujus
2410 5238 2617 5286 etesse
2647 5232 2874 5298 dicitur,
2916 5238 3192 5312 simulque
3238 5244 3487 5314 ejusdem
3516 5264 3637 5304 esse

2056 5316 2376 5373 substantia:
2407 5342 2419 5376 :
2448 5324 2706 5390 quoniam
2739 5330 3008 5399 quidquid
3038 5346 3104 5387 ex
3138 5336 3324 5406 aliquo
3355 5341 3632 5405 est,alind

2056 5405 2298 5462 dilucide
2356 5418 2460 5477 est,
2513 5414 2706 5469 saltem
2757 5419 3065 5476 substantia
3095 5432 3153 5480 et
3184 5405 3441 5498 persona,
3466 5447 3631 5502 qua-tn

2055 5501 2213 5567 illud,
2262 5519 2331 5561 ex
2394 5521 2503 5574 quo
2530 5508 2736 5566 dicitur
2760 5515 2903 5578 esse,
2938 5521 3216 5586 quomodo
3247 5538 3358 5578 non
3387 5501 3497 5581 erit
3529 5528 3631 5584 Pa-

2054 5601 2140 5644 ter
2187 5594 2292 5646 alia
2344 5611 2599 5664 persona,
2651 5610 2706 5656 et
2766 5605 2958 5674 Filius,
3005 5620 3064 5665 et
3101 5612 3341 5682 Spiritus
3366 5623 3630 5678 sanctus?

2052 5680 2240 5753 itaque
2302 5701 2404 5742 nos
2453 5692 2674 5759 quidem
2733 5695 2849 5753 haec
2915 5680 3250 5772 asserentes,
3305 5707 3630 5769 Trinitatem

2052 5781 2216 5844 quam
2250 5783 2487 5838 maxime
2517 5799 2839 5858 servaturis;
2893 5803 2952 5850 tu
2983 5809 3113 5851 vero
3143 5813 3277 5854 cave
3319 5817 3388 5858 ne
3412 5816 3635 5861 contra-
