4036 6140
461 259 578 328 295

1425 259 1938 326 BESSARIONIS
1978 266 2035 328 s.
2089 267 2154 327 [κ.
2198 266 2266 325 E.
2301 247 2767 328 CARDlNALlS

3587 256 3698 328 296

454 380 599 439 rium
659 378 853 443 facias,
904 376 1224 450 injusteque
1286 395 1386 435 nos
1446 380 1766 451 rcdarguas,
1820 360 2096 450 quibus’}
2128 380 2384 442 atiirmas.
2423 380 2732 451 Filiutnqtte
2785 381 3029 438 medium
3076 394 3194 439 esse
3229 381 3451 446 asseris,
3484 397 3549 437 ne
3583 384 3695 437 ini-

458 473 575 544 ipse
627 472 824 543 dignus
869 486 928 527 cs
952 512 968 537 ,
996 471 1323 543 impropcria
1357 473 1409 526 in
1446 489 1545 528 nos
1578 473 1836 528 inferens.
1871 471 2026 538 Quod

455 575 640 621 autem
669 580 790 619 cum
820 565 1024 634 aliquid
1054 577 1308 634 persona,
1369 566 1451 619 vel
1485 564 1751 634 putentia,
1779 565 1862 618 rei
1893 578 2024 632 ope-

459 661 602 716 ratio
629 659 832 713 dicitur
860 660 1190 729 cujuspiam,
1246 659 1312 714 ad
1348 659 1452 713 hoc
1487 659 1656 713 aliam
1693 658 2024 729 liypostasitn

456 752 570 804 sive
595 764 880 821 personam
936 749 1231 820 signiticet,
1298 751 1466 805 etiam
1501 766 1568 804 ex
1602 765 1665 803 eo
1696 763 1822 804 esse
1852 746 2025 816 signi-

462 842 605 905 ﬁcat,
663 843 819 914 cujus
877 853 932 897 et
987 858 1107 897 esse
1161 843 1389 897 dicitur.
1457 842 1597 898 Audi
1659 842 1790 912 quid
1836 855 2029 894 omnes

458 935 687 988 dicant:
722 934 972 988 Chistnm
1037 935 1254 989 scilicet
1306 935 1400 990 Dei
1459 935 1787 1005 potentiam,
1848 943 1905 988 et
1930 932 2024 987 Dei

458 1027 826 1097 sapientiam;
879 1029 1118 1097 itemque
1171 1027 1445 1082 viventem
1501 1036 1554 1082 et
1633 1026 2023 1081 subsistentem

456 1121 854 1188 operationem,
905 1128 959 1173 et
1001 1119 1300 1189 potentiam
1338 1120 1521 1173 Patris
1547 1119 1766 1172 Filium.
1809 1119 1872 1172 Et
1904 1133 2025 1171 rur-

455 1227 549 1266 sus
593 1212 860 1281 Spiritum
917 1222 1167 1266 sanctum
1225 1227 1331 1266 non
1375 1211 1613 1265 alienum
1669 1225 1698 1262 a
1735 1209 1891 1273 Filio,
1928 1207 2023 1263 sed

458 1305 511 1357 in
537 1320 625 1369 eo,
661 1313 716 1358 et
746 1320 811 1358 ex
838 1319 928 1372 eo,
960 1315 1124 1375 atque
1177 1311 1237 1359 nt
1283 1308 1590 1358 naturalem
1625 1301 2022 1372 operationem.

457 1395 612 1451 Patet
667 1398 812 1451 enim
849 1397 993 1467 quod
1044 1413 1166 1452 cum
1229 1396 1399 1450 Filius
1439 1396 1748 1450 subsistens
1778 1393 2024 1464 potentia

457 1490 638 1545 Patris
681 1493 775 1556 sit,
840 1491 909 1544 ab
963 1507 1030 1545 eo
1065 1492 1229 1544 etiam
1263 1483 1445 1546 diifert
1473 1489 1531 1543 in
1557 1498 1825 1558 quantuni
1854 1487 2028 1557 hypo-

452 1583 622 1638 ‘stasis
663 1591 771 1650 est,
834 1593 890 1639 et
950 1583 1252 1638 secundum
1304 1583 1408 1638 hoc
1450 1583 1615 1639 etiam
1642 1597 1707 1637 ex
1737 1596 1803 1636 eo
1835 1589 1939 1645 est,
1971 1586 2028 1634 et

460 1675 727 1746 Spiritum
788 1685 1038 1732 sanctum
1099 1676 1405 1730 naturalem
1465 1675 1584 1729 Filii
1619 1672 2023 1744 operationem,

2131 471 2370 526 mediate
2393 471 2658 540 Spiritum
2695 487 2905 542 ponens
2927 489 3050 530 eum
3071 474 3314 546 genitum
3345 475 3562 546 cogaris
3579 474 3702 546 opi-

2129 561 2271 626 nari,
2304 561 2509 616 videris
2539 578 2719 632 neque
2754 578 2814 618 re
2851 564 2908 620 in
2951 566 3192 621 divinam
3246 566 3573 623 Trinitatem
3604 582 3703 621 or-

2128 652 2309 707 dinem
2345 670 2572 724 ponere,
2629 657 2721 710 sed
2759 657 2874 725 ipse
2906 658 2956 712 id
2991 660 3351 730 concipiendo
3373 659 3530 730 quasi
3551 660 3702 714 dono

2130 747 2456 813 concedere,
2489 765 2552 803 ac
2583 759 2776 818 putare
2809 752 2862 806 in
2899 762 2950 807 te
2977 768 3117 817 esse.
3146 769 3270 808 cum
3296 753 3538 808 volueris
3576 769 3706 821 per-

2130 827 2394 893 mutando
2427 841 2674 896 ordinem
2714 844 3004 898 nominum
3052 853 3404 915 postponere.
3443 845 3500 900 Si
3543 845 3696 899 enim

2129 931 2199 985 ob
2232 946 2428 985 nomen
2464 932 2643 988 Patris
2673 932 2818 1002 (nam
2868 935 2972 989 hoc
3003 936 3245 990 arbitror
3288 937 3699 991 confessionem

2129 1025 2313 1093 vocas)
2360 1038 2470 1078 non
2519 1024 2683 1079 effers
2733 1025 3050 1080 immediate
3102 1026 3366 1097 Spiritum
3423 1037 3702 1089 sanctum,

2131 1131 2197 1171 ne
2242 1116 2462 1188 genitus
2493 1127 2735 1188 putetur,
2763 1118 2890 1173 licet
2925 1119 2970 1174 si
3014 1135 3140 1174 eum
3188 1121 3486 1190 spirantem
3520 1119 3703 1174 nomi-

2130 1206 2407 1271 nabimus,
2441 1207 2704 1278 Spiritum
2735 1211 2921 1264 statim
2960 1209 3188 1278 inferre,
3210 1222 3266 1267 et
3297 1228 3396 1282 per
3428 1211 3702 1281 Spiritum

2129 1316 2195 1355 ex
2225 1302 2466 1370 spirante
2501 1300 2698 1355 Filium
2733 1317 2875 1368 esse,
2914 1301 3224 1372 Filiumque
3261 1318 3360 1374 per
3401 1319 3462 1359 se
3493 1321 3560 1358 ex
3599 1297 3705 1358 Pa-

2130 1403 2233 1459 tre,
2280 1394 2374 1449 scd
2427 1410 2516 1464 per
2563 1394 2820 1448 accidens
2862 1411 2927 1449 ex
2958 1394 3202 1466 spirante
3235 1411 3250 1451 :
3281 1395 3545 1464 Spiritum
3598 1413 3704 1450 au-

2133 1501 2238 1545 tem
2271 1499 2518 1544 sanctum
2553 1504 2648 1558 per
2683 1503 2740 1542 se
2765 1503 2826 1542 ex
2857 1488 3123 1557 spirante,
3169 1487 3263 1543 sed
3297 1505 3358 1544 ex
3396 1490 3554 1543 Patre
3607 1505 3706 1560 per

2131 1579 2407 1645 accidens,
2440 1577 2680 1648 atquein
2707 1579 2866 1634 nobis
2889 1594 3012 1634 esse
3034 1580 3283 1634 ordinem
3310 1580 3702 1635 alterantibus.

2132 1671 2413 1726 Interdum
2453 1670 2646 1724 Filium
2708 1671 2952 1725 medium
3000 1671 3177 1726 Patris
3223 1679 3278 1726 et
3325 1669 3568 1740 Spiritus
3605 1687 3706 1740 po-

459 1783 639 1838 neque
693 1767 836 1822 hanc
895 1783 1003 1823 non
1058 1767 1446 1822 subsistentem
1475 1805 1490 1830 ,
1525 1777 1580 1820 et
1605 1779 1671 1819 ex
1700 1778 1766 1818 eo
1806 1777 1946 1828 esse,
1970 1771 2024 1817 et
2057 1775 2098 1830 Β
2129 1777 2257 1817 nere
2283 1803 2297 1825 ,
2356 1778 2477 1816 eum
2516 1763 2744 1832 primam
2799 1779 3017 1818 causam
3051 1764 3396 1818 nominemus
3429 1765 3651 1818 Patrem
3687 1782 3700 1818 :

460 1860 564 1913 hac
602 1860 813 1914 ratione
873 1861 943 1913 ab
994 1875 1060 1914 eo
1111 1857 1396 1928 distingui.
1445 1856 1625 1923 Quare
1666 1871 1774 1910 non
1811 1863 2022 1910 tantum

460 1961 672 2009 natura:
725 1953 1066 2008 identitatem
1125 1952 1241 2006 lucc
1296 1951 1520 2005 nomina
1579 1947 1904 2013 ostendunt,
1969 1947 2022 2002 in

457 2063 568 2118 quo
600 2046 717 2117 ipse
744 2055 795 2101 te
825 2045 1039 2109 laudas,
1070 2045 1166 2100 sed
1200 2046 1364 2099 etiam
1391 2044 1807 2099 distinctionem
1839 2055 2026 2112 perso-

456 2156 672 2196 narum.
725 2140 836 2195 Hac
886 2140 1052 2211 igitur
1103 2139 1315 2193 ratione
1347 2137 1582 2204 devicta,
1620 2136 1805 2192 omnia
1829 2135 2022 2200 etiam,

457 2249 580 2305 quae
613 2242 944 2304 sequuntur,
988 2232 1148 2286 simul
1190 2229 1838 2299 conﬁictadissipataque
1873 2237 2021 2282 sunt.

813 2368 1080 2433 Quartum
1111 2373 1479 2436 argumentum
1519 2362 1689 2418 Vecci.

527 2484 663 2541 Cum
702 2481 924 2554 quidam
963 2480 1138 2534 nolint
1165 2478 1411 2550 profiteri
1438 2476 1636 2532 Filium
1669 2477 1726 2532 in
1749 2475 2020 2532 Trinitate

457 2577 700 2634 medium
736 2589 878 2640 esse,
912 2572 1056 2644 quod
1096 2581 1276 2624 tamen
1316 2569 1603 2624 manifeste
1627 2567 1885 2624 asanctis
1919 2567 2021 2622 Pa.

458 2671 638 2725 tribus
672 2668 982 2722 institutum
1037 2666 1094 2718 in
1145 2661 1416 2732 theologia
1463 2668 1578 2728 est,
1632 2675 1742 2716 non
1799 2659 2025 2716 omnino

455 2763 630 2818 velint
665 2761 720 2816 in
747 2759 1016 2814 Trinitate
1054 2772 1251 2813 nomen
1300 2749 1511 2810 ordinis
1537 2767 1823 2820 asserere;
1857 2762 1916 2806 et
1940 2752 2024 2807 ba

457 2856 746 2910 doctorum
767 2849 1128 2905 auctoritates
1157 2847 1399 2902 collecta:
1422 2852 1572 2906 sunt,
1595 2851 1709 2897 tum
1738 2841 1808 2897 ad
1835 2849 2024 2897 osten-

455 2948 696 3002 dendum
737 2943 1006 3014 Spiritum
1055 2949 1308 2995 sanctum
1358 2952 1452 3007 per
1481 2934 1680 2992 Filium
1714 2947 2022 2990 connexum

454 3057 575 3098 esse
617 3041 785 3105 Patri,
816 3051 928 3092 tum
957 3035 1026 3092 ad
1069 3033 1282 3105 liquido
1333 3029 1826 3088 demonstrandum
1873 3027 2025 3085 ordi-

452 3150 583 3193 nem
618 3148 738 3189 esse
772 3134 825 3186 in
856 3129 1146 3185 Trinitate.

921 3273 1163 3331 Palanue
1194 3271 1562 3328 contradictio.

526 3391 773 3448 Mentiris
799 3399 986 3444 contra
1013 3388 1135 3458 pios
1157 3386 1454 3455 ﬁdelesque
1476 3384 1787 3449 hominum,
1825 3380 2022 3436 miser-

455 3488 616 3539 rime.
650 3481 802 3538 Ilaud
853 3480 1003 3536 enim
1042 3479 1216 3551 ignari
1262 3493 1474 3544 sumus,
1523 3477 1772 3532 ordinem
1803 3476 1857 3530 in
1891 3474 2018 3528 Tri-

454 3580 625 3629 nitate
666 3588 825 3639 esse;
881 3572 977 3626 sed
1029 3571 1180 3642 pium
1225 3579 1389 3640 atque
1429 3569 1668 3623 ﬁdelem.
1721 3567 1826 3633 Qui
1888 3579 2019 3618 Vero

455 3670 677 3724 tertium
710 3682 742 3720 a
780 3666 942 3721 Patre
990 3663 1259 3734 Spiritum
1293 3671 1544 3719 sanctum
1596 3677 1660 3716 ex
1694 3661 2020 3715 necessitate

453 3776 574 3816 esse
598 3758 861 3824 ostendit,
898 3767 1156 3828 tanquam
1186 3755 1442 3826 impium,
1474 3769 1635 3824 quem
1668 3763 1723 3807 tu
1761 3768 1884 3807 cum
1913 3753 2022 3807 Eu-

457 3856 640 3910 nomio
676 3852 901 3915 asseris,
950 3851 1177 3905 minime
1232 3850 1548 3917 recipimus.
1599 3847 1779 3915 Atque
1829 3859 2020 3900 contra

456 3947 870 4017 Scripturarum
901 3943 1204 3999 sententias
1237 3942 1512 3996 mentiris.
1541 3937 1674 4006 Qua:
1704 3955 1814 3994 non
1861 3942 2023 3994 modo

455 4040 675 4108 Filium,
704 4037 801 4095 sed
829 4038 1104 4094 interdum
1129 4036 1296 4092 etiam
1319 4035 1535 4091 Patrem
1565 4033 1704 4090 Filio
1757 4034 2020 4104 Spiritui—

453 4150 561 4206 quc
593 4142 781 4188 sancto
824 4145 1024 4185 nexum
1053 4144 1180 4186 esse
1218 4130 1376 4183 aiunt
1423 4144 1440 4182 :
1475 4127 1753 4183 interdum
1800 4141 2022 4198 quoque

454 4228 575 4282 Filii
604 4235 658 4281 ct
707 4224 887 4279 Patris
933 4222 1203 4292 Spiritum
1255 4229 1508 4275 sanctum
1572 4220 1820 4276 medium
1867 4235 2021 4275 com-

456 4330 787 4386 munemque
816 4311 1109 4368 affirmant.
1144 4310 1211 4366 Et
1239 4324 1405 4381 quem
1457 4309 1666 4381 liquido
1713 4308 1824 4364 dici
1857 4305 2014 4363 ordi-

455 4426 580 4466 neut
614 4407 839 4471 asseris,
871 4403 1222 4460 manifestum
1285 4410 1403 4468 est,
1457 4402 1605 4473 quod
1631 4416 1740 4458 non
1774 4401 1842 4458 de
1882 4401 2024 4460 Filio

453 4515 510 4558 et
531 4500 747 4572 Spiritu
783 4507 971 4553 sancto
999 4503 1103 4552 est.
1136 4493 1476 4550 Conceditur
1503 4503 1684 4549 tamen
1728 4502 1788 4549 et
1817 4493 2017 4549 Filium
2053 4491 2096 4547 ί)

454 4610 575 4650 esse
607 4591 847 4648 medium
869 4630 884 4658 ,
918 4588 1014 4645 sed
1052 4602 1163 4643 non
1196 4587 1377 4659 quoad
1412 4585 1792 4643 easistcntiam
1840 4587 2020 4658 Spiri-

456 4702 543 4745 tus
579 4687 647 4743 ab
697 4686 818 4751 eis,
871 4683 962 4754 qui
1008 4681 1193 4738 dit-ina
1237 4690 1533 4749 noverunt,
1572 4680 1669 4736 sed
1714 4682 2019 4737 secundum

453 4778 880 4844 confessionem,
916 4790 1025 4830 non
1078 4773 1394 4830 immediate
1449 4774 1716 4847 Spiritum
1766 4785 2017 4830 sanctum

455 4873 812 4947 ponentibus,
860 4885 929 4925 ne
973 4879 1029 4926 et
1073 4869 1189 4939 ipse
1237 4869 1457 4936 genitus
1502 4869 1775 4923 videatur.
1831 4869 2019 4937 Itaque

453 4965 725 5038 ejusmodi
751 4964 898 5019 dicta
925 4977 957 5018 a
995 4963 1128 5018 viris
1159 4963 1366 5017 sanctis
1395 4961 1538 5017 bene
1589 4974 1654 5015 ac
1685 4970 1832 5016 recte
1861 4975 2022 5032 repo-

456 5062 562 5116 sita
597 5068 748 5113 sunt.
793 5055 900 5111 Sed
932 5055 1025 5126 qui
1077 5054 1132 5108 in
1171 5056 1276 5111 hoc
1304 5055 1425 5110 loco
1460 5054 1551 5110 illa
1601 5053 1826 5123 collegit
1856 5065 2020 5125 atque

452 5154 522 5210 ad
573 5166 771 5216 suam,
808 5149 898 5204 hic
949 5148 1138 5203 falsam
1189 5147 1504 5218 opinionem
1561 5146 1816 5213 inseruit,
1878 5148 2020 5204 male

453 5245 735 5317 impieque
767 5241 853 5297 liis
888 5241 1080 5297 utitur.

989 5352 1038 5408 Ν
1046 5355 1197 5410 iceni
1232 5353 1487 5424 defensio.

523 5477 594 5529 At
623 5472 788 5528 homo
821 5470 1072 5543 quisquis
1101 5485 1183 5538 es,
1216 5471 1311 5541 qui
1347 5471 1461 5526 haec
1508 5470 1671 5536 dicis,
1695 5469 2015 5542 huiusmodi

452 5567 610 5632 ordo,
641 5580 804 5636 quem
838 5566 1094 5632 attulisti,
1119 5574 1351 5636 tuosque
1382 5564 1549 5620 doces
1577 5564 1882 5630 auditores,
1906 5581 2014 5621 non

454 5659 613 5724 ordo,
664 5659 758 5713 sed
805 5659 991 5729 potius
1029 5658 1368 5716 inordinatio
1424 5659 1795 5731 nuncupanda
1849 5660 2013 5716 foret.

455 5749 593 5805 Nam
638 5751 684 5804 si
745 5759 966 5820 propter
1004 5749 1444 5818 confessionem_
1482 5761 1541 5804 nt
1596 5750 1699 5818 ais,
1762 5750 2012 5809 ordinent

2129 1853 2407 1910 interdum
2444 1871 2580 1909 vero
2619 1854 2797 1909 Patris
2840 1864 2896 1910 et
2932 1854 3053 1908 Filii
3107 1857 3347 1910 medium
3403 1856 3699 1926 Spiritum,

2129 1963 2251 2003 cum
2282 1965 2406 2003 eum
2443 1949 2738 2018 spirantem
2779 1949 3134 2003 aliirmemus.
3165 1949 3294 2014 Quae
3319 1950 3541 2020 quidem
3585 1967 3701 2003 om-

2129 2040 2221 2096 nia
2276 2050 2332 2097 et
2388 2041 2623 2096 absurda
2655 2051 2824 2108 sunt,
2889 2051 2945 2097 et
2991 2044 3162 2112 magis
3207 2041 3702 2108 inordinationem,

2129 2150 2289 2207 quam
2315 2135 2565 2190 ordinem
2608 2136 2898 2192 inditcunt.
2937 2137 3004 2189 At
3042 2150 3143 2190 nos
3183 2135 3566 2207 hujuscemodi
3605 2153 3700 2190 or-

2129 2227 2315 2283 dinem
2353 2243 2640 2300 negamus.
2670 2228 2782 2284 Nec
2816 2243 2947 2284 vero
2981 2229 3274 2284 arbitreris
3303 2245 3403 2284 nos
3427 2245 3554 2284 cum
3589 2229 3702 2284 Eu-

2127 2319 2316 2376 nomio
2350 2336 2475 2376 eum
2528 2321 2776 2376 ordinem
2817 2323 3060 2387 sentire,
3115 2323 3448 2392 tertiumque
3491 2339 3561 2378 ex
3603 2338 3703 2378 ne-

2129 2412 2385 2468 cessitate
2427 2427 2457 2466 a
2505 2412 2671 2468 Patre
2724 2412 2998 2482 Spiritum
3037 2425 3251 2483 putare.
3285 2416 3419 2470 Nam
3470 2416 3699 2470 tertium

2126 2517 2245 2558 esse
2278 2504 2456 2574 ipsum
2499 2504 2733 2558 maxime
2763 2505 2988 2575 quidem
3024 2507 3323 2570 credimus,
3370 2517 3426 2560 et
3474 2508 3583 2562 hoc
3631 2523 3700 2562 ex

2127 2597 2477 2651 necessitate.
2521 2596 2679 2652 Modo
2713 2597 2818 2652 hoc
2859 2599 2957 2654 tibi
2989 2599 3215 2653 verbum
3262 2617 3329 2654 c1
3362 2600 3700 2656 necessitate

2128 2702 2238 2741 non
2275 2687 2544 2759 significet
2573 2689 2735 2754 idem,
2762 2700 2926 2758 atque
2962 2707 3026 2744 ex
3057 2700 3271 2754 natura,
3305 2706 3426 2744 cum
3461 2691 3538 2746 illi
3577 2708 3701 2745 cie-

2127 2780 2347 2847 damus,
2379 2781 2473 2850 qui
2501 2798 2624 2836 eum
2664 2783 2882 2836 tertium
2911 2798 3032 2838 esse
3080 2785 3307 2838 tradidit
3343 2784 3394 2838 in
3435 2785 3697 2839 salutaris

2126 2871 2470 2940 baptismatis
2519 2874 2835 2928 traditione.
2871 2873 2980 2938 Ite,
3015 2875 3216 2946 inquit,
3252 2885 3300 2928 et
3331 2877 3600 2946 baptizata
3644 2879 3696 2931 in

2123 2967 2340 3022 nomine
2376 2966 2579 3032 Patris,
2608 2976 2657 3021 et
2692 2966 2840 3033 Filii,
2874 2977 2923 3022 et
2956 2969 3190 3041 Spiritus
3219 2971 3416 3025 sancti.
3443 2971 3695 3026 Tcrttuni

2125 3066 2306 3112 autem
2338 3068 2534 3114 natura
2571 3075 2691 3114 esse
2722 3075 3000 3131 nunquam
3034 3062 3289 3129 dicimus,
3323 3079 3425 3119 nec
3451 3081 3696 3135 unquam

2049 3137 2095 3198 (ἶ
2127 3149 2434 3209 incidemus
2470 3153 2525 3208 in
2559 3154 2792 3221 alterum
2833 3155 3237 3209 contrariorum
3265 3157 3528 3228 fugiendo
3558 3160 3699 3212 afte-

2127 3257 2270 3309 rum,
2307 3253 2366 3298 ut
2396 3243 2513 3314 ipse
2540 3244 2675 3315 agis.
2703 3245 2989 3316 Siquidem
3049 3249 3273 3303 tertium
3321 3260 3517 3304 natura
3577 3250 3696 3320 ipse

2127 3335 2378 3405 fugiens,
2410 3337 2587 3407 ipsum
2617 3337 2783 3393 etiam
2811 3338 3164 3395 discretivum
3197 3357 3559 3411 personarum
3603 3360 3698 3398 or-

2126 3427 2308 3484 dinem
2367 3444 2572 3498 negas;
2629 3446 2808 3500 neque
2860 3441 3014 3501 potes
3055 3432 3111 3486 in
3161 3433 3342 3488 medio
3399 3450 3632 3491 manere
3677 3454 3692 3491 :

2125 3535 2288 3591 quam
2341 3521 2538 3576 melius
2587 3522 2686 3576 tibi
2719 3522 2916 3578 fuisset
2961 3524 3124 3579 ambo
3173 3527 3366 3594 fugere
3415 3535 3689 3590 extrema,

2123 3622 2380 3683 stareqne
2429 3615 2481 3668 in
2523 3615 2725 3680 medio,
2769 3623 2830 3670 ut
2880 3625 3066 3671 nostra
3098 3619 3369 3673 sententia
3435 3629 3522 3675 est
3551 3625 3574 3676 :‘
3603 3623 3695 3692 qui

2126 3721 2228 3760 nec
2251 3709 2478 3760 omnino
2509 3707 2729 3762 tertium
2757 3724 2878 3764 esse
2911 3725 3197 3778 negamus,
3237 3728 3418 3783 neque
3466 3715 3695 3770 tertium

2123 3815 2247 3869 esse
2270 3813 2465 3856 natura
2496 3803 2874 3869 concedimus,
2903 3807 3001 3860 sed
3039 3807 3260 3860 tertium
3294 3809 3516 3878 quidem
3561 3826 3693 3866 eum

2122 3906 2406 3964 ponentes,
2453 3911 2562 3950 non
2599 3898 2776 3952 solum
2813 3899 2920 3954 diri
2946 3939 2960 3963 ,
3013 3901 3110 3954 sed
3139 3902 3315 3957 .etiam
3346 3918 3468 3958 esse
3527 3915 3694 3976 atque

2125 3989 2375 4042 ordinem
2409 3989 2766 4046 discretivum
2801 3993 3134 4062 recipientes
3159 4008 3545 4064 personarum.
3582 4013 3690 4052 non

2125 4090 2447 4134 naturarum
2481 4097 2496 4134 :
2530 4097 2694 4151 quem
2747 4083 2970 4152 quidem
3029 4083 3207 4153 ipsum
3262 4100 3328 4140 ex
3367 4089 3696 4143 necessitate

2122 4189 2242 4229 esse
2268 4173 2393 4244 quis
2419 4174 2804 4230 contradicat?
2826 4179 3148 4246 Quanquam
3184 4180 3302 4248 ipse
3339 4195 3558 4236 omnem
3601 4196 3695 4242 or,-

2123 4265 2308 4321 dinem
2367 4281 2585 4336 quoquo
2617 4267 2781 4322 modo
2828 4284 2892 4323 ex
2933 4270 3260 4328 necessitate
3309 4270 3696 4328 demonstran-

2124 4367 2254 4422 tem,
2288 4355 2434 4412 hunc
2459 4372 2581 4412 esse
2611 4357 2834 4413 tertium
2881 4375 2989 4414 non
3019 4363 3311 4432 concedas,
3341 4379 3439 4419 nec
3473 4365 3690 4421 Patrem

2125 4459 2376 4503 nostrum
2414 4449 2864 4520 Chrysostomnm
2924 4453 3136 4519 audias,
3174 4470 3300 4510 cum
3352 4458 3497 4513 dicat
3533 4478 3548 4514 :
3578 4457 3695 4513 Dis-

2125 4543 2373 4596 cretivus
2437 4541 2624 4612 itaque
2654 4541 2967 4598 divinarum
3002 4562 3360 4616 personarum
3392 4549 3533 4606 ordo
3568 4565 3693 4606 sane

2125 4635 2230 4692 etis
2267 4643 2433 4690 notus
2460 4635 2731 4705 consistit,
2771 4638 2865 4693 sed
2923 4638 3256 4696 discretivus
3305 4652 3514 4697 natura:
3551 4644 3689 4698 ordo

2123 4731 2180 4786 in
2235 4741 2420 4785 sancta
2475 4729 2749 4786 Trinitate
2791 4731 3122 4802 rejiciendus
3167 4743 3252 4790 cst
3285 4753 3300 4789 :
3337 4735 3688 4791 discretivnm

2123 4833 2305 4878 autem
2347 4837 2711 4894 personarum
2751 4823 3005 4879 ordinem
3065 4835 3278 4882 natura:
3305 4827 3526 4896 quidem
3578 4843 3686 4882 non

2123 4931 2263 4982 esse,
2303 4917 2396 4972 sed
2431 4925 2622 4970 natura
2653 4927 2831 4971 tamen
2863 4932 2984 4972 esse
3031 4917 3266 4988 quilibet
3314 4935 3461 4976 salue
3489 4920 3687 4976 mentis

2125 5011 2475 5076 concederet,
2508 5026 2570 5064 ac
2598 5010 2906 5065 secundum
2953 5009 3096 5065 hanc
3153 5013 3424 5067 rationem
3464 5026 3587 5068 esse
3634 5020 3687 5067 et

2125 5102 2459 5166 naturalem,
2492 5118 2598 5158 non
2655 5101 2963 5158 secundum
3006 5104 3154 5172 quod
3193 5113 3442 5158 naturam
3481 5103 3686 5160 discer-

2124 5195 2228 5257 nit.
2262 5196 2354 5248 sed
2385 5196 2686 5251 secundum
2719 5195 2867 5265 quod
2896 5204 3090 5250 natura
3139 5211 3247 5250 non
3284 5197 3558 5266 positione
3591 5211 3686 5251 no-

2123 5297 2237 5343 Blra
2286 5295 2386 5341 rst.
2432 5285 2487 5339 Id
2526 5298 2708 5339 autem
2742 5287 3015 5342 aflirmant
3048 5297 3100 5342 et
3141 5288 3395 5343 doctores
3437 5288 3686 5344 Ecclesia:
3743 5294 3749 5297 ’

2122 5379 2402 5451 principes
2444 5378 2779 5434 Athanasius
2838 5391 3005 5450 atque
3054 5380 3293 5435 Basilius
3331 5397 3346 5435 :
3387 5381 3477 5437 hic
3517 5385 3682 5453 majo-

2124 5487 2239 5527 rem
2272 5469 2709 5542 propositionem
2767 5471 3010 5535 tradens.
3051 5473 3388 5528 Athanasius
3419 5472 3680 5528 minorem

2123 5566 2415 5632 inducens,
2441 5576 2498 5620 et
2528 5563 2905 5637 syllogismum
2933 5565 3097 5621 ambo
3117 5580 3288 5621 unum
3319 5567 3683 5637 complecten-

2124 5670 2205 5716 tes
2241 5660 2710 5715 demonstrantem
2768 5667 2962 5711 natura
3000 5657 3269 5728 Spiritum
3328 5669 3575 5713 sanctum
3614 5657 3678 5712 ad

2124 5756 2321 5813 Filium
2358 5749 2639 5816 ordinari;
2677 5750 2742 5808 ad
2785 5751 3000 5808 Patrem
3061 5751 3210 5808 enim
3253 5751 3454 5808 Filium
3493 5761 3681 5807 natura
