4036 6140
394 249 502 317 303

1347 267 1855 337 BESSARIONIS
1898 276 1960 337 S.
1996 275 2073 342 Β.
2113 276 2183 341 Ε.
2222 277 2691 344 CARDINALIS

3520 279 3630 350 θοι

390 368 487 465 qui
521 368 739 424 Patrem
768 385 887 427 esse
916 371 1114 465 filium
1152 386 1373 448 negant,
1422 383 1633 451 pariter
1657 395 1713 441 et
1736 386 1860 443 Filii
1889 384 1958 441 ad
1988 390 2036 449 Δ
2062 390 2291 447 omnino
2328 399 2493 464 prout
2517 391 2694 449 Filius
2720 389 2823 449 .ita
2849 400 2906 449 et
2950 390 3070 465 ipse
3115 398 3378 463 causatus
3403 407 3434 450 a
3472 391 3633 451 Patre

386 456 607 561 Patrem
652 462 1104 521 communitatem
1139 480 1344 541 negant
1384 474 1689 533 secundum
1728 491 1957 546 proces-

386 555 560 608 sivam
589 555 1000 628 proprietatem.

912 697 967 754 Ν
970 702 1125 758 icani
1166 704 1423 775 defensio.

458 827 579 885 Non
607 830 746 887 adeo
782 832 938 891 illum
969 837 1274 908 sapientem
1307 841 1487 899 virum
1516 852 1680 914 putes
1705 844 1953 918 ignarum

388 922 682 995 theologia:
724 941 870 992 esse,
916 937 977 983 ut
1027 946 1149 1003 qua:
1182 943 1427 1004 paternae
1475 939 1797 996 substantiae
1829 957 1956 1011 pro-

381 1014 499 1082 pria
538 1024 687 1079 sunt,
711 1030 776 1074 ea
800 1018 854 1074 in
881 1018 1078 1075 Filium
1114 1024 1350 1080 transire
1381 1026 1584 1081 debere
1617 1030 1951 1086 arbitretur.

381 1101 542 1169 Quod
590 1114 775 1162 autem
832 1109 996 1165 Pater
1038 1113 1315 1181 producat
1362 1113 1629 1185 Spiritum
1676 1098 1951 1185 sanetum,

382 1210 494 1250 non
528 1197 582 1253 id
613 1198 667 1255 in
707 1210 980 1271 quantum
1028 1205 1197 1262 Pater
1240 1208 1433 1275 habet,
1463 1211 1559 1267 sed
1594 1211 1648 1266 in
1683 1222 1951 1284 quantum

383 1289 651 1360 spirator.
700 1292 816 1349 lloc
858 1302 1049 1351 autem
1085 1313 1287 1355 nomen
1317 1302 1557 1373 Spirator
1604 1322 1953 1378 nequaquam

381 1381 803 1440 constitutivum
854 1400 1106 1456 personas
1158 1406 1361 1449 nomen
1391 1404 1499 1450 est.
1540 1395 1656 1464 Qua
1689 1398 1756 1454 de
1789 1414 1953 1457 causa

384 1473 728 1544 impossibile
759 1492 870 1532 non
902 1488 1012 1543 est,
1052 1481 1161 1539 hoc
1193 1484 1359 1539 etiam
1386 1486 1527 1542 Filio
1551 1504 1674 1544 esse.
1709 1502 1958 1547 commu-

382 1579 487 1630 ne;
523 1564 569 1620 si
621 1568 970 1625 sanetissimo
1004 1569 1157 1628 Patri
1203 1574 1411 1647 Cyrillo
1462 1578 1802 1634 credendum
1848 1591 1950 1645 est,

380 1660 477 1730 qui
526 1661 701 1717 multo
754 1664 956 1722 melius
1002 1683 1168 1737 quam
1200 1684 1304 1725 nos
1345 1670 1413 1725 de
1451 1672 1725 1744 theologia
1763 1675 1951 1732 sentit.

2066 482 2139 536 sit
2172 500 2186 538 :
2230 492 2289 538 at
2336 499 2516 554 neque
2548 482 2751 551 fllialis,
2797 484 2959 555 cujus
2998 484 3246 543 etenim!
3270 484 3542 555 siquidem
3575 485 3631 541 id

2066 577 2362 647 personale
2392 586 2478 634 est
2511 574 2673 645 Filio,
2711 591 2834 634 esse
2861 577 3084 634 Filium.
3114 574 3271 646 Quod
3310 576 3423 647 jam
3452 590 3481 633 ι
3511 576 3632 649 Spi-

2064 666 2174 723 ritu
2201 667 2385 738 adepti
2416 668 2657 737 fuimus;
2685 669 2751 725 ad
2772 669 2905 725 illud
2923 668 3108 723 autem
3134 665 3282 740 quod
3308 667 3353 723 si
3384 681 3509 723 cum
3531 656 3636 722 au-

2060 757 2179 816 diat
2208 761 2501 832 quisquam
2527 778 2595 818 ex
2625 761 2936 820 substantia
2985 761 3107 817 Filii
3142 759 3435 833 Spiritum,
3462 759 3632 816 etiam

2061 866 2131 908 ex
2176 854 2298 923 ejus
2350 870 2583 922 persona
2632 868 2762 910 eum
2821 853 3119 925 intelliget,
3162 865 3271 908 non
3320 850 3634 907 mirandum

2061 960 2208 1011 esse,
2261 947 2395 1001 satis
2429 945 2586 1016 prius
2628 944 2839 1002 dictum
2889 953 2993 1001 est.
3039 941 3142 1000 ilic
3169 958 3304 1003 vero
3333 949 3392 999 et
3424 954 3638 1013 magna

2061 1037 2356 1093 dementias
2379 1050 2487 1101 est,
2546 1036 2747 1109 inquit,
2783 1052 2897 1091 non
2928 1036 3205 1116 respicere
3241 1032 3388 1106 quod
3417 1048 3544 1090 cum
3566 1030 3637 1091 de

2060 1129 2222 1185 Patre
2291 1137 2348 1185 et
2397 1144 2464 1184 ex
2517 1129 2674 1185 Patre
2728 1128 2974 1201 Spiritus
3017 1128 3241 1192 dicitur,
3288 1125 3386 1198 qui
3433 1126 3638 1185 Filium

2062 1228 2261 1290 negant
2315 1236 2436 1276 esse
2483 1220 2725 1287 Patrem,
2783 1221 2947 1277 simul
2998 1234 3220 1289 quoque
3272 1227 3473 1289 negant
3520 1218 3633 1273 vim

2062 1312 2307 1382 spirandi
2343 1298 2695 1386 communem
2749 1328 2871 1369 esse
2918 1311 3059 1367 Filio
3089 1301 3218 1367 eum
3250 1310 3434 1369 Patre.
3470 1310 3637 1381 Ejus-.-

2062 1406 2187 1462 dem
2237 1406 2473 1465 fortasse
2511 1406 2805 1462 dementia
2832 1405 3191 1475 semetipsum
3262 1420 3550 1469 accusans,
3578 1415 3638 1460 et

2062 1498 2290 1553 forsitan
2345 1498 2589 1569 majoris,
2638 1500 2768 1554 dum
2826 1498 2928 1553 hoc
2963 1497 3269 1553 absurdum
3323 1497 3641 1568 intelligens

2062 1588 2423 1644 nihilominus
2474 1604 2584 1643 non
2632 1586 2773 1658 fugit
2806 1588 2977 1655 illud,
3017 1602 3143 1644 cum
3186 1586 3456 1658 Spiritum
3490 1587 3644 1644 dicat

2064 1678 2329 1749 Spiritum
2362 1679 2507 1749 Filii.
2540 1679 2676 1736 Nam
2710 1681 2753 1736 si
2808 1678 3002 1743 Patris,
3036 1689 3089 1735 et
3118 1696 3183 1735 ex
3221 1680 3397 1744 Patre,
3441 1691 3503 1735 ut
3538 1679 3643 1735 iste

380 1754 600 1819 Omnia,
650 1755 851 1828 inquit,
892 1767 978 1815 est
1023 1757 1201 1818 Filius
1247 1779 1595 1835 quaecunque
1651 1766 1813 1822 Pater
1847 1776 1954 1835 est,
1986 1751 2034 1811 Β
2061 1771 2293 1835 fatetur,
2327 1773 2531 1828 dicitur
2580 1773 2865 1842 Spiritus:
2899 1773 2994 1842 qui
3045 1770 3245 1827 Filium
3289 1780 3492 1842 negant
3519 1786 3644 1827 esse

380 1855 583 1920 prater
613 1846 668 1905 id
692 1851 871 1907 solum
903 1854 1052 1925 quod
1086 1870 1196 1910 non
1226 1856 1297 1912 sit
1326 1856 1509 1914 Pater.
1547 1856 1752 1916 Deinde
1779 1859 1954 1927 addit,

383 1942 672 2013 proprium
700 1942 911 2003 habens
947 1956 1003 2002 et
1040 1963 1110 2003 ex
1133 1963 1223 2015 eo,
1250 1960 1306 2005 et
1334 1951 1388 2006 in
1420 1966 1489 2007 eo
1517 1951 1572 2007 in
1600 1964 1797 2008 natura
1829 1953 1957 2024 Spi-

386 2033 554 2091 ritum
578 2047 858 2094 sanctum.
892 2038 1085 2111 Neque
1128 2040 1246 2099 haec
1273 2044 1556 2100 adversari
1591 2045 1737 2103 inter
1768 2061 1826 2103 se
1856 2063 1958 2117 pn-

383 2130 520 2185 tavit
576 2130 774 2187 Filium
822 2148 932 2189 non
986 2149 1110 2192 esse
1158 2135 1400 2206 Patrem,
1430 2148 1488 2194 et
1532 2146 1718 2195 tamen
1771 2154 1838 2196 ex
1890 2155 1958 2196 eo

387 2222 660 2295 Spiritum
714 2242 857 2285 esse.
905 2228 1070 2296 Aliud
1125 2230 1337 2286 scilicet
1396 2240 1479 2289 est
1541 2232 1849 2289 arbitratus
1900 2234 1955 2289 in

393 2326 666 2388 quantum
700 2317 866 2378 Pater
895 2331 1001 2387 est,
1036 2331 1095 2378 et
1128 2322 1277 2380 aliud
1309 2323 1366 2381 in
1410 2334 1678 2397 quantum
1712 2326 1958 2397 spirator

382 2422 492 2480 εει,
525 2423 583 2469 et
612 2414 747 2470 illud
787 2415 1016 2487 quidem
1066 2416 1210 2473 Filio
1245 2415 1771 2474 incomrnunicabile
1807 2432 1957 2488 esse,

384 2504 495 2560 hoc
523 2519 658 2562 vero
698 2520 864 2576 quam
917 2505 1157 2569 maxime
1205 2507 1526 2564 convenire.
1583 2506 1739 2575 Quod
1786 2508 1953 2571 etiam

383 2596 519 2654 alibi
553 2597 903 2655 enucleatius
938 2613 1240 2667 exponens,
1273 2614 1383 2654 non
1420 2609 1623 2670 praeter
1660 2598 1717 2653 id
1747 2598 1954 2677 solum,

382 2691 589 2762 inquit,
615 2690 766 2762 quod
800 2706 911 2746 non
954 2691 1028 2747 sit
1060 2691 1247 2755 Pater,
1283 2691 1377 2763 sed
1414 2692 1957 2763 praeterquam‘qund

384 2800 496 2842 non
553 2794 805 2856 generet.
864 2781 1154 2840 Manifeste
1204 2783 1591 2854 paternitatem
1642 2795 1854 2843 tantum
1902 2791 1960 2844 et

384 2879 563 2936 solam
621 2875 925 2949 generandi
987 2877 1121 2943 vim,
1156 2893 1266 2931 non
1304 2877 1547 2947 spirandi
1602 2878 1672 2935 ab
1706 2892 1774 2933 eo
1806 2878 1961 2933 aufe-

384 2989 537 3031 rens.
572 2972 655 3029 Tu
708 2987 844 3028 vero
898 2980 1082 3027 utrum
1118 2988 1221 3028 nos
1265 2988 1333 3027 an
1384 2981 1435 3027 te
1488 2972 1666 3043 ipsum
1701 2971 1958 3043 decipere

386 3067 631 3131 conaris,
665 3064 857 3122 nescio
886 3078 985 3135 per
1020 3063 1152 3118 illud
1179 3063 1292 3118 divi
1317 3061 1507 3136 Cyriili
1544 3062 1773 3119 dictum.
1798 3061 1956 3130 Quod

320 3210 321 3213 η
385 3169 445 3217 et
476 3161 522 3218 si
572 3159 873 3234 propositis
904 3158 1073 3214 rebus
1097 3157 1306 3229 aliquid
1345 3156 1531 3213 simile
1565 3158 1772 3213 habere
1806 3156 1956 3211 vide-

386 3261 502 3320 tur,
542 3253 721 3316 multo
758 3262 939 3309 tamen
972 3251 1318 3322 discrepare,
1354 3250 1399 3307 si
1449 3252 1590 3306 bene
1618 3250 1958 3315 advertatur,

383 3345 752 3418 reperiemus.
807 3343 984 3413 Quam
1026 3344 1264 3411 maxime
1313 3343 1463 3399 enim
1518 3344 1733 3411 differt,
1770 3341 1961 3398 dicere

385 3438 707 3511 quempiam
758 3437 966 3494 habere
1014 3437 1329 3493 naturalem
1374 3437 1606 3511 alicujus
1646 3438 1961 3509 pruprieta-

389 3540 526 3595 tem.
556 3530 643 3586 vel
684 3528 807 3602 ejus
853 3527 1186 3584 naturaliter
1217 3528 1606 3604 proprietates.
1657 3529 1789 3585 Nam
1822 3530 1961 3587 illud

385 3623 565 3678 solum
613 3620 682 3675 ad
740 3618 1064 3674 substantiae
1109 3618 1337 3693 respicit
1394 3617 1745 3675 identitatem
1789 3634 1805 3673 :
1858 3619 1962 3675 hoc

382 3715 698 3787 aliquarum
746 3713 1125 3786 personalium
1180 3700 1469 3768 nationum
1506 3713 1959 3769 communitatem

385 3810 685 3881 significat,
722 3822 843 3879 quae
885 3807 1216 3862 naturaliter
1265 3814 1322 3861 et
1390 3806 1833 3864 substantialiter
1865 3809 1962 3879 sit,

389 3918 463 3959 ne
525 3886 764 3971 cuipiam
850 3898 1126 3957 accidenti
1196 3908 1292 3953 aut
1332 3900 1741 3971 participationi
1806 3882 1962 3955 locus

388 3998 576 4053 detur.
610 3995 746 4051 Illud
781 4001 967 4050 autem
995 3992 1181 4048 omnia
1215 3993 1429 4049 scilicet
1450 4008 1573 4064 quae
1602 3992 1784 4050 Patris
1807 4002 1960 4059 sunt,

386 4099 444 4145 et
469 4088 714 4159 Spiritus
737 4101 861 4142 esse
886 4094 1086 4156 praeter
1110 4085 1415 4154 ingenitum
1444 4100 1566 4141 esse
1588 4102 1603 4152 ;
1628 4095 1687 4140 et
1706 4101 1965 4156 quaecun-

386 4198 497 4252 que
545 4180 670 4237 Filii
710 4188 841 4234 sunt
870 4179 1036 4233 etiam
1068 4176 1313 4247 Spiritus
1356 4191 1479 4232 esse
1511 4186 1713 4247 praeter
1741 4177 1964 4232 filiatio-

386 4290 539 4339 nem,
592 4272 781 4329 nescio
828 4270 985 4341 cujus
1037 4270 1114 4325 rei
1164 4269 1340 4340 gratia
1392 4268 1795 4346 supe'raddidit.
1850 4267 1965 4324 Nus

387 4370 537 4425 enim
588 4364 826 4421 feliciter
876 4378 941 4417 ac
994 4362 1084 4432 pie
1146 4362 1263 4416 haec
1336 4362 1522 4416 omnia
1582 4358 1959 4430 intelligimus.

1982 3113 2029 3179 C

2058 1864 2299 1929 Patrem,
2342 1878 2450 1918 non
2507 1864 2689 1929 solum
2725 1864 2833 1919 vim
2867 1861 3114 1933 spirandi
3143 1878 3492 1919 eomnumem
3517 1877 3642 1918 esse

2059 1956 2197 2014 Filio
2225 1972 2349 2012 cum
2394 1957 2559 2012 Patre
2596 1967 2822 2025 negant,
2853 1955 2950 2011 sed
2994 1954 3161 2011 etiam
3207 1954 3472 2023 Spiritum
3514 1954 3643 2014 Filii

2059 2049 2189 2106 dici.
2227 2050 2382 2115 Quod
2411 2050 2456 2105 si
2489 2048 2629 2105 bene
2652 2048 2794 2104 hanc
2826 2046 3162 2104 dementiam
3189 2047 3380 2118 fugiat,
3413 2047 3469 2103 in
3502 2048 3641 2103 alte-

2059 2159 2177 2199 ram
2210 2144 2421 2210 incidit,
2466 2144 2637 2198 multo
2660 2142 2834 2213 magis
2858 2141 3255 2207 detestandam,
3288 2141 3334 2197 si
3370 2140 3641 2211 Spiritum

2060 2247 2313 2292 sanctum
2364 2235 2577 2291 scilicet
2627 2249 2737 2291 non
2788 2234 2978 2295 dit-at.
3028 2248 3206 2302 neque
3258 2233 3464 2288 sentiat
3509 2231 3639 2288 Filii

2059 2325 2361 2399 Spiritum;
2391 2325 2535 2396 quod
2569 2324 2806 2395 denique
2840 2323 3139 2394 Scriptura
3175 2324 3322 2380 omni
3357 2323 3642 2391 adversari

2059 2419 2185 2490 quis
2222 2434 2329 2473 non
2372 2417 2564 2474 dicat?
2625 2415 2814 2488 Itaque
2853 2418 2957 2473 iste
2987 2419 3153 2474 etiam
3188 2432 3373 2473 sermo
3405 2415 3639 2472 manife-i

2004 2512 2304 2577 r.stissime
2362 2508 2797 2582 deprehenditur
2823 2510 2974 2566 omni
3031 2509 3275 2576 undique
3328 2507 3642 2585 ignorantia

2059 2604 2255 2676 plenus
2288 2618 2429 2659 esse.

2411 2738 2685 2796 Decimum
2714 2743 3087 2811 argumentum
3119 2730 3286 2791 Vacci.

2131 2881 2225 2936 lla:
2254 2881 2663 2954 Scripturarum
2694 2882 2999 2948 sententiae,
3034 2881 3089 2936 in
3115 2879 3318 2952 quibus
3344 2876 3538 2932 Patres
3567 2874 3643 2931 de

2060 2972 2349 3029 divinitate
2393 2983 2696 3033 tractantes
2729 2975 3015 3047 proprium
3053 2973 3233 3030 Patris
3265 2969 3464 3027 Filium
3510 2985 3640 3026 esse

2061 3077 2334 3128 asserunt.
2360 3076 2422 3122 ut
2446 3083 2511 3123 ex
2537 3068 2657 3140 ejus
2686 3069 2922 3123 essentia
2952 3066 3332 3141 exsistentem,
3362 3079 3426 3118 ex
3459 3076 3641 3133 eoque

2062 3173 2186 3215 esse
2215 3170 2273 3214 ut
2298 3160 2579 3231 proprium
2607 3158 2926 3216 substantiae
2946 3158 3086 3225 eius,
3111 3154 3202 3212 hi'c
3224 3154 3467 3210 collectas
3486 3162 3639 3220 sunt,

2064 3263 2125 3307 ut
2151 3254 2353 3323 cuique
2376 3252 2578 3309 volenti
2602 3252 2832 3307 facultas
2856 3250 2949 3314 sit,
2983 3249 3114 3304 hinc
3140 3247 3429 3315 manifeste
3454 3259 3638 3308 nosse.

2063 3346 2331 3416 Spiritum
2385 3343 2549 3402 etiam
2590 3344 2798 3401 idcirco
2832 3343 3114 3414 proprium
3154 3339 3277 3395 Filii
3320 3338 3454 3404 dici,
3489 3335 3638 3408 quod

2062 3455 2128 3495 ex
2156 3439 2463 3494 substantia
2491 3438 2610 3507 ejus
2639 3444 2746 3494 est.
2775 3437 3026 3507 itemque
3057 3433 3249 3496 eadem
3284 3432 3353 3492 de
3376 3445 3540 3487 causa
3567 3444 3636 3494 ex

2058 3529 2368 3586 substantia
2407 3526 2532 3581 Filii
2584 3540 2706 3581 esse
2737 3524 2964 3591 dicitur,
2994 3526 3141 3595 quod
3179 3519 3452 3594 ejusmodi
3498 3519 3635 3575 sub-

2064 3625 2279 3679 stantia:
2310 3618 2592 3693 proprium
2619 3601 2825 3676 bonum
2856 3623 2959 3675 est.
3000 3615 3156 3684 Quod
3194 3615 3360 3671 etiam
3396 3611 3638 3672 consub-

2066 3713 2475 3772 stantialitalem
2505 3711 2743 3782 Spiritus
2770 3725 2897 3767 eum
2927 3706 3066 3769 Filio
3097 3707 3358 3768 ostendit.
3387 3704 3446 3784 Si
3484 3704 3633 3761 enim

2068 3802 2373 3862 secundum
2408 3800 2704 3874 quamdam
2752 3800 2912 3857 aliam
2953 3799 3222 3856 rationem
3275 3797 3637 3862 consubstan-

2067 3895 2341 3961 tialitatis,
2365 3894 2544 3964 qualis
2581 3903 2686 3959 est,
2715 3908 2836 3964 qum
2867 3893 2936 3948 de
2961 3891 3179 3948 duobus
3200 3889 3640 3958 consubstantia-

2063 3990 2312 4048 litatibus
2352 3987 2595 4055 dicitur;
2626 3987 2682 4043 in
2727 3986 2929 4057 quibus
2978 4000 3086 4040 non
3127 3992 3210 4039 est
3257 3983 3490 4039 alterum
3540 3993 3636 4051 per

2066 4085 2324 4145 alterum.
2366 4080 2608 4150 Spiritus
2645 4089 2792 4135 esset
2828 4079 3087 4149 proprius
3123 4076 3269 4139 Filii,
3302 4091 3368 4131 ex
3400 4068 3636 4145 Filiiquo

2066 4173 2373 4231 substantia
2425 4182 2595 4235 esset,
2640 4171 2806 4226 etiam
2862 4167 3034 4224 Filius
3086 4167 3341 4239 proprius
3393 4165 3653 4237 Spiritns'

2068 4267 2265 4329 sancti,
2295 4276 2350 4321 et
2379 4281 2445 4319 ex
2470 4265 2589 4336 ejus
2611 4262 2918 4327 substantia
2948 4260 3019 4315 ob
3041 4258 3458 4314 conversionem
3487 4258 3633 4323 ejus-

2070 4360 2217 4414 modi
2258 4352 2866 4427 consubstantialitatis,
2915 4351 3063 4423 quod
3114 4364 3278 4407 nemo
3318 4357 3634 4404 sanctorum

385 4462 544 4531 Quod
579 4459 626 4515 si
672 4457 968 4529 quisquam
1021 4463 1116 4510 aut
1151 4454 1270 4522 ipse
1304 4468 1413 4508 non
1444 4445 1599 4508 bene
1626 4452 1823 4519 sentit,
1863 4462 1962 4506 aut
1994 4471 2041 4526 ι)
2069 4452 2289 4521 Patrum
2338 4464 2580 4521 unquam
2628 4446 2792 4522 dixit,
2842 4460 3024 4519 neque
3067 4446 3283 4501 dicetur
3312 4443 3383 4499 ab
3430 4440 3636 4511 aliquo,

388 4566 620 4613 ceteros
654 4552 916 4622 decipere
953 4554 1207 4615 conatur,
1257 4548 1408 4603 illius
1440 4556 1525 4602 est
1555 4548 1786 4601 crimen.
1823 4546 1962 4602 Nam

389 4650 439 4704 ei
468 4648 594 4720 quis
618 4660 650 4701 a
674 4643 890 4717 Spiritu
921 4643 1312 4714 preprietatem
1361 4638 1539 4696 Patris
1569 4639 1810 4708 auferat,
1844 4655 1965 4709 qua:

391 4750 477 4798 est
523 4726 829 4811 ingenitum
877 4728 1000 4794 esse
1033 4751 1047 4792 :
1075 4749 1411 4806 causamque
1460 4732 1579 4790 sive
1627 4732 1960 4805 principium

390 4833 625 4891 aliarum
658 4845 1046 4904 personarum,
1078 4828 1302 4905 qualem
1343 4828 1582 4898 amplius
1616 4817 1960 4896 personalem

394 4929 571 4984 Patris
621 4925 1019 5000 proprietatem
1066 4921 1117 4977 ei
1173 4918 1563 4991 derelinquet?
1597 4918 1869 4974 Similiter
1916 4916 1962 4971 si

399 5023 528 5095 quis
590 5020 787 5075 Filium
847 5016 1079 5086 Spiritui
1146 5016 1358 5084 hosque
1409 5012 1556 5067 solos
1605 5011 1671 5067 ad
1729 5010 1963 5065 invicem

392 5098 741 5183 ceiuparans,
781 5116 1008 5178 negaret
1049 5106 1317 5177 Spiritum
1349 5120 1472 5159 esse
1502 5104 1725 5167 Filium,
1752 5100 1971 5158 caeteris

388 5224 522 5278 vero
550 5186 603 5261 in
642 5204 808 5259 rebus
837 5218 966 5256 eum
997 5199 1223 5255 omnino
1254 5197 1489 5255 similem
1512 5183 1662 5249 Filio
1692 5209 1813 5249 esse
1842 5207 1968 5251 cree

391 5303 591 5368 deret:
628 5314 794 5370 quam
836 5296 887 5351 ei
940 5292 1281 5365 personalem
1320 5289 1718 5363 proprietatem
1751 5285 1965 5365 tribue-

389 5397 519 5457 ret?
550 5407 651 5449 nec
680 5391 829 5446 enim
865 5371 1151 5457 paieruam
1182 5381 1469 5439 tribueret.
1518 5378 1652 5436 Nam
1684 5394 1866 5453 neque
1898 5379 1967 5434 de

389 5489 553 5545 Patre
581 5493 705 5550 erat
741 5470 946 5545 seruio,
977 5491 1155 5548 neque
1196 5477 1262 5531 ad
1291 5476 1437 5529 hunc
1477 5472 1567 5528 illa
1600 5468 1963 5541 comparatio,

393 5593 572 5648 neque
602 5576 736 5633 licet
768 5573 833 5628 ad
862 5572 1011 5626 hunc
1042 5568 1261 5632 fuisset,
1284 5565 1495 5635 aliquid
1523 5562 1575 5619 ei
1610 5557 1966 5631 proprietatis

395 5669 578 5725 Patris
608 5648 965 5737 relinqueret.
1006 5661 1146 5719 Cum
1175 5668 1543 5729 praeterquam
1573 5650 1723 5724 quod
1754 5666 1865 5707 non
1891 5648 1963 5705 sit

398 5760 415 5831 l
444 5760 585 5824 ilius,
609 5754 807 5815 caetera
828 5756 1012 5824 omnia
1047 5752 1353 5814 secundum
1384 5748 1580 5805 Filium
1609 5745 1699 5815 sit,
1724 5756 1962 5828 curisque

2070 4541 2163 4612 qui
2192 4551 2338 4596 recte
2368 4554 2431 4595 ac
2457 4539 2547 4610 pie
2591 4537 2661 4606 de
2689 4536 2793 4593 llde
2827 4537 3078 4609 sentiret.
3110 4531 3262 4590 Talis
3291 4540 3475 4589 autem
3502 4546 3639 4587 con-

2069 4630 2504 4700 substantialitas
2524 4644 2703 4702 neque
2724 4628 2945 4718 proprie
2970 4624 3511 4693 consubstantialitas
3530 4633 3638 4687 est;

2070 4724 2167 4780 sed
2201 4723 2324 4787 illa,
2368 4739 2490 4794 quae
2526 4721 2761 4778 alterum
2795 4722 2955 4777 alteri
2985 4720 3206 4791 copulat
3240 4727 3499 4788 tanquam
3540 4731 3639 4789 per

2069 4834 2198 4873 eum
2233 4834 2301 4873 ex
2327 4833 2395 4874 eo
2425 4816 2695 4872 exsistens
2723 4815 3049 4871 naturaliter
3090 4822 3149 4869 et
3178 4810 3639 4868 substantialiter.

2069 4911 2227 4978 Quod
2268 4910 2489 4981 quidem
2540 4909 2793 4980 probabit
2824 4906 3006 4979 magni
3055 4905 3238 4964 Basilii
3277 4903 3368 4961 hic
3398 4904 3638 4961 adducta

2069 5003 2365 5066 sententia,
2394 5003 2488 5073 qui
2539 5000 2826 5057 manifeste
2866 5000 3064 5056 asserit
3118 4996 3314 5054 fratres
3364 5010 3475 5052 non
3520 4993 3631 5050 dici

2070 5099 2288 5168 proprie
2315 5096 2547 5153 invicem
2576 5090 3093 5150 consubstantiales.
3130 5090 3422 5145 Adduutur
3454 5095 3635 5143 autem

2071 5190 2341 5261 ejusmodi
2383 5188 2669 5243 sententiis
2716 5195 2773 5241 et
2795 5185 2916 5240 alim
2945 5184 3255 5246 sententiae,
3288 5196 3409 5250 qua:
3434 5178 3507 5236 ob
3536 5180 3659 5234 hoc.

2067 5283 2371 5340 ostendunt
2396 5278 2593 5336 Filium
2620 5294 2741 5335 esse
2764 5275 3289 5334 consubstantialem
3315 5272 3488 5335 Patri,
3511 5272 3638 5339 quia

2066 5393 2131 5430 es
2161 5376 2282 5444 ejus
2315 5370 2623 5429 substantia
2655 5377 2761 5434 est,
2792 5378 2852 5423 ut
2890 5381 3103 5431 omnes,
3146 5367 3239 5434 qui
3276 5363 3467 5430 velint,
3506 5362 3638 5447 hinc

2068 5467 2375 5538 intelligere
2407 5464 2643 5534 possint,
2686 5461 2890 5516 idcirco
2929 5459 3193 5530 Spiritum
3228 5466 3474 5513 sanctum
3511 5469 3638 5512 cum

2067 5560 2206 5617 Filio
2238 5554 2763 5615 consubstantialem
2802 5566 2950 5616 esse,
2978 5552 3107 5623 quia
3138 5565 3203 5605 ex
3234 5550 3354 5619 ejus
3385 5549 3641 5604 substan-

2072 5650 2145 5705 tia
2173 5659 2277 5704 est.
2316 5646 2448 5704 Item
2485 5644 2551 5700 ad
2595 5645 2695 5701 has
2731 5641 3033 5700 sententias
3067 5639 3410 5696 roborandas
3445 5648 3503 5693 et
3532 5636 3638 5693 alia

2071 5743 2289 5799 latarum
2327 5739 2472 5800 dicta
2511 5737 2833 5807 ali‘ercntur,
2861 5749 2982 5807 qua:
3006 5729 3639 5789 consubstantialitate‘ttt
