4036 6140
400 289 524 352 305

1367 297 1752 364 APOLOGIA
1793 303 2412 370 INSCRIPTIONUM
2454 309 2692 374 VIICCi.

3547 321 3652 386 306

405 401 647 506 Spiritirs
665 406 732 462 ad
754 407 978 506 Patre-at
1013 408 1323 506 Filiumque
1351 413 1476 472 inde
1497 417 1974 490 ostendunt,quod
2007 427 2048 480 Α
2082 423 2222 478 bene
2259 425 2528 497 percipio,
2564 427 2706 483 nihil
2735 429 2878 484 enim
2908 430 3022 502 ipse
3047 431 3253 488 clarum
3285 432 3458 502 dicis;
3495 436 3649 506 alqui

406 493 453 552 is
474 511 534 549 et
560 495 722 552 Patre.
754 515 850 568 per
881 498 1076 555 Filium
1105 504 1195 557 sit.

873 637 1003 693 Palu
1013 658 1111 696 ma:
1141 647 1514 702 contradictio.

471 777 739 845 Proprius
788 786 870 832 est
929 776 1102 832 Filius
1154 779 1331 834 Patris
1391 791 1450 836 ut
1501 798 1567 838 ex
1615 798 1682 838 eo
1731 784 1971 854 genitus,

398 869 707 940 eodemque
739 871 900 925 modo
923 883 976 925 et
1009 870 1250 940 Spiritus
1281 883 1500 929 sanctus
1524 888 1630 938 est,
1675 889 1734 930 ut
1765 894 1830 930 ex
1866 879 1969 932 Pa-

409 974 494 1018 tre
545 961 868 1030 procedens.
927 964 1396 1027 Quemadmodum
1459 983 1683 1038 magnus
1740 969 1970 1025 Basilius

396 1053 662 1107 adversus
697 1051 1064 1107 Eunomianos
1093 1056 1290 1110 litteris
1321 1058 1596 1112 mandavit
1619 1079 1628 1110 :
1655 1061 1966 1129 Proprieta-

395 1152 529 1204 tem.
567 1144 767 1213 inquit,
802 1144 867 1198 ad
914 1146 1126 1199 Patrem
1173 1147 1411 1217 Spiritus
1451 1151 1624 1206 sancti
1663 1154 1811 1217 novi,
1838 1155 1966 1224 quia

395 1249 426 1289 a
456 1234 618 1288 Patre
653 1235 922 1302 procedit.
959 1237 1165 1290 Dicitur
1207 1248 1384 1294 tamen
1428 1240 1548 1295 Filii
1589 1242 1845 1312 Spiritus,
1890 1247 1966 1300 si-

394 1334 490 1381 cut
535 1325 678 1380 idem
724 1335 945 1382 sanctus
974 1330 1150 1398 capite
1183 1341 1374 1386 octavo
1411 1331 1477 1385 ad
1518 1333 1964 1402 Amphilochium

395 1419 619 1482 asserit,
669 1431 726 1475 ut
758 1420 1060 1476 secundum
1094 1433 1344 1476 naturam
1376 1426 1424 1478 ei
1456 1427 1782 1498 conjunctus
1809 1447 1824 1496 ;
1849 1429 1965 1485 fieri

394 1512 542 1566 enim
593 1514 818 1568 minime
861 1524 1059 1583 potest,
1095 1532 1178 1580 ea,
1219 1533 1340 1586 qute
1387 1528 1576 1572 natura
1624 1520 1766 1575 idem
1818 1533 1963 1584 sunt,

396 1620 502 1658 non
555 1621 675 1659 csse.
727 1607 961 1661 invicem
1005 1609 1317 1678 conjuncta.
1371 1610 1488 1665 Non
1538 1611 1740 1666 dicitur
1786 1624 1964 1669 autem

394 1695 568 1750 Filius
613 1696 853 1766 Spiritus
899 1701 1096 1762 saneti,
1138 1717 1204 1754 nc
1245 1700 1485 1769 Spiritus
1537 1715 1760 1757 sanctus
1806 1705 1966 1760 Pater

388 1803 511 1841 esse
541 1788 810 1851 videatur,
838 1805 957 1843 cum
991 1788 1159 1847 Filius
1192 1792 1254 1846 ad
1290 1792 1504 1846 Patrem
1536 1795 1826 1856 referatur.
1864 1813 1962 1854 cu-

387 1880 477 1948 jus
513 1877 688 1934 Filius
714 1881 1015 1936 diceretur.
1057 1883 1266 1938 Veceus
1297 1895 1478 1939 autem
1514 1884 1615 1940 iste
1645 1903 1710 1942 ex
1744 1901 1964 1943 senten-

395 1972 487 2025 tiis
519 1971 608 2026 hic
648 1987 776 2026 sane
805 1974 1050 2028 collectis
1081 1974 1216 2029 nihil
1243 1977 1362 2030 sani
1395 1977 1630 2046 colligit;
1664 1980 1964 2048 reprehen-

388 2063 542 2117 ditur
575 2073 754 2118 tamen
776 2081 805 2118 a
836 2067 1150 2135 semetipso,
1179 2083 1301 2121 cum
1331 2068 1477 2124 dicat
1505 2070 1576 2124 ob
1606 2073 1964 2126 consubstan-

389 2154 680 2210 tialitatem
729 2172 796 2210 ex
847 2159 1151 2214 substantia
1199 2158 1319 2214 Filii
1362 2160 1626 2230 Spiritum
1672 2163 1800 2217 dici.
1853 2164 1963 2219 Nec

387 2248 539 2301 enim
589 2263 651 2303 ea
699 2248 767 2304 de
809 2264 974 2306 causa
1025 2252 1189 2306 etiam
1241 2267 1310 2307 ex
1351 2268 1584 2323 persona
1621 2253 1742 2309 Filii
1779 2265 1960 2322 esset;

389 2340 678 2409 continget
706 2343 850 2396 enim
880 2359 942 2397 ex
974 2343 1208 2399 invicem
1245 2345 1359 2399 ha‘e
1387 2362 1528 2400 esse.
1563 2346 1770 2401 idcirco
1801 2363 1963 2403 nemo

388 2430 441 2484 id
469 2446 708 2499 unquam
735 2434 988 2497 asseruit,
1018 2434 1283 2504 Spiritum
1307 2453 1372 2492 ex
1403 2453 1634 2508 persona
1660 2453 1783 2494 esse
1813 2438 1957 2506 Filii,

384 2523 486 2590 sed
525 2539 591 2579 ex
623 2540 851 2594 persona
876 2525 1078 2584 Patris.

933 2672 1136 2730 Morem
1166 2673 1416 2743 defensio.

454 2804 576 2858 Non
610 2805 786 2859 solum
819 2804 1020 2860 dixisse
1041 2807 1173 2862 satis
1199 2815 1303 2871 est,
1362 2809 1454 2862 sed
1488 2807 1652 2863 etiam
1689 2808 1956 2864 rationem

387 2898 597 2957 addere
631 2909 866 2967 oportet.
903 2899 1160 2966 Quaenam
1201 2900 1394 2956 isthmc
1423 2901 1724 2956 voluntaria
1760 2902 1959 2970 positio

383 3000 500 3053 est,
535 2991 815 3059 proprium
849 2991 1022 3046 Patris
1051 2991 1271 3052 Filium,
1293 3001 1385 3047 aut
1409 2991 1672 3061 Spiritum
1705 3004 1954 3048 sanctum

386 3086 601 3147 dicere,
634 3093 694 3139 ut
723 3086 1015 3140 essentiam
1051 3085 1314 3144 habentes
1346 3101 1410 3139 ex
1455 3086 1610 3138 Patre
1643 3105 1656 3138 :
1695 3085 1791 3140 sed
1831 3102 1957 3155 pro-

386 3179 571 3248 primn
611 3175 734 3232 Filii
782 3177 1045 3246 Spiritum
1101 3180 1344 3233 dicentes
1393 3193 1498 3234 non
1551 3178 1743 3234 eodem
1792 3178 1956 3232 modo

385 3272 720 3342 intelligere.
746 3270 891 3339 quod
919 3287 982 3325 ex
1010 3270 1147 3325 Filio
1180 3271 1392 3326 scilicet
1414 3271 1712 3326 essentiam
1735 3270 1953 3333 habeat,

380 3365 480 3420 sed
511 3379 680 3433 quem
714 3363 832 3430 ipse
865 3379 965 3431 pro
1014 3363 1174 3417 libito
1207 3363 1365 3431 quasi
1411 3363 1466 3417 in
1508 3363 1738 3416 somniis
1771 3361 1950 3432 ﬁngis.

383 3458 522 3512 Nam
550 3456 695 3525 quod
731 3455 909 3523 magni
959 3454 1140 3510 Basilii
1172 3455 1381 3510 dictum
1413 3455 1467 3509 in
1503 3456 1742 3509 medium
1774 3455 1952 3518 ducis.

383 3566 488 3622 pro
537 3548 699 3603 nobis
739 3549 944 3617 potius,
1002 3557 1058 3601 et
1103 3556 1288 3602 contra
1343 3557 1396 3602 te.
1436 3547 1735 3602 adduxisti.
1779 3545 1956 3602 Unius

379 3642 586 3698 etenim
618 3651 674 3696 et
699 3639 947 3706 ejusdem
985 3640 1088 3702 rei,
1146 3640 1292 3709 quod
1321 3641 1530 3695 scilicet
1560 3639 1797 3709 Spiritus
1828 3654 1956 3696 san-

364 3715 510 3796 .ctus
540 3734 866 3790 naturaliter
915 3732 1060 3787 Patri
1094 3742 1152 3786 et
1183 3731 1322 3786 Filio
1349 3731 1676 3800 eonjunctus
1703 3731 1797 3794 sit,
1828 3745 1954 3798 pro-

380 3829 636 3887 bationes
677 3841 930 3894 qurerens
965 3827 1158 3880 doctor
1199 3825 1600 3883 sanctissimus.
1645 3825 1786 3877 hanc
1834 3833 1956 3878 tan-

381 3937 548 3984 quam
575 3920 934 3990 potissimam.
966 3918 1112 3989 quod
1146 3919 1357 3974 scilicet
1389 3935 1452 3971 ex
1481 3917 1645 3972 Patre
1667 3915 1949 3986 procedat,

383 4013 623 4082 Filiique
662 4014 898 4076 dicatur,
937 4023 989 4068 et
1030 4011 1121 4074 sit,
1172 4011 1424 4080 producit
1464 4013 1516 4065 in
1557 4011 1813 4071 medium,
1844 4026 1952 4080 pu-

381 4117 507 4161 tans
552 4106 619 4160 ad
666 4105 811 4159 idem
862 4106 1090 4168 referre,
1137 4105 1392 4173 idemque
1424 4106 1537 4158 haec
1565 4103 1728 4157 ambo
1767 4117 1947 4171 posse.

379 4198 516 4253 Nam
553 4197 711 4265 cujus
746 4196 986 4266 Spiritus
1041 4195 1261 4256 dicitur.
1296 4211 1362 4250 ex
1411 4195 1502 4252 illo
1554 4197 1793 4264 denique
1839 4193 1952 4264 spi-

380 4299 557 4342 ratur.
579 4287 658 4341 Tu
685 4303 808 4342 vero
835 4287 1230 4342 absurditatem
1265 4289 1362 4352 rei,
1389 4301 1624 4357 suasque
1650 4289 1951 4357 positiones

379 4390 730 4450 sequentem,
765 4397 830 4436 ac
872 4383 1242 4438 necessariam
1274 4382 1708 4446 conversionem,
1736 4397 1856 4452 qua:
1881 4397 1948 4437 ex

2080 527 2269 572 nostra
2313 518 2454 574 ratio
2497 520 2624 575 inde
2656 521 2966 578 firmissime
3011 522 3342 594 roboratur;
3376 543 3647 598 nusquam

2077 611 2227 667 enim
2259 611 2504 682 reperies
2533 613 2614 668 vel
2640 613 2862 678 Filium,
2886 618 2971 671 vel
3007 619 3246 681 Patrem.
3278 635 3454 688 neque
3479 621 3646 674 sacris

2079 704 2134 758 in
2171 703 2414 765 Litteris.
2439 722 2618 775 neque
2639 707 2781 776 apud
2812 712 3084 774 doctores,
3107 727 3173 765 ex
3200 711 3504 766 substantia
3526 712 3638 779 Spi-

2079 796 2218 849 ritus
2269 798 2442 852 sancti
2497 798 2700 851 dictum
2742 813 2886 852 esse.
2938 801 3004 856 At
3055 800 3100 857 si
3147 801 3265 856 haec
3303 802 3495 863 dictio,
3533 804 3645 858 hae:-

2076 890 2385 946 substantia
2445 892 2696 948 videlicet
2745 891 2868 948 Filii
2923 905 3017 950 aut
3059 895 3237 950 Patris
3289 911 3435 959 esse,
3474 899 3644 950 solum

2080 980 2732 1048 consubstantialitatem,
2781 985 3248 1055 quemadmodum
3299 1003 3396 1042 vos
3456 989 3645 1050 vultis,

2074 1071 2427 1142 signiﬁcaret,
2479 1074 2610 1129 illud
2653 1075 2819 1129 etiam
2854 1078 3098 1140 perfecto
3129 1079 3236 1134 dici
3286 1078 3542 1134 debebat.
3586 1079 3642 1135 Si

2075 1174 2257 1219 autem
2302 1182 2466 1220 nemo
2495 1178 2812 1224 sanctorum
2844 1183 2910 1225 ex
2945 1184 3175 1239 persona
3210 1171 3331 1225 Filii
3376 1170 3642 1239 Spiritum

2074 1271 2194 1308 esse
2227 1258 2558 1324 pnudicavit,
2607 1267 2850 1314 attamen
2903 1278 2969 1317 ex
3016 1260 3154 1316 Filio
3189 1277 3333 1325 esse,
3380 1274 3544 1333 atque
3576 1278 3643 1318 ex

2075 1349 2213 1404 Filio
2239 1353 2507 1407 essistcre
2539 1353 2898 1418 allirmarunt,
2930 1374 3053 1427 quae.
3101 1359 3336 1412 maxime
3374 1359 3644 1412 exsistem

2075 1442 2204 1495 tiam
2239 1442 2476 1510 Spiritus
2515 1447 2848 1514 significant.
2889 1451 3269 1505 Occidentales
3315 1459 3495 1505 autem
3539 1451 3643 1506 Pa-

2075 1547 2188 1590 tres
2235 1547 2396 1606 atquc
2433 1537 2687 1594 doctores
2719 1542 2885 1595 etiam
2920 1559 2982 1594 ex
3017 1541 3156 1596 Filio
3181 1559 3308 1596 eum
3339 1543 3642 1612 procedere

2071 1637 2342 1682 asserunt.
2380 1629 2480 1685 Per
2503 1647 2702 1686 nomen
2731 1644 2916 1688 autem
2947 1634 3066 1689 Filii
3093 1635 3195 1688 nisi
3231 1652 3516 1703 personant
3554 1633 3646 1689 Fi-

2070 1719 2126 1774 lii
2171 1718 2465 1788 intelligas.
2494 1725 2819 1778 miraculum
2847 1737 3013 1790 essent,
3052 1736 3106 1782 tu
3143 1743 3321 1796 neque
3353 1745 3420 1782 ex
3463 1728 3640 1784 Patris

2069 1828 2301 1882 persona
2357 1813 2622 1883 Spiritum
2674 1832 2794 1872 esse
2826 1819 3084 1883 dixisses,
3118 1820 3221 1874 nisi
3253 1822 3404 1875 solus
3433 1818 3639 1890 Grego-

2066 1908 2178 1962 rius
2220 1909 2514 1980 b'ysscnus,
2552 1923 2604 1966 et
2638 1912 2683 1967 is
2725 1913 2946 1982 quidem
2979 1915 3148 1971 semel
3183 1914 3300 1969 suis
3329 1914 3385 1968 in
3423 1929 3638 1970 sermo-

2063 1999 2249 2064 nibus,
2273 2000 2539 2066 Spiritum
2558 2019 2620 2057 ex
2645 2013 2870 2072 paterna
2894 2021 3125 2074 persona
3150 2006 3450 2074 procedere
3471 2008 3640 2061 dixis-

2063 2103 2148 2147 set
2195 2111 2208 2147 :
2255 2094 2349 2148 scd
2397 2110 2521 2149 cum
2570 2111 2634 2148 ex
2687 2095 2845 2150 Patre
2893 2098 3117 2152 audires
3169 2096 3296 2167 (qua
3355 2100 3630 2154 sententia

2064 2183 2220 2251 plena
2250 2186 2429 2238 omnis
2448 2185 2732 2250 Scriptura
2753 2188 2882 2255 est),
2903 2199 3099 2244 cuncta
3131 2191 3311 2257 potius
3332 2205 3491 2259 quam
3512 2205 3636 2258 per-

2061 2291 2251 2329 sonam
2291 2276 2466 2331 Patris
2513 2278 2867 2348 intelligeres.
2917 2280 2986 2334 At
3038 2279 3143 2336 hoc
3186 2297 3347 2350 quam
3394 2281 3632 2335 maxime

2063 2368 2271 2434 puerile
2308 2376 2412 2421 est.
2450 2367 2582 2434 Quis
2620 2370 2786 2437 igitur
2819 2380 3058 2426 vestrum
3085 2373 3221 2426 nihil
3253 2373 3370 2428 sani
3397 2373 3626 2428 Conclu-

2060 2457 2172 2519 dat,
2221 2467 2373 2521 tune,
2420 2474 2488 2514 an
2524 2460 2750 2527 Veccus,
2798 2478 2980 2519 sermo
3017 2475 3207 2519 noster
3243 2463 3625 2544 dilucide-de-

2061 2551 2404 2606 monstravit.

2355 2665 2695 2724 Uurlecimttnt
2724 2680 3098 2740 argumentum
3142 2671 3313 2726 Veccr'.

2132 2777 2268 2834 Cum
2323 2781 2571 2850 quidam,
2617 2783 2905 2840 audientes
2937 2784 3204 2855 Spiritum
3262 2794 3514 2842 sanctum
3556 2801 3626 2842 ex

2061 2872 2365 2927 substantia
2428 2891 2553 2931 esse
2602 2873 2748 2939 Filii,
2788 2878 2935 2931 aliud
2959 2895 3021 2932 es
3057 2878 3364 2933 substantia
3396 2895 3514 2932 esse
3541 2878 3625 2934 di-

2059 2975 2213 3026 cunt.
2247 2967 2393 3020 aliud
2431 2984 2496 3021 ex
2535 2985 2766 3036 persona
2798 2987 2813 3028 :
2849 2986 2950 3027 nec
2983 2971 3116 3025 illud
3142 2968 3622 3039 comprehendere

2061 3067 2287 3124 possunt
2324 3060 2425 3113 huc
2456 3075 2654 3114 nomen
2701 3062 2871 3116 Filius
2923 3064 3211 3131 personale
3256 3077 3452 3116 nomen
3478 3077 3623 3128 esse,

1981 3123 2026 3185 ο
2058 3123 2114 3204 et
2157 3151 2249 3219 qui
2291 3168 2356 3206 ex
2422 3153 2727 3208 substantia
2789 3123 2935 3209 dicit
2979 3155 3141 3221 Filii,
3201 3166 3374 3211 totum
3425 3123 3621 3210 Filium

2059 3244 2296 3297 ostendit
2339 3245 2729 3312 substantiam,
2779 3248 2992 3302 scilicet
3070 3249 3487 3303 subsistentem.
3541 3250 3620 3304 Ad

2055 3349 2249 3390 eorum
2314 3337 2479 3407 igizur
2543 3341 2762 3408 ineptos
2787 3340 3168 3410 absurdosque
3197 3355 3393 3395 sensus
3434 3340 3624 3395 redar.

2055 3429 2305 3499 gueudus
2333 3432 2576 3487 Collecta-
2615 3447 2742 3486 sunt
2767 3441 2821 3487 ct
2850 3449 2928 3487 ete
2951 3433 3367 3504 Scripturarum
3397 3445 3624 3488 senten-

2059 3522 2168 3586 tia',
2228 3539 2348 3577 nunc
2403 3540 2466 3577 cx
2525 3525 2828 3580 substantia
2880 3527 3057 3581 Patris
3123 3527 3317 3581 Filium
3368 3527 3619 3597 generari

2062 3616 2380 3668 ostendunt.
2447 3617 2578 3670 Nam
2646 3619 2692 3671 si
2753 3635 2915 3672 unam
2981 3635 3098 3674 esse
3129 3620 3468 3675 nativitatem
3497 3619 3620 3674 Filii

2054 3723 2118 3763 ex
2151 3709 2311 3762 Patre
2350 3709 2606 3772 fatemur,
2633 3727 2740 3776 quo
2777 3721 2934 3778 pacto
2968 3712 3054 3765 illa
3100 3711 3323 3766 dilierre
3366 3724 3618 3777 possunt.

2053 3816 2177 3856 esse
2217 3801 2432 3856 scilicet
2482 3817 2547 3856 ex
2599 3804 2928 3867 substantia,
2983 3813 3040 3857 et
3084 3819 3206 3858 esse
3249 3816 3313 3858 es
3348 3805 3620 3871 persona?

2053 3892 2162 3950 nisi
2221 3894 2513 3964 quisquam
2570 3896 3016 3952 manifestissime
3046 3896 3484 3967 blasphemaret.
3521 3913 3619 3949 au-

2053 3986 2319 4054 deretque
2366 3987 2576 4052 dicere,
2636 3988 2800 4043 aliam
2860 3988 2979 4044 Filii
3034 4003 3155 4042 esse
3209 4002 3275 4041 ex
3301 3987 3615 4042 substantia

2052 4077 2231 4134 Patris
2280 4079 2650 4143 nativitatem,
2701 4080 2864 4136 aliam
2920 4067 3002 4135 ex,
3045 4094 3302 4148 persona.
3329 4078 3621 4133 Adduntur

2051 4171 2218 4227 etiam
2247 4179 2303 4226 et
2334 4170 2401 4226 iis
2431 4172 2722 4227 sententiis
2748 4171 2852 4226 alia
2899 4173 3123 4227 Patrum
3149 4173 3316 4236 dicta,
3341 4186 3462 4239 quae
3488 4183 3618 4236 pcr-

2055 4262 2251 4318 fectam
2293 4263 2688 4328 substantiam,
2746 4275 2802 4320 et
2830 4267 2998 4319 Deum
3035 4263 3343 4332 perfectum
3374 4264 3616 4325 Patrem,

2051 4369 2107 4413 et
2151 4357 2450 4427 perfectam
2481 4357 2847 4414 substantiam
2915 4357 3138 4421 Filium,
3199 4359 3254 4410 e't
3305 4353 3606 4426 perfectam

382 4447 492 4530 mi;
539 4475 792 4543 sequitur
819 4475 1006 4529 verbis
1051 4475 1295 4546 causam
1338 4492 1462 4533 cum
1491 4476 1731 4538 conaris.
1755 4447 1944 4530 δίδη]
1982 4476 2027 4534 ο
2055 4449 2420 4506 substantiam
2453 4449 2720 4519 Spiritum
2768 4459 3018 4505 sanctum
3042 4447 3366 4504 ostendunt.

379 4568 577 4622 nolens
595 4568 704 4622 tuis
727 4568 1059 4625 adversariis
1086 4567 1252 4624 faves.
1277 4568 1395 4625 Non
1423 4570 1570 4624 enim
1591 4569 1798 4623 dicitur
1821 4567 1946 4638 (ais)

379 4658 622 4729 Spiritus
652 4661 824 4715 sancti
853 4658 1026 4716 Filius
1051 4679 1064 4714 :
1092 4676 1161 4716 ne
1193 4660 1357 4730 hujus
1382 4646 1550 4737 Pater
1567 4658 1738 4715 Filius
1764 4659 1950 4714 videa-

379 4762 494 4818 tur,
533 4767 788 4809 asserens
816 4752 1029 4808 scilicet
1056 4763 1111 4806 et
1136 4752 1253 4821 ipse
1284 4753 1512 4808 relativa
1541 4753 1743 4811 debere
1766 4753 1834 4808 ad
1865 4754 1949 4808 in—

379 4848 557 4899 vicem
590 4845 858 4922 couverti.
896 4854 956 4898 ut
985 4861 1108 4901 cum
1144 4857 1200 4902 et
1238 4846 1477 4916 Spiritus
1519 4864 1722 4906 nomen
1762 4849 1947 4904 relati-

379 4950 504 4989 vum
573 4936 692 4990 sit:
728 4938 1191 5005 quemadmodum
1236 4948 1290 4994 et
1332 4939 1447 5009 ipse
1496 4941 1690 4995 volens
1751 4944 1946 4997 nolens

376 5025 588 5087 fateris,
623 5026 688 5080 ad
725 5029 1026 5096 spirantem
1061 5029 1278 5092 referri,
1317 5040 1482 5101 atque
1515 5047 1580 5086 es
1623 5033 1718 5087 illo
1744 5033 1942 5102 spicari

375 5114 598 5176 debere,
631 5116 788 5186 cujus
813 5127 868 5172 et
898 5118 1101 5173 dicitur
1133 5118 1396 5187 Spiritus.
1421 5121 1573 5186 Quod
1605 5132 1786 5176 autem
1814 5131 1870 5178 et
1897 5122 1943 5176 si

372 5220 440 5269 ex
476 5208 783 5273 substantia
831 5208 953 5264 Filii
1010 5211 1254 5280 Spiritus
1295 5225 1522 5268 sanctus
1551 5213 1787 5278 dicatur,
1832 5230 1940 5285 non

375 5299 558 5367 tamen
599 5297 725 5362 ideo
764 5300 1136 5356 necessarium
1177 5304 1478 5368 arbitratur
1517 5305 1682 5360 etiam
1725 5323 1790 5362 et
1823 5307 1944 5377 ejus

371 5402 608 5461 persona
657 5406 816 5455 esse,
866 5392 1164 5449 absurdum
1203 5391 1391 5451 'etiatn
1437 5396 1742 5466 quiddam;
1797 5399 1942 5453 unde

371 5481 627 5549 equidem
655 5485 838 5538 nescio
865 5484 932 5538 ad
960 5485 1063 5540 hoc
1085 5487 1568 5544 demonstrandum
1590 5493 1810 5547 conaris
1833 5492 1944 5548 eol-

371 5569 561 5641 ligere.
615 5570 709 5626 Sic
745 5572 893 5628 enim
935 5574 1017 5630 ais
1049 5593 1114 5630 ex
1176 5580 1409 5634 invicem
1454 5591 1642 5636 essent
1685 5590 1940 5652 tanquam

375 5665 637 5743 possibile
667 5665 880 5722 scilicet
902 5669 1067 5722 etiam
1093 5668 1291 5726 Filium
1320 5687 1388 5728 ex
1421 5672 1659 5742 Spiritus
1685 5675 1940 5730 substan-

380 5759 448 5820 tia
467 5755 574 5812 diei
599 5772 615 5824 ;
645 5765 703 5813 et
727 5757 934 5828 idcirco
957 5761 1121 5817 etiam
1152 5780 1216 5821 ex
1249 5765 1368 5835 ejus
1395 5781 1648 5837 persona.
1673 5768 1728 5824 Si
1759 5783 1861 5838 ego
1886 5778 1939 5824 te

2521 4564 2759 4621 Polemo:
2785 4565 3150 4619 contradictio.

2116 4678 2252 4737 Cum
2282 4679 2486 4750 aliquid
2543 4679 2709 4735 unius
2762 4680 3083 4736 substantia
3115 4697 3472 4756 personaeque
3503 4698 3608 4748 est.

2048 4785 2179 4828 tunc
2206 4775 2350 4842 quod
2386 4790 2454 4828 ex
2485 4775 2574 4828 illa
2605 4773 2912 4829 substantia
2950 4776 3276 4831 naturaliter
3309 4779 3608 4834 essentiam

2046 4865 2234 4924 habet.
2263 4880 2331 4920 ex
2359 4865 2449 4920 illa
2478 4866 2641 4920 etiam
2685 4880 2915 4934 persona
2976 4866 3223 4924 eamdem
3275 4869 3461 4930 habet,
3501 4880 3555 4925 et
3582 4886 3614 4926 e

2044 4972 2340 5013 converso.
2401 4956 2558 5024 Quod
2613 4958 2757 5013 enim
2823 4959 3037 5014 exstitit
3094 4975 3160 5016 ex
3223 4961 3314 5016 illa
3351 4977 3611 5033 persona,

2044 5052 2207 5106 ctiam
2271 5068 2337 5106 ex
2389 5052 2479 5108 illa
2549 5052 2866 5109 substantia
2895 5062 3003 5108 est.
3035 5054 3400 5112 Personarum
3430 5067 3611 5112 autem

2046 5145 2290 5214 plurium
2324 5142 2469 5210 quod
2509 5152 2690 5197 estex
2723 5143 2812 5200 illa
2871 5159 2977 5200 una
3017 5145 3353 5212 substantia,
3402 5162 3510 5201 non
3539 5163 3610 5202 ex

2045 5236 2266 5290 caeteris
2320 5233 2580 5289 omnibus
2651 5235 2924 5302 personis.
2979 5237 3074 5292 sed
3131 5253 3197 5293 ex
3229 5255 3334 5294 una
3373 5239 3610 5310 quadam

2045 5341 2236 5381 earum
2286 5334 2389 5379 est.
2445 5323 2582 5379 Cum
2662 5326 2830 5396 igitur
2885 5343 3137 5397 suprema
3184 5333 3611 5402 venerandaque

2051 5420 2295 5474 Trinitas
2347 5432 2454 5470 una
2505 5427 2717 5472 naturai
2751 5418 2807 5473 in
2853 5419 3032 5475 tribus
3067 5423 3322 5490 personis
3349 5424 3459 5488 sit,
3497 5440 3609 5482 non

2048 5521 2211 5562 omne
2236 5507 2381 5575 quod
2403 5522 2469 5562 ex
2509 5503 2868 5564 subsistentia
2893 5509 3058 5566 habet
3091 5526 3157 5566 ex
3184 5515 3416 5577 caeteris,
3440 5515 3607 5588 etiam

2045 5613 2113 5652 ex
2163 5599 2422 5653 omnibus
2480 5600 2730 5667 personis
2786 5609 2891 5665 est,
2945 5601 3041 5657 sed
3104 5617 3171 5658 ex
3228 5619 3333 5659 una
3371 5606 3606 5676 quadam

2042 5704 2231 5758 earum
2280 5691 2492 5746 scilicet
2552 5690 2748 5759 prima.
2800 5691 2937 5747 Nam
2983 5709 3048 5747 ex
3087 5694 3186 5750 hac
3222 5713 3327 5752 non
3349 5712 3468 5754 esse
3508 5715 3608 5756 nec

2046 5792 2318 5856 quaquam
2375 5787 2576 5847 potest.
2637 5779 2756 5834 Non
2804 5781 2970 5853 igitur
3018 5785 3254 5854 exalia,
3295 5787 3388 5843 sed
3412 5802 3480 5852 ex
3506 5789 3609 5852 hac
