4090 6146
406 297 514 361 3οἿ

1373 308 1886 375 BESSARIONIS
1929 316 1987 379 S.
2036 319 2112 380 Β.
2157 321 2221 384 Ε.
2265 323 2733 388 CARDINAUS

3563 331 3674 400 308

401 415 542 509 sola.
599 413 871 484 siquidem
918 433 986 473 ex
1036 434 1168 476 una.
1202 420 1358 488 Quod
1391 424 1618 493 quidem
1653 427 1710 482 in
1738 428 1982 485 bomini-
2009 434 2060 494 Α
2088 451 2319 494 necesse
2346 450 2433 494 est
2479 443 2710 498 omnino
2738 453 2885 509 emo,
2929 457 3054 500 eum
3086 460 3152 501 es
3203 432 3516 504 substantia
3567 465 3673 505 nu-

398 504 507 562 bus
531 519 696 577 patet.
735 509 870 564 Nam
909 516 1287 585 unusquisque
1338 529 1593 574 nostrum
1623 538 1687 576 ex
1724 523 1985 580 substan-

401 603 481 655 tia
507 602 730 665 quidem
769 606 896 658 Atia:
932 618 1039 666 est.
1098 609 1191 663 sed
1233 625 1341 664 non
1366 622 1454 666 est
1483 628 1548 667 ex
1569 613 1690 685 ejus
1727 632 1982 685 persona,

399 711 523 747 enin
554 713 660 750 una
703 699 1014 754 substantia
1055 701 1342 757 hominum
1375 705 1470 767 sit,
1497 708 1592 762 sed
1630 711 1816 766 multm
1852 727 1980 780 per-

400 803 648 844 sonam
700 793 971 862 principio
1025 811 1156 850 vero
1214 811 1341 852 cum
1403 797 1642 860 humana
1675 806 1984 860 substantia

401 884 494 944 sit,
523 895 687 952 atque
717 903 955 953 persona
987 891 1202 946 scilicet
1263 894 1388 948 Adae
1420 911 1531 950 una
1568 907 1734 960 esset,
1764 898 1985 968 Evaque

405 978 524 1044 ejus
582 982 900 1038 substantia
958 985 1082 1043 fuit.
1113 1003 1182 1042 ex
1210 1004 1445 1057 persona
1477 1007 1697 1061 quoque
1719 995 1837 1063 ejus
1867 993 1986 1049 for-

404 1083 544 1124 mata
615 1083 718 1127 est.
764 1076 944 1145 Atque
983 1079 1303 1149 priusquam
1340 1081 1472 1137 Cain
1523 1093 1671 1138 esset
1708 1101 1835 1139 cum
1877 1102 1985 1142 una

402 1164 517 1217 sola
552 1166 690 1221 virili
727 1169 1036 1225 substantia
1067 1189 1414 1246 personaque
1447 1179 1758 1244 exsisteret,
1793 1196 1860 1234 ex
1922 1195 1985 1234 ea

407 1273 515 1311 una
593 1261 740 1314 virili
800 1262 932 1317 Adte
988 1267 1298 1322 substantia
1374 1285 1715 1341 personaque
1769 1271 1988 1342 genitus

403 1361 492 1406 est
539 1351 694 1410 Cain.
731 1356 958 1412 Duobus
993 1370 1176 1415 autem
1215 1363 1348 1418 viris
1386 1364 1496 1433 jam
1531 1367 1831 1418 secundum
1866 1382 1988 1436 pere

404 1461 597 1500 sonam
653 1451 1056 1508 exsisteutibus
1122 1455 1308 1510 Enoch
1368 1473 1434 1512 ex
1493 1459 1623 1512 Atia:
1675 1461 1988 1518 substantia

405 1540 652 1607 quidem.
695 1559 805 1596 non
840 1557 1024 1599 autem
1084 1563 1149 1600 ex
1195 1565 1429 1617 persona
1467 1550 1589 1608 fuit.
1622 1553 1715 1606 sed
1750 1554 1816 1605 de
1855 1553 1985 1608 Cain

407 1634 524 1687 sola
583 1651 815 1703 persona
880 1640 1098 1708 genitus
1144 1651 1252 1696 est.
1298 1643 1506 1698 Vcccus
1535 1656 1719 1700 autem
1746 1646 1847 1700 iste
1884 1648 1988 1702 hoc

411 1728 465 1781 in
529 1728 654 1783 loco
717 1747 974 1788 asserens
1017 1752 1080 1789 ex
1110 1735 1236 1791 Filii
1266 1753 1498 1806 persona
1541 1739 1809 1810 Spiritum
1841 1757 1985 1818 esse.

406 1837 476 1876 eo
525 1824 673 1892 quod
737 1840 803 1880 ex
846 1827 970 1896 ejus
993 1829 1303 1884 substantia
1329 1849 1360 1886 a
1400 1834 1670 1905 theologis
1696 1850 1816 1889 esse
1849 1837 1988 1891 dici—

409 1924 521 1978 tur,
593 1932 756 1971 unam
813 1919 868 1973 in
927 1919 1038 1977 Deo
1095 1938 1388 1992 personam
1445 1927 1593 1981 sicut
1625 1923 1987 1985 substantiam

407 2022 529 2062 esse
574 2012 731 2079 ponit
756 2012 978 2078 Filium,
1008 2028 1105 2071 aut
1131 2019 1347 2076 Patrem
1390 2021 1622 2077 cumino
1651 2037 1858 2093 negans
1891 2024 1991 2080 mi-

409 2121 518 2162 ser.
583 2107 828 2181 itemque
895 2128 924 2166 a
977 2115 1096 2169 solo
1147 2115 1286 2171 Filio
1319 2117 1560 2186 Spiritus
1600 2119 1775 2173 sancti
1803 2134 1994 2175 essen.

411 2201 539 2255 tiam
576 2219 701 2259 esse
757 2208 1018 2264 ostendit.
1068 2208 1248 2279 Atque
1301 2211 1370 2266 ab
1423 2227 1622 2267 eorum
1681 2214 1863 2279 dictis,
1897 2214 1989 2283 qui

408 2290 465 2345 in
525 2291 732 2348 divinis
788 2300 1049 2364 perfecta:
1086 2300 1410 2357 substantiae
1438 2317 1561 2357 esse
1593 2304 1836 2364 Patrem.
1868 2319 1990 2374 per,

406 2383 679 2454 luctuque
749 2389 946 2445 Filium
1003 2401 1060 2446 et
1123 2394 1384 2449 similiter
1432 2395 1704 2466 Spiritum
1735 2405 1990 2452 sanctum

407 2475 703 2541 .iiﬁrmant,
728 2497 835 2536 non
869 2484 1191 2543 substantim
1233 2487 1524 2554 unitatem,
1571 2505 1634 2545 ac
1674 2491 1840 2545 trium
1871 2506 1994 2562 per-

407 2586 673 2627 sonarum
731 2575 1350 2636 incomtnutabiiitatcrn
1422 2583 1716 2654 intelligit,
1773 2584 1869 2640 sed
1933 2586 1991 2641 in

420 2665 615 2716 eadem
651 2664 922 2725 Trinitnte
947 2670 1412 2740 multiplicitatem
1441 2675 1733 2742 quamdam
1789 2686 1843 2732 et
1880 2675 1990 2732 dif-

412 2756 702 2814 ferentiam
739 2761 1068 2832 insipienter
1093 2768 1365 2836 Specutari
1393 2776 1647 2824 conatur.

954 2858 1156 2914 Niorrni
1196 2861 1450 2934 defensio.

484 2945 655 3011 Quam
691 2949 894 3004 similia
943 2951 1255 3022 decoraque
1296 2954 1353 3007 in
1411 2953 1689 3026 theologia
1741 2956 1993 3028 exempla

416 3034 723 3098 inducitis?
782 3043 828 3094 id
887 3042 1044 3097 vobis
1087 3045 1398 3098 certissime
1435 3059 1596 3101 causa
1637 3049 1846 3102 erroris
1885 3063 1988 3104 est.

413 3131 570 3197 Quod
601 3132 666 3188 de
706 3134 908 3190 divinis
930 3136 1159 3206 perinde
1191 3152 1253 3190 ac
1287 3138 1353 3192 de
1391 3138 1649 3194 humanis
1680 3141 1888 3212 sapitis,
1936 3150 1992 3198 et
2016 3160 2066 3225 ε
2097 3142 2243 3215 quod
2276 3145 2453 3200 veniae
2480 3145 2773 3216 vestigium

417 3234 588 3288 totam
628 3228 757 3283 hinc
799 3229 864 3282 ad
905 3245 968 3284 ea
1016 3231 1439 3286 similitudinem
1485 3233 1729 3290 trahitis.
1761 3235 1831 3290 At
1859 3249 1992 3291 cave

417 3337 488 3378 ne
524 3322 591 3376 de
623 3322 889 3377 ineﬂ‘ahiii
927 3324 1016 3377 ilia
1059 3323 1337 3380 Trinitate
1367 3325 1520 3381 nefas
1551 3328 1622 3382 sit
1664 3327 1737 3382 ita
1765 3330 1990 3384 sentire.

415 3414 550 3473 Nam
592 3428 650 3471 ut
683 3417 731 3473 ei
765 3418 1073 3475 divinitatis
1118 3421 1319 3486 unitas,
1353 3422 1434 3478 sic
1466 3438 1826 3490 personarum
1873 3422 1995 3480 Tri-

420 3515 567 3567 nitas
610 3524 694 3567 est
745 3517 1038 3584 servanda,
1089 3531 1156 3571 ne
1216 3527 1330 3573 tres
1383 3533 1504 3573 esse
1565 3519 1700 3573 deos
1742 3534 1991 3580 asserere

417 3610 777 3678 cogeremini,
827 3620 886 3664 ut
928 3610 1051 3665 istis
1094 3625 1190 3666 vos
1220 3612 1405 3667 verbis
1444 3612 1732 3668 manifeste
1783 3612 1988 3669 facitis.

415 3704 537 3772 Non
568 3705 714 3760 enim
743 3705 1205 3776 quemadmodum
1237 3714 1347 3761 tres
1370 3707 1621 3761 homines
1653 3706 1719 3760 ad
1753 3706 1992 3762 invicem

419 3813 772 3864 communem
826 3814 982 3864 suam
1057 3799 1263 3854 habent
1348 3799 1737 3866 substantiam,
1808 3799 1886 3858 ita
1939 3811 1995 3860 et

419 3900 622 3944 sanctae
662 3889 951 3945 Trinitatis
982 3907 1232 3962 personae
1264 3891 1509 3946 divinam
1541 3892 1866 3946 essentiam.
1911 3892 1996 3947 Si-

420 3983 642 4053 quidem
669 3985 852 4055 specie
883 3985 1012 4046 iiiis.
1047 4001 1156 4043 non
1190 4001 1422 4041 numero
1453 3985 1644 4040 eadem
1683 3985 1998 4040 humanitas

419 4086 526 4135 est.
593 4076 806 4131 Sancta:
865 4093 996 4131 vero
1041 4078 1296 4132 Trinitati
1354 4078 1545 4133 eadem
1612 4094 1844 4134 numero
1911 4087 1998 4135 est

419 4168 604 4233 divina
634 4173 908 4230 essentia.
946 4171 1062 4224 sive
1095 4171 1355 4226 divinitas
1390 4188 1404 4223 :
1437 4181 1494 4226 et
1524 4173 1732 4236 idcirco
1761 4183 1871 4227 tres
1908 4172 1998 4226 ille

422 4277 670 4333 persona:
690 4273 745 4317 et
771 4278 875 4317 una
908 4263 1170 4329 essentia,
1197 4274 1253 4318 et
1290 4279 1435 4318 unus
1465 4264 1607 4319 Deus
1631 4275 1737 4320 est.
1773 4265 1838 4329 Et
1882 4264 1999 4322 iure

424 4353 648 4427 quidem
684 4354 862 4410 tribus
920 4354 1135 4407 substat
1192 4355 1393 4409 divinis
1438 4357 1712 4424 personis,
1767 4364 1822 4412 et
1872 4371 1997 4412 cum

426 4447 662 4516 singulis
712 4461 898 4501 earum
938 4464 1106 4502 unum
1153 4449 1462 4503 subsistens
1517 4459 1621 4505 est.
1677 4448 2002 4505 Humanitas

2088 547 2242 587 mero
2271 534 2463 588 eadem
2518 538 2912 607 communique
2953 540 3024 594 sit
3072 539 3224 596 Patri
3272 551 3329 597 et
3365 539 3522 607 Filio,
3559 559 3669 597 non

2087 627 2271 695 specie
2294 629 2472 682 solum
2501 631 2806 686 secundum
2835 632 2971 690 illud
3005 632 3293 692 hominum
3321 637 3634 704 exemplum
3656 676 3672 699 ,

2087 727 2141 773 et
2189 721 2357 774 etiam
2400 722 2616 777 substet
2644 724 2854 779 divinis
2895 725 2982 781 his
3041 729 3317 795 personis,
3349 728 3668 798 paternitati

2084 813 2306 868 scilicet
2333 823 2389 869 et
2418 815 2694 871 tiliationi.
2733 815 2920 887 itaque
2976 818 3143 873 etiam
3164 834 3236 875 ex
3278 834 3377 886 sua
3406 821 3672 874 substan-

2085 909 2163 963 tia
2218 924 2563 979 personaque
2616 921 2764 966 esset
2817 911 3060 982 Spiritus
3106 924 3356 979 sanctos,
3406 913 3513 967 nisi
3560 929 3676 967 sure

2085 1005 2412 1073 proprietati
2456 1016 2805 1074 oppugnaret
2839 1024 2852 1060 :
2887 1022 3010 1064 cum
3042 1006 3230 1062 eadem
3265 1023 3500 1062 nurnero
3541 1003 3673 1060 sub-

2085 1095 2290 1148 stantia
2323 1095 2411 1149 iila
2436 1111 2503 1149 eo
2533 1097 2699 1151 etiam
2739 1097 3091 1165 pradicewr,
3123 1098 3278 1152 acili
3317 1113 3384 1153 eo
3415 1097 3675 1152 similiter

2087 1188 2325 1243 substet.
2353 1189 2496 1254 Quid
2528 1188 2695 1258 igitur
2725 1190 2896 1245 velint
2928 1191 3219 1245 dissim-ilia
3257 1191 3534 1262 exempla,
3575 1198 3673 1246 aut

2088 1281 2220 1350 quid
2255 1296 2320 1334 ex
2343 1281 2429 1335 his
2468 1282 2571 1337 iste
2615 1282 2949 1337 concludere
2979 1284 3174 1353 possit,
3211 1285 3424 1339 nescio.
3469 1281 3674 1339 Verum

2088 1373 2179 1430 hic
2201 1385 2284 1430 est
2320 1376 2791 1432 contentiosorum
2818 1391 2961 1440 mos,
2992 1377 3139 1446 quod
3163 1378 3332 1432 etiam
3360 1377 3677 1433 manifestis

2088 1483 2147 1522 se
2179 1475 2486 1537 opponunt,
2520 1479 2575 1522 et
2603 1469 2824 1524 veritati
2854 1485 3015 1524 aures
3047 1469 3338 1538 claudunt,
3369 1485 3476 1526 nec
3511 1471 3679 1526 intel-

2088 1560 2267 1630 ligunt
2326 1577 2520 1632 magna
2570 1563 2736 1616 etiam
2793 1563 3095 1633 praecipitia
3151 1563 3325 1628 adire,
3372 1564 3678 1619 dummodo

2084 1664 2284 1708 contra
2316 1653 2441 1708 illos
2477 1653 2786 1723 quidquam
2829 1669 2992 1723 agere
3019 1656 3257 1725 possint.
3301 1671 3444 1725 quos
3479 1665 3679 1726 putant

2090 1747 2194 1802 sibi
2226 1746 2571 1801 adversarios
2603 1763 2743 1804 esse.
2771 1747 2963 1814 Qualis
2989 1757 3044 1803 et
3070 1765 3314 1818 praesens
3344 1765 3530 1805 sermo
3567 1759 3670 1804 est.

2093 1839 2195 1908 Qui
2232 1840 2521 1895 manifeste
2554 1840 2606 1894 in
2633 1856 2826 1894 eorum
2861 1842 2956 1911 qui
3015 1849 3127 1898 tres
3169 1842 3304 1898 deos
3339 1851 3556 1913 putant,
3588 1842 3676 1896 in-

2093 1935 2229 1989 cidit
2265 1935 2544 1992 haeresim.
2607 1935 2708 1990 ilic
2767 1951 2898 1990 vero
2946 1951 3110 2005 quam
3161 1936 3680 2006 imprudentissimo

2092 2044 2253 2084 suum
2286 2028 2451 2084 Deum
2482 2031 2532 2083 in
2565 2030 2698 2084 alios
2727 2029 2928 2085 inferre
2951 2040 3185 2084 conatur
3211 2051 3222 2086 :
3247 2039 3302 2084 et
3328 2030 3405 2086 illi
3430 2031 3679 2102 quidem,

2093 2120 2185 2191 qui
2221 2122 2373 2189 prius
2405 2119 2639 2190 Spiritui
2668 2133 2861 2176 sancto
2903 2123 3357 2186 adversabantur,
3419 2138 3488 2178 ex
3511 2122 3680 2178 Patre

2093 2218 2181 2269 vei
2228 2214 2367 2269 Filio
2414 2230 2536 2269 esse
2589 2231 2716 2270 cum
2764 2215 3078 2276 audientes.
3129 2215 3277 2288 quod
3331 2228 3399 2269 ex
3439 2230 3678 2285 persona

2088 2307 2318 2377 quidem
2359 2323 2550 2362 eorum
2579 2318 2748 2370 esset,
2786 2308 3128 2377 recipiebant
3165 2308 3350 2377 :quod
3394 2315 3581 2365 autem
3611 2325 3680 2363 ex

2095 2416 2289 2456 eorum
2324 2401 2659 2467 substantia,
2699 2401 2992 2471 negabant.
3044 2399 3200 2456 Nunc
3245 2413 3382 2456 vero
3413 2399 3678 2453 .aiterum

2092 2496 2134 2551 ii
2201 2493 2446 2550 atrocius
2500 2495 2706 2550 bellum
2750 2495 3017 2550 inferunt.
3078 2495 3377 2564 Recipiunt
3415 2491 3562 2549 enim
3613 2507 3680 2545 ex

2095 2587 2398 2643 substantia
2431 2603 2622 2643 eorum
2651 2603 2776 2642 eum
2810 2604 2963 2645 esse:
3001 2586 3094 2642 sed
3128 2602 3198 2640 ex
3225 2601 3417 2641 eorum
3447 2577 3680 2655 persona

2096 2682 2344 2752 minime.
2406 2682 2484 2735 ita
2551 2695 2832 2751 nunquam
2893 2679 3107 2734 desistit
3174 2679 3434 2735 Ecclesiae
3480 2686 3683 2731 sanctae

2098 2773 2272 2828 hostis
2294 2773 2554 2830 scandala
2600 2772 2982 2828 disseminare.
3040 2771 3172 2838 Quae
3208 2769 3537 2840 quidem'ut
3585 2784 3684 2823 ve-

2095 2869 2253 2924 niant
2317 2882 2548 2924 necesse
2609 2879 2730 2932 est,
2801 2866 2895 2922 sed
2965 2882 3051 2922 va
3130 2865 3341 2920 homini
3401 2864 3519 2927 iiii,
3584 2877 3683 2932 per

2095 2974 2260 3030 quem
2319 2961 2577 3016 veniunt.
2642 2959 2970 3029 Quanquam
3023 2971 3078 3014 et
3142 2958 3250 3012 iiiis
3320 2957 3546 3028 quidem
3584 2971 3683 3009 ve-

2095 3054 2191 3107 nia
2253 3052 2488 3109 fortasse
2547 3051 2733 3122 aliqua
2786 3051 2965 3107 danda
3016 3058 3185 3111 esset.
3243 3049 3356 3104 imo
3396 3064 3529 3103 vero
3577 3047 3682 3103 aii-

2826 3160 2841 3198 :
2883 3159 3008 3199 cum
3046 3141 3296 3213 quzedam
3332 3143 3386 3194 in
3425 3143 3678 3197 testimo-
3737 3135 3739 3137 ’

2097 3240 2249 3294 nium
2293 3237 2568 3295 adducere
2601 3237 2893 3302 baberent,
2922 3252 3044 3307 quae
3074 3251 3143 3290 ex
3182 3233 3432 3304 personis
3479 3233 3682 3288 divinis

2094 3343 2307 3399 essent,
2335 3349 2446 3388 non
2473 3342 2658 3389 autem
2688 3348 2756 3388 ex
2794 3330 3124 3394 substantia,
3156 3329 3304 3400 quod
3341 3329 3409 3384 de
3451 3339 3679 3383 cream-

2095 3428 2175 3483 ris
2209 3436 2378 3498 patet.
2422 3427 2550 3483 istis
2591 3442 2728 3482 vero
2775 3441 3027 3498 quaenam
3067 3423 3352 3480 excusatio
3380 3424 3508 3489 erit,
3551 3437 3677 3476 cum

2095 3537 2160 3579 ex
2191 3525 2497 3578 substantia
2524 3538 2654 3578 eum
2688 3539 2810 3579 esse
2840 3523 3142 3587 fateantur,
3175 3536 3240 3574 es
3274 3532 3511 3590 persona
3544 3534 3681 3572 vero

2095 3617 2237 3687 ejus,
2281 3630 2352 3671 ex
2394 3617 2554 3687 cujus
2597 3616 2909 3672 substantia
2959 3615 3115 3671 illum
3163 3627 3301 3668 esse.
3344 3610 3682 3677 concedunt,

2096 3717 2319 3779 negent.
2371 3709 2451 3763 ita
2517 3716 2573 3766 et
2629 3708 2732 3765 sibi
2803 3708 2938 3780 ipsis
2997 3715 3054 3767 et
3116 3702 3341 3762 veritati
3399 3704 3686 3768 contraria

2096 3802 2508 3875 pugnantiaque
2539 3801 2750 3864 dicunt,

2388 3895 2770 3951 Duodecimum
2807 3903 3183 3967 argumentum
3221 3893 3392 3952 i'rcci.

2170 3989 2306 4045 Cum
2339 3990 2563 4060 quidam
2604 3990 2790 4044 dicere
2835 3989 3074 4043 audeant
3126 3988 3262 4044 iilud
3303 4003 3565 4044 emanare
3601 4003 3670 4044 ex

2100 4083 2240 4140 Filio
2294 4082 2560 4152 Spiritum
2603 4091 2855 4136 sanctum
2883 4122 2898 4144 ,
2941 4081 3187 4150 prodire,
3256 4081 3548 4151 splendere
3595 4088 3683 4134 at-

2100 4194 2208 4250 que
2270 4175 2636 4239 manifestari,
2691 4191 2800 4230 non
2861 4175 3170 4245 signiiiCare
3240 4190 3365 4230 eum
3427 4174 3684 4230 substan-

2101 4271 2306 4327 tialiter
2359 4277 2414 4323 et
2475 4268 2836 4337 personaliter
2884 4283 2950 4322 ex
3008 4267 3146 4322 Filio
3210 4281 3354 4330 esse,
3410 4265 3506 4320 sed
3558 4281 3684 4335 grav

2103 4367 2304 4420 tiarum
2358 4379 2425 4421 ex
2497 4377 2565 4418 eo
2633 4361 3004 4431 spiritualium
3057 4360 3351 4430 quamdam
3416 4360 3685 4414 tributio-

2104 4469 2267 4512 nem:
2313 4450 2381 4506 ad
2428 4465 2549 4506 eam
2596 4451 2915 4521 opinionem
2953 4449 3393 4521 redarguendam
3438 4449 3685 4504 collectae

426 4556 559 4612 vero
623 4558 802 4611 neque
867 4543 1300 4611 particularibus
1368 4543 1685 4600 hominibus
1765 4546 1999 4610 substat,
2026 4521 2080 4580 D
2107 4557 2239 4604 sunt
2264 4553 2568 4616 przesentes
2606 4546 2990 4603 auctoritates.
3021 4560 3142 4614 qua:
3167 4543 3484 4612 splendere,
3530 4557 3686 4597 ema-

428 4647 608 4705 neque
638 4649 805 4688 unum
851 4634 1164 4690 subsistens
1196 4647 1280 4691 est
1309 4651 1435 4690 cum
1470 4635 1780 4694 individuis
1814 4639 2002 4708 singu-

429 4711 519 4794 lis.
568 4725 937 4794 Quamobrem
991 4729 1136 4799 quod
1185 4746 1249 4785 es
1293 4747 1486 4786 eorum
1534 4733 1844 4788 substantia
1889 4744 2001 4798 est,

433 4822 856 4896 haudquaquam
918 4838 990 4881 ex
1075 4824 1322 4879 omnium
1377 4826 1542 4880 etiam
1593 4841 1835 4897 persona
1897 4835 2001 4883 est.

429 4920 562 4978 Cain
597 4917 798 4986 quippe
833 4932 956 4978 cum
1021 4933 1087 4981 ex
1128 4919 1260 4979 Ade
1311 4931 1478 4990 atque
1520 4921 1654 4976 Abei
1698 4922 2003 4977 substantia

431 5019 742 5078 naturaque
765 5011 860 5074 sit,
885 5024 958 5064 ex
999 5009 1130 5066 Ade
1155 5011 1381 5079 quidem
1413 5015 1579 5067 etiam
1609 5029 1845 5082 persona
1888 5023 2004 5079 est;

429 5117 539 5162 non
574 5103 834 5172 queniam
864 5116 933 5157 ex
977 5103 1125 5158 illius
1150 5104 1454 5159 substantia
1481 5106 1607 5168 fuit,
1642 5107 1735 5162 sed
1766 5108 1892 5176 quia
1940 5123 2008 5162 ex

430 5198 548 5266 ejus
570 5211 801 5266 persona
817 5206 918 5261 est,
945 5212 1068 5252 eum
1087 5197 1270 5267 ipsum
1292 5214 1515 5253 causam
1541 5199 2010 5269 habensExlAbei

430 5302 613 5360 autem
637 5290 940 5344 substantia
963 5307 1085 5345 cum
1104 5291 1196 5354 sit,
1221 5307 1330 5345 non
1356 5302 1536 5348 tamen
1553 5309 1618 5348 ex
1638 5293 1758 5363 ejus
1776 5307 2008 5363 persona

429 5384 671 5454 eat,quia
695 5400 924 5454 persona
943 5388 1075 5442 Abel
1092 5403 1197 5443 non
1214 5388 1571 5450 uumero,sed
1590 5389 1773 5456 specie
1797 5397 2009 5441 tantum

432 5480 571 5533 Adae
611 5479 931 5534 substantia:
983 5480 1395 5546 communicat;
1457 5496 1636 5550 neque
1702 5482 2010 5535 subsisten-

432 5581 541 5626 tem
576 5571 631 5624 in
663 5587 723 5625 se
755 5571 920 5625 habet
965 5587 1122 5626 suam
1160 5572 1528 5626 substantiam
1558 5611 1572 5634 ,
1627 5587 1803 5640 neque
1842 5587 2011 5624 unum

435 5663 745 5718 subsistens
769 5679 897 5717 cum
926 5678 1171 5733 persona
1200 5665 1468 5718 secunda.
1504 5664 1574 5718 At
1605 5680 1738 5718 vero
1769 5665 1914 5734 quod
1945 5680 2013 5718 ex

439 5753 619 5807 Patris
665 5751 904 5821 Filiique
948 5752 1262 5808 substantia
1307 5765 1414 5816 est,
1485 5771 1552 5809 ex
1599 5771 1788 5808 eorum
1846 5755 2012 5809 etiam

445 5861 683 5916 persona
730 5846 873 5915 nihil
921 5845 1183 5930 prohibet
1236 5847 1367 5917 quin
1417 5850 1545 5904 ξηιιά
1590 5849 1680 5903 sit.
1725 5850 1836 5904 imo
1884 5865 2014 5917 vero

2106 4656 2239 4695 nare
2292 4648 2459 4707 atque
2481 4635 2820 4692 manifestari
2847 4636 3046 4692 Filium
3073 4652 3138 4690 ex
3165 4635 3330 4691 Patre
3358 4636 3684 4690 ostendunt.

2106 4731 2280 4786 Nemo
2329 4728 2478 4786 enim
2537 4743 2780 4798 unquam
2838 4729 3049 4785 diceret
3098 4742 3208 4783 non
3253 4743 3534 4793 emanare,
3577 4743 3689 4782 nou

2109 4822 2448 4892 splendere,
2529 4836 2639 4876 non
2693 4820 3036 4877 manifestari
3119 4820 3562 4876 substantiaiiter
3620 4835 3686 4875 ex

2109 4917 2266 4972 Patre
2296 4915 2521 4982 Filium,
2557 4915 2651 4970 sed
2683 4913 2804 4989 ejus
2828 4916 3053 4986 gratias,
3089 4914 3376 4969 autdona.

2576 5008 2822 5064 Palamw
2853 5009 3228 5066 contradictio.

2178 5102 2339 5170 Quod
2363 5119 2430 5158 ex
2457 5103 2667 5172 aliquo,
2697 5103 3193 5171 autgeneratione,
3217 5111 3312 5158 aut
3331 5101 3690 5174 processione

2109 5198 2410 5259 essentiam
2443 5197 2630 5259 habet,
2662 5212 2728 5250 ex
2769 5211 2837 5251 eo
2879 5197 3046 5250 etiam
3105 5197 3352 5266 prodire.
3386 5204 3444 5252 et
3482 5193 3690 5260 emitti,

2114 5304 2172 5350 et
2229 5291 2528 5361 splendere
2581 5289 2808 5352 dicitur,
2871 5298 2928 5344 et
2980 5289 3296 5357 ejusmodi:
3333 5305 3448 5344 non
3504 5297 3688 5343 tamen

2112 5384 2382 5456 quidquid
2435 5383 2639 5454 prodit,
2696 5394 2792 5437 aut
2839 5383 3131 5447 emittitur,
3185 5391 3281 5437 aut
3325 5382 3580 5451 splendet
3620 5395 3687 5436 ex

2113 5477 2240 5539 alio,
2297 5475 2461 5529 habet
2506 5475 2672 5529 etiam
2742 5491 2809 5529 ex
2863 5475 2954 5529 ilio
3001 5490 3095 5544 per
3149 5474 3561 5543 generationem
3603 5471 3689 5527 vei

2115 5569 2528 5639 processionem
2591 5569 2911 5629 essentiam,
2950 5576 3113 5636 atque
3153 5569 3206 5619 in
3240 5565 3462 5637 propria
3504 5563 3690 5619 subsi-

2122 5662 2323 5716 stentia
2359 5670 2462 5715 est.
2514 5660 2583 5714 At
2616 5661 2739 5723 iste,
2771 5662 2864 5730 qui
2915 5660 3012 5715 bas
3057 5659 3282 5729 collegit
3309 5659 3692 5721 auctoritates,

2119 5754 2414 5824 impudens
2443 5756 2558 5823 ipse
2585 5769 2649 5808 ac
2699 5751 3032 5808 temerarius
3063 5767 3186 5807 cum
3217 5751 3309 5817 sit,
3345 5749 3686 5806 temeritatis

2121 5849 2242 5904 illos
2277 5857 2516 5913 accusat,
2552 5847 2643 5916 qui
2697 5846 2780 5915 pic
2817 5861 2880 5902 ac
2923 5855 3068 5907 recte
3109 5846 3177 5901 de
3218 5843 3421 5901 divinis
3443 5853 3686 5914 sapam.
