4036 6140
361 261 471 332 313
1450 258 1891 348 ltEFUTitTIO
1930 259 2114 320 MAX.
2152 253 2549 321 PLANUDE.
3507 254 3612 322 3M

358 363 452 428 δύο
484 372 768 445 ἑκάτερον,
800 374 899 428 ὅσα
929 376 955 428 6
987 373 1202 444 Πατὴρ,
1235 370 1372 442 πλὴν
1401 371 1507 426 τῶν
1531 369 1929 439 ἀντικειμένων

2043 368 2179 422 niam
2219 383 2331 423 non
2376 369 2677 439 opponitur
2724 369 2842 440 ejus
2879 368 3102 426 rationi.
3145 369 3400 426 Omnium
3456 374 3606 426 enim

359 464 523 536 αὐτῷ,
555 464 635 529 ὡς
673 466 911 537 εἴρηται.
959 467 1113 520 Ἐπεὶ
1141 463 1233 520 οὖν
1265 467 1292 519 6
1321 465 1509 535 Πατὴρ
1556 464 1670 532 ἔχει
1700 464 1760 517 τὸ
1798 478 1929 532 προ-

2043 476 2164 531 qua:
2192 476 2298 515 non
2322 471 2678 530 opponuntur
2713 464 2907 517 rationi
2945 463 3301 532 proprietatis
3332 464 3608 532 ipsorum,

361 557 578 614 ϐάλλειν
605 559 666 612 τὸ
697 560 920 629 Πνεῦμα
959 559 1020 612 τὸ
1051 559 1227 627 ἆγιον,
1254 557 1414 612 τοῦτο
1456 557 1512 609 δὲ
1542 557 1617 625 τῷ
1655 556 1749 608 τοῦ
1803 553 1928 608 Υἐοῦ

2043 568 2385 621 unaquaeque
2415 555 2602 608 divina
2633 570 2872 625 persona
2909 556 3188 626 particeps
3212 565 3318 620 cst,
3339 565 3393 609 et
3425 556 3611 608 omnia

361 646 502 718 λόγῳ
531 647 629 700 οὐκ
671 649 1031 710 ἐναντιοῦται,
1069 650 1124 699 ὲν
1159 647 1233 715 τῷ
1269 646 1464 714 γεννᾷν
1496 646 1661 698 αὐτὸν
1699 646 1931 699 δέδωκεν

2043 645 2202 699 habet
2241 656 2476 714 utraque
2528 663 2785 717 persona,
2849 664 2968 718 qua:
3027 648 3192 702 habet
3231 649 3409 707 Pater.
3449 663 3607 702 exc-eo

360 739 510 808 αὐτῷ
533 740 592 793 τδ
615 740 674 804 ἐξ
704 739 871 792 αὐτοῦ
903 738 1153 807 προϊέναι
1180 739 1238 791 τὸ
1272 737 1496 808 Πνεῦμα
1531 737 1593 788 τὸ
1623 735 1798 804 ἅγιον,
1838 737 1932 789 xxi

2043 739 2167 806 ptis,
2205 755 2324 807 qum
2355 739 2454 808 ipsi
2492 753 2866 808 opponuntur,
2895 741 3176 795 utdictum
3209 749 3313 794 est.
3342 740 3610 806 Quoniam

361 831 419 892 έξ
447 831 774 901 ἀμφοτέρων
819 831 892 895 ὡς
925 831 1034 884 ἀπὸ
1082 831 1200 893 ἑνὸς
1244 828 1381 883 Θεοῦ
1429 828 1523 882 καὶ
1581 830 1710 897 μιᾶς
1754 829 1935 897 πηγῆς

2043 830 2209 897 igitur
2251 831 2412 884 Pater
2463 834 2628 886 habet
2686 833 2991 902 producere
3034 833 3302 902 Spiritum
3335 842 3610 896 sanctum,

359 925 452 977 καὶ
485 926 657 995 ἀρχῆς
691 925 1110 995 ἐκπορεύεσθαι.

2047 921 2153 977 hoc
2185 938 2316 976 vero
2365 923 2568 977 rationi
2602 923 2724 978 Filii
2767 941 2877 980 non
2908 925 3256 990 adversatur,
3284 926 3412 979 dum
3446 939 3615 995 gene-

357 1024 439 1071 rat
477 1031 629 1082 eum,
657 1017 750 1070 dat
799 1015 901 1086 ipsi
947 1024 1004 1072 ut
1035 1031 1100 1071 ex
1165 1015 1284 1085 ipso
1323 1011 1704 1085 proﬁciscatur
1745 1010 1985 1083 Spiritus
2035 1020 2282 1077 sanctus,
2323 1023 2377 1066 ct
2406 1027 2468 1067 es
2513 1013 2780 1070 ambobus
2817 1024 3070 1085 tanquam
3098 1015 3167 1069 ab
3217 1030 3325 1068 uno
3388 1015 3520 1080 Dco,
3557 1023 3613 1067 et

361 1124 471 1166 uno
507 1109 662 1164 fonte
689 1121 743 1165 et
768 1107 1042 1178 principio
1083 1108 1364 1180 procedat.

1614 1199 1900 1273 Responsio
1932 1197 2081 1254 Petri
2115 1200 2356 1255 Arcnu'ii.

428 1321 722 1377 Possemus
755 1323 922 1378 etiam
965 1339 1090 1377 cum
1132 1321 1439 1393 Augustino
1474 1336 1642 1375 serm.
1675 1334 1712 1374 ιι
1760 1319 1836 1374 De
1883 1317 2069 1373 verbis
2111 1320 2326 1374 Domini
2371 1331 2502 1375 tom.
2536 1318 2602 1382 Χ,
2639 1337 2688 1375 c.
2721 1319 2811 1385 2|),
2855 1322 2908 1375 in
2949 1321 3054 1378 line
3078 1323 3434 1392 respondere.
3484 1323 3612 1380 Ideo

359 1415 592 1468 societas
619 1415 849 1469 unitatis
874 1413 1133 1468 Ecclesia:
1161 1415 1278 1477 Dei,
1305 1425 1456 1468 extra
1484 1429 1646 1482 quam
1683 1427 1794 1465 non
1831 1411 1889 1463 lit
1917 1411 2036 1480 ipsa
2075 1411 2329 1466 remissio
2367 1423 2742 1483 peccatorum,
2772 1424 3028 1484 tanquam
3061 1419 3344 1484 proprium
3367 1424 3451 1470 est
3477 1431 3616 1486 opus

358 1505 599 1575 Spiritus
619 1507 820 1572 sancti,
864 1508 1024 1562 Patre
1045 1524 1175 1562 sane
1207 1518 1262 1562 et
1309 1507 1448 1563 Filio
1495 1506 1958 1576 cooperantibus;
2007 1505 2137 1576 quia
2161 1508 2392 1562 societas
2435 1519 2520 1563 est
2566 1509 2969 1580 quodammodo
3013 1509 3190 1564 Patris
3237 1520 3293 1564 et
3333 1502 3456 1566 Filii
3495 1511 3614 1577 ipse

359 1601 599 1669 Spiritus
636 1613 880 1657 sanctus.
907 1602 1044 1657 Nam
1070 1603 1232 1657 Pater
1263 1619 1369 1656 non
1404 1601 1779 1657 communiter
1808 1601 2044 1654 habetur
2073 1601 2234 1653 Pater
2262 1616 2291 1655 a
2322 1602 2461 1656 Filio
2499 1619 2552 1657 et
2582 1603 2792 1673 Spiritu
2832 1614 3049 1668 sancto,
3081 1605 3210 1674 quia
3239 1619 3346 1657 non
3381 1617 3466 1659 est
3505 1605 3612 1658 Pa-

361 1706 441 1749 ter
469 1693 780 1748 :unborurn.
816 1695 884 1749 Et
905 1694 1076 1750 Filius
1108 1712 1216 1750 non
1241 1697 1610 1752 communiter
1633 1695 1866 1748 habetur
1898 1692 2071 1748 Filius
2100 1709 2130 1748 a
2155 1693 2314 1748 Patre
2335 1704 2391 1750 et
2416 1695 2625 1764 Spiritu
2657 1706 2868 1762 saneto,
2895 1699 3021 1766 quia
3048 1715 3154 1752 non
3189 1711 3275 1754 est
3299 1699 3469 1753 Fil'us
3503 1713 3619 1752 am-

357 1785 579 1843 borum.
619 1788 865 1858 Spiritus
887 1803 1068 1846 autem
1100 1806 1327 1847 sanctus
1353 1793 1721 1858 communiter
1748 1791 1982 1844 habetur
2009 1804 2041 1842 a
2070 1788 2230 1843 Patre
2276 1798 2334 1845 et
2374 1790 2533 1855 Filio,
2556 1792 2684 1860 quia
2710 1792 2950 1862 Spiritus
2993 1803 3080 1847 est
3120 1808 3262 1846 unus
3298 1793 3616 1846 amborum.

605 1885 880 1954 Μαξίμου
919 1888 1338 1955 συλλογισμίς
1370 1885 1672 1953 δεύτερος.

431 1974 555 2026 Ἔτι
602 1975 636 2043 ἡ
675 1976 772 2044 μὲν
823 1979 990 2047 μονὰς
1027 1978 1356 2045 ταυτότητός
1403 1981 1551 2030 ἐστιν
1596 1978 1767 2042 αἰτία,
1807 1975 1841 2045 η
1878 1973 1933 2028 δὲ

359 2066 488 2130 δυάς
541 2068 884 2137 ἑτερότητος.
917 2068 1081 2121 'O’Jev
1127 2070 1154 2120 6
1185 2068 1310 2131 Υἱὸς
1363 2075 1460 2122 καὶ
1497 2069 1557 2120 τὸ
1603 2067 1828 2136 Πνεῦμα
1874 2066 1933 2118 τὸ

360 2156 534 2225 ἅγιον,
567 2157 639 2220 ὡς
674 2157 774 2227 μὲν
806 2157 865 2222 ἐξ
893 2160 1009 2220 ἑνὸ,
1046 2157 1139 2211 τοῦ
1170 2160 1380 2230 Πατρὸς
1422 2158 1574 2222 ὄντα,
1607 2159 1802 2210 ταυτὸν
1830 2156 1930 2226 τῆς

360 2250 578 2316 φύσεως
622 2248 874 2319 ἀλλήλοις
924 2254 1018 2302 καὶ
1045 2251 1123 2318 τῷ
1168 2253 1344 2320 Πατρὶ
1382 2249 1616 2320 ἔχουσιν·
1650 2249 1723 2312 ὡς
1754 2248 1810 2301 δὲ
1838 2247 1932 2301 δύο

361 2343 526 2394 πάλιν
553 2342 702 2407 ὄντα,
729 2342 893 2412 ἕτερά
918 2344 1064 2396 ἐστιν
1093 2342 1341 2414 ἀλλήλοις
1372 2345 1467 2395 καὶ
1489 2341 1566 2411 τῷ
1596 2340 1770 2410 Πατρὶ
1797 2341 1936 2392 κατὰ

361 2433 456 2497 τὰς
494 2433 842 2500 ὑποστάσεις,
888 2434 1005 2488 ἀλλ’
1051 2437 1111 2488 οὺ
1161 2436 1258 2506 τὴν
1308 2433 1490 2505 φύσιν.
1527 2436 1601 2487 Οὐ
1655 2437 1763 2502 γὰρ
1810 2432 1935 2501 ἐνῆν

363 2529 534 2581 ταυτα
567 2528 667 2598 τὴν
699 2528 862 2597 φύσιν
905 2529 1057 2595 ὄντα,
1090 2528 1188 2582 καὶ
1233 2529 1399 2598 ἰτερα
1443 2527 1608 2581 πάλιν
1652 2526 1793 2579 κατὰ
1841 2528 1938 2595 τὴν

365 2619 527 2688 φύσιν
561 2615 722 2674 εἶναι.
747 2619 811 2673 Εἰ
842 2621 941 2691 μὲν
971 2619 1064 2675 οὖν
1091 2622 1197 2691 ἄρα
1225 2620 1285 2686 ἐξ
1315 2621 1460 2686 ἐνὸς,
1485 2619 1735 2672 τουτέστι
1772 2617 1937 2688 μόνον

361 2713 458 2766 τοῦ
491 2713 707 2783 Πατρδς
732 2719 823 2767 καί
849 2715 908 2768 τὸ
943 2712 1167 2781 Πνεῦμα
1193 2713 1540 2785 προέρχεται,
1575 2709 1632 2764 ἓν
1661 2712 1815 2779 ἔσται
1845 2707 1940 2761 καὶ

363 2803 564 2856 ταυτὸν
609 2803 742 2857 αὐτὸ
783 2805 983 2874 ἐαυτῷ·
1027 2805 1157 2858 εἰδὲ
1189 2807 1252 2857 ὲκ
1284 2803 1398 2868 δύο,
1430 2803 1676 2856 τουτέστι
1727 2798 1937 2870 Πατρὸς

363 2897 460 2947 καὶ
496 2894 648 2962 Υἰοῦ,
677 2896 865 2966 ἕτερον
894 2895 1048 2949 ἔσται
1080 2896 1211 2949 αὐτὸ
1244 2896 1440 2966 ἐαυτῷ·
1474 2895 1546 2957 ὡς
1579 2894 1645 2948 ἂν
1673 2893 1799 2947 ἄλλο
1837 2893 1938 2961 μὲν

364 2987 424 3042 ὃν
453 2987 513 3043 τὺ
545 2990 609 3044 ἐκ
635 2988 728 3042 τοῦ
765 2990 1000 3061 Πατρὺς,
1033 2991 1162 3044 ἄλλο
1193 2989 1250 3043 δὲ
1289 2987 1348 3042 τὸ
1375 2990 1440 3042 ὲκ
1462 2987 1554 3042 τοῦ
1592 2985 1744 3040 Υἰοῦ.
1789 2983 1940 3037 Ἐπεὶ

367 3082 479 3152 γὰρ
506 3082 667 3145 ἄλλος
697 3087 797 3152 μὶν
824 3085 853 3137 6
882 3083 1088 3154 Πατὴρ,
1113 3083 1269 3143 ἄλλος
1297 3081 1353 3137 δὲ
1375 3085 1402 3136 6
1435 3081 1581 3146 Υἱὸς,
1607 3080 1820 3147 ἀνάγκη
1845 3075 1938 3129 καὶ

378 3175 501 3230 Ποῦ
529 3175 756 3246 Πνεῦμα
796 3177 925 3233 άλλο
956 3177 1049 3230 καὶ
1081 3175 1209 3232 ἄλλο
1239 3170 1402 3228 εἶναι’
1432 3171 1593 3225 τοῦτο
1625 3169 1681 3223 δὲ
1714 3169 1938 3223 ἄτοπον.

367 3268 433 3323 Et
457 3270 515 3323 δὲ
550 3269 701 3338 λέγοι
727 3286 812 3334 τις
848 3270 961 3334 πῶς
994 3270 1055 3323 τὸ
1094 3270 1154 3334 ἐξ
1187 3269 1350 3324 άλλου
1381 3267 1478 3321 καὶ
1506 3264 1666 3318 ἄλλον
1696 3262 1791 3317 τοῦ
1830 3277 1937 3314 πα-

365 3364 494 3436 τρὸς
520 3365 613 3418 καὶ
637 3365 733 3436 τῆς
759 3365 967 3435 μητρὸς
999 3366 1189 3416 τέκνον
1211 3362 1312 3415 οὐκ
1333 3361 1464 3415 ἄλλο
1488 3360 1581 3414 καὶ
1613 3357 1742 3412 ἄλλο
1770 3355 1940 3419 ἐστὶν,

367 3456 487 3510 ἀλλ’
519 3447 611 3524 Et};
665 3457 900 3528 ἐροῦμεν
949 3458 1032 3512 ὅτι
1077 3457 1176 3526 οὐχ
1224 3454 1413 3518 ἁπλῶς
1464 3455 1612 3506 ἐστιν
1659 3451 1740 3518 ἓν,
1804 3448 1942 3503 ἀλλὰ

2362 1883 2585 1938 Μειπὶιηὶ
2630 1886 2965 1956 syllogismus
3020 1888 3295 1943 secundus.

2111 1972 2382 2028 Pratterca
2428 1977 2614 2032 unitas
2676 1977 2897 2045 quidcan
2951 1980 3115 2031 causa
3166 1989 3251 2032 cst
3289 1977 3614 2042 identitatis,

2039 2063 2276 2119 dualitas
2301 2081 2432 2120 vero
2464 2067 2822 2122 diVersitatis.
2856 2066 3038 2132 Quare
3065 2068 3237 2122 Filius
3279 2078 3334 2122 et
3371 2068 3615 2138 Spiritus

2037 2166 2267 2212 sanctus
2295 2160 2366 2212 ab
2399 2173 2509 2212 uno
2538 2159 2694 2214 l’atre
2723 2161 3075 2223 cxsistentcs,
3126 2161 3469 2214 idcntitatetn
3509 2175 3613 2214 na-

2037 2260 2171 2302 tura:
2206 2250 2273 2304 ad
2301 2250 2535 2305 invicem
2559 2260 2612 2304 ct
2639 2267 2762 2305 cum
2799 2251 2960 2305 Patro
2985 2253 3212 2306 habent.
3249 2252 3316 2307 Ut
3339 2268 3470 2306 vero
3490 2267 3615 2306 rur-

2036 2356 2130 2396 sus
2157 2342 2268 2394 duo
2302 2350 2452 2407 sunt,
2481 2341 2712 2396 diversae
2742 2351 2871 2396 sunt
2910 2343 2976 2396 ad
3017 2341 3251 2398 invicem
3273 2355 3328 2398 et
3356 2359 3479 2398 cum
3513 2343 3612 2397 Pa-

2039 2442 2120 2487 tre
2153 2436 2457 2488 secundum
2488 2436 2836 2507 bypostases.
2866 2454 2975 2490 non
3003 2440 3306 2492 secundum
3335 2448 3611 2493 naturam.

2036 2525 2153 2580 Non
2175 2528 2322 2582 enim
2343 2528 2561 2592 licebat.
2590 2544 2712 2584 cum
2749 2531 2942 2585 eadem
2980 2539 3174 2585 natura
3202 2541 3410 2599 essent,
3443 2531 3612 2586 etiam

2038 2616 2141 2669 alia
2171 2633 2390 2672 rursum
2421 2620 2726 2675 secundum
2783 2631 3036 2677 naturam
3093 2638 3240 2678 esse.
3271 2622 3327 2680 Si
3353 2624 3519 2695 igitur
3546 2640 3614 2678 εκ

2039 2721 2150 2761 uno
2181 2707 2398 2763 scilicet
2437 2711 2556 2764 solo
2589 2709 2748 2765 Patre
2778 2712 3018 2781 Spiritus
3049 2713 3437 2781 proﬁciscitur,
3473 2730 3616 2768 unus

2037 2800 2145 2852 erit
2172 2810 2226 2854 ct
2258 2801 2400 2855 idem
2423 2803 2540 2871 ipse
2574 2804 2705 2859 sibi.
2733 2804 2828 2858 Sin
2859 2820 2924 2858 ex
2954 2806 3193 2871 duobus,
3223 2806 3384 2861 Patre
3407 2808 3619 2862 scilicet

2037 2905 2094 2947 et
2118 2893 2277 2960 Filio,
2305 2895 2565 2951 aliuserit
2590 2899 2703 2967 ipse
2730 2898 2881 2963 sibi;
2917 2907 3176 2968 tanquam
3205 2900 3299 2970 qui
3320 2900 3463 2954 alius
3491 2902 3618 2970 qui.

2040 2985 2163 3039 dem
2195 2985 2267 3040 sit
2303 3003 2368 3042 ex
2404 2987 2586 3050 Patre.
2618 2991 2758 3044 alios
2789 2988 2920 3044 vero
2955 2991 3028 3044 sit
3053 3007 3118 3045 ex
3155 2992 3311 3046 Filio.
3345 2990 3617 3058 Quoniam

2040 3074 2187 3130 enim
2207 3075 2347 3130 alius
2372 3086 2456 3130 est
2487 3078 2670 3141 Pater,
2694 3079 2832 3132 alius
2858 3079 3048 3141 Filius,
3083 3084 3396 3136 necessario
3410 3092 3466 3136 et
3495 3079 3618 3152 Spio

2042 3165 2185 3221 ritus
2215 3165 2336 3220 Filii
2358 3166 2497 3221 alius
2525 3179 2579 3222 et
2610 3171 2752 3223 alius
2773 3169 2877 3237 sit;
2897 3171 2946 3224 id
2987 3187 3121 3225 vero
3155 3174 3455 3227 absurdum
3510 3184 3616 3228 cst.

2041 3255 2198 3324 Quod
2228 3257 2276 3312 si
2300 3257 2502 3314 dixerit
2544 3261 2766 3331 aliquis,
2810 3265 3089 3332 quomodo
3123 3265 3217 3335 qui
3273 3281 3339 3321 ex
3382 3276 3535 3336 patre
3561 3277 3620 3322 ct

2043 3360 2220 3406 matre
2269 3353 2434 3418 titius,
2481 3371 2590 3410 non
2638 3357 2781 3411 alius
2821 3369 2879 3412 et
2927 3359 3069 3412 alius
3119 3368 3244 3422 est,
3297 3360 3394 3414 sed
3451 3375 3618 3425 unus,

2045 3448 2462 3512 respondemus,
2509 3447 2656 3516 quod
2696 3464 2805 3502 non
2848 3449 3172 3518 simpliciter
3199 3460 3282 3505 est
3325 3467 3487 3517 unus,
3521 3453 3616 3506 scd

368 3545 633 3602 σύνθετον
662 3548 727 3602 εκ
762 3565 815 3601 τε
845 3547 940 3601 τοῦ
997 3548 1315 3618 σπέρματος
1343 3542 1438 3598 τοῦ
1469 3542 1674 3613 πατρὸς
1699 3541 1798 3594 καὶ
1827 3540 1936 3592 τῶν

2045 3537 2384 3608 compositus
2409 3554 2474 3593 ex
2497 3541 2707 3596 semine
2731 3542 2902 3606 patris
2944 3554 3000 3596 et
3022 3543 3380 3614 sanguimbus
3409 3545 3617 3602 matris.

367 3643 621 3713 αἱμάτων
653 3642 752 3712 τῆς
786 3642 1016 3714 μητρός.

841 3758 1175 3826 Ἀπόκρισις
1210 3756 1479 3826 δευτέρα.

439 3853 695 3926 Εἴρηται,
731 3855 816 3907 δτι
911 3852 1076 3922 μονὰς
1107 3852 1202 3904 καὶ
1225 3851 1355 3914 Θεὸς
1379 3845 1461 3913 εἷς
1495 3853 1524 3905 6
1570 3850 1758 3923 Πατὴρ
1789 3848 1882 3906 le
1911 3848 1942 3904 6

370 3947 520 4013 Υἱὸς,
557 3949 652 4001 καὶ
691 3947 752 4000 τδ
785 3946 1012 4016 Πνεῦμα
1057 3945 1384 4016 προάγουσι·
1416 3946 1508 3998 καὶ
1539 3945 1628 4000 διὰ
1668 3944 1826 3999 τοῦτο
1875 3945 1940 3998 οὐ

367 4036 590 4092 δύναται
638 4038 733 4091 καὶ
776 4037 974 4090 ταυτὸν
1017 4034 1214 4089 ἑαυτοῦ
1266 4039 1360 4089 καὶ
1411 4033 1598 4104 ἕτερον
1636 4033 1835 4088 ἑαυτοῦ
1879 4033 1942 4087 τδ

371 4131 597 4200 Πνεῦμα
623 4130 685 4183 τὸ
714 4129 892 4200 άγιον,
915 4129 1051 4184 ἀλλὰ
1078 4129 1314 4200 ἀνάγκη,
1341 4127 1544 4197 μᾶλλον
1573 4122 1717 4181 εἶναι
1747 4128 1942 4182 ταυτὸν

369 4224 574 4292 ἑαυτῷ,
603 4222 694 4276 διὰ
719 4223 780 4276 τὸ
820 4223 1068 4292 προϊέναι
1105 4222 1170 4274 ὲκ
1208 4222 1412 4275 τούτων
1462 4219 1539 4284 ὡς
1589 4221 1654 4274 ὲκ
1686 4220 1938 4290 μονάδος.

369 4315 446 4368 T6
483 4316 590 4384 γάρ
623 4313 810 4386 ῑτερον
843 4313 1061 4378 ἑαυτοῦ,
1111 4317 1208 4367 καὶ
1242 4312 1494 4366 σύνθετον
1529 4313 1941 4384 ὑπολαμϐάνειν

367 4409 431 4463 τδ
464 4409 686 4479 Πνεῦμα
727 4411 788 4463 τὸ
817 4407 996 4477 ἆγιον,
1029 4408 1116 4462 διὰ
1145 4408 1205 4462 τὸ
1234 4407 1362 4461 ἄλλο
1401 4407 1504 4477 μιν
1549 4408 1660 4460 δεῖν
1693 4404 1832 4460 εἶναι
1881 4408 1941 4461 τὸ

369 4505 434 4556 ὲκ
464 4503 701 4570 Πατρδς,
737 4500 868 4554 ἄλλο
899 4500 958 4552 δὲ
1003 4501 1064 4553 τὸ
1097 4501 1156 4566 ἐξ
1186 4498 1341 4564 Υξοῦ,
1372 4499 1480 4551 τῶν
1509 4500 1652 4553 πάνυ
1698 4515 1944 4566 σωματι-

370 4590 484 4645 κῶν
515 4592 665 4644 ἔστιν
690 4591 911 4658 ἑννοιτν,
943 4590 1040 4644 καὶ
1066 4589 1186 4644 λίαν
1212 4589 1410 4652 ὑλικῶς
1441 4606 1500 4644 τε
1527 4590 1622 4643 καὶ
1661 4589 1943 4660 σαρκικῶς

367 4684 437 4740 τά
458 4685 639 4738 tutos
677 4683 998 4738 νοσούντων.
1031 4683 1106 4737 Οὐ
1149 4682 1258 4754 γὰρ
1303 4683 1476 4746 οὕτως
1514 4684 1550 4754 ἠ
1589 4681 1687 4737 τοῦ
1729 4683 1944 4755 Πατρδς

371 4781 624 4852 ἐνέργεια
653 4778 755 4850 τῆς
782 4778 877 4832 τοῦ
901 4776 1032 4832 Υιοῦ
1061 4776 1498 4847 άπεσχοίνισται,
1534 4777 1611 4839 ὡς
1648 4778 1680 4846 ἡ
1703 4775 1812 4846 ἐμὴ
1840 4775 1940 4843 τῆς

372 4872 491 4943 σῆςο
520 4871 632 4925 οὐδ’
672 4869 844 4934 οὕτως
878 4868 1042 4932 άλλος
1074 4870 1170 4922 καῖ⁸
1197 4869 1356 4931 ἄλλος
1386 4868 1548 4932 εἰσὶν,
1585 4869 1662 4931 ὡς
1692 4866 1804 4936 ἐγὼ
1846 4869 1940 4921 καὶ
1969 4894 2018 4952 D

377 4964 460 5017 σύ.
505 4963 642 5016 Τότε
695 4962 804 5032 γάρ
854 4961 920 5014 ἂν
972 4958 1132 5030 μόνον
1163 4954 1276 5028 εἶχε
1328 4959 1510 5030 χώραν
1538 4961 1571 5029 ὴ
1608 4959 1663 5011 ὲν
1695 4958 1772 5028 τῷ
1808 4959 1944 5012 ἀπο-

372 5055 670 5123 τελέσματι
702 5051 974 5113 σύνθεσις·
1007 5053 1055 5103 εἰ
1085 5051 1194 5119 γάρ
1225 5053 1318 5103 καὶ
1338 5050 1497 5113 ἄλλος
1525 5053 1618 5102 καὶ
1645 5048 1804 5112 ἄλλος
1830 5050 1942 5113 τοῖς

373 5149 692 5219 προσώποις
729 5147 886 5210 εἰσιν,
918 5143 1035 5200 ἀλλ’
1062 5145 1218 5197 οὐδὲν
1255 5139 1416 5218 ἦττον
1446 5136 1527 5207 εἷς
1574 5143 1669 5196 καὶ
1703 5146 1732 5196 6
1779 5142 1942 5206 αὑτός

371 5244 480 5297 εἰσὶ
517 5245 586 5313 τῇ
625 5241 866 5309 θεότητι,
911 5239 1008 5293 καὶ
1048 5235 1130 5302 εἷς
1171 5236 1415 5308 ἀριθμῷ,
1446 5235 1523 5298 ὡς
1570 5233 1711 5290 εἶναι
1763 5235 1944 5290 αὐτῶν

371 5336 467 5388 καὶ
491 5336 624 5406 μίαν
653 5333 729 5402 τῷ
780 5331 1000 5402 ἀριθμῷ
1028 5331 1131 5400 τὴν
1159 5331 1465 5401 ἐνέργειαν.
1494 5321 1595 5382 Ὧν
1623 5328 1680 5382 δὲ
1712 5329 1746 5400 ἡ
1795 5330 1950 5400 ἐνέρ-

373 5444 499 5495 γεια
553 5426 679 5496 μία,
728 5425 847 5488 πῶς
895 5422 955 5475 οὐ
1011 5423 1105 5478 καὶ
1155 5421 1215 5475 τὸ
1258 5423 1321 5474 ἐκ
1369 5420 1571 5489 ταύτης
1624 5417 1683 5474 ἓν
1732 5418 1798 5472 ἂν
1851 5419 1947 5472 καὶ

373 5519 582 5574 άπλοῦν
609 5516 724 5586 εἴη,
753 5516 850 5570 καὶ
877 5515 1055 5586 πάντη
1096 5512 1416 5578 ἀσύνθετον,
1457 5512 1551 5566 καὶ
1597 5511 1658 5577 ἐξ
1697 5512 1950 5581 ἀνάγκης

373 5613 570 5669 ταυτὸν
603 5608 787 5681 ἐαυτῷ
805 5626 822 5675 ;

2555 3738 2837 3812 Responsio
2856 3742 3108 3795 secunda.

2122 3829 2339 3888 Dictum
2375 3839 2458 3887 est
2487 3833 2657 3902 quod,
2688 3846 2962 3898 quatenus
2993 3835 3194 3901 unitas,
3220 3845 3275 3890 et
3299 3835 3444 3892 Deus
3477 3846 3620 3892 unt”

2042 3933 2150 3993 est,
2183 3926 2342 3980 Pater
2367 3934 2422 3978 et
2453 3923 2623 3980 Filius
2671 3926 2986 3994 producunt
3015 3906 3285 3998 Spiritum
3318 3940 3569 3986 sanctum
3600 3948 3618 3996 ;

2043 4029 2098 4076 et
2134 4027 2424 4089 propterea
2457 4033 2569 4072 non
2614 4027 2796 4087 potest
2827 4020 3069 4090 Spiritus
3108 4032 3354 4088 sanctus,
3387 4033 3445 4077 et
3475 4024 3619 4078 idem

2045 4113 2174 4178 sibi,
2205 4122 2263 4166 et
2298 4111 2442 4165 alius
2487 4125 2629 4178 esse,
2669 4113 2764 4166 sed
2796 4113 2967 4181 magis
2995 4128 3221 4169 necesse
3249 4124 3335 4170 est
3383 4129 3442 4170 ut
3474 4117 3618 4172 idem

2045 4206 2119 4261 sit
2150 4205 2282 4269 sibi,
2306 4220 2374 4259 eo
2401 4203 2548 4274 quod
2573 4206 2643 4261 ab
2663 4204 2797 4274 ipsis
2829 4215 3088 4277 tanquam
3117 4222 3185 4262 ex
3229 4210 3463 4264 monade
3491 4208 3639 4280 pro-'

2046 4297 2218 4354 cedit.
2247 4297 2579 4352 Existimare
2609 4298 2754 4352 enim
2792 4298 3060 4368 Spiritum
3107 4311 3358 4354 sanctum
3389 4303 3558 4358 alium
3589 4320 3618 4357 a

2044 4407 2104 4446 se
2132 4399 2188 4446 et
2213 4391 2602 4462 compositum,
2631 4405 2701 4446 eo
2730 4393 2876 4461 quod
2902 4393 3045 4446 alius
3081 4402 3336 4462 oporteat
3367 4408 3506 4458 esse,
3553 4410 3620 4448 cx

2046 4484 2229 4554 Patre,
2270 4481 2410 4537 alius
2452 4498 2521 4537 ex
2547 4483 2731 4550 ,Filio,
2778 4492 2864 4538 cst
2900 4475 3341 4554 lmininumpqui
3377 4485 3620 4556 cogitant

2045 4591 2135 4632 res
2167 4575 2324 4631 valde
2370 4574 2709 4646 corporales,
2757 4585 2814 4631 et
2857 4577 3154 4632 admodum
3209 4577 3522 4632 materiales
3566 4589 3620 4633 et

2047 4668 2316 4734 carnales,
2378 4669 2583 4739 quique
2624 4669 2771 4724 circa
2823 4685 2914 4726 res
2944 4671 3195 4727 rmlestes
3244 4671 3540 4739 desipiunt.
3569 4675 3624 4726 ct

2048 4763 2186 4818 vitio
2211 4763 2489 4816 laborant.
2522 4761 2642 4817 Non
2674 4765 2821 4817 enim
2850 4762 3030 4818 Patris
3057 4764 3308 4832 operatio
3334 4761 3407 4816 ita
3429 4763 3626 4817 dividi—

2047 4867 2136 4913 tur
2166 4856 2235 4911 ab
2265 4855 2587 4926 operatione
2607 4855 2754 4920 Filii,
2783 4856 3247 4926 quemadmodum
3277 4871 3306 4908 a
3343 4865 3433 4909 tua
3468 4865 3623 4919 inea;

2047 4962 2228 5018 neque
2261 4947 2333 5002 ita
2366 4956 2496 5001 sunt
2544 4947 2686 5002 alius
2715 4957 2772 5002 et
2817 4949 2978 5012 alius,
3023 4956 3084 5001 ut
3120 4962 3222 5015 ego
3252 4955 3309 5002 et
3353 4956 3410 5001 tu
3443 4961 3460 4999 :
3496 4952 3626 4999 tunc

2048 5043 2198 5097 enim
2231 5040 2408 5096 solum
2430 5041 2610 5094 locum
2632 5040 2864 5094 haberet
2885 5039 3211 5109 compositio
3233 5040 3288 5094 in
3314 5038 3626 5093 ell'ectibus.

2050 5131 2314 5195 Quamvis
2347 5131 2493 5185 enim
2519 5130 2663 5185 alius
2691 5141 2749 5185 et
2779 5131 2923 5185 alius
2960 5130 3073 5184 sint
3107 5130 3379 5199 personis,
3416 5130 3510 5183 sed
3542 5130 3630 5182 ni-v

2052 5224 2356 5280 hilominus
2395 5239 2536 5277 unus
2589 5231 2646 5276 ct
2677 5222 2821 5278 idem
2863 5229 2994 5278 sunt
3017 5221 3240 5285 deitate.
3271 5230 3326 5277 et
3356 5235 3500 5276 unus
3530 5237 3628 5275 nu-

2050 5330 2230 5378 mero,
2267 5315 2407 5370 adeo
2459 5325 2520 5368 ut
2547 5314 2715 5368 etiam
2763 5329 2956 5370 eorum
2983 5313 3233 5383 Operatio
3282 5328 3388 5368 una
3418 5313 3491 5367 sit
3525 5327 3628 5366 nn-

2051 5422 2228 5463 mero.
2265 5407 2511 5472 Quorum
2544 5417 2727 5460 autem
2769 5408 3014 5476 operatio
3059 5423 3162 5461 una
3191 5417 3299 5470 est,
3349 5408 3629 5476 quomodo
3685 5412 3692 5418 “

2051 5500 2194 5569 quod
2226 5513 2292 5552 ex
2324 5499 2439 5568 ipsa
2481 5498 2736 5561 ellicitur,
2785 5514 2897 5553 non
2928 5500 2999 5554 sit
3046 5513 3214 5552 unum
3271 5505 3328 5550 et
3372 5496 3627 5565 simplex,

2049 5600 2107 5645 et
2157 5589 2383 5644 omnino
2439 5589 2858 5659 compositionis
2908 5602 3142 5659 expers,
3199 5583 3627 5658 necessarioque

2052 5683 2156 5740 sibi
2196 5683 2377 5737 idem?
