4036 6140
442 268 551 341 323

1418 276 1933 339 BESSAlilONiS
2060 281 2133 342 Β.
2171 279 2238 344 Ε.
2264 281 2738 344 CARDINALIS

3608 270 3713 344 32%

516 389 717 444 Verum
758 385 1064 450 enimvero,
1095 385 1319 456 quando
1341 394 1398 442 et
1440 386 1649 459 aliquid
1704 389 1938 458 amplius
1986 402 2014 441 a

2195 391 2553 462 Έπειὸ’ὅμως
2579 394 2672 447 καί
2705 411 2754 447 τι
2780 392 2964 446 πλεῖον
2985 392 3155 456 αίτεῖς
3183 391 3314 463 παρ’
3335 392 3510 464 ἡμῶν,
3530 392 3592 446 οὒ
3620 392 3711 447 διὰ

437 480 600 538 nobis
634 479 906 552 postulas,
939 491 1050 534 non
1085 486 1193 532 tam
1230 479 1369 533 forte
1391 488 1483 533 tua
1508 495 1694 545 causa,
1726 496 1889 549 quam
1926 494 2021 533 eo-

438 589 561 629 rum
580 573 676 645 qui
705 587 764 628 se
797 571 1154 643 pertinaciter
1178 570 1397 626 veritati
1428 584 1751 641 opponunt;
1778 586 1878 625 nos
1903 570 2023 641 qui—

437 669 589 732 dem,
618 666 818 737 partim
845 664 993 735 quod
1018 665 1173 735 juxta
1208 664 1457 718 divinum
1488 664 1811 733 Apostolum
1843 663 2022 718 cuivis

438 760 750 831 petenti,de
808 775 868 813 ea
910 762 1033 830 quae
1061 757 1115 812 in
1150 758 1310 813 nobis
1337 768 1442 819 est,
1493 757 1622 818 ﬁde,
1687 757 1919 809 reddere
1940 766 2051 809 ra-‘

440 856 645 909 tionem
683 865 965 918 tenemur;
993 851 1191 919 partim
1227 849 1394 904 etiam
1436 850 1583 920 quod
1623 849 1881 902 amicitia:
1906 846 2023 903 oﬂi-

437 946 927 1016 eiisindulgcmus,
959 942 1218 998 mandata
1247 951 1341 995 tua
1369 942 1761 1011 exsequimur;
1808 942 2021 1011 tibique

438 1033 712 1102 imprimis
765 1041 1081 1088 sanctorum
1117 1032 1340 1086 Patrum
1368 1040 1531 1101 atque
1554 1030 1842 1085 doctorum
1864 1030 2025 1087 Occi-

438 1125 741 1180 dentalium
774 1124 1078 1180 sententias
1109 1126 1406 1179 mittimus.
1438 1123 1653 1190 Quibus
1682 1140 1814 1179 sane
1843 1123 2027 1179 exPa-

442 1228 527 1275 tre
561 1216 811 1287 Filioque
874 1217 1143 1289 Spiritum
1167 1229 1418 1274 sanctum
1468 1219 1791 1289 procedere,
1820 1221 2020 1290 suique

441 1316 615 1367 unum
650 1312 977 1382 principium
1028 1326 1263 1367 unamve
1297 1326 1515 1366 causam
1549 1310 1757 1365 habere
1806 1312 2023 1365 Patrem

440 1415 496 1461 et
526 1406 747 1470 Filium,
796 1405 883 1460 his
924 1404 1059 1475 ipsis
1105 1404 1294 1459 verbis
1342 1406 1506 1475 plane
1566 1405 1897 1460 ostenditur.
1938 1405 2018 1459 Ex

443 1500 647 1571 quibus
677 1511 858 1553 tamen
891 1497 1201 1563 sententiis,
1222 1497 1437 1567 quodet
1455 1498 1703 1568 plurima:
1730 1496 1859 1561 sint,
1894 1497 2026 1551 etin

444 1592 706 1649 omnibus
737 1605 936 1646 eorum
967 1590 1127 1645 libris
1160 1589 1602 1660 dispersaeatque
1630 1589 2024 1653 disseminata,

445 1701 651 1757 paucas
680 1698 782 1740 nos
815 1684 915 1739 tibi
940 1683 1233 1745 mittimus.
1265 1680 1511 1754 ejusdem
1548 1680 1738 1735 formae
1772 1689 1829 1733 et
1876 1681 2023 1750 ejus-

446 1776 571 1831 dem
605 1775 846 1847 generis,
889 1773 1119 1845 reliquis
1145 1779 1366 1843 quoque
1396 1771 1659 1827 omnibus
1702 1768 2022 1827 exsistenti-
2064 1759 2103 1813 Β

446 1870 572 1927 bus.

458 1965 465 1974 '
516 1963 597 2019 Ad
631 1962 749 2019 haec
770 1961 1073 2016 orationem
1108 1959 1399 2031 quamdam
1453 1968 1721 2026 nostram,
1772 1958 1860 2014 cui
1928 1959 2035 2014 Do-

443 2058 696 2127 gmutica,
736 2054 852 2110 sive
874 2055 959 2108 De
992 2056 1298 2117 concordia,
1327 2051 1609 2125 inscriptio
1638 2061 1745 2118 est,
1778 2051 1875 2107 tibi
1912 2051 2035 2105 init-

445 2149 667 2205 tendam
726 2162 851 2202 esse
901 2146 1259 2202 censuimus:
1308 2160 1473 2213 quam
1522 2146 1688 2215 paulo
1738 2154 1868 2198 ante
1899 2159 2029 2198 san-

442 2241 742 2296 ctissimam
774 2240 1239 2310 conjunctionem,
1287 2237 1458 2291 veluti
1512 2244 1851 2305 postremam
1893 2250 2025 2289 seu-

444 2335 672 2390 tentiam
701 2332 1092 2405 judiciinostri
1160 2343 1214 2385 et
1246 2330 1450 2385 mentis
1484 2330 1722 2383 edimus.
1760 2329 2028 2397 Eamque,

440 2442 566 2482 cum
602 2436 888 2499 postremo
934 2440 1036 2494 per
1070 2438 1169 2477 nos
1222 2423 1369 2490 ipsos
1397 2418 1818 2476 considerantes
1843 2420 2031 2487 singu-

441 2519 626 2574 lorum
655 2516 957 2573 sententias
1008 2513 1488 2582 investigarenms,
1529 2511 1888 2566 invictissimo
1924 2510 2029 2564 im-

440 2611 686 2681 peratori
714 2620 925 2673 nostro,
954 2618 1011 2663 et
1062 2622 1221 2663 sacro
1245 2606 1574 2678 patriarchae
1598 2619 1788 2659 coram
1819 2603 2029 2659 nostris

439 2704 726 2774 legendam
756 2703 1081 2757 obtulimus.

512 2797 573 2853 in
615 2811 725 2867 qua
791 2794 1038 2868 quitleur-
1093 2792 1362 2857 oratione,
1424 2789 1602 2860 quoad
1644 2790 1760 2845 fieri
1819 2800 2025 2859 posset,

438 2897 509 2945 ex
536 2891 670 2961 ipsis
707 2888 1083 2943 Orientalibus
1116 2886 1393 2948 Patribus,
1424 2886 1561 2939 nihil
1589 2884 1816 2954 insuper
1868 2893 2026 2936 utens

439 2983 913 3046 Occidentalibus,
1016 2981 1354 3051 propositum
1412 2976 1704 3049 quaesitum
1765 2975 2021 3030 ostendo.

440 3081 685 3148 Eamque
726 3076 822 3131 tibi
854 3074 1327 3140 misiﬁalarissime
1355 3073 1460 3135 vir,
1494 3065 1940 3142 magnanime,et
1965 3068 2020 3122 in

437 3173 700 3228 omnibus
728 3169 1205 3240 prrestantissime,
1231 3166 1436 3236 quippe
1455 3180 1578 3233 qua:
1643 3163 1741 3218 tibi
1778 3162 2017 3216 maxime

439 3264 711 3327 omnium,
749 3274 805 3317 et
840 3262 1017 3317 cuivis
1047 3261 1230 3322 alteri,
1260 3260 1357 3329 qui
1385 3274 1505 3313 eam
1536 3260 1675 3314 bona
1717 3270 1902 3313 mente
1925 3270 2020 3309 au-

439 3359 627 3421 dierit,
648 3356 938 3420 maximam
966 3354 1257 3408 utilitatem
1283 3355 1354 3408 sit
1377 3353 1632 3406 allatura.

511 3452 578 3506 Et
628 3450 887 3520 quoniam
941 3450 996 3503 in
1028 3448 1109 3503 eis
1143 3448 1278 3501 nihil
1309 3447 1434 3500 novi
1487 3445 1543 3499 in
1574 3443 1868 3514 prtesentia
1907 3444 2021 3498 ela-

438 3544 761 3601 boravimus
785 3584 800 3608 ,
859 3542 1146 3597 exstabant
1221 3540 1368 3593 enim
1420 3536 1582 3591 nobis
1608 3544 1765 3591 antea
1789 3535 2017 3604 scripta,

440 3650 592 3689 nunc
625 3643 809 3687 tamen
854 3646 1046 3701 parum
1096 3629 1302 3699 aliquid
1341 3629 1613 3689 laborare,
1646 3636 1844 3695 praeter
1892 3628 2016 3691 ista,

440 3722 686 3781 animum
705 3723 1128 3794 applicavimus,
1160 3730 1219 3775 et
1240 3718 1445 3789 aliquid
1472 3718 1713 3787 amplius
1743 3728 1833 3771 tua
1852 3731 2018 3771 causa

438 3815 606 3872 cdere
630 3817 1019 3887 judicavimus.
1040 3814 1386 3879 Quapropter
1410 3809 1614 3863 cursim
1662 3821 1719 3863 et
1767 3808 2021 3863 celeriter

442 3926 534 3968 res
564 3918 763 3964 nostra
795 3906 1015 3979 synodi,
1040 3901 1516 3971 sanctissimmque
1539 3899 1872 3962 concordiae,
1897 3900 2018 3966 tibi,

441 4003 747 4060 clarissime
807 4001 916 4063 vir,
953 3998 1213 4063 narrabo,
1254 4003 1393 4049 utse
1422 3993 1759 4057 habuerint;
1808 3992 2021 4047 addens

442 4112 663 4170 quoque
713 4096 958 4149 rationes
988 4091 1277 4161 quasdam,
1345 4088 1549 4158 quibus
1581 4085 1787 4154 aliquis
1816 4086 1883 4139 de
1912 4086 2019 4140 isto

442 4194 698 4262 dogmate
719 4197 983 4259 praeterea
1020 4184 1195 4254 magis
1219 4181 1526 4237 adducatur
1564 4190 1624 4232 ut
1671 4176 1899 4229 credat:
1944 4177 2018 4232 ita

444 4284 663 4338 tandem
695 4277 931 4333 orationi
958 4277 1122 4329 linem
1149 4277 1449 4342 imponam.

517 4377 826 4443 Antequam
850 4383 983 4423 vero
1012 4365 1217 4422 deistis
1258 4365 1525 4427 dicamus,
1548 4375 1770 4431 parvam
1816 4368 1872 4413 et
1899 4358 2019 4413 exi-

2135 485 2333 537 σαυτὸν
2366 484 2516 550 ἴσως,
2545 485 2682 538 ἀλλὰ
2714 484 2803 538 διὰ
2836 484 2963 547 τοὺς
2998 483 3320 552 φιλονείκως
3364 483 3714 553 ἐναντιουμζε

2133 590 2253 636 vos;
2283 576 2347 645 τῇ
2369 575 2620 645 ἀληθείᾳ,
2652 576 2815 645 ἡμεῖς
2840 573 2959 642 ἅμα
2990 574 3088 643 μὲν
3109 574 3196 626 διὰ
3219 573 3277 627 τὸ
3310 573 3547 640 ὀφείλειν
3578 575 3717 627 ἀποο

2131 666 2331 719 διδόναι
2369 666 2526 733 λόγον
2570 669 2700 736 περὶ
2733 669 2830 735 τῆς
2877 670 2935 719 ἐν
2983 668 3120 736 ἡμῖν
3151 670 3395 728 πίστεως
3444 667 3607 719 παντὶ
3636 664 3717 734 τῷ

2133 758 2402 836 αἰτοῦντι,
2434 759 2575 813 κατὰ
2610 758 2700 811 τὸν
2736 757 3395 827 ϐεἶονἋπόσπολοννῇιμα
3431 758 3488 812 δὲ
3519 759 3613 811 καὶ
3640 759 3720 829 τῷ

2136 849 2335 919 φιλικῷ
2387 850 2685 921 καθήκοντι
2735 852 3094 922 χαριζόμενοι
3155 852 3277 916 τοῖς
3330 854 3444 915 σοῖς
3495 853 3719 923 εἴχομεν

2136 942 2369 1013 νεύμασι
2398 960 2413 974 ·
2451 944 2546 997 καί
2578 961 2662 997 σοι
2692 944 2908 1014 πρῶτον
2942 943 3044 1014 μὲν
3075 944 3172 1009 τὰς
3200 944 3307 998 τῶν
3347 945 3519 1013 ἁγίων
3548 947 3723 998 Πατέ-

2135 1054 2249 1107 ρων
2274 1037 2370 1090 καὶ
2404 1037 2750 1090 διδασκάλων
2778 1037 2885 1090 τῶν
2908 1036 3157 1092 Δυτικῶν
3181 1038 3477 1109 πέμπομεν
3508 1038 3719 1109 ῥήσεις,

2135 1129 2192 1181 αϊ
2222 1130 2409 1199 σαφῶς
2431 1130 2636 1184 οὑτωσὶ
2691 1132 2755 1184 ὲκ
2792 1131 3009 1202 lla-cpi);
3038 1132 3132 1184 καὶ
3166 1130 3298 1185 Υίοῦ
3331 1132 3393 1183 τὸ
3447 1131 3603 1199 άγιον
3628 1132 3719 1184 ικ-

2135 1222 2467 1291 πςρεύεσθαι
2493 1223 2719 1291 λέγουσι
2747 1225 2995 1299 Πνεῦμα,
3019 1225 3226 1279 καὶτὸν
3255 1218 3476 1296 Πατέρα
3504 1228 3604 1279 καὶ
3626 1226 3722 1278 τὸν

2135 1312 2265 1366 Υίὺν
2291 1313 2437 1383 ἔχειν
2469 1314 2667 1367 ἑαυτοῦ
2701 1316 2837 1384 μίαν
2870 1317 3049 1386 ἀρχὴν
3087 1317 3181 1368 καὶ
3210 1317 3408 1371 αἰτίαν.
3439 1310 3540 1383 Ὧν
3594 1316 3719 1369 πολέ

2133 1403 2242 1458 λῶν
2273 1406 2472 1466 οὐσῶν,
2502 1412 2597 1461 καί
2624 1410 2761 1461 πᾶσι
2814 1407 3050 1478 βιϐλίοις
3106 1408 3287 1463 αὐτῶν
3333 1410 3720 1480 ἐγκατεσπαρ-

2139 1498 2342 1567 μένων,
2372 1498 2563 1565 ὀλίγας
2591 1500 2753 1569 ἡμεῖς
2810 1516 2893 1551 σοι
2947 1500 3346 1570 πεπόμφαμεν,
3404 1498 3498 1553 τοῦ
3551 1498 3717 1555 αὑτοῦ

2136 1589 2309 1642 τύπου
2342 1591 2436 1645 καὶ
2470 1591 2566 1659 τῆς
2598 1591 2771 1659 αὐτῆς
2803 1591 3151 1661 άγωγῆςκαὶ
3202 1592 3310 1645 τῶν
3342 1592 3519 1647 ἄλλων
3540 1576 3720 1647 οὐσῶν

2138 1684 2174 1737 ἁ
2184 1700 2251 1738 πα
2260 1685 2387 1739 σῶνδ

2210 1955 2444 2010 Ἔπειτα
2468 1956 2523 2011 δὲ
2554 1956 2713 2026 λόγον
2744 1957 2867 2011 τινὰ
2887 1958 3179 2028 ἡμέτερον,
3205 1952 3249 2026 ᾧ
3275 1945 3715 2029 Δογματικύς,ἣ

2134 2048 2273 2118 Περὶ
2317 2048 2613 2116 ἐνώσεως,
2647 2050 2679 2119 ὴ
2712 2050 3019 2119 ἐπιγραφὴ,
3052 2050 3458 2121 ἐδοκιμάσαμεν
3498 2051 3716 2120 πέμψαι

2135 2161 2240 2198 σοι’
2268 2144 2328 2199 ὃν
2361 2145 2559 2215 μικρὸν
2592 2147 2696 2215 πρὸ
2715 2146 2815 2214 τῆς
2833 2144 2995 2211 ἁγίας
3030 2143 3277 2207 ὲνὼσεως
3309 2143 3712 2214 ἐκδεδὼκαμεν,

2132 2238 2327 2309 ὥσπερ
2355 2240 2477 2293 τινὰ
2508 2238 2829 2293 τελευταίαν
2863 2238 2965 2307 τῆς
2998 2239 3139 2309 ἐμῆς
3180 2239 3416 2301 διανοίας
3448 2240 3544 2293 καὶ
3571 2239 3715 2307 γνώο

2136 2349 2246 2403 μης
2268 2333 2566 2400 ἀπόφασιν.
2609 2334 2707 2386 "Ov
2737 2332 2815 2403 τῷ
2848 2349 2908 2385 τε
2940 2332 3218 2403 κρατίστῳ
3244 2331 3458 2402 βασιλεί
3504 2334 3599 2387 καὶ
3628 2332 3713 2404 τῷ

2135 2427 2265 2496 ἱερῷ
2290 2427 2448 2496 ἡμῶν
2470 2427 2788 2498 πατριάρχῃ
2827 2428 2914 2480 ἐπ’
2952 2427 3072 2496 ὄψει
3114 2427 3335 2479 πάντων
3359 2427 3470 2480 τῶν
3513 2420 3721 2496 ήμετέεέ

2132 2538 2242 2588 ρων
2276 2510 2546 2582 ἐπέδωκα,
2578 2520 2744 2591 ἡνίκα
2771 2518 2835 2571 τὸ
2864 2519 3170 2572 τελευταῖον
3195 2521 3557 2587 σκεπτόμενοι
3588 2517 3713 2573 καθ’

2130 2606 2351 2672 αὐτοὺς,
2392 2609 2491 2669 τὰς
2522 2608 2771 2662 ἑκάστων
2806 2609 3036 2679 γνώμας
3083 2609 3498 2679 άνηρευνῶμεν.

2210 2794 2297 2847 Ἐν
2326 2785 2370 2862 ᾧ
2398 2792 2473 2855 ὡς
2501 2792 2618 2845 ἐνὸν
2639 2791 2698 2856 ἐξ
2719 2790 2900 2845 αὐτῶν
2922 2792 3028 2844 τῶν
3062 2782 3424 2847 Ἃνατολικῶν
3450 2794 3707 2865 Πατέρων

2129 2889 2222 2941 καὶ
2250 2885 2606 2975 διδασκάλω)
2621 2871 2789 2955 μηδὲν
2818 2887 2931 2948 τοῖς
2986 2885 3293 2954 Ἑσπερίοις
3341 2886 3709 2957 προσχρώμε-

2128 3000 2236 3045 νος,
2270 2981 2332 3033 τὸ
2367 2981 2733 3051 προκείμενον
2766 2979 3023 3047 δείκνυμι
3063 2978 3382 3050 πρόσλημα,
3428 2980 3489 3033 ὃν
3514 2978 3590 3043 ὡς
3623 2980 3705 3033 σοι

2126 3090 2184 3124 τε
2214 3071 2451 3142 μάλιστα
2479 3072 2722 3137 πάντων,
2783 3074 2874 3124 καὶ
2928 3070 2981 3124 εί
3004 3086 3089 3133 τις
3132 3070 3292 3144 ἄλλος
3343 3070 3703 3140 εὐγνωμόνως

2128 3167 2446 3232 ἀκούσεται,
2477 3167 2537 3220 οὐ
2564 3168 2773 3236 μικρᾶς
2794 3164 3066 3234 ὠφελείας
3104 3165 3365 3235 ἐσόμενον
3413 3166 3608 3229 αἴτιον,
3637 3166 3701 3235 τῇ

2132 3262 2198 3331 σῇ
2256 3259 2607 3331 λαμπρότητι
2665 3260 2954 3329 πέπομφα,
3007 3255 3569 3329 μεγαλοπρεπέστατε
3610 3257 3706 3309 καὶ

2130 3356 2309 3406 πάντα
2338 3353 2527 3424 ἄριστε
2564 3353 2721 3417 ἆνερ.

2119 3501 2125 3507 ,
2213 3448 2413 3502 Ἐπειδ’
2438 3448 2493 3499 ὲν
2521 3448 2730 3509 τούτοις
2761 3446 2915 3500 οὐδὲν
2941 3446 2997 3498 ἐν
3025 3444 3103 3515 τῷ
3132 3440 3363 3516 παρόντι
3395 3444 3706 3513 πεπονήκα-

2131 3558 2231 3610 μεν
2258 3555 2271 3569 ·
2316 3538 2678 3609 προϋπῆρχον
2714 3537 2835 3608 γάρ
2886 3539 3018 3608 ἡμῖν
3055 3538 3461 3608 γεγραμμέναο
3493 3538 3579 3591 διὰ
3607 3537 3703 3608 τὴν

2132 3634 2231 3703 σὴν
2259 3632 2315 3684 δὲ
2348 3631 2514 3685 τανῦν
2552 3632 2776 3700 ἀγάπην
2811 3632 3008 3702 μικρόν
3056 3647 3110 3682 τι
3147 3618 3498 3700 προσεθέμην
3534 3632 3703 3701 πονῆ-

2130 3743 2220 3780 σαι
2257 3726 2405 3794 παρὰ
2455 3725 2649 3790 ταῦτα,
2688 3725 2780 3780 καί
2812 3743 2863 3779 τι
2902 3725 3066 3779 πλέον
3114 3725 3356 3779 ἐκθεῖναι
3412 3726 3512 3795 σὴν
3541 3726 3704 3797 χάριν

2128 3819 2445 3887 ἐκρίναμεν.
2484 3817 2650 3872 Ὀοιν
2684 3818 3051 3889 ἐπιτροχάδην
3086 3818 3233 3879 ὅπως
3266 3834 3321 3869 τε
3356 3817 3424 3868 τὰ
3448 3820 3549 3887 τῆς
3581 3818 3704 3871 καθ’

2128 3912 2277 3980 ἡμᾶς
2315 3909 2439 3979 ἔσχε
2496 3910 2715 3963 συνόδου
2746 3911 2841 3963 καὶ
2891 3910 2993 3979 τῆς
3048 3909 3211 3976 ἁγίας
3238 3909 3486 3974 ἑνώσεως
3534 3913 3603 3979 τῇ
3634 3914 3701 3979 σῇ

2124 3990 2481 4074 λαμπρότητι
2533 4004 2871 4074 διηγήσομαι
2901 4021 2917 4036 ο
2972 4003 3066 4056 καί
3118 4020 3272 4068 τινας
3298 4004 3490 4071 λόγους
3528 4021 3701 4076 προσ-

2127 4094 2264 4157 Θεὶς,
2303 4092 2385 4155 οἷς
2432 4093 2496 4146 ἄν
2530 4111 2613 4157 τις
2639 4097 2720 4147 ἔτι
2756 4094 2959 4162 μᾶλλον
2981 4095 3122 4167 ὑπὲρ
3154 4097 3247 4149 τοῦ
3279 4099 3550 4166 δόγματος
3583 4096 3701 4150 τού-

2126 4204 2222 4240 του
2265 4186 2540 4256 πεισθείη,
2568 4186 2712 4239 οὕτω
2748 4191 3090 4241 καταπαύσω
3120 4187 3211 4242 τὸν
3234 4187 3415 4256 λόγον.

2142 4333 2147 4339 1
2198 4365 2313 4437 Πρὸ
2340 4364 2396 4418 δὲ
2423 4363 2516 4417 τοῦ
2563 4364 2697 4433 περὶ
2747 4363 2950 4417 τούτων
2999 4365 3197 4430 είπεῑν,
3238 4365 3434 4435 μικρδν
3470 4365 3572 4437 μέν
3624 4385 3697 4435 τι,

444 4478 605 4535 guam
639 4462 930 4531 quamdam
963 4470 1103 4518 rem,
1134 4468 1241 4506 non
1287 4466 1453 4522 parva
1484 4460 1665 4505 tamen
1695 4449 2011 4505 considera.

2130 4458 2285 4527 λόγου
2342 4458 2401 4511 δὲ
2461 4457 2613 4525 ὅμως
2648 4455 2796 4520 ἀξιον
2856 4456 2917 4509 οὐ
2978 4456 3203 4526 μικροῦ,
3251 4458 3552 4529 προσθήσω
3584 4464 3699 4523 τοῖς

446 4558 597 4610 tione
632 4556 873 4623 dignam,
900 4547 1186 4619 protemiis
1207 4536 1432 4609 addam,
1466 4558 1594 4613 qua:
1633 4557 1765 4595 sane
1791 4542 1851 4593 in
1882 4555 2020 4609 prae-

2123 4551 2455 4623 προοιμίοις,
2489 4550 2627 4620 ὅπερ
2677 4546 2756 4618 τῷ
2807 4549 3197 4619 προειρημένῳ
3251 4567 3344 4619 μοι
3375 4552 3697 4623 δογματικῷ

447 4652 595 4705 dicta
620 4647 926 4716 dogrnatica
959 4641 1210 4697 oratione
1232 4638 1619 4693 desideratur:
1664 4636 1807 4689 hanc
1856 4634 2021 4705 igitur

2130 4645 2265 4715 λόγῳ
2302 4643 2567 4709 ἐλλείπει,
2599 4642 2755 4697 τοῦτο
2780 4640 3015 4696 ἐνταῦθα
3041 4642 3464 4713 ἀναπληρώσας.

445 4742 539 4798 hic
560 4737 955 4808 compensabo.

512 4834 571 4889 In
606 4829 832 4886 eaeoim
852 4826 1122 4891 oratione,
1142 4820 1355 4877 tametsi
1374 4836 1440 4874 ex
1466 4818 1598 4875 solis
1626 4818 1829 4874 sanctis
1845 4817 1993 4873 Patri

443 4927 550 4983 bus
570 4923 948 4981 Orientalibus
972 4920 1258 4973 veritatem
1288 4914 1452 4985 hujus
1482 4912 1806 4982 quaestionis
1832 4913 2020 4980 oSten-

445 5020 679 5076 dendam
742 5026 1160 5087 proposueram,
1214 5020 1396 5063 tamen
1437 5007 1648 5062 dictum
1715 5003 2019 5073 quoddam,

446 5111 594 5185 quod
642 5112 814 5165 instar
842 5108 1087 5161 omnium
1120 5103 1353 5158 aliorum
1384 5102 1474 5163 sit,
1494 5100 1607 5153 divi
1635 5098 1805 5168 patris
1830 5098 2010 5151 nostri

447 5205 632 5259 Basilii
665 5198 1012 5274 praetermisi,
1073 5205 1364 5267 propterea
1391 5192 1538 5264 quod
1575 5200 1856 5257 utcunque
1882 5188 2020 5243 illud

446 5300 841 5371 ambigeretur,
875 5310 987 5350 non
1020 5294 1166 5363 quod
1181 5306 1281 5363 ego
1310 5292 1476 5346 etiarn
1494 5287 1561 5341 de
1591 5299 1656 5340 eo
1680 5284 2017 5349 dubitarem,

451 5394 678 5447 minime
701 5403 864 5455 vero;
894 5387 991 5443 sed
1008 5389 1265 5456 quoniam
1307 5381 1557 5453 plerique
1598 5380 1653 5431 in
1700 5383 2020 5431 controver-

449 5489 587 5543 siam
610 5483 961 5548 revocabant,
1000 5480 1257 5549 ambigua
1290 5492 1347 5531 re
1382 5475 1462 5529 uti
1490 5472 1665 5527 nolui.
1697 5469 1810 5525 Hoc
1836 5477 2022 5523 autem

450 5582 661 5637 dictum
679 5568 783 5643 est,
815 5590 925 5646 quo
956 5574 1049 5629 ille
1080 5574 1273 5628 beatus
1303 5568 1388 5623 vir
1430 5568 1491 5623 in
1516 5565 1680 5621 tertio
1730 5563 1871 5617 libro
1896 5575 2023 5631 sua.

450 5691 577 5733 rum
618 5675 797 5745 ignem
830 5672 1156 5742 spirantium
1207 5670 1479 5725 rationum
1517 5664 1783 5719 adversus
1840 5656 2023 5712 Euno-

434 5772 624 5850 ιιιιίιιιιι
676 5780 807 5825 usus
830 5773 915 5822 est
938 5781 957 5822 :

2204 4827 2296 4881 Ἑν
2329 4826 2439 4896 γὰρ
2469 4823 2547 4894 τῷ
2572 4823 2725 4891 ’λόγῳ
2751 4820 2950 4895 τούτῳ,
2979 4824 3043 4875 ἐκ
3076 4822 3257 4891 μόνων
3291 4822 3397 4875 τῶν
3420 4820 3478 4889 te
3500 4819 3698 4905 :Eq'm;

2123 4920 2295 4990 ἁγίων
2320 4920 2419 4990 τὴν
2452 4918 2548 4971 τοῦ
2585 4915 2973 4987 προϐλήματος
3005 4916 3195 4968 τούτου
3245 4916 3501 4987 ἀλήθειαν
3523 4918 3695 4981 δεῖξαι

2123 5013 2485 5085 προθέμενος,
2522 5011 2581 5064 ἓν
2611 5027 2664 5063 τι
2722 5005 2886 5079 ῥητὸν
2935 5008 3033 5063 τοῦ
3087 5009 3233 5063 θείου
3275 5009 3488 5080 Πατρός
3536 5011 3696 5080 ἡμῶν

2122 5103 2429 5169 Βασιλείου,
2462 5102 2682 5155 πάντων
2707 5102 2815 5153 τῶν
2844 5099 3019 5153 ἄλλων
3048 5099 3318 5165 ἀντάξιον,
3372 5100 3698 5171 παραλέλοι-

2126 5215 2224 5263 πα,
2258 5198 2345 5251 διὰ
2384 5196 2445 5249 τὸ
2491 5195 2639 5257 ὅπως
2696 5188 2792 5247 οὖν
2833 5193 3300 5263 ἀμφιϐάλλεσθαι,
3346 5193 3562 5263 οὑχηὸτι
3598 5194 3694 5248 καὶ

2124 5289 2235 5358 ἐγὼ
2262 5287 2392 5356 περὶ
2417 5284 2611 5339 τούτου
2640 5284 2937 5352 ὲδίσταζον,
2971 5283 3220 5355 οὐδαμῶς
3244 5302 3259 5316 ·
3296 5282 3412 5338 ἀλλ’
3440 5287 3521 5339 ὅτι
3544 5288 3695 5356 παρά

2121 5384 2236 5444 τοῖς
2268 5380 2481 5443 πολλοῖς
2516 5377 2913 5447 ἡμφιὸάλλετο,
2945 5378 3233 5447 ἀμφιϐόλῳ
3263 5378 3572 5451 χρήσασθαι
3596 5380 3695 5433 οὐκ

2125 5473 2389 5543 ἠθέλησα.
2422 5446 2594 5525 Τοῦτο
2624 5470 2673 5523 δ’
2719 5472 2887 5539 ἔστὶν,
2939 5464 2984 5539 ᾧ
3013 5446 3073 5525 ὲν
3122 5469 3202 5540 τῷ
3432 5470 3544 5525 τῶν
3571 5467 3692 5524 κατ’

2124 5566 2392 5636 Εὑνομίου
2426 5562 2719 5634 πυρπνόων
2767 5563 2958 5618 ἑαυτοῦ
2987 5563 3161 5633 λόγων
3204 5564 3234 5617 ὁ
3265 5561 3454 5635 μάκαρ
3484 5564 3692 5627 ἐκεῖνος

2124 5660 2417 5733 ἐχρήσατο,
2458 5657 2631 5727 λέγων
2652 5671 2668 5689 ’
