4090 6146
316 253 429 325 349

1257 247 1357 322 ‘DE
1398 255 1930 328 PROCESSIONE
1969 248 2340 315 serenus
2379 247 2677 318 SANCTI.

3499 254 3606 321 350

315 385 435 438 λειν
475 383 605 440 τινὰ
652 384 782 454 περί
825 400 970 444 τινος
1010 380 1364 452 πράγματος.
1397 380 1512 434 Καὶ
1561 377 1651 432 διὰ
1696 377 1858 432 τοῦτο

1988 371 2092 433 ,(ιε
2117 389 2182 428 ea
2233 371 2474 428 dubitet.
2539 373 2604 427 Et
2660 378 2973 441 propterea,
3009 370 3103 442 qui
3157 364 3374 429 dubitat
3413 374 3481 432 de
3541 377 3610 432 iis

317 478 819 552 μὲνάμφιδάλλων
853 480 983 548 περὶ
1011 476 1123 529 ’.τῶν
1147 475 1247 545 ἥδη
1279 472 1465 536 καλῶς
1507 471 1906 556 προκυρωθέν·

309 589 426 626 των
465 573 923 644 ἀφορισθήσεται,
955 571 1144 626 ὁποῖον
1171 568 1373 639 δηλαδὴ
1401 566 1654 638 βούλεται
1691 567 1718 618 ὁ
1746 564 1910 628 ’ἐκτος
1942 614 1948 622 ,

310 665 538 720 κανών·
566 668 596 718 ὁ
625 665 680 718 δὲ
705 663 1119 732 ἐναντιούμενος
1148 662 1382 724 τούτοις,
1403 660 1479 727 ὡς
1505 656 1907 726 ἑναντιὸφρων,

309 756 917 827 ἂναθεματισθήσεται,
941 755 1126 807 ὁποῖον
1155 752 1358 821 δηλαδὴ
1394 750 1650 819 βούλεται
1677 750 1706 802 ὁ
1736 747 1780 813 ζ’
1808 763 1907 800 κα-

308 846 457 915 νὼν,
489 849 660 917 ἤγουν
687 848 716 898 ὁ
749 827 876 915 ὅρος
919 837 1074 905 οὗτος
1111 840 1206 894 τοῦ
1241 838 1588 908 κωλύματος.
1616 836 1778 889 Ὥστε
1813 836 1909 889 καὶ

307 941 474 1004 ὸῦτος
522 943 550 994 δ
583 937 857 1008 ἐξηγητὴς
891 937 1088 1006 ἑτέραν
1144 935 1331 986 πίστιν
1365 929 1603 984 ἐνταῦθα
1655 930 1717 983 τὸ
1750 930 1909 982 ἐναν-

305 1033 568 1089 τιοῦσθαι
593 1035 688 1087 καὶ
718 1030 1161 1099 ἐναντιοφρονεῖν
1199 1025 1458 1096 ὀνομάζει
1497 1023 1686 1096 σαφῶς
1721 1041 1781 1077 τε
1813 1024 1910 1079 καὶ

306 1127 724 1199 ἀναμφιϐόλως.

385 1222 515 1274 Ἔτι
571 1222 605 1291 ἠ
653 1223 710 1273 ἐν
767 1218 846 1290 τῷ
884 1209 1141 1286 Τρούλλῳ
1185 1215 1402 1277 σύνοδος
1454 1213 1510 1265 ἐν
1565 1209 1642 1279 τῷ
1703 1207 1908 1280 πρώτῳ

304 1301 517 1384 ἑαυτῆς
543 1313 731 1366 κανόνι
767 1311 934 1382 φησίν
962 1324 976 1338 ⁸
1027 1307 1320 1379 Ὀρίζομεν
1363 1302 1808 1372 ἀκαινοτόμητὸν
1846 1318 1906 1354 τε

301 1405 406 1459 καὶ
447 1404 852 1474 ἁπαράτρωτον
882 1399 1314 1469 φυλάττεινιτὴν
1368 1394 1781 1467 παραδοθεῖσαν
1815 1392 1906 1443 πί-

307 1512 433 1549 στιν
461 1498 600 1566 ἡμῖν
631 1497 736 1550 ύπὸ
767 1490 825 1548 τε
873 1494 998 1548 τῶν
1019 1491 1310 1546 αὐτοπτῶν
1343 1489 1440 1544 καὶ
1483 1485 1781 1557 ὑπηρετῶν
1805 1483 1904 1536 τοῦ

302 1589 491 1656 Λόγου
539 1587 650 1642 τῶν
693 1579 995 1658 θεοκρίτων
1049 1586 1390 1651 ἀποστόλων,
1424 1581 1505 1636 ἐτι
1539 1581 1596 1635 δὲ
1645 1581 1744 1634 καὶ
1793 1581 1905 1632 τῶν

301 1681 653 1750 τριακοσίων
697 1679 837 1751 δὲκᾳ.
893 1673 1176 1744 καὶνόκτὼ
1227 1668 1435 1741 ἁγίων’
1461 1673 1564 1749 καὶ,
1607 1669 1903 1740 μακαρίων

2015 479 2139 535 qua:
2163 464 2273 534 jam
2309 473 2460 520 recte
2493 473 2623 518 sunt
2645 463 2877 528 sancita,
2901 466 3474 522 excommunicatione
3506 483 3610 542 pu-

2011 558 2253 613 niendus
2288 561 2436 625 erit,
2475 561 2624 631 quod
2662 559 2928 614 nimirum
2962 560 3132 631 exigit
3163 569 3348 615 sextus
3387 573 3602 616 canon:

2011 651 2106 719 qui
2136 666 2270 706 vero
2301 661 2494 708 contra
2544 653 2661 706 haec
2687 651 2845 716 dicit,
2885 661 3146 723 tanquam
3184 645 3466 708 contraria
3513 638 3605 708 sa-
3646 726 3652 728 _

2001 736 2170 813 “piens
2193 744 2548 807 anathemate
2584 743 2860 817 ferietur;
2897 743 3043 814 quod
3094 745 3311 800 scilicet
3362 745 3606 814 postulat
3695 776 3697 779 -

2009 837 2282 905 septimus
2313 852 2518 902 canon,
2552 836 2834 908 videlicet,
2879 837 3128 893 definitio
3178 837 3280 891 ista
3314 838 3604 892 inbibitio-
3707 904 3709 906 η

2011 931 2119 987 nis.
2155 930 2335 998 Quare
2363 941 2417 986 et
2446 932 2550 986 iste
2580 931 2877 1004 interpres.
2905 933 3070 988 aliam
3099 932 3188 989 hic
3227 920 3390 988 [idem
3423 932 3631 993 mania

2009 1020 2168 1089 feste,
2213 1039 2277 1081 ac
2329 1025 2448 1080 sine
2493 1025 2600 1080 ulla
2646 1016 2990 1080 dubitatidne
3020 1034 3180 1081 vocat
3207 1025 3283 1090 id,
3342 1009 3487 1096 quod
3520 1035 3606 1081 est
3673 1022 3679 1029 ’

2011 1117 2355 1172 contrarium
2377 1133 2520 1181 esse,
2555 1126 2612 1200 et
2639 1117 2914 1173 contraria
2951 1133 3166 1187 sapere.

2080 1209 2392 1278 Postremo,
2456 1201 2716 1267 Tru‘llana
2763 1211 3006 1282 synodus
3045 1211 3100 1266 in
3131 1211 3308 1282 primo
3346 1226 3448 1268 suo
3506 1226 3604 1268 ca-

2011 1315 2154 1355 none
2183 1303 2259 1356 ait
2293 1319 2307 1355 :
2372 1303 2674 1359 Definimns
2709 1306 2872 1361 ﬁdem
2908 1306 3071 1362 nobis
3116 1307 3373 1361 traditam
3411 1307 3479 1362 ab
3514 1306 3603 1362 in-

2008 1394 2376 1461 spectoribus,
2405 1405 2461 1450 et
2487 1387 2712 1452 famulis
2728 1399 2879 1454 verbi
2906 1414 2935 1453 a
2963 1399 3075 1454 Deo
3094 1399 3286 1455 electis
3311 1399 3601 1469 apostolis,

2009 1484 2252 1556 itemque
2294 1501 2325 1542 a
2355 1491 2616 1546 trecentis
2649 1492 2836 1547 decem
2862 1501 2917 1548 et
2948 1505 3074 1548 octo
3099 1493 3306 1548 sanctis
3341 1503 3398 1547 et
3424 1496 3600 1548 beatis

2007 1579 2282 1645 Patribus,
2315 1583 2409 1653 qui
2445 1583 2637 1640 Nicaea:
2685 1569 3018 1650 convenere,
3064 1586 3274 1657 absque
3308 1586 3414 1641 ulla
3441 1588 3601 1658 novi-

2008 1685 2120 1730 tate
2160 1675 2568 1732 invulncralam
2606 1678 3034 1750 inviolatamque
3079 1671 3407 1735 servandam
3451 1659 3596 1737 esse:

304 1732 579 1842 ῖίατέρων
860 1742 1069 1838 Νικαίᾳ
1118 1732 1513 1838 συνελθόν-των.
1699 1732 1886 1830 ἐφεξῆς

2003 1767 2082 1823 Ac
2102 1769 2364 1840 deinceps
2385 1787 2579 1827 omnes
2611 1772 2852 1843 synodos
2887 1781 3216 1838 enumerat,
3249 1783 3412 1844 atque
3465 1773 3600 1829 deli-

300 1867 649 1937 καταριθμεῖ
675 1865 855 1928 πάσας
876 1846 977 1925 τὰς
995 1852 1285 1925 συνόδους,
1311 1859 1410 1912 καὶ
1449 1855 1778 1926 διορίζεται,
1811 1854 1900 1908 ἵνα

300 1962 409 2029 τὴν
459 1960 618 2028 παρὰ
672 1957 867 2012 πασῶν
938 1955 1349 2026 παραδοθεῖσαν
1404 1954 1592 2032 πίστιν
1651 1948 1899 2020 ἄτρωτον

301 2052 696 2121 φυλάττωμεν.
758 2048 892 2105 Εἶτα
945 2051 1266 2105 τελευταῖον
1319 2047 1560 2115 ἐπάγει’
1594 2044 1658 2097 Ei
1707 2043 1766 2097 δέ
1812 2032 1896 2106 τις

297 2146 419 2200 τῶν
476 2147 736 2201 ἁπάντων
785 2143 862 2215 μὴ
918 2142 989 2196 τὰ
1030 2140 1413 2213 προειρημένα
1456 2140 1555 2208 τῆς
1615 2134 1894 2196 εὐσεϐείας

297 2236 560 2306 δύγματα
607 2234 804 2304 κρατεῖ
851 2233 948 2286 καὶ
982 2229 1314 2294 ἀσπάζεται,
1342 2227 1458 2280 οὐδ’
1504 2225 1647 2280 οὕτω
1681 2224 1894 2288 δοξάζει

298 2333 403 2385 καὶ
459 2327 744 2398 κηρύττει,
813 2325 929 2380 ἀλλ’
1003 2323 1065 2389 ἐξ
1126 2323 1382 2384 ίναντίας
1469 2319 1608 2372 ἱέναι
1678 2319 1889 2370 τούτων

295 2426 598 2496 ἐπιχειρεῖ,
630 2423 770 2476 ἔστω
806 2418 1080 2493 ἀνάθεμα,
1117 2416 1259 2470 κατὰ
1308 2415 1400 2467 τὸν
1442 2413 1540 2484 ἤδη
1591 2412 1889 2464 ἐκτεθέντα

294 2516 428 2590 ὅρον
453 2518 558 2570 ὑπὸ
596 2514 707 2568 τῶν
741 2509 1204 2586 προδηλωθέντων
1257 2506 1432 2574 ἁγίων
1463 2507 1562 2558 καὶ
1598 2505 1892 2574 μακαρίων

296 2604 566 2681 Πατάρων
586 2625 600 2639 ο
631 2609 726 2663 καὶ
750 2605 848 2660 τοῦ
875 2600 1268 2674 Χριστιανικοῦ
1294 2600 1600 2681 καταλόγου
1628 2597 1704 2660 ὠς
1734 2597 1890 2649 ἀλλό-

291 2685 452 2774 τριος
501 2697 818 2765 ἐξωθείσθω
852 2697 950 2750 καὶ
981 2686 1320 2749 ἐκπιπτέτω.
1374 2690 1567 2759 Ἡμεῖς
1617 2691 1728 2758 γὰρ
1764 2686 1887 2740 ούτε

295 2793 658 2865 προστιθέναι
681 2807 760 2857 τι,
786 2788 912 2845 οὔτε
951 2787 1060 2857 μὴν
1093 2786 1350 2855 ὑφαιρεῖν
1379 2779 1522 2836 κατά
1563 2784 1632 2833 τὰ
1667 2797 1888 2850 προορι-

289 2888 498 2943 σθέντα
539 2883 822 2947 παντελῶς
870 2879 1332 2950 διαγινώσκομεν,
1369 2878 1402 2946 ἢ
1437 2875 1562 2930 καθ’
1595 2875 1886 2929 ὁντιναοῦν

287 2979 640 3050 δεδυνήμεθα
672 2977 856 3047 λόγον.

367 3071 538 3136 οὗτος
569 3072 598 3125 ὁ
631 3069 813 3138 κανών
842 3071 960 3123 ἐστι
988 3067 1179 3137 σαφῶς
1206 3067 1472 3136 ἐξήγησις
1497 3065 1593 3118 τοῦ
1625 3064 1753 3150 ὅρου
1783 3065 1882 3135 τῆς
1913 3105 1959 3166 c

288 3165 488 3233 τρίτης
544 3163 765 3216 συνόδου
810 3164 905 3214 καὶ
954 3161 1066 3215 τῶν
1114 3159 1317 3221 ἄλλων,
1353 3158 1452 3212 τοῦ
1499 3158 1880 3229 διοριζομένων

290 3259 491 3329 ἑτέραν
518 3257 701 3310 πίστιν
736 3256 932 3327 μηδενὶ
964 3253 1166 3321 ἐξεῖναι
1202 3253 1528 3324 προφέρειν.
1559 3251 1730 3319 Λέγει
1770 3253 1881 3320 γὰρ

285 3355 397 3417 ὅτι,
436 3353 618 3404 Ἔστω
643 3348 923 3418 ἀνάθεμα,
944 3347 1006 3405 εί
1027 3364 1114 3410 τις
1139 3347 1202 3413 ἐξ
1238 3331 1491 3408 ἐναντίας
1533 3345 1645 3398 τῶν
1679 3359 1880 3418 πατρι-

290 3448 407 3501 κῶν
436 3436 726 3516 δογμάτῶν
769 3426 910 3498 ίέναι
940 3441 1236 3512 ἐπιχειρεῖ,
1276 3438 1423 3492 κατὰ
1453 3438 1546 3491 τὸν
1592 3437 1694 3508 ἤδη
1721 3437 1880 3489 ἐκτε-

290 3541 456 3592 Θέντα
498 3538 648 3605 ὅρον,
681 3533 890 3588 τοῦτον
939 3531 1164 3602 δηλαδὴ,
1219 3531 1312 3582 τὸν
1375 3529 1472 3584 τοῦ
1532 3529 1877 3598 κωλύματος.

292 3631 458 3684 Ὥστε
494 3630 652 3694 οὗτος
680 3632 709 3682 ὸ
734 3631 861 3698 ὄρος
895 3629 957 3681 τδ
986 3627 1210 3680 ἐναντία.
1256 3628 1480 3694 φρονεῖν
1513 3625 1736 3678 κωλύει.
1764 3625 1878 3678 Καὶ

293 3724 379 3787 τὸ,
415 3721 606 3791 Ἡμεῖς
625 3719 681 3772 δὲ
701 3718 826 3772 οὔτε
853 3717 1242 3788 προστίθεμεν,
1279 3712 1404 3767 οὔτε
1427 3715 1771 3784 ἀφαιροῦμεν
1798 3731 1874 3777 τι,

288 3815 348 3868 ἐν
377 3818 445 3885 τῇ
487 3814 677 3866 πίστει
708 3811 914 3882 δηλαδὴ
942 3810 1092 3876 λέγει
1131 3807 1210 3878 μὴ
1258 3807 1602 3878 προσθεῖναι,
1652 3810 1744 3860 καὶ
1777 3807 1873 3859 ἀπ’
1927 3847 1932 3852 .

288 3910 460 3978 αὐτῆς
509 3907 610 3959 οὐκ
656 3905 934 3972 ἀφαιρεῖν,
963 3902 1067 3954 οὐκ
1096 3900 1205 3952 ἀπὸ
1255 3900 1554 3969 συμϐόλου.
1592 3899 1876 3969 Σύμϐολον

289 4005 403 4073 γὰρ
433 3998 668 4053 ἐνταῦθα
692 3999 794 4050 οὐκ
821 3997 1031 4060 ἀνέγνω
1058 3995 1090 4063 ἡ
1126 3993 1366 4054 σύνοδος.
1411 3992 1574 4045 Ἀλλά
1601 3998 1728 4061 περὶ
1762 3993 1884 4046 τῶν

288 4097 576 4165 δογμάτων
629 4089 864 4144 εἰποῦσα
936 4088 1048 4142 τῶν
1115 4085 1377 4147 συνόδων,
1438 4085 1660 4154 ἐπάγει,
1724 4086 1864 4139 Οὔτε

287 4185 640 4257 προστιθέναι
673 4182 800 4238 οὕτε
847 4181 1102 4249 ἀφαιρεῖν
1147 4195 1200 4230 τι
1241 4177 1716 4248 διαγινώσκομεν
1775 4177 1871 4232 καί⁸

288 4279 574 4349 συνάπτει,
606 4275 763 4330 Κατά
807 4275 876 4327 τά
927 4268 1350 4343 προορισθέντα,
1388 4269 1494 4322 ὑπὸ
1541 4269 1652 4324 τῶν
1695 4271 1870 4325 Πατέ-

290 4387 396 4441 ρων
424 4367 646 4439 δηλαδή.
682 4366 843 4420 Ὥστε
874 4363 966 4417 καὶ
994 4365 1042 4417 οἱ
1071 4361 1182 4433 πρὸ
1213 4361 1394 4433 αὐτῶν
1438 4363 1710 4432 Πατέρες,
1737 4363 1868 4417 ὅταν

2002 1862 2108 1928 nit,
2146 1871 2205 1916 ut
2232 1863 2390 1917 fidem
2413 1863 2482 1916 ab
2508 1864 2770 1923 omnibus
2796 1865 3024 1935 synodis
3043 1865 3298 1920 traditam
3329 1865 3596 1936 integram

2001 1948 2654 2013 custodiamus.T.indem
2685 1967 2962 2027 postremo
2999 1957 3164 2013 infert
3188 1975 3201 2011 :
3222 1956 3278 2013 Si
3304 1957 3429 2022 quis
3463 1973 3598 2012 vero

2000 2049 2246 2101 omnium
2279 2049 2532 2118 puedieta
2581 2049 2800 2118 pietatis
2852 2048 3107 2122 dogmata
3156 2065 3266 2106 non
3335 2057 3486 2106 tenet
3534 2060 3594 2122 et

1999 2143 2368 2211 amplectitur,
2386 2156 2563 2213 neque
2589 2143 2661 2198 ita
2694 2144 2864 2198 sentit
2891 2153 2946 2198 et
2974 2135 3257 2214 praedicat.
3278 2143 3373 2198 sed
3401 2153 3590 2199 contra

1999 2235 2081 2288 ire
2143 2247 2397 2297 conatur,
2452 2237 2741 2290 anathema
2775 2236 2867 2300 sit,
2922 2236 3075 2307 juxta
3126 2223 3433 2306 expositam
3477 2237 3588 2306 jam

1996 2313 2374 2382 definitionem
2399 2343 2426 2380 a
2451 2328 2724 2396 przedictis
2752 2329 2958 2394 sanctis
2999 2337 3056 2382 et
3084 2329 3260 2384 beatis
3293 2319 3548 2382 Patribus
3568 2367 3585 2394 ,

1994 2430 2050 2474 et
2088 2436 2118 2472 e
2147 2419 2589 2474 Christianorum
2641 2425 2894 2493 catalogo
2932 2432 3189 2490 tanquam
3221 2422 3436 2476 alienus
3492 2435 3590 2475 ex—

1995 2513 2320 2584 pellal.ur.et
2353 2513 2717 2567 excidat.Nos
2734 2515 3084 2582 enimneque
3116 2513 3322 2569 addere
3351 2514 3586 2585 aliquid,

1993 2620 2172 2675 neque
2203 2621 2333 2659 sane
2367 2605 2631 2672 adimere,
2667 2607 2970 2661 secundum
3006 2622 3070 2662 ea
3111 2622 3234 2676 quae
3281 2617 3405 2662 ante
3453 2607 3588 2662 deli-

1991 2698 2106 2752 nita
2139 2707 2285 2758 sunt,
2325 2712 2551 2766 prorsus
2607 2697 2964 2765 intendimus,
2998 2699 3081 2752 vel
3125 2713 3456 2768 quacunque
3501 2715 3588 2756 ra-

1993 2793 2140 2846 tione
2177 2794 2482 2861 potuimus.

2065 3069 2170 3124 Iste
2195 3084 2371 3123 canon
2432 3069 2724 3142 perspicue
2751 3071 3166 3140 interpretatur
3203 3069 3581 3129 deﬁnitionem

1994 3162 2169 3217 tertia:
2214 3161 2406 3232 synodi
2459 3172 2513 3214 et
2565 3163 2796 3215 aliarum
2838 3163 3312 3231 praescribentem,
3356 3181 3425 3220 ne
3487 3165 3582 3220 cui

1988 3256 2152 3312 liceat
2187 3256 2347 3309 aliam
2403 3255 2564 3309 iidem
2601 3254 2868 3325 proferre.
2917 3257 3060 3311 Dicit
3108 3257 3281 3323 enim,
3330 3256 3416 3314 Sit
3449 3275 3583 3314 ana-

1966 3351 2199 3428 _tbema,
2222 3350 2264 3402 si
2287 3349 2410 3419 quis
2457 3350 2721 3404 adversus
2752 3350 2923 3416 patria
2959 3350 3209 3421 dogmata
3239 3353 3323 3405 ire
3346 3362 3584 3407 conatur

1984 3445 2136 3513 juxta
2181 3444 2484 3510 erpositam
2539 3442 2649 3512 jam
2703 3443 3108 3508 definitionem,
3144 3445 3285 3499 hanc
3339 3445 3577 3507 scilicet.

1988 3533 2356 3588 inbibitionis.
2391 3533 2573 3599 Quare
2628 3538 2731 3588 ista
2752 3534 3012 3604 {definitio
3055 3537 3331 3591 contraria
3381 3551 3577 3607 sapere

1987 3637 2164 3695 vetat;
2215 3637 2270 3682 et
2300 3629 2471 3682 illud:
2516 3629 2625 3683 Nos
2671 3613 2802 3682 vero
2858 3643 3036 3696 neque
3087 3630 3340 3684 addimus
3397 3647 3576 3701 neque

1985 3722 2261 3777 adiminus
2290 3721 2533 3786 aliquid;
2571 3721 2828 3776 nimirum
2860 3721 2925 3776 ad
2953 3721 3138 3786 fidem,
3168 3723 3345 3791 aiunt,
3375 3739 3432 3778 se
3460 3710 3571 3796 non

1986 3813 2214 3876 addere.
2261 3815 2329 3867 ab
2375 3829 2549 3882 eaque
2581 3828 2687 3867 non
2724 3813 2998 3878 adimere;
3042 3829 3150 3869 non
3180 3831 3210 3868 a
3267 3815 3572 3884 Sytnbolo;

1984 3905 2302 3976 Symbolum
2361 3906 2506 3958 enim
2562 3904 2652 3960 hic
2697 3921 2804 3959 non
2838 3906 3086 3960 recitavit
3134 3907 3397 3978 synodus.
3464 3899 3571 3964 Sed

1982 4014 2107 4054 cum
2151 3998 2218 4052 de
2251 3997 2602 4067 dogmatibus
2653 3997 2988 4068 synodorum
3053 3998 3303 4065 dixisset,
3359 4001 3568 4056 infert:

1979 4080 2168 4162 Neque
2196 4091 2400 4146 addere
2458 4107 2636 4160 neque
2674 4093 2916 4144 adimere
2944 4091 3152 4160 aliquid
3195 4093 3570 4158 intendimus;

1980 4195 2036 4240 et
2071 4184 2384 4255 subjungit:
2419 4181 2731 4237 Secundum
2761 4197 2825 4237 ea
2860 4198 2982 4252 qua:
3008 4193 3136 4240 ante
3167 4185 3390 4239 definita
3414 4196 3567 4251 sunt,

1978 4278 2236 4332 videlicet
2261 4293 2290 4331 a
2323 4276 2602 4330 Patribns.
2629 4275 2998 4344 Quapropter,
3053 4261 3233 4345 et'qui
3283 4292 3380 4330 eos
3413 4287 3568 4331 ante-

1975 4377 2262 4425 cesserunt
2295 4369 2506 4430 Patres,
2541 4383 2666 4422 cum
2719 4368 2935 4432 dicunt,
2972 4367 3086 4423 Non
3159 4378 3415 4437 oportere
3466 4370 3568 4424 ad-

283 4464 482 4534 λέγωσι
518 4463 597 4532 μὴ
630 4459 953 4530 προσθεῖναι
989 4457 1022 4528 ἢ
1054 4456 1276 4524 ἀφελεῖν
1302 4456 1434 4520 δεῖν,
1456 4456 1519 4510 οὐ
1547 4459 1866 4527 ῥηματικὰς

1988 4463 2106 4516 iere
2141 4460 2228 4514 vel
2286 4461 2553 4518 adimere.
2591 4475 2702 4514 non
2736 4459 3110 4513 additamenta
3157 4470 3214 4513 et
3241 4460 3565 4515 diminutio-

283 4557 623 4629 προσθήκας,
683 4553 778 4607 καὶ
833 4550 1179 4621 ἀφαιρέσεις,
1235 4548 1376 4602 ἀλλά
1443 4550 1545 4619 τὴν
1601 4553 1865 4607 ἐναντίων

280 4649 572 4720 νοημάτων
615 4649 675 4700 ἐν
703 4647 793 4716 τῇ
831 4644 1016 4696 πίστει
1059 4641 1387 4714 προσθήκην
1431 4644 1726 4701 κωλύουσι.
1765 4649 1865 4701 Διά

285 4741 478 4796 τούτου
505 4736 598 4792 οὖν
630 4737 798 4805 μόνου
831 4731 1155 4801 σαφέστατά
1188 4747 1251 4784 τε
1279 4732 1375 4785 καὶ
1401 4733 1865 4803 ,καθαρώτατα⁸τδ

278 4835 501 4907 ζήτημα
554 4830 743 4886 λύεται
809 4825 926 4909 τοῖς
985 4825 1326 4894 φιλονεικεῖν
1397 4826 1500 4879 οὐκ
1559 4828 1858 4884 ἐθέλουσιν.

287 4916 623 4996 Ἐϐουλόμην
666 4921 929 4977 δύνασθαι
967 4917 1292 4990 γράφειν,ἢ
1336 4918 1485 4990 ἔχειν
1530 4921 1862 4991 προχείρους

276 5023 506 5086 πάντας,
536 5017 631 5081 οὒς
659 5014 787 5087 περὶ
813 5010 1006 5066 τούτου
1038 5009 1132 5063 τοῦ
1165 5011 1490 5080 ζητήματος
1522 5011 1581 5076 ἐξ
1610 5015 1863 5076 ἐναντίας

277 5118 409 5185 ἡμῖν
442 5116 490 5167 οἱ
520 5112 740 5168 Λατῖνοι
782 5107 1163 5184 προεκόμισαν
1192 5105 1421 5172 λόγους’
1463 5098 1606 5166 εῑδες
1639 5105 1748 5174 γὰρ
1795 5107 1863 5186 ἂν

278 5210 373 5262 καὶ
401 5206 536 5258 πολὺ
570 5202 770 5274 πλῆθος
801 5199 1258 5272 ἐπιχειρημάτων
1286 5198 1381 5250 καὶ
1423 5197 1672 5268 μεγάλην
1701 5199 1860 5268 ἐχόν..

275 5317 386 5352 των
417 5298 571 5367 ίσκὺν
602 5296 698 5347 καὶ
731 5292 1014 5362 ἀλήθειαν.

351 5391 493 5456 Πλὴν
531 5385 720 5459 ἐπειδὴ
769 5387 864 5440 καὶ
920 5384 990 5438 τὰ
1041 5382 1311 5454 εἰρημένα
1362 5381 1512 5437 οὕτω
1570 5381 1761 5454 σαφῶς
1797 5384 1860 5438 τὸ

277 5485 502 5554 ζήτημα
543 5483 864 5550 τέμνουσιν,
891 5477 967 5541 ὡς
1010 5475 1090 5547 τῷ
1123 5478 1224 5547 μὲν
1261 5475 1400 5546 πρὸς
1442 5476 1542 5548 τὴν
1590 5478 1857 5549 ἀλήθειαν

277 5577 574 5650 ἀφορῶντι,
616 5575 708 5626 καὶ
744 5572 873 5626 ἀνευ
917 5569 1254 5650 φιλονεικίας
1283 5585 1345 5622 τε
1395 5571 1491 5622 καὶ
1523 5570 1857 5641 προλήψεως

277 5669 384 5722 τῶν
417 5666 726 5737 λεγομένων
772 5663 1052 5728 ἀκούοντι,
1086 5661 1183 5716 καὶ
1211 5661 1388 5716 ταῦτα
1417 5661 1612 5730 ἀρκεῖν
1640 5679 1652 5691 ·
1688 5661 1769 5731 τῷ
1798 5665 1855 5716 δὲ

280 5763 417 5836 πρὸς
466 5763 604 5834 ιριν,
631 5761 728 5815 καὶ
774 5748 1113 5830 λογομαχίας
1171 5755 1676 5826 παρεσκευασμένῳ
1733 5756 1855 5812 οὐδὲ

1975 4567 2074 4608 nes
2103 4552 2420 4611 verborum,
2475 4551 2572 4607 sed
2603 4551 3008 4606 contrariorum
3056 4550 3110 4604 in
3155 4551 3262 4606 fide
3299 4568 3562 4608 sensuum

1974 4645 2329 4719 interdicunt.
2362 4643 2441 4698 E1
2465 4645 2568 4698 hoc
2601 4643 2764 4711 igitur
2807 4643 2926 4698 solo
2965 4643 3255 4698 manifeste
3295 4659 3359 4698 ac
3411 4645 3566 4698 lucu-

1972 4738 2150 4793 lenter
2179 4739 2413 4792 solvitur
2444 4737 2512 4792 iis
2536 4737 2957 4807 qtta'situm,qui
2979 4737 3174 4790 nolunt
3199 4738 3558 4794 contendere.

1970 4829 2113 4886 Sane
2146 4831 2338 4885 vellem
2379 4832 2627 4886 scribere
2687 4845 2848 4901 posse
2872 4869 2888 4892 ,
2942 4831 3029 4885 vel
3068 4831 3238 4894 mihi,
3271 4840 3330 4884 ut
3366 4848 3560 4886 omnes

1968 4935 2156 4979 essent
2181 4925 2424 4978 rationes
2444 4933 2732 4992 promptae,
2773 4937 2911 4988 quas
2966 4923 3021 4975 in
3073 4923 3407 4977 contrariam
3433 4909 3557 4994 par-

1969 5022 2080 5068 tem
2113 5014 2271 5068 nobis
2299 5014 2476 5067 Latini
2506 5013 2760 5067 attulere.
2812 5013 3056 5066 Vidisses
3100 5013 3247 5068 enim
3275 5023 3332 5068 et
3385 5015 3559 5068 maxi-

1969 5122 2113 5160 mam
2148 5107 2364 5176 c0piatn
2392 5116 2866 5174 argumentorum,
2918 5113 2974 5160 et
3030 5120 3282 5175 mag-nam
3320 5107 3428 5161 vim
3461 5109 3556 5162 lia-

1968 5199 2241 5260 bentium,
2267 5193 2432 5265 atque
2463 5199 2770 5253 veritatem.

2037 5384 2262 5449 Verum,
2292 5382 2743 5454 quandoquidem
2785 5383 2950 5438 etiam
2989 5383 3249 5455 praedicta
3281 5384 3363 5441 sic
3410 5399 3549 5441 eno-

1964 5473 2090 5543 date
2139 5473 2401 5540 decidunt
2441 5461 2856 5544 quaestionem,
2897 5485 2957 5528 ut
3000 5479 3283 5531 veritatem
3314 5477 3538 5546 quidem

1965 5566 2308 5641 inspieienti,
2353 5582 2418 5622 ac
2463 5569 2582 5622 sine
2621 5569 2994 5633 contentione,
3031 5579 3086 5624 et
3142 5569 3536 5638 anticipatimie

1963 5678 2051 5728 ea,
2082 5677 2205 5731 qua:
2227 5661 2508 5725 dicuntur,
2539 5660 2783 5715 audienti
2819 5662 2902 5715 vel
2937 5661 3051 5715 haec
3091 5661 3203 5715 sola
3232 5663 3364 5715 satis
3383 5662 3493 5716 sint
3529 5679 3544 5726 ;

1966 5758 2016 5811 ei
2060 5769 2190 5810 vero
2216 5751 2310 5823 qui
2351 5751 2416 5808 ad
2451 5753 2622 5809 rixam
2651 5764 2707 5810 et
2753 5753 3197 5810 concertationes
3242 5755 3544 5810 verborum
