4036 6140
388 333 496 396 355

1344 328 1855 392 BESSABIONIS
1915 329 1975 389 S.
2012 329 2082 392 R.
2126 327 2190 392 E.
2236 326 2701 389 CARDINALIS

3548 330 3654 395 356

392 456 666 522 poterant.
690 445 832 515 Quid
867 459 997 518 ergo
1049 442 1258 501 Latinis
1286 443 1581 501 dicemus?
1611 461 1714 516 qua
1736 446 1885 518 justa
1910 453 1965 499 et

2085 447 2216 518 Ιοεῳ
2245 446 2391 517 λόγῳ
2426 446 2634 517 εὐλόγῳ
2686 447 2743 499 ἐν
2776 442 2930 517 μέσῳ
2958 444 3055 500 τοῦ
3100 444 3334 517 ἀγῶνος,
3361 448 3565 520 μᾶλλον
3594 434 3654 506 δ’ἐ

389 546 625 596 nonesta
657 552 822 593 causa
852 545 907 594 et
942 536 1155 592 ratione
1187 535 1243 590 in
1274 533 1457 590 medio
1483 534 1824 601 certaminis,
1855 534 1967 588 imo

390 647 524 688 vero
548 646 727 702 neque
764 629 946 687 adhuc
976 629 1034 684 in
1070 626 1345 701 principio
1395 626 1683 683 constituti
1717 623 1970 696 (quaestio

390 724 542 780 enim
566 721 635 778 de
658 735 768 781 non
811 720 1067 774 addendo
1100 717 1242 774 nihil
1276 716 1345 771 ad
1383 716 1547 787 rem),
1599 732 1706 786 qua
1737 716 1971 795 ratione,

391 818 640 887 inquam,
667 828 792 869 cum
818 812 1064 867 nondum
1097 811 1451 884 coeperimus,
1500 809 1845 865 redibimus?
1878 809 1973 864 Di-

393 922 523 963 cere
572 922 682 961 non
734 914 1024 976 poterant,
1068 903 1164 960 sed
1215 912 1421 958 temere
1466 916 1531 957 ae
1561 900 1711 955 nulla
1755 899 1969 961 ratione

394 1000 747 1054 clamabant:
805 996 1118 1051 Redeamus
1149 996 1205 1050 in
1258 995 1518 1063 patriam.
1572 992 1809 1048 Aiebant
1841 1005 1975 1047 vero

395 1100 450 1148 et
499 1091 641 1145 inter
680 1103 760 1154 se,
804 1085 1272 1158 quemadmodum
1324 1086 1392 1140 ad
1448 1092 1665 1140 nostras
1720 1082 1976 1154 pervenit

396 1196 581 1245 aures,
606 1179 833 1235 Latinos
872 1192 1033 1249 posse
1066 1177 1363 1234 ostendere
1418 1177 1720 1232 multorum
1761 1183 1977 1231 sancto-

398 1288 518 1327 rum
575 1270 869 1325 doetorum
908 1269 1215 1341 permultas
1268 1268 1595 1335 sententias,
1649 1268 1853 1339 quibus
1904 1266 1973 1323 ad

399 1362 629 1418 verbum
661 1361 867 1418 dicitur
895 1360 1135 1432 Spiritus
1166 1370 1391 1418 sanctus
1421 1377 1489 1417 ex
1526 1361 1691 1429 Patre
1723 1360 1976 1430 Filioque

398 1455 725 1527 procedere.
766 1452 906 1520 Quid
939 1453 1109 1524 igitur
1148 1452 1215 1509 ad
1266 1455 1383 1509 haec
1413 1453 1691 1526 quispiam
1742 1467 1976 1523 respon-

398 1550 596 1606 debit?
646 1564 991 1620 separemur,
1056 1549 1435 1619 sejungamur,
1465 1547 1746 1603 abeamus.
1803 1545 1979 1601 Audis

397 1642 683 1698 doctorum
745 1649 803 1698 et
849 1643 1073 1697 Patrum
1127 1634 1503 1696 sententiam?
1546 1639 1837 1707 Quoniam,
1890 1638 1978 1692 in-

2072 538 2186 600 ορῖΐ
2219 537 2277 588 ὲν
2306 537 2451 608 ἀρχῇ
2490 538 2569 590 ἔτι
2606 536 2707 607 (τὸ
2737 537 2850 608 γὰρ
2880 540 3013 609 περὶ⁵
3038 536 3134 591 τοῦ
3168 540 3244 609 μὴ
3267 539 3379 594 δεῖν
3403 541 3655 612 προσθεῖ-

2073 646 2162 682 ναι
2194 628 2347 682 οὐδὲν
2390 629 2526 698 πρὸς
2575 630 2637 681 τὸ
2685 628 2980 701 πρᾶγμα),
3006 629 3117 683 τίνι
3154 629 3249 685 οῦν
3291 629 3435 701 λόγῳ
3484 632 3651 701 μήπω

2074 720 2308 790 ἠρμένοι
2347 718 2809 791 ὑποστρέψωμεν,
2835 721 3022 776 εἰπεῖν
3054 720 3158 777 οὐκ
3188 714 3363 792 εἶχον,
3389 722 3509 777 ἀλλ’
3527 724 3656 777 ἀλό-

2075 829 2188 880 γως
2217 812 2409 879 ἐϐόων,
2442 813 2873 883 Ἐπονέλθωμεν
2897 815 2981 880 είς
3002 815 3104 888 τὴν
3130 816 3392 889 πατρίδα.
3424 816 3653 886 Ἔλεγον

2075 902 2132 956 δέ
2163 903 2258 956 καὶ
2311 904 2449 973 πρὸς
2478 903 2727 969 ἑαυτοὺς,
2756 903 2834 968 ὼς
2858 903 2938 968 είς
2982 903 3268 977 ἡμετέρας
3294 904 3468 969 ἀκοάς
3497 901 3656 976 ἦλθε,

2074 993 2201 1058 τοὺς
2229 992 2492 1057 Λατίνους
2549 993 2695 1063 ἔχειν
2735 992 3017 1049 δεικνύναι
3069 992 3344 1050 πλείστων
3400 994 3657 1048 διδασκά-

2078 1082 2184 1138 λων
2226 1084 2402 1153 ἀγῖων
2433 1085 2665 1138 πλεῖστα
2694 1084 2857 1155 ῥητὰ,
2892 1085 2962 1140 δι’
3007 1075 3090 1140 ὧν
3117 1084 3301 1155 ῥητῶς
3349 1083 3571 1152 λέγεται
3598 1084 3658 1136 τὸ

2077 1176 2307 1247 Πνεῦμα
2331 1176 2390 1229 τὸ
2410 1175 2570 1244 ἀγιον
2598 1177 2664 1229 ἐκ
2695 1176 2913 1249 Πατρδς
2941 1178 3041 1232 καὶ
3056 1175 3193 1231 Υίοῦ
3218 1175 3651 1248 ἐκπορεύεσθαι.

2078 1268 2145 1324 Τί
2179 1267 2273 1323 οῦν
2310 1284 2399 1330 τις
2438 1268 2577 1339 πρὸς
2620 1266 2800 1322 ταῦτα
2846 1268 3273 1339 ἀποκρινεῖται;
3320 1265 3657 1335 διαστῶμεν,

2078 1356 2513 1430 διαζευχθῶμεν,
2577 1358 2934 1429 ἀπέλθωμεν.
2999 1358 3254 1424 Ἀκούεις
3307 1357 3654 1413 διδασκάλων

2080 1449 2177 1502 καὶ
2207 1447 2469 1521 Πατάρων
2492 1447 2813 1519 ἀπόφασιν;
2864 1448 3037 1516 Διότι,
3071 1448 3263 1519 φασὶν,
3310 1447 3500 1520 ἔχουσι
3525 1447 3659 1500 πολ-

2078 1538 2188 1593 λῶν
2222 1540 2562 1597 διδασκάλων
2588 1541 2728 1613 ῥητὰ
2761 1541 2958 1608 δεῖξαι,
2990 1540 3128 1614 πρὸς
3155 1539 3194 1595 ἃ
3222 1542 3388 1612 ἡμεῖς
3416 1541 3656 1610 ἀποκρι-

2080 1633 2295 1689 νεῖσθαι
2330 1633 2431 1687 ούκ
2459 1632 2681 1704 ἔχομεν,
2718 1633 3087 1704 διαιρεθῶμεν
3137 1632 3410 1688 Λατίνων.
3468 1631 3659 1700 Ὅμως

398 1735 617 1806 quiunt,
655 1734 954 1790 multorum
1012 1736 1302 1788 doetorum
1359 1731 1503 1786 dicta
1555 1739 1787 1800 possunt
1818 1728 1980 1783 nobis

2085 1725 2239 1795 μόλις
2275 1724 2406 1779 ποτε
2427 1725 2739 1789 συνιδόντες
2766 1727 2826 1779 τὸ
2857 1725 2960 1794 τῆς
2986 1725 3168 1779 αὐτῶν
3197 1726 3426 1796 γνώμης
3454 1724 3659 1778 ἀτοπον

398 1826 717 1891 ostendere,
752 1825 818 1880 ad
857 1840 981 1896 quae
1006 1825 1141 1878 nihil
1173 1828 1471 1895 possumus
1498 1821 1855 1892 respondere,
1887 1820 1975 1874 di-

2085 1818 2177 1888 καὶ
2206 1817 2312 1871 ὑπὸ
2334 1817 2431 1871 τοῦ
2463 1817 2728 1889 κραταιοῦ
2775 1816 3048 1889 βασιλέως
3111 1816 3352 1884 εὐλόγως
3405 1803 3685 1871 πεισθέν-⁸

400 1918 651 1973 vidamus
683 1933 786 1973 nos
829 1934 858 1971 a
889 1916 1119 1971 Latinis.
1161 1915 1260 1971 Vix
1303 1924 1485 1969 tamen
1519 1911 1816 1983 aliquando
1845 1926 1974 1968 cum

2080 1928 2198 1978 τες,
2230 1910 2451 1981 ύφῆκαν
2480 1909 2581 1980 τῆς
2602 1909 2803 1979 ἀλόγου
2826 1910 3043 1981 ἐκείνης
3076 1909 3373 1975 ἐντάσεως.

400 2010 817 2083 perspexissent
876 2010 1017 2065 hanc
1072 2009 1157 2064 sui
1238 2006 1457 2062 consilii
1510 2006 1902 2070 temeritatem,
1963 2010 2019 2059 et
2093 2002 2378 2060 fortissimi
2436 2004 2613 2059 nostri
2670 2002 3018 2074 imperatoris
3072 2000 3296 2061 inductu
3342 2012 3400 2059 et
3448 2001 3660 2059 ratione

406 2118 728 2177 persuasum
754 2103 863 2157 illis
885 2110 1051 2167 esset,
1078 2104 1149 2159 ab
1179 2100 1271 2155 illo
1301 2099 1544 2155 absurdo
1597 2099 1839 2169 incoepta
1890 2106 2207 2169 conatuque
2234 2098 2593 2155 destiterunt.

476 2199 703 2255 Interim
765 2212 898 2253 vero
934 2211 1022 2251 res
1066 2197 1196 2266 ipsa:
1228 2194 1629 2264 profectionem
1673 2192 1982 2248 beatissimi

404 2306 558 2364 papae
594 2290 842 2346 Ferraria
874 2288 1208 2345 Florentiam
1261 2298 1526 2343 urserunt
1548 2285 1649 2357 (1),
1680 2286 1984 2354 eodemque

405 2382 600 2452 synodi
631 2379 1137 2450 transpositionem.
1175 2377 1324 2433 Abiit
1350 2392 1485 2449 ergo
1525 2376 1613 2432 ille
1641 2415 1656 2441 ,
1692 2374 1855 2431 simul
1883 2388 1984 2429 nos

391 2486 627 2543 .quoque
648 2471 905 2526 abiimus.
921 2469 1301 2539 Omnibusque
1324 2467 1799 2537 rebus,Florentiae
1825 2480 1985 2536 para-

409 2566 499 2631 tis,
515 2564 634 2621 dics
654 2562 1016 2634 disputationi
1042 2561 1269 2627 dicitur,
1294 2575 1400 2630 qua
1420 2560 1665 2630 incipere
1682 2568 1981 2628 opuserat,

409 2660 968 2718 et"constituta?dies
1000 2656 1195 2716 adfuit.
1227 2656 1443 2711 Rursus
1486 2654 1653 2725 igitur
1685 2668 1785 2708 nos
1814 2651 1985 2722 empi-

410 2768 534 2811 mus
558 2768 841 2810 accusare.
874 2749 1344 2819 Quemadmodum
1394 2747 1542 2803 enim
1578 2747 1633 2802 in
1680 2744 2007 2816 quaestione

409 2845 479 2901 de
510 2861 619 2901 non
649 2843 902 2900 addendo
932 2857 1033 2897 nos
1055 2848 1349 2913 personam
1380 2838 1719 2895 accusatoris
1746 2836 1981 2909 gereba-

409 2950 566 3000 mus;
618 2934 800 2991 Latini
849 2948 975 2989 vero
1009 2934 1087 2988 sic
1118 2931 1188 2987 ad
1215 2931 1428 3003 objecta
1468 2928 1891 3000 responderunt,
1921 2933 1983 2981 ut

409 3029 645 3098 amplius
668 3026 855 3082 dicere
887 3025 1186 3096 quidquam
1223 3021 1447 3077 minime
1491 3020 1875 3091 potuerimus;
1904 3018 1981 3072 ita

404 3123 575 3180 etiam
613 3123 668 3176 in
700 3120 809 3177 hoc
841 3120 1096 3190 dogmate
1137 3132 1238 3173 nos
1271 3115 1494 3187 quidem
1524 3122 1715 3185 utpote
1746 3112 1840 3183 qui
1893 3124 1982 3166 ac-

404 3214 763 3278 cusahainus,
812 3210 868 3266 in
918 3210 1149 3265 dubium
1198 3206 1616 3272 revocavimus;
1645 3204 1720 3260 illi
1767 3218 1897 3259 vero
1927 3203 1982 3257 in
2010 3181 2053 3241 ο

408 3306 646 3365 dicendo
677 3303 950 3363 secundas
982 3310 1167 3374 partes
1191 3301 1526 3364 obtinentes,
1556 3297 1982 3369 respondebant.

409 3400 470 3457 In
522 3398 781 3455 omnibus
831 3396 980 3451 enim
1041 3393 1109 3447 ad
1158 3401 1409 3447 nostrum
1460 3389 1750 3445 arbitrium
1802 3387 1986 3444 libidi-

406 3505 646 3562 nemque
673 3501 899 3545 causam
934 3483 1384 3557 disponebamus.

478 3583 669 3653 Itaque
695 3581 751 3637 in
774 3578 1132 3649 quaestionem
1159 3574 1492 3631 adduximus
1515 3588 1616 3630 nos
1644 3570 1982 3643 incipientes

402 3677 482 3734 ab
511 3676 646 3747 ipsis
687 3672 971 3745 apostolis,
1003 3680 1060 3727 et
1105 3670 1364 3727 omnibus
1395 3668 1568 3725 sacris
1614 3665 1893 3733 conciliis,
1928 3674 1987 3721 et

412 3784 605 3827 eorum
622 3766 807 3833 dictis,
823 3775 881 3819 et
904 3774 1167 3835 praeterea
1183 3761 1430 3817 omnium
1460 3767 1774 3815 sanctorum
1794 3758 1985 3813 Orien-

416 3864 606 3918 talium
667 3859 753 3915 usi
810 3872 1002 3915 sumus
1064 3855 1267 3926 quibus
1319 3852 1654 3918 ostenditur,
1717 3850 1985 3921 Spiritum

411 3962 659 4010 sanctum
684 3966 794 4007 non
816 3950 1038 4022 quidem
1062 3965 1091 4003 a
1116 3946 1255 4003 Filio
1277 3962 1383 4002 non
1411 3944 1744 4017 procedere;
1772 3942 1983 3997 nullum

410 4048 559 4104 enim
578 4044 851 4118 ejusmodi
867 4043 1072 4097 dictum
1088 4040 1376 4105 habemus,
1396 4044 1456 4091 ut
1471 4036 1676 4106 optime
1692 4044 1748 4089 tu
1767 4046 1986 4104 quoque

413 4142 581 4204 nosti,
607 4148 835 4209 excepta
858 4132 1131 4210 sententia
1157 4128 1476 4187 Damasccui
1506 4128 1601 4199 (2),
1632 4142 1752 4199 quae
1780 4126 1981 4182 habet:

412 4232 680 4304 Spiritum
729 4228 852 4284 Filii
889 4227 1147 4289 dicimus,
1183 4239 1253 4279 ex
1278 4222 1419 4278 Filio
1456 4230 1638 4275 autem
1672 4234 1781 4274 non
1842 4218 1987 4274 dici-

413 4338 557 4380 mus.
586 4322 722 4378 Aliis
751 4334 885 4377 vero
916 4319 1171 4373 omnibus
1204 4313 1364 4370 dictis
1394 4312 1501 4367 hoc
1531 4320 1744 4366 tantum
1791 4318 1983 4366 osten-

414 4415 584 4482 ditur,
629 4410 893 4481 Spiritum
920 4415 1172 4463 sanctum
1209 4420 1279 4461 ex
1310 4404 1473 4458 Patre
1515 4400 1838 4471 procedere,
1878 4415 1989 4455 non

415 4519 599 4564 autem
624 4521 690 4562 ex
718 4504 857 4560 Filio
886 4516 997 4579 non
1027 4498 1351 4571 procedere.
1388 4495 1483 4550 His
1517 4495 1703 4564 itaque
1755 4493 1988 4564 prolatis
2020 4530 2065 4587 υ

416 4601 743 4674 putabamus
790 4610 890 4651 nos
918 4602 1263 4656 ostensuros,
1310 4588 1503 4643 falsum
1546 4602 1668 4643 esse
1719 4585 1989 4658 Spiritum

418 4704 669 4752 sanctum
697 4706 763 4747 ex
794 4688 933 4745 Filio
965 4684 1285 4757 procedere.

491 4786 669 4843 Latini
687 4798 817 4841 vero
835 4782 905 4838 ad
928 4781 1044 4836 haec
1061 4778 1247 4833 omnia
1280 4777 1423 4833 dicta
1450 4783 1793 4843 sanctorum,
1819 4791 1990 4830 unum

417 4892 473 4939 et
500 4878 632 4937 illud
661 4889 951 4934 commune
984 4871 1259 4927 dederunt
1284 4884 1627 4940 responsum,
1664 4869 1846 4923 omnia
1869 4883 1990 4924 esse

419 4988 569 5037 vera,
594 4969 809 5039 sibique
843 4965 949 5021 hoc
980 4962 1127 5019 idem
1170 4960 1367 5025 videri,
1407 4959 1453 5013 si
1507 4957 1730 5027 quidem
1757 4959 1991 5012 credunt

418 5078 473 5123 et
504 5066 605 5137 ipsi
641 5063 907 5135 Spiritum
936 5066 1187 5114 sanctum
1234 5071 1301 5111 ex
1343 5055 1501 5109 Patre
1538 5055 1839 5125 procedere
1873 5070 1887 5121 ;
1936 5054 1988 5107 id

421 5170 603 5214 tamen
632 5171 739 5210 non
766 5169 889 5209 esse
917 5150 1252 5227 contrarium
1284 5162 1386 5203 suo
1419 5148 1677 5217 dogmati.
1710 5148 1823 5202 lloc
1844 5147 1989 5201 enim

420 5252 564 5323 quod
598 5257 683 5304 est
711 5263 777 5303 ex
829 5246 988 5301 Patre
1018 5230 1337 5313 procedere,
1383 5253 1563 5310 neque
1616 5241 1989 5293 contradicto-

420 5345 584 5408 rium,
645 5353 825 5412 neque
866 5336 1204 5392 contrarium
1248 5344 1333 5389 est
1372 5332 1552 5398 alteri,
1604 5333 1749 5402 quod
1795 5342 1878 5386 est
1923 5348 1992 5387 ex

418 5437 556 5494 Filio
585 5432 898 5507 procedere.
927 5429 983 5483 Si
1007 5430 1154 5483 enim
1182 5427 1374 5481 horum
1411 5426 1642 5479 alterum
1670 5436 1837 5489 esset,
1860 5435 1992 5479 tunc

420 5546 534 5583 uno
576 5526 863 5589 atlirmato,
913 5522 1148 5576 alterum
1200 5518 1316 5572 tolli
1349 5531 1573 5571 necesse
1628 5525 1799 5572 esset.
1836 5516 1992 5571 Nunc

420 5639 551 5679 vero
593 5620 728 5676 nihil
755 5619 956 5680 obstat,
989 5612 1281 5684 quominus
1327 5621 1385 5665 et
1434 5610 1588 5676 illud,
1615 5611 1757 5679 quod
1793 5619 1876 5664 est
1926 5625 1991 5665 ex

494 5740 569 5812 (Ι)
602 5737 777 5793 Pestis
814 5727 1318 5812 coeperquras‘sari
1355 5725 1640 5812 Ριξξι-διῆρε,
1666 5725 1995 5812 ἰάσω-ιτοιιες

424 5796 662 5867 Ιοιῖιέςι
712 5796 972 5882 synodus.
1011 5796 1146 5858 Vide
1179 5798 1349 5853 Couc.
1402 5797 1548 5851 Flor.
1584 5812 1720 5853 sess.
1783 5796 1864 5861 iii,
1935 5806 1991 5851 et

2160 2193 2255 2247 Ἐν
2292 2194 2538 2265 τοσούτῳ
2564 2193 2621 2248 δέ
2658 2192 2754 2248 καὶ
2792 2194 2861 2249 τά
2886 2195 3192 2265 πράγματα
3217 2197 3537 2268 ἠνάγκασαν
3565 2198 3659 2267 τὴν

2085 2288 2151 2341 ἐκ
2181 2286 2493 2359 Φερραρίας
2526 2288 2585 2351 ἐς
2614 2286 2960 2359 Φλωρεντίαν
3008 2287 3327 2359 ἀποδημίαν
3362 2288 3460 2343 τοῦ
3486 2306 3660 2359 μακα-

2085 2379 2354 2451 ριωτάτου
2395 2380 2623 2447 πάππα,
2654 2379 2749 2435 καὶ
2768 2380 2868 2451 τὴν
2896 2380 3077 2434 ἐκεῖσε
3118 2384 3220 2452 τῆς
3252 2381 3475 2436 συνόδου
3501 2384 3660 2452 μετά-

2084 2471 2257 2529 θεσιν.
2304 2472 2579 2543 Ἀπῆλθεν
2640 2472 2735 2529 οὖν
2790 2474 3018 2539 ἐκεῖνος,
3082 2475 3507 2546 συναπὴλθομεν
3563 2482 3661 2533 καί.

2082 2565 2270 2637 ἡμεῖς.
2298 2564 2410 2622 Καὶ
2439 2564 2661 2619 πάντων
2683 2565 2996 2635 γενομένων
3023 2565 3083 2620 ἐν
3114 2568 3452 2640 Φλωρεντίᾳ,
3492 2571 3658 2624 κεκύ-

2088 2673 2256 2725 ρωται
2306 2656 2520 2728 ἡμέρα,
2556 2657 2678 2711 καθ’
2713 2657 2780 2727 ἣν
2830 2656 3101 2727 ἄρξασθαι
3150 2658 3281 2725 ἔδει,
3312 2663 3465 2731 καὶὴ
3492 2666 3664 2733 κυρία

2081 2747 2313 2814 ἐπέστη.
2340 2748 2513 2803 Πάλιν
2538 2746 2630 2801 οῦν
2648 2748 2811 2818 ἡμεῖς
2833 2748 3087 2817 ἐγκαλεῖν
3106 2748 3416 2821 ἠρξάμεθα.
3442 2752 3661 2825 Ὠσπερ

2083 2840 2191 2911 γὰρ
2221 2840 2282 2892 ἐν
2310 2840 2387 2911 τῷ
2412 2843 2542 2911 περὶ
2574 2840 2669 2895 τοῦ
2726 2840 2802 2912 μὴ
2834 2842 2951 2896 δεῖν
3003 2844 3325 2914 προσθεῖναι
3387 2845 3663 2917 ζητήματι

2083 2932 2244 3002 ἡμεῖς
2274 2934 2699 3004 ἐνεκαλέσαμεν,
2744 2934 2971 2989 Λατῖνοι
3004 2933 3062 2988 δὲ
3100 2936 3525 3010 ἀπελογήθησαν
3563 2938 3662 2993 οῦ-

2082 3042 2216 3090 τως,
2246 3026 2320 3089 ὡς
2347 3026 2422 3097 μὴ
2443 3026 2744 3098 δυνηθῆναι
2772 3028 2920 3099 ἡμᾶς
2940 3026 3021 3081 ἐτι
3053 3028 3424 3101 ἀποκριθῆναι
3446 3048 3461 3061 ·
3487 3031 3548 3085 οῦ
3560 3050 3663 3095 τως

2091 3118 2186 3172 καὶ
2216 3120 2275 3171 ἐν
2309 3118 2386 3188 τῷ
2420 3118 2657 3189 δόγματι
2682 3118 2844 3189 ἡμεῖς
2883 3120 2985 3189 μὲν
3014 3118 3088 3183 ὡς
3120 3120 3478 3201 ἐγκαλοῦντες
3503 3139 3663 3191 προε-

2087 3208 2585 3278 τείναμεν,ἐκεῖνοι
2612 3208 2666 3261 δὲ
2695 3208 3085 3276 ἀπελογοῦντο,
3109 3210 3179 3262 τά
3200 3210 3479 3279 δευτερεῖα
3506 3209 3664 3280 ἡμῶν

2087 3301 2328 3372 ἔχοντες.
2402 3300 2491 3375 Ἐν
2541 3301 2674 3355 πᾶσι
2704 3300 2817 3371 γὰρ
2851 3302 2995 3355 κατὰ
3041 3303 3225 3356 πᾶσαν
3256 3302 3535 3370 ἐξουσίαν,
3585 3302 3662 3366 ὥς

2087 3396 2221 3466 ἡμῖν
2245 3391 2313 3467 ἦν
2341 3394 2712 3466 βουλομένοις,
2744 3394 2891 3448 οὕτω
2910 3395 3003 3449 τὸν
3030 3396 3188 3464 λόγον
3218 3394 3633 3468 ᾠκοδομοῦμεν.

2164 3576 2581 3649 Προετείναμεν
2611 3574 2705 3630 οὖν
2753 3575 2850 3631 ἀπ’
2879 3576 3061 3630 αὐτῶν
3088 3578 3197 3632 τῶν
3226 3578 3537 3633 ἀποστόλων
3569 3572 3664 3634 καὶ

2087 3670 2196 3727 τῶν
2246 3670 2421 3740 ἀγῐων
2460 3659 2707 3723 συνόδων
2756 3669 2984 3723 ἀπασῶν
3025 3669 3348 3741 ἀρξάμενοι,
3407 3675 3504 3725 καὶ
3546 3675 3664 3735 τοῖς

2087 3762 2267 3826 αὐτῶν
2306 3778 2365 3816 τε
2406 3761 2500 3816 καὶ
2544 3760 2655 3815 τῶν
2691 3761 3045 3823 ἀνατολικῶν,
3082 3760 3305 3816 πάντων
3346 3763 3523 3831 ἀγίων
3563 3766 3665 3835 ρη.

2086 3855 2199 3916 τοῖς
2225 3854 2584 3924 χρησάμενοι,
2615 3846 2696 3916 οἷς
2726 3852 3010 3907 δείκνυται
3052 3854 3111 3908 τὸ
3159 3854 3385 3925 Πνεῦμα
3417 3856 3476 3909 τὸ
3501 3857 3660 3925 ἅγιον

2087 3947 2208 4016 οὐχὶ
2248 3947 2322 4017 μὴ
2378 3945 2777 4016 ἐκπορεύεσθαι
2822 3948 2885 3999 ἐκ
2939 3947 3032 4001 τοῦ
3086 3948 3245 4013 Υίοῦ,
3283 3950 3527 4005 τοιοῦτον
3555 3952 3662 4024 γὰρ

2088 4039 2240 4092 οὐδὲν
2286 4038 2449 4108 ῥητὸν
2491 4038 2708 4109 ἔχομεν,
2741 4040 2818 4104 ὡς
2864 4044 2958 4094 καὶ
3012 4042 3172 4106 αὐτὸς
3202 4040 3375 4109 οἶδας,
3406 4046 3456 4099 εί
3491 4046 3567 4116 μὴ
3602 4048 3667 4100 τὸ

2088 4130 2182 4185 τοῦ
2222 4130 2584 4201 Δαμασκηνοῦ
2627 4131 2789 4201 μόνον
2824 4133 2886 4185 τὸ
2913 4132 3096 4202 λέγον,
3153 4135 3377 4206 Πνεῦμα
3404 4137 3535 4192 Υἰοῦ
3570 4138 3659 4191 λέ-

2090 4240 2277 4295 γομεν,
2304 4226 2360 4290 ἐξ
2390 4224 2519 4277 Υίοῦ
2547 4224 2604 4277 δὲ
2630 4225 2690 4278 ού
2740 4225 2997 4295 λέγομεν.
3045 4226 3171 4291 Τοῖς
3201 4226 3260 4280 δέ
3297 4228 3482 4293 ἀλλοις
3524 4231 3663 4284 πᾶσι

2094 4319 2277 4391 ῥητοῖς
2334 4317 2493 4372 τοῦτο
2548 4318 2821 4373 δείκνυται
2862 4321 3044 4389 μόνον,
3091 4321 3173 4374 ὅτι
3225 4322 3286 4376 τὸ
3324 4321 3552 4394 Πνεῦμα
3597 4324 3659 4379 τὸ

2092 4410 2247 4478 ἆγιον
2281 4413 2345 4464 ἐκ
2367 4410 2578 4481 [ἰατρὸς
2625 4411 3005 4483 ἐκπορεύεται,
3042 4413 3143 4482 οὐχ
3180 4412 3263 4467 ὅτι
3312 4415 3376 4468 ἐκ
3396 4415 3493 4469 τοῦ
3527 4414 3659 4470 Υίοῦ

2091 4506 2190 4559 οὐκ
2214 4504 2594 4575 ἐκπορεύεται.
2627 4506 2809 4559 Ταῦτα
2846 4501 2941 4559 οὖν
2969 4507 3138 4576 ἡμεῖς
3171 4510 3665 4579 προσενέγκαντες,

2093 4596 2311 4666 ᾠόμεθα
2338 4597 2508 4664 δεῖξαι
2528 4596 2723 4667 ψεῦδος
2765 4594 2907 4652 εἶναι
2934 4600 2994 4653 τὸ
3025 4600 3090 4653 ἐκ
3117 4598 3211 4653 τοῦ
3238 4600 3370 4656 Υίοῦ
3406 4601 3468 4656 τὸ
3501 4603 3667 4658 Πνεῦ-

2098 4706 2172 4759 μα
2198 4688 2259 4742 τδ
2291 4691 2447 4758 διγιον
2483 4691 2913 4762 ἐκπορεύεσθαι.

2164 4777 2383 4830 Λατῖνοι
2414 4779 2470 4830 δὲ
2497 4778 2633 4848 πρὸς
2658 4779 2833 4835 ταῦτα
2861 4782 2963 4851 μὲν
2990 4779 3061 4835 τὰ
3094 4782 3235 4853 ῥητά
3259 4784 3439 4838 πάντα
3474 4783 3539 4841 ἓν,
3564 4782 3658 4838 καί

2093 4870 2269 4923 κοινὸν
2315 4871 2716 4941 ἀπεκρίθησαν,
2793 4873 2868 4938 ὡς
2896 4874 3078 4929 πάντα
3134 4875 3275 4929 είσὶν
3325 4874 3525 4946 ἀληθῆ,
3561 4876 3658 4930 καὶ

2092 4962 2239 5014 δοκΞῖ
2277 4963 2373 5015 καὶ
2401 4964 2587 5027 αὐτοῖς
2610 4980 2623 4995 ·
2661 4966 2757 5019 καὶ
2788 4965 2895 5037 γὰρ
2928 4965 3249 5021 πιστεύουσι
3291 4968 3384 5022 καὶ
3421 4968 3577 5023 αὐτοὶ
3602 4968 3664 5023 τὸ

2095 5056 2317 5125 Πνεῦμα
2365 5057 2426 5109 τὸ
2456 5058 2611 5125 ἆγιον
2647 5060 2712 5112 ὲκ
2762 5060 2982 5131 [ἰατρὸς
3015 5061 3410 5133 ἐκπορεύεσθαι
3435 5078 3453 5096 ο
3503 5064 3663 5117 τοῦτο

2096 5149 2277 5218 μέντοι
2312 5165 2375 5218 γε
2405 5150 2504 5203 ούκ
2536 5154 2874 5206 ἐναντιοῦται
2932 5154 3010 5223 τῷ
3068 5155 3249 5210 αὐτῶν
3276 5155 3531 5226 δόγματι.
3583 5156 3663 5211 Τὸ

2094 5242 2203 5312 γὰρ
2230 5243 2293 5297 ἐκ
2320 5244 2529 5315 Πατρὸς
2558 5247 2954 5317 ἐκπορεύεσθαι
2977 5246 3104 5302 οὔτε
3135 5234 3515 5319 ἀντιφατικδν,
3535 5247 3663 5305 οὔτε

2094 5332 2330 5388 ἐναντίον
2356 5338 2469 5389 ἐστὶ
2503 5337 2582 5408 τῷ
2604 5340 2665 5391 ἐκ
2688 5339 2787 5402 τοῦ,
2813 5339 2944 5393 Υίοῦ
2978 5341 3403 5412 ἐκπορεύεσθαι.
3457 5345 3521 5398 Εἰ
3556 5346 3661 5415 γάρ

2093 5426 2297 5479 τούτων
2354 5428 2581 5499 θάτερον
2640 5427 2731 5502 ἦν,
2786 5432 2929 5498 τότε,
2982 5432 3078 5485 τοῦ
3118 5434 3239 5498 eve;
3279 5435 3568 5506 ῥηθέντος,
3602 5438 3662 5491 τὸ

2096 5519 2286 5590 ἕτερον
2316 5523 2575 5594 ἀνῃρεῖτο
2604 5525 2660 5590 ἐξ
2692 5526 2959 5596 ἀνάγκης.
3017 5506 3128 5581 Νῦν
3157 5527 3215 5581 δέ
3254 5530 3411 5583 ούδέν
3462 5529 3664 5585 κωλύει

2096 5613 2191 5665 καὶ
2222 5612 2281 5666 τὸ
2304 5614 2367 5666 ὲκ
2402 5616 2493 5668 τοῦ
2523 5616 2735 5682 Πατρδς
2785 5618 3182 5689 ἐκπορεύεσθαι
3241 5622 3440 5691 ἀληθὲς
3480 5621 3618 5679 εἶναι
3644 5665 3660 5690 ,
