4090 6146
423 319 533 388 357

1345 324 1443 387 DE
1486 320 2019 384 PROCES‘JIONE
2060 318 2427 383 SPlRlTUS
2470 316 2760 382 SANGTI.

3563 308 3673 377 358

423 436 521 487 καὶ
556 433 617 487 τὸ
649 432 709 501 ἐξ
780 434 902 491 ι’ίοῦ
936 433 1138 502 ἀληθές
1164 451 1178 466 '
1244 435 1436 509 ὥσπερ
1474 439 1570 491 ἑάν
1626 439 1895 508 εἴπωμεν,
1932 436 1994 491 τὸ

2109 433 2258 490 Patre
2292 434 2611 505 procedere,
2645 447 2833 487 verum
2863 430 2973 497 sit;
3016 435 3072 485 et
3116 426 3251 485 illud
3295 428 3442 499 quod
3484 434 3572 484 est
3604 439 3675 481 ex

423 525 653 597 Πνεῦμα
666 526 729 580 τὺ
743 526 901 596 ἀγιον
922 527 1244 599 πέμπεσθαι
1272 530 1336 584 ὲκ
1362 529 1455 582 τοῦ
1492 530 1728 602 Πατρδς,
1752 529 1907 591 ἀλλος
1932 528 1990 581 δέ

419 617 505 680 τίς
533 634 691 691 φησι,
710 619 771 674 τὸ
796 619 1020 692 Πνεῦμα
1046 619 1363 690 πέμπεσθαι
1387 622 1452 675 ὲκ
1473 622 1687 695 [ἰατρὸς
1709 623 1804 677 καὶ
1835 620 1992 676 Υἰοῦ.

423 709 533 763 Καὶ
563 710 858 781 ἀμφότερά
884 712 1024 766 εἰσιν
1056 711 1259 785 ἀληθῆ,
1307 714 1401 768 καὶ
1426 713 1489 768 οὐ
1525 714 1759 785 μάχεται
1780 713 1998 784 θατέρῳ

421 802 484 855 τὸ
507 801 719 866 ἓτερον.
746 803 811 858 Ei
845 803 948 874 μὲν
973 803 1067 858 οὖν
1093 803 1144 859 οῖ
1174 803 1323 872 ἅγιοι
1349 803 1540 874 ἔλεγον
1567 806 1632 860 ὲκ
1653 805 1747 860 τοῦ
1780 805 1995 875 [ἰατρὸς

426 895 589 963 μόνου
623 894 1027 964 ἐκπορεύεσθαι
1061 894 1123 949 τὸ
1164 893 1414 967 Πνεῦμα,
1448 895 1482 968 ἦ
1530 896 1613 951 ὅτι
1648 897 1712 950 ὲκ
1736 896 1828 949 τοῦ
1863 895 1996 949 Υίοῦ

421 986 522 1039 οὐκ
550 986 935 1058 ἐκπορεύεται,
962 982 1112 1060 εἶχεν
1141 987 1209 1042 ἂν
1228 987 1409 1058 λόγον,
1444 989 1627 1057 λέγειν
1652 988 1806 1059 ἡμᾶς
1841 989 1999 1056 δοξά-

425 1080 541 1144 ζειν
559 1081 623 1151 t}:
633 1082 774 1148 ῦόοςο
806 1087 931 1140 ἐπεὶ
951 1087 1007 1141 δὲ
1035 1085 1245 1141 τούτων
1268 1087 1555 1160 οὐδέτερον
1573 1086 1755 1153 οὐδεὶς
1782 1087 1996 1142 οὐδέπω

426 1177 520 1228 καὶ
552 1176 646 1230 νῦν
672 1178 885 1249 εἴρηκε,
934 1179 998 1234 τὸ
1023 1181 1088 1235 ἐκ
1117 1180 1215 1234 τοῦ
1257 1178 1472 1252 Πατρὸς
1522 1179 1780 1250 λέγεσθαι
1829 1182 1997 1235 ἔκπο-

428 1266 707 1335 ρεύεσθαι,
763 1269 865 1323 οὐκ
913 1270 1134 1343 ἀναιρεῖ
1178 1272 1242 1327 τὺ
1279 1273 1344 1326 ικ
1396 1271 1494 1327 τοῦ
1524 1272 1659 1326 Tios
1698 1273 1999 1344 ἐκπορεύε-

428 1356 573 1413 σθαι.

497 1448 685 1502 Ταῦτα
709 1449 812 1519 μὲν
843 1449 986 1519 πρὸς
1017 1451 1087 1507 τά
1123 1453 1375 1525 ἡμέτερα
1406 1454 1548 1527 ρητά
1578 1454 1994 1525 ἀπεκρίθησαν·

425 1538 562 1606 πρὶς
606 1536 663 1591 δὲ
687 1538 749 1591 se
775 1538 872 1593 τοῦ
902 1541 1294 1613 Δαμασκηνοῦ,
1324 1544 1448 1598 ἐπεὶ
1490 1544 1625 1614 μηδὲ
1661 1546 1831 1615 ἡμεῖς
1862 1543 1998 1597 αὐτο

427 1634 824 1703 προετείναμεν
848 1674 865 1700 ,
923 1636 1044 1691 οὐδὲ
1094 1638 1297 1690 ἐκεῖνοι
1345 1638 1768 1709 ῲπεκρίθηταν·
1804 1635 1915 1707 εγὼ
1942 1637 2000 1691 δὲ

426 1725 523 1775 καὶ
554 1720 655 1791 τὴν
678 1723 871 1779 τούτου
906 1722 1063 1778 λύσιν
1103 1724 1337 1795 ὕστερόν
1367 1742 1452 1780 σοι
1495 1728 1821 1798 χαρὶσομαι.

500 1908 736 1963 Ἔπειτα
763 1908 820 1963 δὲ
858 1910 1058 1963 ἐκεῖνοι
1112 1908 1172 1977 ἐξ
1222 1907 1391 1983 ἄλλης
1443 1912 1620 1983 ἀρχῆς
1666 1902 1997 1982 ἀρξάμενοι,

428 1997 586 2055 εἷπον
611 2000 784 2054 πολλά
814 2004 909 2056 καὶ
927 2001 1161 2071 διάᾳορα
1178 2003 1239 2057 ιν
1260 2003 1511 2057 πλείοσιν
1537 2003 1775 2075 ἡμέραις
1802 2003 2000 2074 ἐφεξῆς

429 2096 864 2166 ἐπιχειρήματα,
920 2095 1030 2150 ἀπὸ
1068 2097 1170 2167 τῆς
1210 2096 1363 2162 θείας
1393 2097 1617 2167 Γραφῆς
1659 2094 1999 2168 ὁρμώμενοι,

429 2186 686 2247 κάκεῖθεν
743 2187 853 2242 τῶν
902 2189 1205 2243 ἐλαττόνων
1235 2187 1601 2261 εὐποροῦντες
1654 2188 1999 2258 προτάσεων,

425 2280 739 2348 δεικνύντα,
768 2282 829 2336 τδ
856 2280 1083 2353 Πνεῦμα
1106 2282 1168 2337 τὸ
1201 2283 1358 2352 ἅγιον
1393 2284 1457 2336 ἐκ
1493 2282 1707 2354 Πατρὸς
1739 2280 1835 2336 καὶ
1866 2278 1998 2334 Υίοῦ

426 2370 850 2445 ἐκπορεύεσθαι.

497 2469 824 2525 Τελευταῖον
846 2467 903 2523 δὲ
934 2466 1030 2531 τὰς
1060 2468 1254 2539 ῥήσεις
1301 2467 1413 2523 τῶν
1442 2466 1711 2539 Πατέρων
1764 2468 2005 2539 ιπὴνεγ-

426 2579 556 2629 κσν,
582 2555 670 2625 αἷς
697 2560 883 2629 σαφῶς
916 2576 979 2614 τε
1030 2557 1127 2614 καὶ
1178 2558 1483 2632 διαρρήδην
1531 2561 1565 2631 ἡ
1602 2558 1698 2614 τοῦ
1731 2558 2005 2629 δόγματος

426 2653 623 2709 τούτου
654 2653 882 2723 ἀλήθεια
918 2650 1195 2721 φαίνεται.
1233 2651 1569 2722 Παρὴγαγον
1593 2653 1651 2706 δὲ
1682 2654 1743 2707 οὐ
1770 2653 2008 2710 δυτικῶν

432 2749 615 2820 μόνον,
648 2746 767 2802 ἀλλ’
787 2745 938 2801 οὐδὲν
958 2740 1123 2819 ἧττον
1150 2745 1245 2799 καὶ
1265 2745 1603 2801 ἀνατολικῶν
1636 2746 2005 2805 διδασκάλων.

427 2834 532 2898 ὀν
562 2859 707 2907 τινα,
735 2841 835 2895 ὅσα
868 2856 960 2911 μοι
997 2839 1408 2910 ἀναγκαιότερα
1453 2838 1625 2905 εδοξε,
1660 2842 1760 2895 σὺν
1791 2841 2007 2909 τούτοις

431 2948 517 2985 σοι
535 2929 701 2985 τανῦν
732 2928 1112 3001 πέπομφα,ὼς
1143 2929 1209 2985 ἂν
1239 2931 1334 2983 καὶ
1363 2930 1566 2994 αὐτοὺς
1595 2930 1724 2997 τούς
1752 2932 2009 2998 δυτικούς

432 3025 674 3099 ἀκούσῃς
704 3023 955 3095 Πατέρας
988 3023 1043 3078 τί
1078 3022 1208 3094 περὶ
1254 3024 1447 3078 τούτου
1484 3025 1747 3096 φρονοῦσί
1797 3042 1860 3081 τε
1912 3027 2012 3082 καὶ

2061 602 2067 606 _
2098 525 2237 584 Filio
2261 566 2277 590 ,
2307 542 2519 583 verum.
2552 525 2732 582 Veluti
2777 524 2825 580 si
2849 524 3096 579 dicamus
3122 521 3388 592 Spiritum
3418 529 3670 577 sanctum

2096 618 2243 674 mitti
2276 634 2308 673 a
2347 618 2529 685 Patre,
2572 618 2711 673 alius
2737 630 2866 672 vero
2894 614 3169 686 quispiam
3198 613 3371 679 dicat,
3398 606 3672 683 Spiritum

2096 712 2236 768 mitti
2268 728 2335 769 ex
2367 710 2524 767 Patre
2554 719 2609 765 et
2650 711 2787 766 Filio
2813 726 2829 776 ;
2854 718 2909 765 et
2940 712 3101 764 ambo
3140 715 3274 763 sunt
3315 720 3470 773 vera,
3504 713 3564 762 et
3595 703 3675 759 al-

2096 815 2277 863 terum
2323 805 2480 860 alteri
2544 804 2771 859 minime
2828 810 3117 875 repugnat.
3161 800 3218 857 Si
3281 799 3447 871 igitur
3501 798 3674 855 sancti

2097 899 2344 955 dicerent
2374 896 2640 967 Spiritum
2682 911 2748 950 ex
2772 895 2931 950 Patre
2975 896 3092 951 solo
3139 894 3461 965 procedere,
3495 891 3581 948 vel
3607 906 3677 947 ex

2098 989 2237 1046 Filio
2265 1005 2374 1044 non
2402 988 2724 1059 procedere,
2756 1004 2863 1043 non
2890 999 3035 1044 esset
3066 988 3266 1042 mirum
3301 983 3680 1055 dicere,ipsos

2099 1082 2311 1153 opinari
2344 1081 2564 1137 falsum.
2597 1080 2797 1136 Verum
2842 1093 2966 1132 cum
2993 1078 3191 1133 horum
3230 1072 3484 1133 neutrum
3512 1090 3676 1131 nemo

2103 1187 2342 1243 unquam
2369 1172 2548 1226 adhuc
2600 1170 2837 1233 dixerit,
2879 1167 3013 1224 illud
3072 1169 3216 1239 quod
3266 1176 3352 1222 est
3396 1182 3464 1239 es
3519 1166 3682 1221 Patre

2098 1264 2422 1339 procedere,
2472 1279 2582 1319 non
2612 1263 2753 1318 tollit
2784 1263 3021 1319 alterum
3051 1301 3066 1327 ,
3098 1259 3243 1332 quod
3296 1270 3379 1315 est
3422 1272 3490 1314 ex
3537 1258 3679 1315 Filio

2102 1356 2424 1428 procedere.
2838 1350 2841 1353 λ

2173 1445 2297 1501 llaec
2330 1445 2398 1499 ad
2437 1456 2625 1500 nostra
2672 1444 2816 1500 dicta
2847 1443 3284 1516 responderunt.
3328 1440 3411 1499 Ad
3450 1450 3684 1499 senten-

2103 1539 2234 1594 tiam
2285 1553 2418 1593 vero
2464 1539 2809 1604 Dainasccni,
2870 1536 3096 1607 quando
3131 1545 3188 1592 et
3229 1550 3330 1592 nos
3374 1535 3524 1591 illam
3570 1550 3683 1591 non

2102 1631 2490 1700 produximus,
2536 1646 2719 1701 neque
2776 1630 2855 1687 illi
2904 1630 3208 1701 quidquam
3254 1629 3683 1700 reSponderunt.

2104 1720 2219 1793 Ego
2250 1738 2381 1778 vero
2416 1722 2513 1777 tibi
2550 1733 2741 1794 postea
2778 1732 2837 1778 et
2870 1723 2927 1777 in
2958 1722 3130 1792 hujus
3176 1721 3454 1779 solutione
3484 1720 3683 1778 faciam

2103 1815 2263 1870 satis.

2176 1909 2379 1967 Deinde
2413 1928 2545 1967 vero
2576 1912 2651 1967 illi
2684 1910 2753 1966 ab
2786 1910 2897 1966 alio
2932 1910 3207 1981 principio
3239 1925 3395 1967 sacra
3421 1910 3686 1966 nimirum

2102 2002 2388 2071 Scriptura
2438 2001 2553 2058 nixi
2602 2012 2657 2058 et
2706 2002 2859 2069 freti,
2907 2001 3147 2066 indeque
3201 2000 3363 2071 copia
3409 2000 3687 2057 minorum

2103 2090 2548 2163 propositionum
2609 2093 3000 2161 abundantes,
3052 2094 3239 2150 exorsi
3296 2103 3427 2150 sunt
3494 2093 3688 2150 dicere

2103 2184 2365 2257 deinceps
2404 2188 2721 2257 permultos
2746 2188 2865 2244 dies
2893 2187 3063 2243 multa
3086 2196 3145 2243 et
3170 2187 3321 2242 varia
3338 2196 3689 2258 argumenta,

2104 2278 2451 2333 ostendentia
2496 2277 2764 2349 Spiritum
2811 2289 3064 2335 sanctum
3111 2294 3181 2333 ex
3225 2277 3387 2334 Patre
3435 2276 3687 2350 Filioque

2104 2370 2428 2441 procedere.

2177 2464 2463 2520 Postremo
2487 2464 2655 2520 etiam
2686 2464 3052 2521 auctoritates
3083 2464 3311 2521 Patrum
3351 2466 3684 2534 attulerunt,

2110 2553 2317 2626 quibus
2348 2555 2643 2631 manifeste
2676 2571 2740 2612 ac
2761 2556 3073 2613 luculenter
3096 2558 3261 2629 bujus
3290 2559 3565 2631 dogmatis
3594 2574 3691 2617 ve-

2114 2648 2252 2706 ritas
2282 2635 2701 2721 comprobatur.
2744 2650 3113 2707 Protulerunt
3138 2662 3327 2710 autem
3367 2669 3479 2711 non
3505 2655 3687 2711 solum

2106 2745 2577 2813 Occidentalium,
2597 2764 2789 2805 verum
2804 2750 2974 2806 etiam
2991 2752 3281 2809 doctorum
3299 2751 3686 2809 Orientalium.

2109 2835 2358 2908 Quarum
2382 2841 2616 2913 aliquas,
2635 2857 2986 2913 quaecunque
3010 2845 3146 2900 mibi
3173 2847 3344 2917 magis
3360 2848 3691 2904 necessaria:

2108 2934 2243 2991 visae
2280 2943 2432 3001 sunt,
2481 2951 2589 2991 una
2635 2951 2761 2992 cum
2806 2937 2961 2992 liis-ce
3010 2938 3109 2992 tibi
3144 2939 3302 3006 misi,
3337 2948 3398 2993 ut
3438 2948 3494 2995 ct
3542 2940 3691 3011 ipsos

2109 3027 2503 3086 Occidentales
2535 3028 2734 3084 audias
2786 3029 3004 3093 Patres,
3044 3031 3176 3100 quid
3223 3031 3301 3086 illi
3342 3032 3410 3088 de
3454 3032 3558 3089 hoc
3590 3032 3691 3089 do-

433 3116 772 3172 διδάσκουσι.
817 3115 962 3185 Πρὸς
1015 3115 1159 3185 άπερ
1234 3117 1400 3186 ἡμεῖς
1456 3117 1761 3188 ἀπολογίαν
1826 3120 2005 3174 εῖπεῖν

2112 3126 2295 3193 gmate
2330 3120 2549 3191 sapiant
2574 3129 2628 3176 ct
2662 3120 2917 3177 doceant.
2954 3121 3036 3177 Ad
3072 3137 3209 3192 quas
3232 3137 3335 3177 nos
3364 3137 3689 3194 responsum

434 3210 654 3281 εἴχομεν
682 3206 964 3279 οὐδεμίαν,
997 3206 1031 3278 ἡ
1064 3208 1148 3262 ὅτι
1167 3206 1299 3261 νόθα
1328 3207 1462 3272 εἰσὶ,
1491 3208 1589 3264 καὶ
1619 3209 1724 3263 ὑπὸ
1750 3211 2003 3266 Λατίνων

432 3301 765 3358 νενόθευται.
816 3299 1153 3371 Παρὴγαγον
1207 3300 1303 3353 τὸν
1352 3301 1630 3372 ἡμέτερον
1678 3301 2008 3371 Ἐπιφάνιον

433 3397 493 3450 ἐν
519 3394 736 3458 πολλοῖς
765 3391 951 3455 τόποις
981 3389 1170 3461 σαφῶς
1195 3392 1260 3446 εκ
1310 3393 1542 3464 Πατρδς,
1576 3396 1671 3449 καὶ
1715 3395 1845 3451 Υῖοῦ
1888 3397 2008 3452 θεο-

433 3488 697 3557 λογοῦντα
719 3487 779 3541 τὸ
800 3486 1047 3555 Πνεῦμα.
1076 3486 1225 3540 Νόθα
1252 3487 1511 3558 ἐλέγομεν
1542 3483 1706 3544 εἶναι.
1737 3490 2011 3560 ’Δνέγνων

433 3583 497 3637 τὸ
527 3581 927 3655 προειρημένον
950 3585 1009 3635 ἐν
1030 3584 1141 3644 τοῖς
1170 3580 1294 3636 κατ’
1337 3577 1608 3647 Εὐνομίαν
1630 3575 1727 3632 τοῦ
1763 3578 2007 3648 μεγάλου

440 3673 727 3729 Βασιλεὶον
755 3672 924 3745 ῥητόν
945 3689 959 3704 ·
1000 3672 1431 3743 παρέγγραπτον
1469 3664 1615 3724 εῖναι
1639 3668 1816 3722 ἐδόκει
1851 3670 2004 3740 ἡμῖν.

440 3769 823 3837 Προεκόμισαν
853 3766 921 3819 τά
954 3763 1065 3819 τῶν
1092 3764 1151 3830 ἐξ
1178 3762 1419 3833 ἑσπέρας
1453 3760 1646 3830 ἁγίων·
1682 3763 1829 3815 πᾶσα
1849 3763 2010 3832 ἡμῶν

438 3859 705 3927 ἀπολογία
741 3859 802 3913 τὸ
820 3859 993 3920 νόθον,
1026 3858 1122 3911 καὶ
1174 3856 1330 3910 οὐδὲν
1356 3853 1550 3923 ἕτερον
1579 3850 1671 3925 ἦν.
1727 3854 1852 3908 Ἐπὶ
1882 3854 2014 3908 πολ-

436 3952 533 4016 λὰς
562 3948 660 4006 οὖν
692 3952 904 4022 ἡμέρας
931 3948 1298 4019 σκεπτόμενοι
1342 3946 1468 4001 καθ’
1505 3948 1731 4010 ἑαυτοὺς
1757 3947 1849 4000 καὶ
1881 3947 2008 4018 βου-

436 4048 742 4118 λευόμενοι,
766 4060 818 4098 τι
866 4045 932 4098 ἂν
966 4042 1106 4113 πρὸς
1156 4041 1333 4095 ταῦτα
1367 4039 1827 4111 ἀποκριθείὴμεν,
1859 4042 2010 4095 οὐδε-

440 4144 572 4213 μίαν
594 4143 927 4213 εὐρίσκομεν
953 4140 1256 4210 ἀπολογίαν
1281 4139 1315 4210 ἢ
1339 4139 1569 4210 ταύτην.
1595 4138 1814 4209 Ταύτην
1841 4138 1900 4193 δὲ
1920 4132 2011 4204 αὗ,

437 4238 513 4300 ὡς
569 4236 764 4305 ἄλογον
802 4235 967 4298 πάνυ,
1015 4235 1411 4305 προσενεγκεῖν
1444 4232 1545 4285 οὐκ
1594 4231 1770 4285 ἐδόκει
1822 4228 2010 4285 καλόν.

440 4330 665 4402 Πρῶτον
706 4328 806 4398 μὲν
833 4329 914 4381 ὅτι
941 4326 1002 4379 ἐκ
1032 4342 1092 4379 τε
1122 4324 1229 4379 τῶν
1257 4322 1542 4396 ἑπομένων
1568 4324 1661 4377 καὶ
1692 4321 2014 4393 ἡγουμένων

438 4412 585 4491 αὐτην
613 4421 795 4494 ἡδόξα
818 4418 1075 4489 ἐφαίνετο
1093 4418 1195 4486 τῆς
1228 4416 1340 4471 τῶν
1368 4415 1540 4485 ἀγίων
1578 4410 1718 4469 οὖσα
1747 4414 2010 4477 διανοίαςο

439 4514 630 4570 ἔπειτα
693 4513 965 4567 πλείστων
1022 4508 1247 4582 βιϐλίων
1290 4509 1387 4563 καὶ
1425 4507 1811 4562 παλαιοτάτων
1864 4500 2010 4561 τοῦτ’
2044 4486 2087 4543 D

440 4610 698 4681 ἑχόντων,
725 4605 826 4661 οὐκ
868 4600 937 4677 ἦν
971 4602 1113 4658 αὐτά
1164 4600 1669 4674 παραγράψασθαι.
1712 4600 1926 4663 Ἄλλως
1952 4616 2012 4653 τε

439 4705 537 4757 καὶ
570 4703 738 4772 μηδὲν
760 4700 942 4754 αὐτῶν
967 4696 1178 4769 βιϐλίον
1203 4736 1219 4764 ,
1272 4697 1370 4767 οὐχ
1417 4694 1778 4765 Ἑλληνικῶς,
1810 4696 1870 4749 οὐ
1906 4696 2016 4749 Λα·

438 4796 663 4859 τινικῶς
685 4792 1080 4866 γεγραμμένον
1112 4791 1336 4862 ἔχοντες
1371 4788 1567 4854 δεῖξαι,
1596 4789 1773 4852 άλλως
1802 4787 1947 4858 ἔχον,
1978 4787 2013 4860 ἡ

443 4890 518 4953 ὼς
543 4889 764 4942 Λατῖνοι
800 4884 1150 4958 παρήγαγον,
1176 4884 1296 4945 πῶς
1321 4881 1388 4934 ἂν
1416 4880 1654 4950 εὐλόγως
1694 4878 1836 4934 αύτά
1876 4896 2019 4949 παρα

442 4979 830 5054 εγραφόμιθας
857 4978 887 5030 δ
917 4976 1028 5047 γάρ
1061 4992 1186 5030 τινα
1231 4973 1709 5045 παραγράψασθαι
1760 4972 2022 5043 βουλόμε-

443 5093 554 5141 νος,
605 5074 734 5127 ἄνευ
771 5070 1009 5138 εὐλόγων
1077 5070 1174 5122 καὶ⁴
1232 5066 1473 5138 ἰσχυρῶν
1525 5065 1925 5133 αἰτιῶν,τοῦτο
1956 5067 2017 5118 οὐ

440 5171 692 5226 δύναται.
730 5166 923 5238 Ἡμεῖς
952 5163 1145 5227 ἀλλους
1173 5160 1369 5231 ἀγξους
1418 5159 1728 5215 τούναντίον
1758 5160 2021 5227 λέγοντας

439 5266 541 5319 οὐκ
592 5262 815 5332 εῐχομεν
849 5257 1025 5321 δεῖξαι
1054 5272 1068 5285 ·
1106 5255 1237 5318 τούς
1280 5253 1478 5315 αὐτοὺς
1530 5253 1781 5315 δυτικούς
1838 5252 2018 5316 ἄλλως

439 5357 701 5424 λέγοντας
730 5349 966 5421 ἀλλαχοῦ
994 5346 1251 5418 οὐδαμῶς
1296 5345 1721 5414 ἀπεδείκνυμεν.
1759 5345 2016 5408 Φυσικοῖς

436 5450 621 5518 λόγοις
668 5441 1024 5513 παραστῆσαι
1082 5439 1285 5501 αὐτοὺς
1360 5436 1729 5507 ψευδομένους
1792 5439 2012 5489 πάντων

438 5544 662 5596 ἔλαττον
709 5531 1041 5605 ἐδυνάμεθα.
1077 5529 1391 5600 Οὐδαμόθεν
1446 5528 1540 5583 οὐν
1575 5527 1796 5597 εὔλογον
1827 5528 2012 5581 αἰτίαν

437 5627 948 5700 καταλελειμμένην
982 5626 1116 5695 ἡμῖν
1145 5620 1409 5694 ἑωρῶμεν
1431 5639 1446 5652 ο
1502 5620 1593 5675 διὰ
1619 5620 1777 5674 τοῦτο
1804 5621 1896 5674 καὶ
1926 5637 2017 5674 σει

440 5727 772 5797 σιγὴκαμεν.

2110 3213 2323 3269 nullum
2355 3212 2714 3280 habebamus,
2744 3214 2891 3285 quod
2920 3215 3200 3282 daremus,
3220 3215 3327 3271 nisi
3361 3217 3509 3286 quod
3533 3216 3694 3272 adul-

2112 3308 2305 3362 terinre
2335 3317 2542 3376 essent,
2570 3317 2627 3362 et
2658 3324 2688 3361 a
2726 3307 2940 3363 Latinis
2972 3320 3269 3380 corruptae.
3303 3310 3693 3367 Produxerunt

2112 3412 2366 3457 nostrum
2413 3401 2782 3472 Epiphanium
2816 3404 2873 3458 in
2915 3405 3106 3458 multis
3152 3405 3462 3477 theologice
3511 3406 3692 3464 disso-

2113 3504 2329 3550 rentcm
2363 3505 2418 3551 et
2451 3497 2818 3567 explicantem
2850 3513 2917 3551 cx
2944 3495 3103 3555 Patre
3139 3498 3389 3571 Filioque
3420 3500 3688 3572 Spiritum

2113 3598 2416 3647 sanctum:
2466 3590 2780 3645 adulterina
2829 3592 2953 3662 ejus
3000 3592 3120 3647 loca
3175 3610 3296 3650 esse
3337 3594 3688 3664 dicebamus;

2112 3679 2363 3752 legerunt
2408 3682 2727 3753 praedictam
2770 3686 3107 3739 sententiam
3162 3687 3345 3757 magni
3394 3688 3582 3745 Basilii
3634 3692 3691 3746 in

2092 3771 2270 3827 libris
2298 3772 2563 3829 adversus
2596 3772 2926 3829 Eunomium
2961 3790 2977 3829 :
3006 3774 3313 3847 ascriptitia
3344 3788 3401 3833 et
3430 3795 3537 3835 non
3571 3797 3693 3852 ger-

2114 3878 2277 3920 mana
2311 3879 2435 3920 esse
2465 3866 2627 3920 nobis
2645 3866 2963 3922 videbatur.
2992 3868 3363 3926 Adduxerunt
3390 3872 3539 3929 dicta
3565 3892 3691 3931 san-

2114 3966 2333 4012 ctorum
2359 3956 2823 4025 Occidentalium,
2871 3970 2982 4015 tota
3022 3973 3211 4018 nostra
3253 3966 3518 4036 Apologia
3554 3967 3691 4025 illud

2114 4055 2172 4100 et
2226 4047 2362 4102 nihil
2408 4048 2557 4102 aliud
2613 4061 2757 4113 erat,
2799 4050 3115 4107 adulterina
3159 4070 3304 4110 esse.
3348 4057 3452 4112 Per
3488 4059 3693 4117 multos

2116 4142 2282 4212 igitur
2334 4141 2452 4195 dies
2503 4156 2752 4197 seorsum
2804 4145 3248 4211 considerantes.
3296 4160 3353 4219 et
3394 4167 3497 4207 nos
3542 4154 3694 4224 ipsos

2116 4233 2495 4298 consulentes,
2539 4234 2671 4304 quid
2702 4236 2769 4289 ad
2803 4236 2921 4291 haec
2959 4240 3451 4308 responderenius,
3493 4256 3696 4314 praeter

2119 4328 2223 4381 hoc
2259 4328 2473 4382 nullum
2531 4329 2955 4385 inveniebamus
2997 4347 3351 4402 reSponsum.
3401 4334 3515 4392 Hoc
3562 4354 3693 4394 vero

2121 4435 2314 4476 rursus
2343 4431 2600 4492 tanquam
2631 4424 2790 4477 valde
2817 4424 3117 4479 absurdum
3149 4426 3424 4496 proferre,
3452 4446 3564 4485 non
3596 4431 3697 4487 bo-

2116 4530 2248 4568 num
2289 4513 2454 4568 nobis
2489 4528 2611 4569 esse
2643 4513 2955 4570 videbatur.
2996 4515 3237 4572 Primum
3276 4520 3525 4590 quidem,
3567 4538 3696 4593 νιος

2114 4616 2303 4675 pterea
2337 4604 2483 4676 quod
2513 4621 2583 4661 ex
2623 4608 3097 4677 consequentibus
3151 4619 3209 4665 et
3237 4599 3703 4671 antecedentibus.

2117 4698 2285 4769 hujus
2306 4698 2588 4769 opinionis
2628 4710 2869 4755 mentem
2899 4715 3218 4757 sanctorum
3235 4720 3356 4761 esse
3382 4707 3695 4765 constabat.

2119 4792 2326 4847 Deinde
2372 4792 2535 4847 etiam
2582 4809 2707 4871 cum
2761 4796 2981 4864 plurimi
3046 4812 3112 4851 ac
3165 4800 3524 4855 vetustissimi
3567 4801 3696 4857 libri

2117 4883 2264 4938 istud
2304 4883 2596 4948 haberent,
2629 4901 2739 4940 non
2787 4897 3111 4956 poteramus
3145 4888 3266 4943 illus
3296 4890 3466 4945 veluti
3493 4891 3693 4960 depra-

2125 4986 2287 5030 vatos
2320 4975 2555 5046 rejicerc
2582 4986 2748 5046 atque
2779 4977 3045 5033 refutare.
3082 4978 3393 5035 Praesertim
3433 4997 3559 5035 cum
3593 4998 3695 5039 nos

2125 5069 2337 5122 nullum
2370 5069 2702 5124 haberemus
2725 5070 2929 5124 librum
2968 5086 3075 5126 non
3116 5070 3325 5140 Graece,
3354 5088 3461 5128 non
3503 5073 3697 5129 Latine

2123 5161 2416 5230 scriptum,
2456 5176 2620 5230 quem
2660 5177 2821 5235 secus
2863 5161 3090 5229 habere,
3134 5179 3297 5231 quam
3343 5163 3524 5220 Latini
3566 5180 3697 5234 pro-

2122 5251 2432 5315 duxissent,
2480 5252 2941 5319 ostenderemus;
2983 5255 3078 5323 qtti
3110 5253 3227 5308 ﬁeri
3262 5266 3450 5324 posset
3488 5263 3547 5308 ut
3576 5256 3698 5326 iure

2122 5347 2333 5415 optimo
2378 5361 2571 5400 eorum
2612 5346 2787 5399 libros
2836 5354 3100 5416 tanquam
3139 5347 3365 5402 vitiatos
3414 5348 3699 5417 excipere-

2121 5439 2273 5493 mus?
2309 5438 2473 5493 Certe
2518 5439 2693 5502 enim,
2744 5440 2839 5509 qui
2888 5442 3007 5493 Vult
3045 5440 3285 5509 aliquem
3328 5441 3694 5509 proscribere,

2118 5543 2176 5586 et
2228 5543 2289 5586 ut
2333 5518 2584 5585 vitiatum
2640 5544 2809 5601 atque
2845 5544 3169 5601 corruptum
3211 5533 3528 5599 excludere,
3576 5537 3699 5589 sine

2122 5625 2323 5681 debitis
2367 5625 2681 5681 rationibus
2739 5637 2795 5682 et
2846 5626 3019 5681 [irmis
3064 5626 3247 5681 causis
3289 5626 3393 5679 hoc
3437 5636 3700 5695 pra-stare

2124 5718 2351 5774 minime
2414 5729 2615 5790 potest.
2690 5718 2804 5774 Nos
2872 5720 3011 5774 alios
3079 5726 3299 5774 sanctos
3358 5718 3697 5771 contrarium

443 5823 777 5880 allirmautes
843 5815 1142 5879 ostendere
1218 5828 1327 5869 non
1386 5820 1741 5884 poteramus;
1810 5813 2033 5869 eosdem
2077 5812 2225 5885 ipso:
2293 5812 2682 5871 Occidentales
2742 5813 2903 5869 aliter
2960 5810 3206 5867 dicentes
3258 5810 3412 5877 alibi,
3470 5812 3715 5868 minime.
