4036 6140
365 298 487 369 359

1315 294 1825 357 BESSARIONIS
1864 294 1924 355 S.
1961 293 2032 356 Β.
2079 297 2144 354 Ε.
2191 292 2659 357 ΕΑΒΒῙΝΑΙᾸΞ

3515 285 3617 351 360

371 408 821 474 ostendebamus.
896 403 1086 462 Ductis
1139 419 1170 460 a
1242 413 1439 462 natura
1486 404 1798 461 rationibus
1844 420 1942 460 eos
2004 405 2266 477 deceptos
2326 409 2597 479 probare,
2637 404 2778 462 nihil
2830 404 3014 460 minus
3065 410 3406 477 poteramus.
3462 402 3617 460 Nulla

373 510 542 581 igitur
571 520 640 561 ea
691 510 847 575 parte
875 501 1081 574 justam
1129 514 1354 557 causam
1389 499 1550 556 nobis
1592 500 1842 557 relictam
1877 500 2220 564 videbamus.
2248 513 2539 574 propterea
2571 513 2629 560 et
2657 503 3057 560 conticuimus.

440 600 695 656 Attamen
741 609 855 649 non
901 592 1155 656 deerant,
1197 591 1291 663 qui
1329 599 1386 648 et
1440 591 1548 646 alio
1591 591 1945 647 abundarent
1972 598 2020 655 Α

369 703 660 761 responso,
707 685 972 740 nimirum
1011 699 1228 748 errasse
1264 681 1645 738 Occidentales
1703 691 1945 746 sanctos,

365 794 424 838 et
468 781 525 835 in
563 779 668 834 hoc
705 781 964 848 deceptos
1011 791 1153 851 esse.
1215 775 1332 830 Hoc
1376 783 1563 830 autem
1610 773 1948 830 catholicam

339 890 341 894 ‘
369 873 537 929 tidem
576 869 738 925 nobis
770 876 1050 935 evertere,
1083 867 1437 922 manifestum
1474 875 1580 922 est.
1609 866 1666 921 Si
1699 865 1849 923 enim
1885 866 1946 919 ﬁ-

367 962 466 1020 des
513 969 694 1017 nostra
740 958 946 1030 pendet
976 973 1006 1014 a
1040 959 1272 1022 sanctis.
1309 957 1366 1013 hi
1403 971 1537 1013 vero
1579 955 1847 1012 falluntur
1890 957 1946 1012 in

369 1053 496 1109 ﬁdei
529 1053 787 1119 veritate,
814 1050 950 1107 ﬁdes
974 1065 1168 1106 eversa
1201 1059 1309 1106 est.

436 1146 734 1216 Propterea
787 1143 955 1215 igitur
1000 1143 1128 1212 jure
1175 1142 1388 1214 Optimo
1430 1156 1558 1198 cum
1586 1140 1797 1200 Latinis
1819 1144 1948 1200 sub-

367 1251 554 1297 secuta
585 1249 674 1296 est
701 1246 758 1293 et
785 1236 1113 1294 conﬁrmata
1145 1236 1443 1292 concordia
1466 1275 1484 1304 ,
1509 1243 1569 1293 et
1596 1251 1790 1294 omnes
1821 1239 1946 1294 abs-

365 1351 474 1410 que
515 1334 625 1389 ulla
670 1333 748 1396 vi,
798 1330 912 1386 Deo
963 1338 1134 1395 testo,
1195 1339 1623 1386 consenserunt.
1662 1330 1947 1401 Quotquot

367 1433 548 1481 autem
595 1419 915 1478 consentire
955 1419 1256 1474 noluerunt
1303 1416 1384 1489 (hi
1420 1433 1554 1473 vero
1583 1417 1716 1483 duo,
1741 1425 1798 1473 et
1831 1434 1942 1474 non

367 1515 600 1586 amplius
636 1513 838 1581 crant),
883 1527 993 1566 non
1031 1509 1232 1574 coacti,
1265 1509 1363 1564 sed
1401 1508 1609 1563 domini
1643 1509 1727 1563 sui
1771 1509 1944 1579 ipsius

366 1605 713 1677 propriaque
736 1601 1028 1659 sententia:
1058 1608 1464 1655 remanserunt.
1504 1598 1709 1654 Jurcne
1733 1613 1795 1655 ac
1830 1614 1943 1656 tne-

368 1695 499 1758 rito,
534 1701 591 1746 tu
619 1691 734 1761 ipse
761 1689 1063 1758 iudicabis,
1090 1695 1384 1758 postquam
1421 1686 1628 1743 videris
1654 1702 1718 1743 ac
1743 1688 1942 1760 legeris

365 1785 724 1840 auctoritates
755 1790 1096 1846 sanctorum,
1123 1794 1262 1851 quas
1286 1779 1386 1834 tibi
1412 1793 1561 1833 nunc
1597 1779 1778 1835 mitto.
1806 1777 1941 1848 Quis

363 1880 514 1935 enim
556 1876 700 1932 inter
732 1873 1079 1931 Christianos
1123 1872 1484 1938 constitutus,
1533 1886 1644 1928 non
1679 1871 1816 1928 istos
1852 1886 1940 1928 se-

365 1977 655 2040 queretur,
701 1982 765 2023 ac
819 1975 992 2021 staret
1028 1979 1156 2022 cum
1200 1972 1346 2021 cmtu
1389 1965 1591 2020 horum
1627 1966 1936 2034 doctorum,
1974 1944 2018 2001 Β

369 2060 613 2131 itemque
631 2058 985 2114 orientalium
1006 2057 1027 2111 ?
1048 2055 1300 2112 Consona
1315 2056 1465 2112 enim
1493 2056 1731 2113 invicem
1754 2057 1938 2116 dicere

367 2167 596 2210 necesse
630 2160 714 2206 est
742 2165 840 2206 eos
878 2147 1177 2215 arbitrari,
1217 2147 1682 2220 quemadmodum
1716 2150 1774 2205 in
1816 2164 1939 2205 ora-

367 2249 519 2304 tione
549 2262 581 2302 a
615 2260 704 2301 me
742 2245 950 2315 scripta
977 2242 1056 2316 (l)
1094 2242 1284 2297 multis
1313 2243 1570 2299 ostendo.

437 2340 590 2396 Dicta
625 2338 794 2410 igitur
818 2343 1134 2393 sanctorum
1170 2334 1262 2390 illa
1295 2335 1412 2406 ipsa
1442 2350 1542 2406 per
1575 2350 1698 2393 sese
1727 2337 1796 2393 ad
1829 2337 1940 2394 sol-

371 2433 605 2488 vendam
643 2444 866 2485 omnem
899 2426 1346 2499 ambiguitatem,
1384 2436 1441 2483 et
1476 2428 1774 2502 unicuique
1807 2446 1937 2501 per-

366 2523 711 2580 suadendum
742 2521 875 2577 satis
906 2530 1057 2576 sunt.
1092 2519 1364 2586 Quoniam
1414 2520 1547 2576 mihi
1575 2536 1795 2594 quoque
1825 2537 1939 2578 non

366 2613 696 2688 syllogismi,
745 2627 926 2684 neque
957 2611 1384 2684 probabilitates
1431 2621 1489 2666 et
1517 2611 1941 2670 demonstratio-

365 2725 488 2776 nes,
513 2710 611 2764 sed
645 2707 762 2779 ipsa
791 2707 937 2763 nuda
979 2706 1124 2762 dicta
1154 2714 1473 2762 sanctorum
1518 2717 1934 2792 persuaserunt.

365 2805 543 2862 Simul
575 2804 725 2858 enim
758 2817 822 2858 ac
869 2800 979 2857 vidi
1011 2810 1068 2856 et
1109 2799 1297 2856 audivi
1330 2817 1394 2856 ea
1417 2839 1432 2868 ,
1474 2801 1665 2859 statim
1707 2812 1937 2858 conten-

365 2897 500 2953 dere
538 2896 764 2968 penitus
809 2893 975 2960 desii,
1027 2908 1154 2949 cum
1195 2905 1375 2949 tamen
1406 2894 1564 2964 prius
1595 2909 1706 2949 non
1737 2908 1937 2966 parum

365 3005 620 3064 urgercm
646 2995 811 3061 atque
838 2987 1124 3043 instarem.
1150 2986 1476 3043 Existimavi
1509 2988 1660 3043 enim
1693 2999 1938 3057 sanctos,

365 3101 492 3140 cum
522 3083 732 3154 Spiritu
758 3089 949 3138 sancto
974 3079 1145 3136 locuti
1168 3080 1400 3148 iuerint,
1424 3095 1533 3136 non
1566 3097 1726 3150 posse
1745 3097 1775 3137 a
1807 3097 1941 3139 vero

364 3176 667 3240 declinare,
699 3182 755 3229 et
783 3186 925 3245 aegre
944 3171 1064 3236 tuli,
1100 3169 1243 3242 quod
1266 3186 1460 3226 eorum
1480 3171 1625 3226 dicta
1651 3171 1808 3240 prius
1828 3185 1936 3226 non

362 3267 726 3325 audivissent.
768 3266 944 3322 Nemo
977 3265 1124 3321 enim
1165 3270 1414 3318 nostrum
1442 3263 1664 3318 Latinos
1692 3277 1934 3333 unquam

363 3372 577 3419 tantam
605 3359 716 3416 vim
751 3375 821 3416 ex
845 3358 1010 3413 dictis
1037 3367 1358 3412 sanctorum
1383 3355 1671 3411 habituros
1687 3371 1811 3412 esse
1842 3370 1934 3410 ar-

363 3453 698 3511 bitrabatur.
728 3449 1146 3522 Quamprimum
1177 3459 1386 3514 tamen,
1435 3440 1567 3504 tunc
1597 3449 1792 3502 saltem
1832 3445 1945 3504 vidi

363 3556 424 3603 et
459 3544 671 3611 audivi,
707 3540 778 3598 ab
843 3539 992 3596 omni
1043 3538 1401 3594 contentione
1453 3539 1943 3609 controversiaque

366 3636 620 3703 discessi,
659 3641 954 3706 gratesque
978 3629 1087 3685 Deo
1126 3631 1234 3700 egi,
1271 3627 1416 3699 quod
1441 3628 1569 3682 inde
1597 3638 1800 3684 tantam
1834 3630 1942 3684 uti-

366 3730 583 3787 litatem
635 3721 1028 3799 percepissem.
1079 3721 1252 3794 igitur
1300 3720 1398 3775 tibi
1445 3735 1663 3790 quoque
1705 3721 1943 3777 candido

369 3821 637 3887 auditori,
673 3819 1032 3888 animumque
1073 3812 1347 3886 cupidum
1399 3811 1646 3867 veritatis
1692 3811 1939 3878 babenti,

362 3929 534 3990 atque
583 3914 733 3972 omni
781 3912 1103 3969 Christiano
1163 3908 1243 3965 tui
1302 3905 1474 3963 simili
1523 3906 1639 3963 haec
1685 3908 1774 3964 vel
1823 3909 1940 3964 sola

365 4010 662 4067 sullicient.

437 4099 710 4170 Quoniam
748 4113 882 4154 vero
918 4105 975 4153 et
1003 4096 1225 4168 aliquot
1255 4092 1615 4166 probationes
1660 4109 1691 4149 a
1726 4092 1941 4150 ratione

365 4193 568 4266 petitas
589 4191 813 4262 quaeris,
842 4199 934 4244 tua
949 4203 1115 4244 causa
1135 4185 1512 4250 mediocriter,
1537 4193 1804 4256 quantum
1824 4186 1940 4240 ﬁeri

367 4287 595 4360 poterit,
628 4296 682 4340 et
704 4284 813 4339 hoc
838 4281 1242 4354 praestabimus,
1264 4278 1572 4334 rationibus
1597 4289 1937 4344 sanctorum,

367 4380 668 4448 divinaque
704 4374 994 4443 Scriptura
1021 4372 1134 4427 nixi
1164 4383 1222 4426 et
1253 4370 1398 4426 freti.
1432 4369 1586 4435 Quod
1619 4371 1841 4441 quidem
1886 4380 1940 4425 ct

369 4471 424 4527 in
459 4469 738 4533 oratione,
765 4481 889 4538 quae
918 4472 986 4520 de
1021 4462 1317 4518 concordia
1351 4461 1693 4527 inscribitur,
1729 4461 1943 4532 praesti-

369 4565 560 4618 timus.
584 4559 969 4616 Praestabimus
995 4567 1175 4611 tamen
1209 4554 1572 4611 nihilominus
1593 4564 1647 4609 et
1670 4553 1761 4609 hic
1778 4570 1942 4624 quas-

368 4657 493 4712 dam
540 4656 784 4708 rationes
825 4654 1176 4721 attingentes.
1221 4649 1527 4718 Antequam
1554 4657 1734 4703 tamen
1759 4649 1828 4703 de
1855 4649 1941 4702 his

371 4748 694 4819 singillatim
717 4746 987 4808 dicamus,
1034 4753 1093 4799 ut
1127 4743 1346 4797 facilior
1374 4741 1535 4797 nobis
1566 4740 1828 4816 deinceps
1852 4742 1944 4796 ﬁat

370 4843 570 4909 oratio,
601 4839 849 4912 quaedam
874 4840 1033 4909 prius
1055 4851 1274 4892 sumere
1305 4843 1391 4891 est
1417 4849 1657 4891 necesse.

369 4957 729 5030 Sumptiones,
745 4963 794 5009 et
821 4955 997 5026 prima
1019 4953 1227 5022 quidem
1249 4953 1515 5030 quodnam
1535 4957 1666 5007 esset
1689 4951 1942 5005 constitu-

813 5023 978 5080 tivum
1018 5039 1256 5096 personae
1292 5023 1499 5078 Patris.

441 5121 711 5192 Quoniam
744 5119 1046 5188 unicuique
1083 5117 1295 5172 entium
1321 5116 1390 5170 ad
1426 5131 1773 5178 communem
1814 5131 1944 5186 spe-

372 5216 516 5271 ciem
549 5222 634 5271 est
662 5210 888 5285 propria
918 5210 1167 5282 quaedam
1195 5210 1304 5265 alia
1335 5209 1570 5278 species,
1607 5223 1714 5277 qua
1735 5203 1956 5263 consti-~

373 5311 569 5375 tuitur,
597 5313 654 5363 et
690 5317 795 5371 est,
832 5315 888 5361 et
921 5303 1225 5360 secundum
1272 5317 1439 5372 quam
1479 5301 1684 5355 dicitur
1734 5298 1940 5370 aliquid

372 5401 475 5454 hoc
515 5415 614 5453 ens
650 5411 665 5449 :
692 5397 858 5454 veluti
907 5395 1070 5466 hujus
1099 5393 1358 5458 lmininis,
1389 5400 1520 5461 puta
1547 5392 1719 5455 Petri,
1745 5402 1942 5462 praeter

370 5503 721 5544 conimnncm
769 5487 1031 5558 speciem,
1064 5499 1184 5556 quae
1235 5483 1454 5555 quidem
1508 5494 1590 5538 est
1631 5484 1942 5539 communis

370 5582 706 5646 humanitas,
761 5589 848 5635 est
892 5587 947 5634 et
1001 5578 1099 5632 alia
1141 5576 1433 5648 peculiaris
1494 5577 1722 5648 species,
1785 5577 1940 5648 juxta

445 5769 518 5832 tl;
563 5765 634 5820 Ea
671 5772 752 5819 cst
783 5762 1108 5830 dogmatica.

2116 593 2300 652 Ἦσαν
2323 597 2540 666 δ’ὃμως
2577 597 2625 651 οἳ
2677 597 2771 650 καὶ
2801 596 2992 666 ἐτέρας
3031 595 3362 666 ηὖπόρησαν
3427 594 3616 647 ἀπολο-

2051 691 2198 758 γίας,
2251 687 2509 758 δηλονότι
2560 687 2902 759 πλανηθῆναι
2960 688 3084 749 τοὺς
3133 685 3388 765 δυτικους
3433 684 3619 754 ἁγίους

2050 782 2146 837 καὶ
2168 780 2470 852 ψεύσασθαι
2505 780 2564 832 ὲν
2609 780 2808 851 τούτῳ.
2841 778 3012 833 Τοῦτο
3069 778 3113 831 δ’
3145 778 3228 831 δτι
3259 777 3358 848 τὴν
3390 777 3620 831 καθόλου

2050 876 2179 946 ἡμῖν
2208 873 2391 928 πίστιν
2413 873 2734 942 ἀνατρέπει,
2779 874 3035 943 φανερόν.
3120 870 3184 923 El
3213 871 3324 941 γὰρ
3363 871 3398 939 ἡ
3443 869 3620 931 πίστις
3718 913 3722 920 .

2050 965 2208 1037 ἡμῶν
2252 964 2487 1035 ἤρτηται
2526 964 2635 1016 τῶν
2683 964 2876 1033 ἁγίων,
2930 965 2979 1017 oi.
3031 964 3086 1018 δὲ
3141 962 3450 1017 πλανῶνται
3495 962 3619 1032 περὶ

2046 1057 2148 1130 τὴν
2173 1058 2453 1131 ἀλήθειαν,
2481 1058 2514 1129 ἠ
2545 1057 2729 1120 πίστις
2757 1056 3196 1126 ἀνατέτραπται.

2115 1149 2217 1203 Διά
2246 1147 2420 1204 ταῦτα
2466 1143 2560 1202 οὖν
2594 1147 2830 1216 εὐλόγως
2882 1146 2920 1218 ἠ
2950 1147 3088 1216 μετὰ
3115 1142 3364 1199 Λατίνων
3395 1141 3620 1216 ὴκνιλούο

2048 1245 2215 1317 θησεν
2245 1243 2460 1307 ῑνωσις.
2509 1243 2620 1297 Καὶ
2670 1246 2872 1307 πάντες
2921 1242 3221 1304 ἀϐιάστως,
3278 1239 3356 1303 ὡς
3407 1241 3434 1292 ὁ
3488 1236 3618 1298 θεὸς

2045 1333 2178 1402 οἶδε,
2210 1336 2522 1391 συνέθεντο.
2563 1337 2717 1388 Ὅσοι
2743 1335 2802 1388 δὲ
2856 1333 3151 1387 συνθέσθαι
3177 1332 3278 1385 οὔκ
3307 1329 3620 1400 ἠϐουλήθη-

2049 1449 2148 1486 σαν
2201 1427 2364 1502 (ἦσαν
2387 1430 2442 1483 δὲ
2467 1428 2582 1492 δύο,
2624 1431 2719 1482 καὶ
2757 1427 2817 1480 οὗ
2851 1425 3118 1495 πλείους),
3191 1423 3468 1491 ἀδίαστοι,
3523 1422 3619 1476 καὶ

2047 1525 2235 1592 κύριοι
2259 1522 2488 1590 ἑαυτῶν,
2536 1522 2759 1589 καὶτῆς
2798 1519 2935 1582 ιδίας
2991 1519 3218 1587 ἔμειναν
3263 1515 3513 1587 γνώμης.
3553 1515 3618 1567 Εἰ

2044 1617 2088 1670 δ’
2112 1616 2375 1685 εὐλόγως,
2402 1616 2435 1683 ἢ
2481 1615 2580 1684 μὴ,
2608 1615 2840 1684 κρινεῖς,
2900 1611 3000 1674 τὰς
3033 1610 3145 1665 τῶν
3171 1608 3344 1678 ἁγίων
3405 1608 3618 1678 ῥήσεις,

2045 1710 2106 1770 Et;
2136 1725 2217 1760 σοι
2245 1707 2339 1759 νῦν
2374 1705 2596 1776 πέμπω,
2622 1704 2888 1773 ὀψόμενός
2925 1719 2986 1755 τε
3045 1700 3141 1754 καὶ
3171 1698 3462 1767 ἀναγνούς.
3523 1697 3618 1762 Τίς

2042 1802 2152 1872 γὰρ
2182 1799 2354 1853 τελῶν
2386 1800 2467 1860 είς
2528 1797 2915 1868 Χριστιανοὺς,
2977 1794 3076 1848 οὐκ
3136 1791 3204 1846 ἂν
3250 1791 3445 1862 {datm
3492 1790 3616 1844 τούο

2044 1910 2178 1957 τοις,
2209 1892 2302 1946 καί⁵
2333 1890 2491 1959 σταίη
2549 1890 2690 1960 μετὰ
2737 1888 2832 1942 τοῦ
2863 1886 2974 1940 τῶν
3017 1885 3358 1939 διδασκάλων
3410 1882 3618 1937 τούτων

2046 1983 2233 2056 χοροῦ.
2267 1982 2385 2052 ἅμα
2413 1980 2471 2034 δὲ
2502 1980 2597 2034 καὶ
2624 1978 2718 2032 τοῦ
2748 1979 2856 2032 τῶν
2907 1977 3242 2030 ἀνατολικῶν
3268 1995 3283 2042 ;
3341 1974 3616 2044 Σύμφωνα

2045 2077 2154 2148 γὰρ
2186 2074 2438 2144 ἀλλήλοις
2467 2073 2680 2142 ἀνάγκη
2714 2068 2960 2135 δοξάζειν
3009 2068 3209 2130 αὐτοὺς
3272 2067 3476 2132 είπείν,
3539 2066 3618 2128 ὡς

2047 2171 2104 2223 ιν
2133 2167 2212 2240 τῷ
2248 2163 2727 2238 συγγεγραμμένῳ
2761 2178 2854 2236 μοι
2900 2161 3042 2235 λόγῳ
3072 2158 3162 2217 διὰ
3222 2158 3483 2214 πλειόνων
3511 2159 3619 2213 δει-

2047 2260 2216 2316 κνύω.

2069 2387 2081 2400 -
2117 2355 2269 2412 Δύτὰ
2325 2355 2424 2425 μὲν
2447 2349 2542 2408 οὖν
2595 2353 2662 2408 τὰ
2695 2351 2836 2424 ῥητά
2890 2349 3016 2404 καθ’
3051 2349 3195 2405 αὐτὰ
3257 2347 3393 2420 μόνα
3457 2346 3620 2401 ἱκανά

2047 2450 2156 2502 είσι
2205 2448 2387 2501 πᾶσαν
2435 2445 2767 2517 ἀμφιϐολίαν
2813 2442 2998 2508 λῦσαι,
3071 2441 3168 2496 καὶ
3196 2441 3378 2494 πᾶσαν
3432 2441 3620 2492 πεῖσαι

2045 2542 2249 2615 ψυχήν.
2297 2539 2452 2597 Ἐπεὶ
2476 2538 2624 2610 κᾶμὶ
2655 2539 2716 2593 οὺ
2747 2537 3132 2609 συλλογισμοὶ,
3163 2535 3288 2590 οὐδὲ
3335 2532 3623 2588 πιθανολο-

2048 2631 2284 2702 γίαικαὶ
2341 2632 2672 2696 ἀποδείξεις,
2755 2628 3038 2684 ἅλλάὑτδ
3083 2628 3267 2698 γυμνὰ
3338 2627 3408 2681 τὰ
3479 2623 3623 2697 ῥητὰ

2047 2725 2293 2781 ἔπεισαν.
2318 2724 2472 2796 ’Δμα
2493 2724 2603 2794 γὰρ
2647 2722 2772 2778 ίδὼν
2812 2723 2909 2777 καὶ
2939 2720 3185 2786 ἀκούσας
3241 2719 3408 2786 absit,
3453 2718 3622 2780 εὐθὺς

2049 2819 2233 2890 πάσης
2276 2817 2613 2888 φιλονεικίας
2665 2818 2766 2873 καὶ
2815 2816 2994 2885 ἔριδος
3037 2815 3395 2884 ιπαυσάμην,
3442 2814 3619 2866 καίτοι

2050 2913 2320 2984 πρότερον
2377 2911 2732 2980 ἐνιστάμενος
2779 2910 2841 2962 οὐ
2903 2907 3169 2980 μετρίως.
3223 2906 3454 2977 Ἓκρινα
3511 2905 3620 2974 γάρ

2047 3000 2175 3064 τοὺς
2203 2998 2391 3068 ἁγίους
2423 2997 2703 3070 Πνεύματι
2733 2999 2875 3070 ἁγίῳ
2905 2998 3268 3069 λαλήσαντες,
3330 2996 3405 3068 μὴ
3453 2995 3618 3050 δύνα-

2052 3092 2176 3147 σθαι
2208 3090 2481 3145 ἐκκλίνειν
2507 3091 2600 3144 τοῦ
2623 3090 2884 3161 ἀληθοῦς,
2931 3091 3025 3145 καὶ
3054 3088 3351 3161 ἀχθεσθεὶς
3417 3088 3504 3143 ὅτι
3547 3087 3620 3157 μὴ

2049 3184 2315 3258 πρότερον
2336 3185 2481 3238 αὐτὰ
2543 3184 2831 3255 ἡκηκόειν.
2865 3185 3055 3248 Οὐδεὶς
3077 3183 3185 3255 γὰρ
3212 3182 3468 3237 οὐδέποτε
3507 3182 3620 3237 τῶν

2049 3276 2338 3348 ἡμετέρων
2365 3275 2640 3346 τοσαύτην
2669 3275 2778 3330 ἀπὸ
2806 3276 2990 3346 ῥητῶν
3011 3277 3138 3340 τοὺς
3169 3276 3432 3338 Λατίνους
3461 3275 3619 3344 ίσχῦν

2048 3368 2185 3442 ᾤετο
2209 3368 2386 3440 ἔχειν’
2418 3368 2506 3421 ὅτε
2537 3367 2707 3436 ὅμως.
2749 3367 2876 3420 τότε
2934 3366 3089 3436 γοῦν,
3134 3366 3294 3421 αὐτὰ.
3331 3359 3474 3420 εἶδον
3525 3367 3619 3418 καὶ

2049 3461 2290 3531 ηκουσα,
2342 3459 2525 3526 πάσης
2576 3457 3047 3530 ἀμφισϐητήσεως
3099 3457 3445 3528 ἀπηλλάγην,
3525 3457 3618 3509 καὶ

2047 3555 2274 3624 χὶριτας
2304 3552 2632 3623 ὡμολόγησα
2659 3550 2734 3622 τῷ
2756 3547 2900 3622 Θεῷ,
2934 3551 3176 3606 τοσαῦτα
3224 3549 3441 3605 ἔκεῐθεν
3473 3549 3621 3618 ὠφε-

2045 3646 2253 3715 ληθείς.
2288 3646 2396 3699 Καί
2428 3663 2512 3699 σοι
2542 3645 2727 3701 τοίνυν
2766 3641 3075 3714 εὐγνώμονι
3103 3644 3500 3716 ἁκροατῇ,καῒ
3519 3643 3621 3715 ψυ-

2045 3738 2151 3807 χὴν
2201 3736 2384 3807 ἔχοντι
2444 3737 2542 3806 τῆς
2602 3734 2864 3808 ἀληθείας
2930 3737 3229 3810 ὶφιεμένην
3289 3737 3388 3790 καὶ
3448 3737 3619 3790 παντὶ

2043 3829 2216 3901 ὁμοίῳ
2244 3828 2559 3901 Χριστιανῷ
2588 3829 2765 3885 ταῦτα
2797 3828 3031 3902 ἀρκέσει
3062 3828 3159 3884 καὶ
3192 3827 3357 3900 μόνα.

2131 4101 2283 4156 Ἐπεὶ
2309 4100 2366 4155 δὲ
2397 4101 2488 4156 καί
2526 4118 2678 4166 τινας
2717 4100 2826 4156 ἀπο
2860 4101 3150 4172 λογισμῶν
3201 4101 3374 4166 αίτεῖς
3401 4101 3620 4158 ἀποδεί-

2047 4195 2184 4264 ξεις,
2221 4195 2322 4268 σὴν
2355 4197 2515 4268 χάριν
2541 4203 2807 4267 μετρίως,
2854 4196 2930 4260 ὡς
2960 4198 3080 4252 ινδν
3109 4199 3206 4253 καὶ
3230 4196 3393 4253 τοῦτο
3457 4197 3620 4271 ποιη-

2049 4304 2237 4356 σομεν,
2275 4287 2380 4341 ἀπὸ
2409 4287 2521 4342 τῶν
2561 4286 2739 4356 λόγων
2767 4289 2879 4342 τῶν
2928 4287 3104 4357 ἁγίων
3157 4287 3252 4340 καὶ
3314 4288 3416 4360 τῆς
3465 4289 3619 4353 θείας

2047 4380 2269 4452 Γραφῆς
2311 4380 2645 4452 ὁρμώμενοι.
2682 4381 2749 4433 '0
2787 4380 2967 4434 ἔνεστι
3025 4381 3125 4451 μὲν
3185 4382 3291 4434 κάν
3349 4380 3426 4452 τῷ
3482 4380 3621 4450 περὶ

2045 4474 2316 4539 ἐνώσέως
2349 4474 2823 4542 ἐπιγεγραμμένῳ
2849 4488 2939 4543 μοι
2972 4470 3140 4542 λόγῳ⁹
3199 4471 3505 4542 ποιήσομεν
3549 4471 3607 4525 δι

2046 4568 2196 4636 ὅμως
2227 4567 2504 4621 κάνταῦθα
2531 4563 2696 4621 τινῶν
2719 4564 2894 4633 λόγων
2941 4563 3241 4634 ἁψάμενοι.
3276 4565 3392 4636 Πρδ
3431 4566 3489 4620 δὲ
3522 4564 3617 4621 τοῦ

1980 4698 2020 4750 υ
2049 4659 2190 4711 κατὰ
2231 4658 2394 4727 μέρος
2424 4657 2548 4727 περί
2572 4656 2779 4712 τούτων
2809 4657 3008 4721 εἰπεῖν,
3047 4657 3265 4727 ἀνάγκη
3307 4658 3434 4712 τινὰ
3485 4675 3619 4730 προ-

2047 4753 2253 4817 λαὸεῐν,
2295 4751 2432 4821 πρὸς
2477 4750 2540 4803 τὸ
2589 4751 2925 4821 σαφέστερον
2980 4749 3072 4804 τὸν
3129 4749 3261 4822 ἑξῆς
3308 4748 3469 4820 λόγον
3526 4769 3621 4820 τεο

2045 4841 2262 4898 νὲσθαι.
2812 4863 2817 4868 ·

2051 4954 2368 5024 Λήμματα,
2397 4955 2495 5010 καὶ
2529 4955 2768 5024 πρῶτον
2784 4955 2845 5009 τί
2873 4955 2973 5025 ἇνῌ
2989 4956 3084 5025 ειη
3113 4959 3488 5012 συστατικὸι·
3517 4950 3621 5013 τοῦ

2479 5020 2807 5098 προσώπου
2866 5020 2975 5083 τοῦ
3014 5020 3272 5096 Πὶιτρός.
3361 5087 3365 5089 _

2133 5117 2544 5172 Ἐπεὶ-ἑκάστου
2598 5117 2707 5170 τῶν
2735 5117 2905 5172 ὄντων
2945 5118 3080 5189 πρὸς
3135 5119 3215 5189 τῷ
3269 5116 3433 5189 κοινῷ
3471 5118 3622 5185 εῖδει,

2049 5211 2167 5283 ἔστι
2191 5228 2242 5264 τι
2270 5213 2364 5264 και-ι
2394 5211 2582 5282 ἕτερον
2640 5209 2772 5264 ῐδιον
2838 5205 2999 5276 εἶδος,
3057 5204 3103 5279 ᾧ
3163 5211 3483 5265 συνίσταται
3527 5211 3623 5264 καὶ

2050 5304 2190 5370 ἔστι,
2221 5305 2315 5356 καὶ
2345 5303 2483 5357 καθὸ
2509 5303 2728 5370 λέγεται
2765 5303 2971 5356 τόδετι
3002 5304 3096 5358 καὶ
3128 5303 3212 5356 ὖνο
3248 5302 3441 5374 ὥσπερ
3468 5301 3622 5356 τοῦδε

2048 5397 2141 5450 τοῦ
2161 5395 2476 5465 ἀνθρώπου,
2511 5395 2605 5448 τοῦ
2640 5394 2850 5464 Πέτρου
2882 5395 3069 5465 τυχὸν,
3132 5395 3270 5465 πρὸς
3330 5395 3410 5466 τῷ
3457 5393 3622 5463 κοινῷ

2050 5491 2202 5554 εῖδει,
2243 5490 2378 5561 ὅπερ
2417 5489 2567 5541 ἐστιν
2617 5489 2650 5558 ἠ
2707 5488 3087 5558 ἀνθρωπότης,
3138 5489 3254 5542 ἐστι
3301 5489 3396 5542 καὶ
3437 5488 3621 5559 ἕτερον

2052 5581 2182 5636 ἴδιον
2212 5577 2372 5648 εἶδος,
2403 5579 2539 5637 καθὸ
2567 5579 2649 5633 ὅδε
2676 5580 2704 5632 ὁ
2733 5579 3024 5651 ἄνθρωπός
3053 5582 3170 5635 ἐστι
3208 5581 3417 5650 Πέτρος
3464 5578 3621 5649 τυχὸν
