4090 6146
459 197 567 265 365
1384 205 1483 266 DE
1527 205 2055 270 PROCESSIONE
2099 209 2464 274 SPIRITUS
2505 211 2804 274 SANCTI.
3606 219 3715 288 366

458 314 566 365 τῶν
610 310 775 384 τριῶν
829 313 1100 384 ἰδιώματα
1157 315 1504 370 ὑποστατικά
1559 320 1723 382 εἰσιν,
1787 317 1913 369 οὔτε
1968 319 2033 372 τὰ

2137 319 2301 376 sicuti
2343 315 2692 392 paternitas,
2737 324 2930 382 tiliatio
2980 336 3041 384 et
3090 328 3395 399 processio.
3451 317 3712 403 Quaedam

456 405 602 458 δυοῖν
634 405 740 457 ἴδια
791 407 928 476 πρὸς
960 407 1016 458 τὸ
1038 407 1241 476 τρίτον.
1285 406 1424 461 Οὔτε
1486 408 1595 478 μὴν
1655 409 1722 461 τὰ
1779 408 1897 471 ὲιδς
1940 407 2033 477 μὲν

2144 427 2294 478 vero,
2330 414 2583 482 quamvis
2616 415 2790 470 insint
2830 417 2924 472 uni
2957 419 3085 485 soli,
3132 436 3327 477 verum
3362 438 3472 478 non
3501 424 3712 479 cunsti-
3805 421 3808 424 ’

457 497 582 560 ἴδια,
616 497 757 551 οὕτω
807 499 865 552 δὲ
887 499 1020 567 (δια,
1079 501 1153 564 ὡς
1202 503 1550 572 γνὼριςτικὰ
1617 503 1714 555 καὶ
1767 502 2033 572 ἑπόμενα.

2144 513 2328 568 tuont,
2363 503 2460 560 sed
2490 515 2702 561 tantum
2736 508 3019 564 declarant
3055 524 3370 581 personam,
3395 525 3455 569 ut
3477 513 3533 568 in
3551 514 3717 570 Patre

466 589 627 644 ’Δλλὰ
659 592 863 658 ταύτας
883 594 1047 664 μόνας
1078 589 1218 647 εἶναι
1239 595 1603 665 προσωπικάς
1631 596 1921 664 ἰδιότητας,
1943 596 2033 666 τὴν

2141 610 2263 649 esse
2302 595 2631 667 ingenitum.
2661 598 2851 668 Neque
2883 600 3055 670 igitur
3092 616 3213 672 qum
3246 605 3564 660 communia
3587 616 3718 660 sunt

455 682 771 755 πατρότητα
784 685 1003 758 δηλαδὴ,
1026 690 1118 742 καὶ
1140 687 1236 759 τὴν
1258 688 1503 760 υἰότητα,
1527 689 1620 743 καὶ
1654 688 1752 760 τὴν
1771 690 2038 761 ἐκπόρευ-

456 792 566 843 σιν,
594 775 672 841 ὡς
692 777 898 842 ταύτας
932 781 1102 850 μόνας
1133 781 1456 850 ὑφεστώσας
1486 781 1554 835 τὰ
1577 783 1864 852 πρόσωπα.
1893 782 1957 834 Ἃ
1984 781 2039 833 δὲ

452 868 598 923 δυοῖν
619 869 726 925 ἴδια
751 873 890 943 πρός
924 873 984 928 τὸ
1002 876 1206 945 τρίτον,
1240 875 1412 930 ταῦτα
1437 876 1861 948 γνωρίσματα,ἣ
1894 874 2036 928 ἰδιώ-

454 978 602 1031 ματα
633 962 728 1019 δύο
758 966 920 1020 τινῶν
953 962 1094 1023 εἶναι
1147 968 1477 1039 προσώπων.
1528 970 1670 1023 ΞΚαὶ
1718 969 1893 1023 ταῦτα
1935 967 2033 1038 μὲν

450 1055 652 1123 οὕτως.

2142 687 2334 742 tribus
2376 689 2653 758 personis,
2712 691 3078 760 proprietates
3137 703 3267 749 sunt
3318 696 3712 766 hypostaticm;

2146 795 2326 849 neque
2365 795 2430 834 ea
2464 795 2585 848 quae
2618 781 2851 837 duarum
2871 784 2939 838 ad
2968 786 3190 840 tertiam
3220 789 3446 857 propria
3469 799 3618 843 sunt.
3651 792 3720 845 At

2145 888 2325 943 neque
2357 890 2477 943 quae
2503 873 2668 930 unius
2701 877 2922 946 propria
2960 889 3110 941 sunt,
3149 880 3223 935 ita
3264 890 3446 937 tamen
3475 884 3719 952 propria,

2145 975 2205 1021 ut
2232 981 2354 1036 quae
2380 977 2569 1021 notam
2597 977 2655 1023 et
2693 970 3038 1027 manifestam
3081 970 3308 1038 faciant,
3334 981 3392 1028 et
3417 959 3743 1044 sequantur

2140 1075 2459 1133 personam.
2486 1061 2593 1117 Sed
2624 1079 2702 1118 em
2731 1074 2942 1119 tantum
2973 1074 3099 1119 sunt
3133 1067 3454 1136 personales
3475 1069 3723 1137 proprie-

455 1163 616 1222 tates,
646 1160 950 1228 paternitas
979 1160 1266 1230 nimirum,
1299 1169 1356 1216 et
1402 1163 1595 1219 ﬁliatio
1659 1171 1713 1219 et
1777 1159 2097 1232 processio,
2139 1159 2344 1230 quippe
2387 1174 2511 1229 quae
2550 1160 2634 1216 ba:
2687 1161 2817 1216 solae
2863 1177 3125 1231 personas
3175 1165 3541 1220 constituunt.
3591 1165 3722 1231 Quae

391 1266 586 1329 ._vero
641 1250 877 1310 duarum
915 1271 1276 1327 personarum
1325 1261 1394 1317 ad
1439 1264 1656 1318 tertiam
1711 1259 1933 1331 propria
1993 1261 2159 1322 sunt,
2195 1254 2452 1310 notiones
2515 1253 2599 1309 vel
2649 1254 3018 1326 proprietates
3068 1254 3302 1311 duarum
3354 1272 3719 1338 personarum

450 1347 752 1406 exsistunt.
782 1351 849 1407 Et
884 1352 1001 1409 haec
1024 1353 1248 1424 quidem
1281 1356 1356 1412 ita
1395 1373 1454 1414 se
1482 1357 1714 1414 habent.

526 1446 747 1502 Τούτων
804 1449 862 1502 δέ
922 1449 1200 1521 ῥηθέντων
1260 1454 1746 1508 συναποδείκνυται
1809 1455 1906 1508 καὶ
1963 1451 2024 1505 τδ

2199 1443 2297 1500 Ηὶε
2349 1456 2484 1499 vero
2528 1441 2716 1510 dictis,
2763 1441 3039 1513 probatur
3073 1440 3320 1512 Spiritus
3375 1427 3617 1498 nanetus
3652 1458 3722 1497 ex

451 1539 680 1610 Πνεῦμα
717 1539 775 1595 τὸ
814 1539 972 1612 ἅγιον
1010 1543 1074 1597 ἐκ
1115 1544 1328 1616 Πατρὺς
1366 1545 1432 1598 δι’
1460 1544 1591 1598 Υἱοῦ
1632 1543 2032 1616 ἐκπορεύεσθαι

451 1648 646 1696 ουτως.

522 1725 623 1778 Διὰ
667 1726 768 1796 τῆς
809 1728 1036 1798 πρώτης
1083 1729 1178 1782 καὶ
1224 1729 1430 1800 ἀμέσου
1474 1729 1758 1804 ἐνεργείας
1799 1731 2032 1788 ἑκάστου

453 1815 626 1870 πᾶσαι
669 1817 726 1871 αἱ
768 1817 926 1873 ἄλλαι
967 1817 1349 1874 ἐπιτελοῦνται
1393 1819 1692 1890 ἐνέργειαι.
1736 1821 1938 1890 Πρώτη
1980 1820 2036 1873 δέ

454 1910 705 1979 ἐνέργεια
736 1911 828 1965 καὶ
862 1910 1066 1980 άμεσος
1091 1911 1185 1966 τοῦ
1219 1913 1429 1984 Πατρός
1460 1916 1577 1968 ἐστι
1605 1914 1665 1968 τὸ
1691 1914 1908 1985 γεννᾷν.
1935 1913 2036 1967 Διὰ

451 2000 546 2055 τοῦ
587 2002 782 2073 γεννᾷν
823 2002 932 2072 ἄρα
973 2005 1005 2073 ἡ
1050 2005 1144 2058 τοῦ
1191 2007 1346 2059 πνεῖν
1386 2005 1718 2060 ἐπιτελεῖται
1757 2006 2031 2076 ἐνέργεια.

453 2094 563 2149 Καὶ
584 2094 756 2158 οὕτως
775 2097 836 2149 ἐκ
866 2096 1078 2167 Πατρδς
1108 2097 1175 2151 δι’
1201 2097 1333 2151 Υἱοῦ
1350 2098 1708 2168 ἐκπορεύεται
1729 2099 1790 2152 τὸ
1811 2098 2035 2168 Πνεῦμα

452 2184 514 2239 τὸ
544 2184 722 2255 ἅγιον.
753 2185 826 2239 Τὸ
856 2187 913 2241 δὲ
945 2187 1021 2242 δι’
1046 2189 1184 2244 Υῑοῦ
1213 2189 1335 2243 τίνα
1367 2190 1466 2261 τὴν
1498 2189 1726 2260 δύναμιν
1761 2189 1875 2262 ἔχει
1895 2230 1910 2257 ,
1941 2190 2036 2243 καὶ

452 2271 506 2331 τί
532 2280 564 2351 ἡ
593 2277 692 2332 διὰ
718 2279 958 2338 ἐνταῦθα,
976 2280 1147 2352 δηλοῖ,
1172 2281 1255 2336 ὅτι
1283 2282 1480 2353 δηλαδὴ
1507 2282 1688 2336 αἰτίαν
1715 2283 2034 2353 μεσιτεύον-

457 2389 592 2440 σαν,
635 2373 839 2439 ἱκανῶς
873 2375 930 2428 ἐν
965 2373 1042 2446 τῷ
1075 2375 1216 2446 Περὶ
1251 2374 1524 2444 ἐνώσεως
1555 2375 1835 2431 δείκνυται
1869 2376 2033 2447 λόγῳ.

528 2553 651 2608 Ἔτι
681 2553 744 2608 τδ
779 2552 1007 2627 Πνεῦμα
1037 2554 1102 2609 τδ
1136 2555 1294 2626 ἅγιον
1325 2557 1358 2629 ἢ
1388 2555 1453 2610 ἐκ
1487 2553 1582 2610 τοῦ
1621 2557 1831 2628 Πατρός
1867 2557 2033 2609 ἐκποο
2105 2627 2108 2630 Α

463 2645 682 2718 ρεύεται
718 2651 880 2718 μόνον
904 2687 920 2714 ,
951 2647 985 2720 ἢ
1022 2647 1124 2703 οὐκ
1155 2648 1221 2702 ἐκ
1259 2649 1421 2720 μόνου
1455 2649 1549 2702 τοῦ
1587 2649 1803 2722 Πατρός
1829 2665 1843 2681 ο
1883 2651 2036 2704 ἀντιμ-

455 2745 673 2816 φάσεως
697 2743 807 2816 γὰρ
834 2744 988 2799 οὐδὲν
1015 2744 1250 2817 μεταξύ.
1287 2745 1446 2799 Ἀλλὰ
1476 2745 1582 2815 μὴν
1607 2747 1708 2799 οὐκ
1737 2744 2032 2817 ἐκπορεύε-

451 2854 544 2893 ται
569 2839 634 2892 ἐκ
662 2837 826 2907 μόνου
852 2837 945 2892 τοῦ
975 2838 1220 2908 Πατρός⁹
1254 2837 1302 2890 εί
1329 2838 1384 2891 δέ
1411 2838 1507 2890 οὐκ
1534 2838 1597 2891 ἐκ
1626 2837 1790 2907 μόνου
1808 2881 1821 2904 ,
1851 2838 1946 2892 καὶ
1972 2836 2036 2889 ἐκ

453 2931 547 2985 τοῦ
582 2930 714 2985 Υίοῦ
749 2933 880 3003 ἄρα.
908 2931 1032 2985 Ὀτι
1064 2931 1108 2984 δ’
1134 2931 1235 2987 ούκ
1269 2934 1330 2986 ἐκ
1367 2931 1531 3003 μόνου
1563 2929 1657 2984 τοῦ
1696 2931 1910 3002 Πατρὸς
1939 2931 2034 2984 ἐκ-

2143 1539 2306 1595 Patre
2339 1551 2439 1608 per
2461 1535 2662 1592 Filium
2697 1535 3002 1606 procedere
3033 1551 3047 1602 ',
3093 1541 3147 1591 In
3186 1535 3337 1590 hunc
3367 1534 3616 1592 modum.

2208 1719 2314 1776 Per
2346 1717 2585 1788 primam
2621 1725 2677 1774 et
2707 1718 3085 1774 immediatam
3118 1719 3504 1790 operationem
3532 1720 3725 1776 unius-

2139 1812 2410 1884 cujusque
2453 1821 2666 1870 caeteras
2728 1825 2924 1868 omnes
2978 1815 3335 1884 operationes
3383 1813 3720 1870 eﬂiciuntur.

2137 1905 2320 1961 Prima
2351 1913 2538 1960 autem
2565 1917 2622 1961 et
2659 1905 2980 1961 immediata
3016 1908 3266 1976 operatio
3303 1909 3485 1964 Patris
3514 1919 3598 1964 est
3630 1924 3726 1979 ge-

2137 2011 2376 2065 nerare;
2413 1997 2581 2068 igitur
2611 2013 2712 2067 per
2742 2012 3008 2068 generare
3040 2001 3294 2068 operatio
3324 2000 3574 2072 spirandi
3605 2002 3724 2055 eili-

2138 2093 2306 2148 citur.
2340 2095 2524 2163 Atque
2554 2093 2629 2148 ita
2656 2108 2724 2149 ex
2748 2093 2913 2149 Patre
2945 2110 3042 2164 per
3072 2093 3274 2150 Filium
3316 2096 3570 2167 procedit
3602 2096 3727 2166 Spi-
3793 2076 3798 2081 ’

2139 2185 2280 2241 ritus
2305 2195 2554 2242 sanctus.
2583 2185 2722 2241 illud
2745 2194 2926 2243 autem
2947 2204 3040 2257 per
3077 2187 3305 2254 Filium,
3333 2205 3496 2259 quam
3522 2189 3724 2244 habeat

2137 2277 2270 2342 vim,
2309 2276 2556 2348 quidque
2609 2278 2698 2334 hic
2749 2277 3066 2349 przepositio
3113 2295 3206 2347 per
3238 2277 3532 2348 signiticet,
3569 2277 3722 2348 quod

2137 2370 2400 2426 nimirum
2449 2385 2673 2427 causam
2725 2370 3186 2427 intervenientem
3238 2381 3294 2424 et
3346 2369 3626 2437 mediam,
3665 2369 3724 2424 in

2136 2464 2392 2520 oratione
2425 2463 2499 2519 De
2533 2465 2824 2519 concordia
2859 2464 2994 2520 satis
3020 2464 3338 2520 ostenditur
3370 2463 3469 2535 (i).

2206 2558 2476 2614 Praeterea
2518 2558 2757 2629 Spiritus
2782 2572 3005 2614 sanctus
3045 2559 3134 2615 vel
3168 2575 3198 2613 a
3233 2559 3354 2614 solo
3390 2559 3553 2615 Patre
3586 2573 3721 2630 pro-

2138 2652 2310 2717 cedit,
2349 2653 2438 2708 vel
2473 2666 2583 2707 non
2612 2668 2643 2707 a
2684 2652 2805 2708 solo
2833 2653 3021 2708 Patre.
3060 2653 3532 2710 Contradictionis
3570 2654 3722 2708 enim

2139 2745 2276 2800 nihil
2309 2752 2392 2802 est
2421 2745 2690 2802 medium.
2712 2746 2879 2817 Atqui
2903 2761 3016 2801 non
3048 2762 3078 2801 a
3106 2747 3226 2803 solo
3254 2747 3417 2802 Patre
3448 2747 3718 2815 procedit.

2125 2837 2197 2894 -Si
2231 2848 2412 2895 autem
2437 2855 2548 2895 non
2588 2856 2617 2894 a
2646 2841 2804 2906 solo,
2835 2841 3005 2911 igitur
3041 2846 3097 2895 'et
3134 2851 3164 2895 ο
3205 2838 3364 2897 Filio.
3393 2839 3549 2908 Quod
3592 2840 3721 2895 vero

2137 2949 2248 2988 non
2286 2949 2315 2988 a
2341 2933 2461 2989 solo
2493 2933 2658 2990 Patre
2692 2930 2975 3004 procedat,
3002 2938 3084 2991 sic
3107 2934 3441 2990 omet-ditur.
3474 2934 3719 2989 Primum

455 3024 786 3094 π-ᾱρεύεται,
829 3025 1110 3080 δείκνυται
1157 3025 1349 3090 οὔτως.
1399 3027 1601 3098 Πρῶτα
1651 3026 1752 3098 μὲν
1795 3024 2032 3097 οὐδαμοῦ

2139 3024 2362 3095 quidem
2399 3041 2697 3096 nusquam,
2729 3041 2908 3096 neque
2935 3025 2988 3079 in
3035 3025 3224 3081 divina
3254 3024 3570 3096 Scriptura,
3619 3040 3717 3080 ne-

454 3116 578 3172 οὔτε
608 3116 707 3190 τῆς
737 3119 888 3184 θείας
917 3120 1166 3189 Γραφῆς,
1201 3118 1323 3174 οὔτε
1354 3121 1463 3174 τῶν
1493 3119 1834 3174 διδασκάλων
1862 3120 2030 3193 εῦρη-

453 3231 544 3266 ται
582 3214 874 3285 εἰρημένον
899 3229 914 3246 ⁶
950 3215 979 3270 ὃ
1013 3215 1069 3267 δὲ
1106 3215 1212 3268 ὑπό
1242 3231 1389 3278 τινος
1420 3215 1626 3269 τούτων
1659 3215 1760 3270 οὐκ
1793 3214 2024 3286 εἴρηται,

453 3306 631 3360 οὐδενὶ
681 3307 979 3378 τολμητέον
1033 3309 1207 3362 εἰπεῖν
1237 3327 1250 3340 ·
1299 3307 1491 3361 ἔπειτα
1541 3308 1604 3361 τὸ
1659 3308 2027 3380 προσάλλειν,

452 3400 704 3471 ἐνέργεια
735 3400 830 3455 τοῦ
869 3401 1084 3472 Πατρὸς
1119 3402 1386 3472 οῦσιώδης
1424 3400 1557 3456 οὖσα
1594 3400 1658 3454 οὐ
1701 3402 1892 3472 πρώτη
1919 3402 2027 3456 οὐδ’

453 3494 682 3565 άμεσος,
708 3493 1042 3550 ἐπιτελεῖται
1070 3494 1157 3550 διὰ
1183 3496 1280 3566 τῆς
1307 3496 1553 3567 πρώτης,
1582 3496 1704 3567 ἥτις
1731 3496 2026 3568 ἀπεδείχθη

452 3581 587 3640 οὖσα
618 3586 686 3639 τὸ·
713 3587 908 3658 γεννᾷν
941 3586 1039 3640 καὶ
1070 3587 1104 3657 ή
1137 3585 1392 3654 γέννησις
1420 3600 1434 3615 ’
1471 3585 1613 3640 ὥστε
1651 3585 1744 3639 καὶ
1777 3584 1867 3639 τὸν
1905 3585 2030 3639 Υίὺν

451 3679 658 3751 ταύτης
688 3679 907 3752 ἀνάγκη
939 3680 1040 3751 τῆς
1069 3679 1355 3750 ἐνεργείας
1384 3680 1685 3744 κοινωνεῖν,
1719 3680 1812 3733 καὶ
1838 3679 1908 3733 δι’
1932 3680 2031 3732 αὐ-

453 3771 546 3828 τοῦ
585 3774 648 3828 τὸ
691 3773 917 3846 Πνεῦμα
961 3775 1023 3828 τὸ
1065 3773 1222 3844 ἆγιον
1265 3773 1689 3845 ἐκπορεύεσθαι.
1717 3773 1928 3838 ’Ἄλλως
1969 3791 2028 3827 τε

454 3863 675 3918 πάντων
699 3864 975 3919 κοινωνῶν
1001 3866 1028 3919 ό
1053 3865 1184 3930 Υἱὸς
1207 3865 1284 3935 τῷ
1309 3867 1507 3935 Πατρὶ,
1533 3864 1672 3936 πλὴν
1696 3866 1805 3920 τῶν
1836 3883 2031 3920 συστα-

451 3954 624 4010 τικῶν
653 3955 955 4027 ίδιοτήτων,
985 3957 1308 4029 κοινωνήσει
1337 3959 1430 4012 καὶ
1455 3959 1555 4030 τῆς
1582 3959 1674 4012 τοῦ
1702 3959 2030 4030 προϐάλλειν

452 4048 758 4120 δυνάμεως,
786 4049 1025 4121 φυσικῆς
1056 4050 1156 4119 μὲν
1182 4050 1261 4122 τῷ
1290 4051 1487 4121 Πατρὶ,
1517 4051 1579 4105 ού
1611 4051 1945 4120 συστατικῆς
1971 4051 2027 4105 δὲ

452 4142 546 4198 τοῦ
583 4141 877 4213 προσώπου
911 4141 1112 4208 αὐτοῦ,
1149 4142 1222 4207 ὡς
1259 4144 1473 4213 εἴρηται
1499 4183 1514 4209 ,
1550 4144 1738 4216 οῦσης.
1769 4144 1932 4197 Ὥστε
1969 4144 2028 4198 τὸ

455 4235 679 4308 Πνεῦμα
710 4239 776 4291 ἐκ
809 4236 1023 4307 Πατρὸς
1061 4236 1156 4291 καὶ
1190 4235 1346 4300 Υίοῦ,
1381 4237 1413 4308 ἢ
1452 4240 1517 4292 ἐκ
1552 4238 1766 4310 Πατρδς
1799 4239 1866 4292 δι’
1897 4238 2026 4292 Υίθῦ

453 4329 839 4403 ἐκπορεύεται.
874 4329 1134 4403 Διαφέρει
1166 4332 1278 4402 γὰρ
1312 4332 1464 4387 οὐδὲν
1494 4334 1591 4387 ἐπὶ
1620 4335 1717 4406 τῆς
1751 4332 2028 4403 θεολογίας

453 4426 554 4498 τῆς
582 4424 653 4480 ἐκ
681 4424 715 4496 ἠ
747 4423 868 4480 διά.

523 4604 588 4661 Εἰ
626 4604 682 4660 δέ
716 4622 801 4671 τις
837 4606 1016 4674 εῐποι,
1054 4605 1242 4678 κοινὴν
1281 4603 1418 4661 εἶναι
1460 4607 1573 4661 δεῖν
1607 4609 1702 4661 καὶ
1737 4606 1812 4679 τῷ
1855 4607 2030 4664 Πνεύο

456 4717 585 4772 ματι
620 4699 698 4772 τῷ
732 4699 877 4772 ἁγίῳ
912 4700 1012 4769 τὴν
1048 4701 1278 4771 δύναμιν
1297 4702 1393 4756 τοῦ
1432 4701 1778 4772 προϐάλλειν,
1820 4702 1894 4767 ὡς
1934 4703 2029 4757 ού-

456 4794 661 4866 σιώδη·
715 4795 941 4852 πάντων
989 4794 1100 4869 γάρ
1153 4800 1248 4852 καὶ
1296 4797 1430 4852 αὐτὸ
1477 4799 1728 4853 κοινωνεῖ
1771 4797 1882 4854 τῶν
1934 4799 2030 4852 οὑ-

455 4887 662 4944 σιωδῶν
680 4905 696 4921 ⁸

525 4980 762 5036 Μαθέτω
798 4983 827 5037 δ
857 4981 1101 5046 τοιοῦτος
1136 4983 1297 5036 τοῦτο
1337 4983 1600 5038 ἀδύνατον
1634 4981 1776 5039 εἶναι
1799 5025 1814 5051 ,
1848 4985 1937 5039 διὰ
1971 4986 2031 5039 τὸ

455 5075 804 5130 ἀντιπίπτειν
839 5078 906 5147 τῇ
949 5075 1113 5130 αὐτοῦ
1157 5077 1402 5149 ἰδιότητι.
1445 5079 1520 5132 Οὐ
1561 5077 1785 5132 δύναται
1824 5078 1934 5149 γὰρ
1973 5078 2032 5133 τὸ

454 5167 584 5222 αὐτὸ
629 5167 821 5222 ἐαυτοῦ
863 5169 1036 5224 αῐτιον
1079 5167 1239 5226 εἶναι.
1272 5172 1524 5227 "Exacta.
1565 5173 1674 5244 γάρ
1719 5173 1827 5227 τῶν
1869 5173 2030 5228 θείων

527 5344 605 5416 (t)
641 5343 769 5400 Haac
800 5345 973 5414 prima
1008 5343 1262 5415 probatio
1303 5363 1427 5402 cum
1465 5347 1536 5401 sit
1575 5347 1848 5416 negativa,
1889 5347 2027 5402 nihil

455 5432 586 5472 sane
615 5417 844 5488 valeret,
881 5417 988 5473 nisi
1027 5427 1175 5488 esse}
1202 5419 1268 5470 ad
1309 5417 1614 5472 hominem.
1655 5419 1877 5488 optime
1927 5420 2030 5474 ita-

454 5500 570 5560 que
601 5487 799 5542 militat
831 5488 1104 5560 adversus
1129 5485 1367 5553 Graecos,
1400 5489 1493 5560 qui
1533 5503 1599 5542 ex
1635 5485 1934 5560 Evangelia
1973 5495 2030 5544 et

369 5579 373 5581 ·
455 5558 740 5629 Scriptura
792 5573 944 5617 sacra
978 5558 1291 5630 nitebantur
1336 5559 1568 5630 probare
1617 5558 1883 5630 Spiritum
1921 5575 2029 5615 non

458 5630 753 5756 procedere
786 5646 852 5686 ex
891 5630 1050 5691 Filio,
1093 5629 1221 5698 quia
1257 5629 1345 5685 ibi
1386 5646 1493 5684 non
1530 5629 1762 5686 habetur
1812 5632 1919 5686 nisi
1959 5647 2027 5686 ex

481 5704 616 5756 ‘atre
650 5702 966 5756 procedere.
1006 5702 1144 5756 Dicit
1172 5717 1302 5756 eruo
1338 5701 1626 5756 Bcssarion
1680 5703 1755 5756 ibi
1794 5716 1903 5756 non
1936 5703 2027 5756 Ita-

481 5704 616 5759 ‘atre
650 5702 966 5773 procedere.
1006 5702 1144 5757 Dicit
1172 5717 1302 5772 ergo
1338 5701 1626 5758 Bcssarion
1680 5703 1755 5758 ibi
1794 5716 1903 5758 non
1936 5703 2032 5759 ha-

2135 3133 2243 3191 que
2272 3121 2418 3190 apud
2450 3120 2732 3187 doctores,
2767 3119 3050 3176 invenitur
3077 3121 3310 3177 dictum.
3340 3121 3501 3188 Quod
3531 3129 3720 3175 autem

2134 3230 2164 3269 a
2191 3214 2413 3269 nemine
2451 3215 2686 3269 istorum
2737 3213 2947 3269 dictum
2992 3222 3098 3281 est,
3151 3213 3360 3269 nemini
3402 3214 3719 3292 audendum

2132 3315 2217 3362 est
2247 3305 2455 3361 dicere.
2489 3305 2696 3360 Deinde
2734 3306 3066 3376 producere,
3087 3320 3212 3361 cum
3246 3305 3318 3361 sit
3344 3309 3593 3377 operatio
3620 3307 3722 3363 Pa-

2135 3397 2234 3453 tris
2260 3397 2597 3464 essentialis,
2637 3413 2744 3451 non
2775 3399 2954 3466 prima
2990 3411 3173 3469 neque
3217 3397 3532 3455 immediata
3554 3439 3568 3465 ,
3601 3399 3720 3456 cili-

2133 3492 2276 3545 citur
2329 3506 2426 3560 per
2468 3492 2725 3562 primam.
2777 3506 2902 3560 quae
2956 3501 3180 3547 ostensa
3229 3499 3313 3547 est
3352 3509 3619 3564 generare
3663 3503 3720 3548 ct

2133 3581 2457 3652 generatio;
2495 3581 2572 3635 ita
2610 3590 2671 3634 ut
2706 3593 2932 3637 necesse
2985 3581 3057 3636 sit
3084 3581 3252 3637 etiam
3310 3581 3513 3637 Filium
3552 3583 3720 3655 huius

2132 3675 2470 3744 operationis
2495 3676 2816 3746 participem
2845 3691 2991 3742 esse,
3015 3691 3079 3732 ac
3102 3692 3202 3747 per
3230 3677 3414 3748 ipsum
3443 3669 3715 3746 Spiritum

2133 3775 2382 3821 sanetum
2432 3766 2754 3836 procedere.
2792 3768 3106 3823 Praesertim
3141 3782 3267 3824 cum
3302 3778 3358 3824 et
3390 3768 3563 3824 Filius
3599 3785 3718 3824 ont-

2134 3860 2241 3914 nia‘
2278 3860 2383 3914 sibi
2424 3861 2742 3917 communia
2795 3877 2922 3915 cum
2960 3861 3122 3917 Patre
3171 3861 3420 3928 habeat,
3472 3864 3719 3934 exceptis

2132 3952 2503 4009 constitutivis
2557 3953 3033 4024 proprietatibus,
3091 3969 3442 4010 communem
3493 3957 3718 4029 quoque

2133 4045 2356 4101 habebit
2385 4046 2686 4117 potentiam
2715 4046 3076 4117 producendi,
3099 4063 3222 4118 quae
3244 4047 3466 4118 quidem
3494 4061 3718 4105 natura-

2130 4138 2201 4194 lis
2226 4153 2309 4194 est
2331 4139 2505 4204 Patri,
2525 4154 2635 4194 non
2664 4148 2843 4195 tamen
2876 4141 3026 4195 illius
3051 4156 3303 4211 persona:
3328 4140 3713 4206 constitutira.

2134 4243 2194 4304 ut
2233 4233 2444 4289 dictum
2482 4243 2587 4289 est.
2635 4234 2827 4304 itaque
2875 4235 3117 4306 Spiritus
3151 4252 3219 4291 ex
3253 4235 3414 4292 Patre
3457 4248 3514 4292 et
3553 4237 3712 4301 Filio,

2132 4325 2218 4380 vel
2249 4341 2318 4381 ex
2351 4324 2514 4382 Patre
2552 4341 2651 4396 per
2685 4325 2886 4382 Filium
2913 4329 3186 4398 procedit.
3221 4329 3277 4384 Si
3320 4328 3544 4399 quidem
3571 4329 3716 4383 inter

2066 4405 2108 4459 ο
2142 4417 2583 4488 praepositionem
2619 4435 2700 4483 es,
2734 4433 2789 4474 et
2819 4436 2935 4490 per,
2967 4419 3020 4474 in
3062 4419 3341 4492 theologia
3375 4419 3513 4474 nihil
3546 4421 3715 4474 inter-

2133 4520 2241 4566 εει.

2205 4606 2264 4660 Si
2295 4605 2421 4676 quis
2454 4618 2583 4660 vero
2619 4606 2766 4661 dicat
2810 4621 3164 4662 communem
3194 4606 3398 4663 debere
3429 4620 3549 4663 esse
3586 4621 3711 4661 cum

2135 4697 2245 4753 illis
2269 4709 2324 4753 et
2354 4699 2582 4768 Spiritui
2611 4709 2806 4756 sancto
2833 4701 2943 4755 vim
2967 4699 3334 4772 producendi,
3364 4702 3568 4772 quippe
3590 4717 3714 4772 qua:

2134 4793 2207 4848 sit
2229 4793 2573 4860 essentialis;
2603 4795 2854 4851 omnium
2898 4795 3050 4851 enim
3097 4796 3477 4851 essentialium
3509 4806 3562 4850 et
3594 4797 3711 4866 ipse

2136 4885 2373 4956 Spiritus
2394 4890 2672 4960 particeps
2698 4899 2783 4945 est
2807 4905 2821 4943 :

2203 4980 2387 5036 Discat
2422 4983 2524 5038 iste
2553 4983 2674 5036 talis
2702 4982 2808 5038 hoc
2833 4982 2986 5038 nullo
3011 4983 3176 5038 modo
3206 4981 3322 5037 ﬁeri
3349 4997 3534 5053 posse,
3561 4984 3708 5052 quod

2132 5075 2254 5146 ejus
2291 5075 2616 5146 proprietati
2650 5085 2942 5148 repugnet.
2987 5077 3106 5132 Non
3156 5069 3304 5132 enim
3353 5087 3533 5147 potest
3562 5077 3710 5132 idem

2132 5168 2216 5222 sui
2251 5168 2425 5238 ipsius
2475 5183 2638 5223 causa
2685 5185 2829 5224 esse.
2873 5168 3116 5242 Singulae
3162 5171 3313 5225 enim
3347 5169 3554 5226 divinae
3586 5185 3711 5238 pcr-

2133 5349 2248 5406 beri
2271 5367 2348 5424 ex
2382 5352 2498 5407 solo
2536 5353 2716 5417 Patre.
2757 5369 2888 5424 ergo
2923 5365 2979 5409 et
3018 5371 3083 5410 ex
3122 5353 3282 5409 Filio.
3319 5355 3387 5409 Et
3416 5354 3489 5410 ita
3537 5357 3705 5410 semel

2131 5422 2329 5498 accidit
2351 5433 2430 5490 ut,
2452 5441 2576 5498 cum
2607 5422 3138 5498 quidamiGraeculus
3165 5426 3461 5498 obiecisset
3486 5427 3708 5482 cuidam

2133 5493 2349 5580 Eatino,
2401 5511 2498 5580 cui:
2554 5493 2731 5550 Latini
2784 5497 3114 5580 addiderint
3140 5498 3205 5553 ad
3237 5493 3705 5580 'Sytnltolum‘ex

2133 5563 2271 5618 Filio
2298 5567 2613 5633 procedere,
2641 5583 2764 5623 cum
2790 5585 2892 5621 non
2920 5570 2990 5622 sit
3010 5571 3273 5637 scriptum
3308 5563 3360 5622 in
3389 5568 3700 5634 Evangelio.

2133 5637 2329 5710 merito
2357 5638 2617 5710 audierit,
2651 5655 2749 5694 cur
2780 5641 2945 5694 etiam
2980 5640 3080 5710 ipsi
3115 5640 3287 5695 Graeci
3327 5640 3603 5694 fateantur
3633 5654 3702 5693 ex

2133 5705 2249 5762 solo
2282 5707 2486 5764 Patre?
2515 5709 2631 5776 Quo
2660 5726 2921 5777 responso
2945 5705 3232 5766 conticuit.
