4036 6140
466 229 585 294 371’
1415 230 1940 301 BESSABIONIS'
1964 239 2027 304 S.

2184 236 2250 300 E.
2294 237 2767 300 CARDINAIJS
3616 229 3718 294 372

470 346 634 403 stasis
654 383 669 410 .
716 357 770 403 et
797 338 1131 408 essentia're
1160 352 1307 408 inter
1334 367 1396 409 se
1429 354 1721 409 diderrent
1744 394 1759 415 ,
1788 352 2035 423 quemad-

2155 366 2356 417 σωπον,
2391 353 2423 424 ἢ
2458 353 2777 418 ὑπόστασις,
2809 356 2903 407 καὶ
2954 353 3114 407 οὐσία
3158 349 3427 420 διέφερον,
3468 342 3606 417 ἦσαν
3649 349 3713 401 ἂν

470 438 696 493 inodum
753 451 886 497 sunt
938 458 998 497 re
1057 442 1173 513 ipsa
1229 452 1340 500 tres
1391 460 1685 515 personze,
1743 447 1818 499 ita
1877 447 2035 500 etiam

2154 442 2343 515 ὥσπερ
2370 445 2497 515 τρία
2528 446 2802 516 πρόσωπα
2829 445 3253 517 πραγματικῶς,
3286 444 3427 498 οὑτω
3452 441 3549 496 καὶ
3573 444 3718 511 τρεῖς

471 540 655 586 issent
699 542 813 589 tres
858 535 1135 591 essentiae.
1190 537 1307 593 Hoc
1354 548 1538 594 autem
1580 539 1917 595 contrarium
1966 550 2035 594 est

2153 538 2357 591 οὐσίαι.
2392 538 2567 592 Τοῦτο
2598 538 2643 593 δ’
2682 538 2830 593 ἐστὶν
2865 540 3108 594 ἐναντίον
3135 541 3201 609 τῇ
3245 536 3451 590 πίστει.
3492 534 3586 588 Διὸ
3606 537 3723 587 ἐπι.

473 618 622 674 tidci.
689 621 1065 687 Quamobrem
1128 628 1459 696 cogitatione
1516 629 1742 699 quidem
1806 630 2035 685 essentia

2154 632 2271 701 νοίᾳ
2309 630 2408 702 μὲν
2442 629 2590 685 ἔστιν
2619 632 2650 700 ἡ
2682 632 2955 700 διάκρισις
2988 631 3341 693 ὑποστάσεως
3395 630 3487 683 καὶ
3516 629 3751 694 οὖσίας,“

473 712 784 783 sejungitur
829 716 897 771 ab
934 716 1213 788 bypostasi
1241 760 1255 784 ,
1307 736 1499 776 revera
1550 732 1735 778 tamen
1768 722 1958 776 eadem
1996 732 2035 777 et

2154 723 2446 792 πράγματι
2476 722 2533 777 δέ
2555 740 2617 792 γε
2643 724 2675 794 ἠ
2703 724 2918 787 ἓνωσιςο
2953 723 3215 784 ἐναντίως
3257 721 3289 794 ἢ
3319 722 3408 791 ἐφ’
3429 721 3589 791 ήμῶν
3619 720 3721 774 τῶν

475 821 580 860 una
613 823 702 863 res
734 819 852 873 est.
884 815 1169 869 contrario
1198 815 1361 870 modo
1393 824 1557 885 atque
1600 831 1659 872 se
1707 816 1950 872 habeant
1992 816 2035 872 ir

2151 815 2478 887 ἀνθρώπων.
2516 817 2635 887 Ἐφ’
2660 815 2817 889 ήμῶν
2850 817 2958 889 γὰρ
2986 818 3019 887 ἡ
3056 816 3153 886 μὲν
3179 815 3376 879 ἓνωσις
3400 814 3498 884 τῆς
3511 813 3723 883 φύσεως

476 900 638 955 nobis
671 901 1009 959 hominibus.
1045 905 1264 961 Etenim
1298 907 1352 961 in
1386 909 1548 965 nobis
1579 910 1898 981 conjunctio
1926 909 2035 980 qui«

2148 909 2270 980 ἦτοι
2296 912 2390 979 τῆς
2423 909 2843 981 άνθρωπότητος
2876 911 3015 980 μετὰ
3053 908 3146 963 τοῦ
3172 908 3406 963 ἑκάστου
3429 905 3721 976 προσώπου

474 990 598 1046 dem
634 1003 864 1063 naturae,
895 996 1109 1053 scilicet
1132 998 1511 1069 humanitatis,
1541 1015 1665 1057 cum
1694 1003 2035 1075 uniuscujus-

2150 1002 2366 1073 ἐπινοίᾳ
2394 1003 2544 1056 ποιεῖ
2569 1002 2647 1067 ἓν,
2686 1002 2972 1074 πράγματι
3011 1001 3067 1055 δέ
3105 1002 3209 1068 εἰσι
3251 1000 3366 1057 δύο.
3404 999 3570 1053 ’Δλλο
3616 999 3721 1069 γὰρ

474 1100 583 1155 que
615 1102 849 1156 persona
874 1131 888 1155 ,
915 1106 1080 1146 sensu
1112 1094 1347 1161 mentis,
1378 1103 1433 1150 et
1463 1096 1797 1167 cogitatione
1833 1108 2035 1153 tantum

2150 1096 2387 1165 πρᾶγμα
2419 1097 2452 1167 ή
2489 1095 2644 1167 κοινὴ
2676 1096 3059 1168 ἁνθρωπότης,
3101 1096 3197 1150 καὶ
3236 1094 3366 1149 ἄλλο
3416 1094 3651 1165 πρᾶγμα
3687 1093 3719 1164 ἡ

473 1174 606 1231 facit
644 1193 809 1232 unum
830 1221 844 1245 ,
885 1196 943 1235 re
970 1194 1157 1238 autem
1186 1182 1297 1239 duo
1323 1195 1473 1241 sunt.
1503 1186 1621 1241 Alia
1652 1187 1799 1242 enim
1835 1204 1922 1242 res
1956 1195 2035 1244 est

2146 1189 2302 1243 τοῦδε
2334 1189 2429 1244 τοῦ
2490 1192 2786 1263 προσώπου
2839 1193 3133 1263 ὰτομότης.
3191 1192 3284 1246 Διὸ
3324 1189 3514 1261 ὥσπερ
3561 1188 3723 1259 ἐσμὲν

471 1273 784 1327 communis
834 1264 1185 1343 humanitas,
1238 1277 1344 1334 alia
1380 1276 1527 1333 "vero
1580 1279 1744 1351 hujus
1797 1297 2035 1351 personae

2147 1282 2321 1338 πολλὰ
2359 1285 2653 1357 πρόσωπα,
2723 1287 2864 1341 οὑτω
2899 1287 2995 1341 καὶ
3046 1286 3230 1340 πολλοὶ
3274 1285 3577 1355 ἄνθρωποι.
3634 1280 3723 1342 Διὸ

474 1362 913 1423 individualitas.
959 1368 1267 1436 Quocirca,
1324 1373 1792 1441 quemadmodum
1843 1390 2035 1431 smnus

2145 1376 2248 1431 οὐκ
2278 1377 2336 1445 ἐξ
2382 1379 2631 1450 ἀνάγκης
2658 1380 2721 1433 τὸ
2744 1381 2808 1433 ἐκ
2839 1382 2937 1451 τῆς
2990 1377 3207 1449 φύσεως
3239 1378 3397 1433 τοῦδέ
3455 1394 3602 1440 τινος
3632 1379 3725 1429 καὶ

471 1459 659 1514 multa:
688 1475 940 1531 personat
960 1505 975 1527 ,
1006 1464 1085 1518 sic
1114 1465 1279 1520 etiam
1314 1466 1470 1520 multi
1508 1466 1783 1523 homines.
1822 1468 1887 1523 Et
1918 1469 2035 1524 ideo

2145 1473 2210 1526 ἐκ
2232 1471 2331 1539 τῆς
2359 1473 2716 1538 ὑποστάσεως
2743 1472 2893 1544 αὐτῷ
2924 1475 3092 1529 ἐστιν.
3150 1473 3273 1526 Ἐπὶ
3324 1471 3381 1526 δὲ
3415 1470 3517 1541 τῆς
3557 1468 3723 1537 ἁγίας

474 1565 586 1605 non
640 1554 957 1609 necessario
979 1598 995 1619 ,
1029 1556 1174 1625 quod
1203 1571 1270 1613 ex
1299 1568 1495 1613 natura
1530 1569 1615 1615 est
1661 1561 1897 1632 alicujus
1920 1608 1932 1629 ,
1972 1578 2035 1618 ex

2144 1562 2395 1634 Τριάδος,
2424 1564 2500 1626 ὡς
2550 1565 2791 1635 εἴρηται,
2822 1566 2882 1620 τὸ
2911 1565 3181 1620 ἀνάπαλίν
3241 1566 3387 1619 ἐστιν
3415 1580 3432 1597 ο
3503 1562 3583 1616 ὃτι
3629 1562 3724 1630 δη-

472 1659 703 1715 persona
737 1662 958 1720 quoque
991 1650 1141 1707 illius
1168 1662 1275 1708 est.
1320 1653 1391 1709 At
1436 1669 1566 1711 vero
1599 1655 1653 1709 in
1691 1657 2035 1712 sanctissima

2142 1656 2277 1728 λαδὴ
2307 1658 2340 1728 ἡ
2369 1658 2466 1727 μὲν
2493 1658 2686 1723 ἓνωσις
2732 1658 2949 1728 φύσεώς
3001 1676 3061 1713 τε
3112 1659 3206 1712 καὶ
3256 1657 3553 1729 προσώπου
3607 1657 3722 1710 ἔστι

472 1735 764 1806 Trinitate,
797 1749 857 1796 ut
887 1743 1094 1799 dictum
1126 1755 1232 1813 est,
1266 1757 1437 1802 totum
1465 1749 1779 1821 oppositum
1807 1752 1993 1807 evenit
2022 1771 2035 1807 :

2148 1751 2461 1821 πράγματι,
2497 1754 2530 1823 ή
2562 1752 2619 1806 δὲ
2646 1751 2923 1823 διάκρισις
2948 1737 3183 1823 ἐπινοίᾳ.
3224 1751 3387 1807 Ὅθεν
3436 1749 3499 1804 τὸ
3528 1753 3593 1804 ὲκ
3621 1749 3722 1818 τῆς

472 1847 536 1885 ex
570 1846 637 1887 eo
666 1831 927 1890 nimirum
951 1876 966 1903 ,
994 1837 1140 1907 quod
1170 1849 1365 1895 natura
1385 1883 1399 1909 ,
1427 1851 1483 1897 et
1510 1857 1745 1913 persona
1780 1859 1950 1899 unum
1983 1855 2042 1900 et

470 1921 617 1977 idem
665 1924 799 1989 sint,
857 1925 1125 1983 discretio
1161 1940 1343 1985 autem
1398 1943 1455 1987 et
1511 1936 1787 2005 separatio
1829 1943 2043 1991 tantum

473 2015 709 2075 ratione.
738 2017 1105 2084 Quamobrem
1143 2025 1290 2093 quod
1326 2040 1392 2080 ex
1427 2036 1623 2083 natura
1657 2028 1891 2103 alicujus
1922 2045 2045 2102 per-

468 2123 621 2165 sona:
662 2120 782 2177 est,
830 2127 897 2168 ex
949 2114 1097 2169 illius
1141 2132 1363 2186 quoque
1395 2118 1469 2173 sit
1522 2134 1756 2189 persona
1815 2136 2043 2178 necesse

468 2213 577 2258 est.
628 2202 681 2259 Si
708 2220 839 2276 ergo
865 2222 930 2261 ex
959 2217 1154 2263 natura
1186 2209 1308 2265 Filii
1342 2210 1585 2282 Spiritus
1614 2221 1721 2280 est,
1768 2215 1931 2287 cujus
1962 2215 2040 2270 rei

468 2293 631 2364 plena
673 2307 803 2353 sunt
846 2301 1033 2355 omnia
1077 2303 1280 2373 scripta
1324 2303 1512 2376 Cyrilli
1544 2344 1559 2371 ,
1597 2303 1764 2377 igitur
1794 2321 1859 2360 ex
1898 2307 2044 2363 illius

469 2402 689 2459 quoque
722 2391 1000 2464 lnypustasi
1032 2403 1141 2452 est.
1978 2462 2001 2477 ,,

476 2496 479 2497 ⁷
541 2484 746 2540 Verum
784 2486 935 2543 aiunt
972 2490 1149 2545 nostri
1174 2532 1190 2555 ,
1225 2500 1454 2562 propter
1487 2493 2042 2551 consubstantialita-

472 2586 581 2633 tem
618 2579 733 2636 haec
763 2581 870 2638 dici
894 2623 908 2648 ,
944 2594 1000 2640 et
1033 2592 1089 2641 ut
1126 2584 1367 2657 Spiritus
1415 2588 1743 2646 ostendatur
1790 2590 2042 2662 ejusdem

467 2686 593 2728 esse
623 2674 945 2731 substantia:
976 2694 1099 2733 cum
1136 2679 1298 2737 Patre
1327 2691 1383 2735 et
1414 2681 1577 2738 Filio.

671 2787 904 2861 Spiritus
944 2810 1007 2847 ea:
1040 2793 1339 2850 substantia
1375 2794 1555 2852 Patris
1586 2806 1636 2852 et
1667 2795 1832 2868 Filii,

973 2881 1077 2919 non
1114 2876 1292 2921 tamen
1325 2879 1533 2923 contra.

536 2953 693 3022 Quod
724 2970 856 3011 sane
892 2972 1084 3013 verum
1114 2968 1237 3027 est;
1275 2961 1371 3016 sed
1406 2977 1517 3032 quo
1547 2977 1739 3018 verum
1766 3004 1783 3032 ,
1820 2978 1887 3021 eo
1921 2979 2042 3021 ma-

2149 1845 2365 1916 φύσεώς
2391 1862 2537 1910 τινος
2572 1844 2681 1900 τῶν
2714 1845 3023 1916 προσώπων
3046 1847 3140 1899 καὶ
3165 1847 3226 1898 ἐκ
3248 1846 3344 1915 τῆς
3371 1845 3721 1909 ὑποστάσεως

2146 1939 2309 1993 αὑτοῦ
2363 1938 2424 2004 ἐξ
2481 1940 2726 2011 ἀνάγκης
2781 1940 2949 1995 ἐστίν.
3005 1940 3068 1993 Εἰ
3122 1934 3214 1994 οὖν
3256 1940 3320 1993 ἐκ
3374 1938 3469 2010 τῆς
3504 1936 3722 2007 φύσεως

2146 2033 2241 2089 τοῦ
2307 2034 2438 2088 Υίοῦ
2491 2034 2552 2087 τὸ
2604 2031 2849 2106 Πνεῦμα,
2921 2026 2982 2089 οὗ
3033 2033 3253 2105 πλήρης
3313 2034 3465 2087 πᾶσα
3531 2034 3720 2102 γραφὴ

2148 2128 2458 2197 Κυρίλλου,
2524 2108 2617 2182 διαὶ
2685 2128 2752 2183 ἐκ
2804 2128 2901 2198 τῆς
2958 2126 3313 2191 ὑποστάσεως
3368 2123 3536 2179 αὐτοῦ
3611 2123 3719 2194 ἄρα

2148 2219 2321 2275 ἐστίν.

2231 2474 2587 2563 Ἀλλᾶφασὶν
2617 2492 2667 2545 οἱ
2704 2492 2984 2563 ἡμέτεροι,
3015 2490 3105 2546 διὰ
3140 2489 3200 2545 τδ
3223 2489 3514 2561 όμοοὺσιον
3543 2490 3720 2545 ταῦτα

2145 2586 2422 2658 εἰρῆσθαι,
2454 2586 2548 2639 καὶ
2572 2584 2659 2638 ἵνα
2687 2584 2746 2639 τὸ
2778 2582 3006 2655 Πνεῦμα
3041 2583 3227 2655 δειχθῇ
3250 2584 3351 2654 τῆς
3398 2585 3604 2652 ταυτῆς
3628 2583 3721 2637 οὐέ

2148 2680 2268 2745 σίας
2301 2679 2514 2750 Πατρδς
2541 2678 2634 2733 καὶ⁵
2663 2676 2820 2735 Υίοῦ.

2151 2793 2221 2849 Τὸ
2259 2792 2502 2863 Πνεῦμα
2518 2792 2585 2846 ἐκ
2613 2789 2973 2863 τῆςμούσίας
3003 2788 3233 2858 Πατρός
3280 2786 3381 2841 καὶ
3419 2786 3583 2853 me,
3647 2784 3720 2839 οὐ

2670 2860 2798 2933 par
2823 2860 3152 2917 ἀνάπαλιν.
3604 2922 3626 2928 η

2166 2972 2171 2976 ‘
2215 2957 2388 3013 Τοῦτο
2425 2958 2479 3012 δὲ
2515 2955 2713 3027 ἀληθὲς
2769 2954 2889 3027 μὲν,
2941 2955 3051 3025 ὅσῳ
3105 2953 3162 3007 δὲ
3207 2951 3425 3024 ἀληθὲς,
3477 2950 3720 3022 τοσούτῳ

470 3049 553 3120 gis
598 3049 807 3109 batinis
839 3052 1007 3110 favet.
1040 3054 1134 3111 Sic
1163 3056 1308 3110 enim
1344 3057 1518 3129 magis
1546 3059 2035 3117 consubstantialis

2144 3053 2399 3116 Λατίνοις
2438 3052 2728 3121 συνηίορεί
2778 3048 3014 3120 μᾶλλον.’
3059 3046 3220 3103 Οῦτω
3269 3048 3379 3118 γὰρ
3428 3046 3721 3117 όμοούσιον

470 3155 557 3198 est
589 3142 831 3212 Spiritus
863 3145 1009 3199 Patri
1041 3162 1104 3202 ac
1133 3146 1274 3203 Filio
1295 3189 1310 3215 ,
1349 3160 1541 3219 utpote
1570 3150 1665 3220 qui
1694 3167 1763 3207 ex
1791 3151 2038 3224 ipsorum

466 3238 773 3296 substantia
828 3249 885 3297 ct
923 3241 991 3295 ab
1036 3241 1170 3312 ipsis
1217 3242 1539 3314 proveniat,
1573 3245 1680 3301 hoc
1727 3254 1813 3303 est
1843 3262 2040 3318 proce-

467 3331 582 3388 dat.
611 3331 837 3389 Dicatur
864 3334 1013 3389 enim
1045 3335 1249 3390 clarius
1278 3346 1506 3407 propter
1550 3353 1648 3394 eos
1692 3354 1833 3410 quos
1870 3341 2038 3395 verba

467 3422 780 3499 oﬂ‘endunt.
826 3424 883 3479 Si
934 3424 1086 3501 enim
1131 3426 1459 3496 simpliciter
1488 3428 2039 3488 consubstantialita-

467 3524 578 3571 tem
634 3524 1011 3585 tantum,'ut
1066 3519 1241 3577 nostri
1294 3520 1661 3589 arbitrantur,
1719 3523 2036 3592 signiﬁcat,

465 3608 759 3677 oportebat
813 3610 981 3665 etiam
1037 3611 1257 3670 Patrem
1311 3629 1379 3669 ex
1430 3614 1747 3671 substantia
1801 3616 1925 3672 Filii
1980 3626 2039 3674 et

467 3700 709 3770 Spiritus
741 3701 876 3759 diei.
908 3701 1111 3760 Verum
1143 3706 1197 3761 id
1235 3721 1419 3778 neque
1443 3720 1614 3764 ausus
1643 3719 1729 3765 est
1760 3710 2035 3782 quispiam

465 3794 684 3859 adhuc,
741 3809 925 3867 neque
973 3799 1201 3857 audebit
1253 3800 1483 3865 dicere,
1550 3802 1796 3872 quandiu
1856 3818 2038 3873 operae

462 3893 704 3964 pretium
747 3895 973 3951 duxerit
1019 3896 1235 3966 piorum
1284 3892 1570 3949 hominum
1610 3893 1671 3949 in
1712 3909 1947 3950 numero
1978 3910 2037 3951 se

465 3988 684 4059 reponi.
714 3989 1035 4045 Praesertim
1067 4000 1191 4044 cum
1220 3998 1275 4043 et
1302 3987 1609 4063 substantia
1644 4004 1823 4060 neque
1867 3986 2036 4060 gene-

460 4086 573 4151 ret,
590 4097 769 4155 neque
790 4083 1077 4154 producat,
1093 4084 1249 4155 juxta
1275 4082 1656 4155 theologorum
1679 4086 2034 4152 sententiam,

462 4175 705 4248 itemque
752 4176 994 4249 ipsorum
1050 4176 1552 4248 philosophorum,
1604 4177 1650 4232 si
1699 4176 1927 4247 quidem
1976 4185 2033 4233 et

461 4271 565 4343 ipsi
611 4272 816 4343 ubique
860 4272 914 4328 in
962 4280 1074 4327 tota
1118 4270 1474 4343 philosophia
1509 4270 1787 4336 clamant,
1836 4266 2034 4341 opera-

459 4366 639 4421 tiones
668 4382 790 4423 esse
838 4366 1287 4433 individuorum,
1336 4380 1446 4421 non
1490 4364 1907 4420 universalium.
1945 4364 2034 4421 Et-

2143 3147 2316 3218 Πατρὶ
2345 3146 2437 3200 καὶ
2460 3145 2573 3214 Υίῷ
2609 3142 2809 3213 μᾶλλον
2838 3142 2901 3195 τὺ
2931 3140 3177 3211 Πνεῦμα,
3213 3140 3291 3205 ὡς
3319 3142 3383 3193 ἑκ
3414 3140 3508 3207 τῆς
3529 3140 3723 3203 οὐσίας

2141 3239 2345 3301 αὐτῶν,
2375 3240 2469 3293 καὶ
2492 3238 2550 3305 eg
2578 3236 2762 3290 αὐτῶν
2795 3234 3007 3306 προϊὸν,
3040 3235 3213 3307 ἤγουν
3253 3224 3719 3304 ἐκπορευόμενον.

2140 3333 2397 3404 Λεγέσθω
2425 3333 2532 3405 γὰρ
2584 3329 2978 3403 καθαρώτερον
3032 3328 3121 3384 διὰ
3166 3328 3297 3392 τοὺς
3342 3328 3454 3392 τοῖς
3504 3328 3721 3399 ῥήμασι

2141 3430 2614 3502 προσκόπτοντας.
2673 3427 2735 3483 Εἰ
2785 3426 2895 3495 γὰρ
2938 3424 3039 3496 τὴν
3085 3422 3478 3494 όμοουσιότητα
3529 3422 3722 3487 ἁπλῶς

2138 3524 2295 3595 δηλοῖ
2318 3522 2500 3593 μόνον,
2537 3521 2612 3584 ὡς
2665 3520 2715 3573 ei
2745 3518 3005 3589 ἡμέτεροι
3059 3515 3285 3583 οἴονται,
3334 3515 3444 3598 ἔδει
3475 3517 3573 3571 καὶ
3630 3517 3721 3572 τὸν

2143 3613 2360 3685 Πατέρα
2388 3614 2453 3666 ἐκ
2471 3612 2569 3682 τῆς
2596 3610 2787 3674 οὐσίας
2817 3609 2912 3663 τοῦ
2943 3607 3076 3662 Υίοῦ
3107 3608 3205 3662 καὶ
3233 3607 3327 3663 τοῦ
3392 3609 3720 3681 Πνεύματος

2139 3709 2414 3780 λέγεσθαι.
2459 3706 2619 3761 una
2648 3705 2806 3760 τοῦτο
2826 3702 2938 3758 οὐτ’
2981 3703 3248 3774 ἐτόλμησέ
3276 3719 3364 3766 τις
3421 3685 3587 3775 μέχρι
3621 3700 3722 3758 καὶ

2140 3805 2260 3871 νῦν,
2290 3802 2414 3857 οὐτε
2464 3799 2728 3871 τολμήσει
2787 3780 2985 3861 εἰπεῖν,
3038 3795 3144 3859 ἕως
3184 3794 3253 3850 ἂν
3302 3798 3417 3862 τοῖς
3466 3796 3720 3852 εὐσέεεσι

2141 3894 2530 3955 συντάττεσθαι
2559 3892 2841 3965 προῦργου
2872 3892 3082 3945 ποιοῖτο
3104 3906 3120 3921 ο
3154 3889 3330 3953 ἄλλως
3361 3907 3423 3943 τε
3477 3893 3605 3947 ἐπεὶ
3631 3893 3723 3946 οὐ⁴

2141 3991 2231 4046 σία
2272 3989 2397 4045 οὔτε
2440 3989 2630 4059 γεννᾷ,
2688 3984 2813 4040 οὕτε
2847 3982 3138 4057 ἑκπορεύει
3192 3983 3334 4038 κατὰ
3376 3984 3500 4048 τούς
3531 3984 3719 4040 θεολό-

2139 4100 2293 4154 γους,
2326 4081 2406 4135 ἔτι
2436 4097 2494 4135 τε
2524 4080 2619 4135 καὶ
2645 4077 2846 4141 αὐτοὺς
2874 4075 3002 4140 τοὺς
3028 4062 3507 4147 φιλοσόφους,,καὶ
3560 4077 3722 4131 αὐτοὶ

2138 4179 2248 4250 γάρ
2281 4173 2557 4245 πανταχοῦ
2584 4171 2751 4245 βοῶσι
2783 4168 3129 4240 φιλοσοφίας,
3161 4170 3259 4234 τὰς
3302 4169 3587 4240 ἐνεργείας
3607 4170 3720 4224 τῶν

2138 4270 2359 4340 ἀτόμων
2391 4263 2554 4334 εἶναι,
2585 4264 2647 4319 οὐ
2681 4263 2789 4318 τῶν
2818 4261 3052 4325 καθόλου
3081 4278 3095 4293 ·
3136 4259 3240 4333 ἐμὲ
3267 4261 3377 4332 γὰρ
3406 4261 3504 4333 οὐχ
3530 4264 3719 4329 ἁπλῶς

2139 4362 2451 4435 ἄνθρωπος,
2483 4358 2602 4414 ἀλλ’
2633 4360 2661 4412 ό
2692 4356 2781 4420 τὶς
2807 4354 3098 4425 ἄνθρωπος
3117 4354 3473 4426 γεγέννηκεν.
3501 4356 3565 4409 Εἰ
3596 4357 3717 4421 οὖν,

456 4458 606 4524 enim
634 4476 741 4527 me,
773 4476 880 4516 non
910 4460 1237 4531 simpliciter
1267 4461 1455 4525 homo;
1483 4457 1577 4513 sed
1609 4458 1831 4529 quidam
1858 4458 2030 4513 homo

2140 4456 2210 4520 ώς
2239 4453 2476 4526 εἴρηταί,
2500 4452 2560 4508 al
2591 4449 2883 4529 ἐνέργειαί
2901 4450 3009 4502 είσι
3044 4442 3177 4502 τῶν
3201 4447 3444 4518 ἀτόμων,
3488 4449 3547 4503 οὐ
3606 4451 3717 4503 τῶν

464 4555 677 4627 genuit.
710 4556 767 4611 Si
799 4556 991 4629 igitur,
1028 4564 1089 4610 ut
1117 4555 1326 4610 dictum
1357 4561 1476 4621 est,
1505 4552 1859 4623 operationes
1885 4550 2032 4606 indi.
2064 4550 2067 4553 ’

458 4650 756 4707 viduorum
780 4692 795 4718 ,
833 4667 943 4706 non
979 4647 1378 4706 universalium
1401 4686 1419 4713 ,
1468 4661 1659 4719 neque
1699 4646 2030 4718 simpliciter

458 4742 816 4809 substantiae,
847 4743 980 4815 quid
1027 4739 1176 4797 aliud
1222 4730 1532 4812 intelligere
1560 4740 1830 4796 debemus
1850 4781 1865 4808 ,
1898 4739 2030 4793 dum

455 4832 819 4893 substantiam
844 4838 968 4893 Filii
993 4836 1314 4892 audivimus
1339 4845 1445 4903 ,et
1474 4851 1542 4891 ex
1568 4835 1688 4906 ipsa
1721 4834 2029 4905 procedere

455 4927 723 5000 Spiritum
748 4967 762 4990 .
798 4944 965 4999 quam
996 4928 1119 5000 ejus
1149 4926 1392 4983 divinam
1424 4925 1764 4998 bypostasim
1790 4926 1814 4979 ?

526 5022 718 5092 Neque
748 5036 880 5077 vero
914 5021 966 5075 id
997 5036 1098 5077 nos
1127 5029 1420 5092 praztereat
1440 5061 1457 5088 ,
1489 5028 1713 5076 sanctos
1733 5059 1751 5085 ,
1785 5019 1880 5090 qui
1913 5004 2031 5073 bazc

455 5114 649 5183 aiunt,
681 5128 806 5168 cum
849 5113 1089 5169 Arianos
1118 5122 1174 5168 et
1201 5098 1580 5169 Eunomia‘hos
1619 5119 2027 5182 oppugnarent,

458 5211 574 5265 bam
630 5207 856 5271 dixisse,
897 5207 990 5277 qui
1037 5205 1261 5279 quidem
1296 5206 1494 5261 Filium
1534 5218 1601 5258 ex
1635 5202 1824 5266 Patre,
1854 5198 2029 5272 Spiri-

459 5313 573 5361 tum
602 5311 782 5358 autem
814 5317 881 5359 ex
908 5302 1048 5358 Filio
1088 5316 1212 5357 esse
1252 5299 1591 5363 fatebantur,
1623 5311 1689 5351 ex
1720 5292 2028 5350 substantia

458 5412 589 5452 vero
618 5411 741 5453 esse
774 5397 1070 5467 negabant,
1120 5394 1455 5451 atlirmantes
1504 5390 1708 5446 Filium
1754 5402 1821 5444 ex
1868 5386 2032 5441 Patre

457 5489 680 5560 quidem
706 5504 850 5555 esse,
872 5503 1064 5545 verum
1095 5503 1204 5541 non
1230 5482 1695 5544 substantialiter.
1719 5479 1816 5537 sed
1841 5478 2032 5533 volun-

461 5593 572 5640 tate
604 5583 779 5639 Patris
816 5599 939 5639 esse
964 5582 1243 5654 genitura;
1275 5568 1541 5649 Spiritum
1579 5590 1714 5629 vero
1751 5582 1807 5628 et
1851 5573 2031 5641 ipsum

462 5694 525 5732 ex
556 5677 718 5745 Filio,
742 5674 839 5733 sed
865 5690 976 5730 non
1000 5669 1463 5734 substantialiter,
1489 5675 1699 5722 tantum
1723 5663 2031 5727 voluntate.

464 5772 729 5852 Quocirca
754 5781 809 5829 ct
839 5772 1036 5829 Filium
1065 5768 1332 5824 minorem
1379 5778 1503 5824 esse
1549 5762 1713 5819 l’atrc
1734 5798 1750 5829 ι
1797 5767 1853 5815 et
1896 5755 2031 5817 aite-

2138 4546 2390 4613 καθόλου,
2436 4544 2558 4600 οὐδὲ
2608 4543 2709 4616 τῆς
2763 4540 2955 4604 ἁπλῶς
2998 4540 3208 4607 οὐσίας,
3270 4542 3327 4595 τί
3385 4541 3516 4597 ἄλλο
3574 4546 3718 4596 νοεῖν

2134 4641 2427 4713 ὀφείλομεν
2491 4638 2684 4694 οὐσίαν
2743 4635 2879 4690 Υίοῦ
2912 4633 3234 4699 σάκοὺοντες
3282 4635 3376 4690 καὶ
3432 4634 3489 4703 ἐξ
3542 4635 3715 4706 αὐτῆς
3796 4700 3801 4707 ⁸

2135 4733 2385 4806 προϊέναι
2436 4730 2499 4788 rb
2584 4727 2837 4802 Πνεῦμα,
2905 4726 2941 4800 ἦ
3004 4727 3105 4799 τήν
3160 4728 3328 4783 αὐτοῦ
3379 4726 3531 4785 θείαν
3582 4728 3716 4784 ὑπό-

2135 4842 2365 4891 στασινς

2204 5004 2358 5078 Μηδὲ
2413 5001 2573 5058 τοῦτο
2631 5001 2689 5057 δὲ
2722 5001 2876 5073 ἡμᾶς
2930 4996 3274 5067 λανθανέτω,
3327 4999 3491 5055 ὅτιοί
3536 4997 3710 5053 ταῦτα

2132 5100 2384 5170 λέγοντες
2400 5096 2549 5166 ἅγιοι
2613 5095 2750 5166 πρὸς
2821 5094 3141 5166 ’Δρειανούς
3192 5094 3291 5171 καὶ,
3336 5084 3708 5163 Εὐνομιανούς

2136 5193 2433 5264 μαχόμενοι
2466 5176 2654 5258 ἔλεγον
2681 5187 2855 5242 ταῦτα
2881 5202 2899 5220 ο
2928 5187 3001 5252 οἳ,
3048 5186 3141 5243 τὸν
3170 5186 3271 5257 μὲν
3306 5186 3435 5239 Υίὸν
3492 5189 3555 5240 ἐκ
3609 5185 3707 5237 τοῦ

2135 5275 2349 5355 Πατρός
2377 5278 2540 5349 εἶναι,
2571 5280 2632 5335 τὸ
2668 5279 2727 5335 δὲ
2783 5278 3007 5351 Πνεῦμα
3046 5280 3111 5334 ἐκ
3166 5275 3262 5333 τοῦ
3317 5277 3450 5332 Υἰοῦ
3498 5276 3708 5349 ὡμολό-

2132 5395 2265 5447 γουν
2292 5390 2308 5405 ⁸
2345 5375 2609 5450 ἠρνοῦντο
2638 5374 2696 5428 δὲ
2729 5373 2789 5427 τὸ
2814 5376 2879 5427 ἐκ
2931 5372 3030 5442 τῆς
3062 5370 3273 5439 οὐσίας,
3307 5371 3560 5437 λέγοντες
3606 5369 3707 5424 τὸν

2133 5472 2261 5526 Υίὸν
2292 5472 2355 5523 ὲκ
2381 5468 2473 5523 τοῦ
2506 5468 2724 5539 Πατρὸς
2750 5467 2872 5536 μὲν,
2910 5464 3026 5520 ἀλλ’
3073 5463 3175 5518 οὐκ
3207 5463 3503 5528 οὐσιωδῶς,
3564 5462 3705 5517 ἀλλὰ

2135 5561 2355 5633 θελήσει
2380 5558 2473 5613 τοῦ
2505 5557 2718 5626 Πατρός
2750 5555 3085 5626 γεννηθῆναι
3114 5573 3128 5586 ·
3160 5554 3221 5606 τὸ
3249 5553 3305 5608 δὲ
3336 5552 3560 5623 Πνεῦμα
3604 5554 3704 5606 καὶ

2135 5656 2353 5713 αὐτύὲκ
2387 5653 2481 5707 τοῦ
2501 5651 2659 5719 Υίοῦ,
2692 5650 2794 5705 οὐκ
2823 5648 3123 5713 οὐσιωδώς,
3153 5646 3292 5702 ἀλλὰ
3342 5647 3579 5718 θελήσει.
3608 5646 3703 5699 Διὸ

2135 5752 2223 5806 τὸν
2255 5748 2355 5823 μὲν
2383 5746 2511 5803 Υίδν
2549 5745 2806 5801 ἐλάττονα
2846 5742 2940 5797 τοῦ
2990 5742 3200 5818 Πατρός
3228 5742 3323 5797 καὶ
3378 5741 3569 5816 ἑτέρας
3598 5741 3695 5797 οὑο
