4036 6140
343 290 451 357 373

1265 290 1364 353 DE
1405 281 1930 350 PROCESSIONE
1971 282 2336 352 SPIRITUS
2374 290 2667 356 SANCTI.

3483 288 3587 353 374

342 404 486 467 σίας,
514 400 569 455 τὶ
597 400 655 455 δὲ
683 401 909 473 Πνεῦμα
935 400 1155 457 ἔλαττον
1179 402 1275 457 τοῦ
1312 399 1442 455 Υίοῦ
1481 399 1575 455 τοῦ
1610 400 1703 453 καὶ
1735 395 1925 468 ἐτέρας

2030 400 2145 456 rius
2185 407 2509 463 substantiae
2530 446 2545 473 ,
2576 416 2633 462 et
2658 404 2929 476 Spiritum
2960 400 3235 461 minorem
3263 419 3386 461 esse
3418 404 3590 476 Filio,

340 493 531 558 οὗσίας
557 494 943 564 ἀπεφαίνοντο,
979 494 1054 561 ὼς
1088 496 1243 567 τρεῖς
1286 492 1479 557 οὐσίας
1508 493 1684 548 ποιεῖν
1712 488 1772 543 ὲν
1801 486 1923 542 θεό-

344 605 498 659 τητι.

416 683 482 736 Oi
520 677 615 737 οὖν
640 680 889 752 Πατέρες
911 696 971 736 τε
1022 679 1117 735 καὶ
1152 666 1483 745 διδάσκαλοι,
1535 676 1767 739 ἐκείνοις
1820 690 1926 744 μα-

345 774 595 846 χόμενοι,
623 774 724 827 οὐκ
754 776 818 828 ὲκ
852 771 948 828 τοῦ
1001 772 1134 827 Υίοῦ
1188 772 1373 844 μόνον,
1425 769 1563 824 ἀλλά
1609 769 1707 825 καὶ
1732 768 1795 822 ὲκ
1826 765 1926 835 τῆς

348 866 540 930 οὐσίας
562 861 725 919 αὐτοῦ
757 865 1025 920 ἔσπευδον
1083 864 1358 921 δεικνύναι
1395 863 1455 918 δν
1485 861 1549 916 τδ
1598 858 1821 929 Πνεῦμα
1865 853 1927 910 τδ

352 961 528 1029 ἅγιον·
554 958 819 1024 ὡσαύτως
850 959 947 1015 καὶ
968 958 1061 1013 τὸν
1090 958 1242 1024 Υἱδν,
1267 957 1370 1013 οὐκ
1392 958 1459 1012 ὲκ
1476 954 1573 1011 τοῦ
1598 951 1808 1023 Πατρδς
1834 948 1930 1021 μό-

350 1072 465 1120 νον,
494 1053 630 1109 ἀλλά
659 1054 768 1109 κάκ
795 1054 896 1126 τῆς
922 1054 1112 1117 οὐσίας
1151 1050 1342 1107 αὐτοῦ.

432 1146 529 1202 Ἰδὲ
558 1145 673 1201 οὖν’
699 1146 839 1218 πρὸς
866 1147 965 1218 μὲν
991 1146 1052 1200 τὸ
1074 1146 1138 1199 ὲκ
1164 1143 1437 1215 θελήσεως
1454 1139 1551 1196 τοῦ
1579 1138 1735 1206 Υίοῦ,
1752 1139 1851 1195 καὶ
1862 1137 1925 1194 οὐ

350 1238 451 1311 τῆς
484 1239 677 1303 obuia;
696 1239 759 1293 τὸ
782 1238 1011 1307 Πνεῦμα
1042 1234 1204 1302 εἴναι,
1233 1235 1493 1307 ἀπήντων
1518 1234 1566 1287 oi
1589 1231 1926 1298 διδάσκαλοι,

350 1335 416 1387 ὲκ
433 1332 537 1402 τῆς
558 1331 748 1396 οὐσίας
778 1330 874 1385 τοῦ
919 1330 1052 1385 Υίοῦ
1095 1325 1241 1384 εῖναι
1274 1328 1541 1399 βοῶντες
1584 1325 1724 1397 πρδς
1768 1324 1826 1379 δὲ
1868 1324 1930 1377 τὺ

351 1427 413 1494 ἐξ
437 1426 570 1481 Υίοῦ
602 1422 747 1481 εἶναι
774 1427 950 1491 οὐδεὶς
981 1426 1246 1495 ἀντίστη,
1294 1423 1407 1479 οὐδ’
1458 1420 1648 1494 εἴρηκε
1688 1419 1764 1492 μὴ
1790 1414 1930 1472 εἷναι

348 1519 485 1572 αὐτὸ
515 1518 575 1586 ἐξ
604 1516 739 1572 Υίοῦ
760 1533 775 1548 ⁸
810 1518 888 1584 ὡς
938 1520 1031 1573 καὶ
1064 1517 1222 1571 αὐτοὶ
1272 1517 1433 1570 τοῦτο
1458 1511 1807 1586 φρονοῦντες,
1835 1509 1931 1563 καὶ

346 1611 411 1664 τὸ
445 1610 511 1664 ὲκ
542 1611 643 1682 τῆς
673 1609 868 1673 ούσίας
899 1608 996 1663 τοῦ
1026 1606 1277 1670 Υίοῦ,ὡς
1305 1607 1414 1661 κάκ
1444 1605 1542 1675 τῆς
1576 1597 1929 1662 ὑποστάσεώς

348 1718 409 1755 τε
442 1701 541 1757 καὶ
564 1702 757 1768 οὐσίας
805 1702 999 1769 αὐτοῦ,
1028 1701 1180 1757 αὐτοί
1208 1717 1264 1754 τι
1317 1696 1588 1762 νοοῦντες,
1642 1694 1737 1749 xei
1767 1691 1929 1764 ἡμῶν

346 1796 478 1862 τοὺς
518 1797 806 1864 συνιέντας
827 1796 1200 1859 διδάσκοντες.

422 1984 546 2040 Ἔτι
582 1985 612 2040 6
640 1983 741 2056 μὲν
773 1982 951 2054 μέγας
1006 1978 1287 2043 Βασίλειος
1339 1978 1401 2032 ιν
1457 1975 1535 2049 τῷ
1588 1974 1789 2049 πρώτῳ
1817 1976 1930 2031 τῶν

349 2076 820 2147 Κατ’ΞύνομῙου
850 2075 943 2130 τὸν
971 2070 1100 2126 Υίόν
1130 2087 1265 2144 φησι
1294 2069 1449 2135 τάξιν
1486 2068 1631 2141 ἔχειν
1664 2069 1799 2141 πρὸς
1836 2066 1929 2122 τδν

354 2171 580 2243 Πατέρα
607 2169 870 2241 φυσικὴν,
900 2169 999 2224 καὶ
1022 2166 1144 2221 οἵαν
1179 2164 1242 2220 τὸ
1269 2166 1335 2219 ιχ
1365 2162 1461 2218 τοῦ
1494 2163 1664 2235 πυρὸς
1694 2163 1831 2234 πρὸς
1866 2162 1931 2224 τὸ

356 2264 497 2336 πῦρ,
549 2264 647 2318 καὶ
671 2262 731 2317 τδ
780 2259 1023 2317 αἱτιατδν
1057 2259 1193 2330 πρὸς
1225 2258 1289 2313 τδ
1351 2258 1561 2313 αίτιονο
1611 2256 1641 2309 6
1684 2254 1729 2311 δ’
1768 2256 1929 2321 αὐτὸς

354 2361 452 2414 καὶ
477 2356 538 2413 τδ
572 2355 805 2429 Πνεῦμα
852 2353 1009 2420 τάξιν
1031 2352 1179 2425 ἔχειν
1216 2353 1355 2425 πρὸς
1386 2351 1478 2405 τὸν
1510 2351 1638 2405 Υίὲιν
1670 2347 1931 2406 διατείνε-

350 2466 446 2506 ται
464 2449 614 2506 κατά
634 2448 705 2503 τὰ
731 2446 1132 2521 προειρημένα.
1175 2445 1235 2500 Ὀ
1269 2444 1445 2517 μέγας
1473 2460 1537 2514 γε
1565 2445 1749 2515 μέντοι
1774 2443 1929 2497 Ἀθα-

355 2544 547 2607 νάσιος
566 2542 662 2599 καὶ
690 2541 1025 2614 σαφέστερόν
1055 2554 1225 2611 φησιν
1249 2556 1266 2573 ο
1308 2538 1439 2593 οἵαν
1467 2538 1620 2606 τάξιν
1648 2539 1739 2593 καὶ
1768 2536 1929 2606 φύσιν

354 2638 473 2713 εχει
496 2640 525 2694 6
560 2637 689 2703 Υίδς
721 2636 863 2708 πρὸς
904 2635 1000 2691 τὺν
1041 2635 1287 2707 Πατέρα,
1337 2632 1597 2702 τοιαύτην
1624 2632 1780 2698 τάξιν
1833 2630 1930 2685 καὶ

350 2732 521 2805 φύσιν
543 2731 658 2803 ἔχει
683 2732 745 2785 τδ
791 2728 1016 2801 Πνεῦμα
1060 2729 1201 2800 πρὸς
1236 2726 1331 2781 τὸν
1380 2727 1533 2782 Υίόν.
1576 2726 1786 2781 Οὐκοῦν
1835 2725 1927 2779 οἶε-

348 2842 460 2888 τως
486 2823 554 2879 ἃν
584 2822 933 2894 συλλογίσαιο
963 2836 980 2853 ⁶
1012 2820 1287 2893 Τοιαύτην
1318 2820 1473 2886 τάξιν
1503 2819 1598 2874 καὶ
1633 2818 1794 2889 φύσιν
1812 2817 1928 2889 ἔχει

350 2919 417 2973 so
447 2915 676 2989 Πνεῦμα
724 2914 864 2986 πρὸς
912 2913 1007 2969 τὸν
1040 2914 1197 2982 Υίδν,
1255 2915 1375 2969 οῖαν
1423 2915 1454 2967 6
1509 2913 1636 2973 Υἱὸς
1670 2913 1807 2983 πρὸς
1836 2910 1929 2967 τδν

351 3009 619 3082 Πατέρα·
651 3008 769 3065 ἀλλ’
802 2998 988 3075 ore;
1016 3009 1154 3079 πρὸς
1193 3007 1286 3063 τὸν
1340 3005 1557 3077 Πατέρα
1613 3004 1767 3070 τάξιν
1812 3004 1925 3076 ἔχει

2022 506 2080 555 et
2130 498 2362 553 alterius
2414 497 2739 555 substantia
2790 499 3156 564 atiirmabant,
3192 496 3331 555 adeo
3378 508 3440 555 ut
3479 509 3593 555 tres

2022 591 2364 646 substantias
2404 591 2651 647 facerent
2683 590 2738 647 in
2766 589 2995 647 deitate.

2098 683 2285 739 Patres
2315 684 2484 756 igitur
2511 692 2567 740 et
2596 682 2861 740 doctores
2886 684 3155 741 adversus
3196 699 3297 741 eos
3339 699 3591 756 pugnan-

2026 784 2109 832 tes
2135 818 2149 842 ,
2180 791 2290 833 non
2323 777 2502 833 solum
2533 794 2597 833 ex
2627 776 2767 833 Filio
2788 818 2803 843 ,
2837 777 2931 835 sed
2962 779 3128 834 etiam
3173 794 3240 834 ex
3284 778 3593 834 substantia

2024 867 2144 938 ejus
2174 883 2297 924 esse
2330 867 2599 938 Spiritum
2627 877 2878 924 sanctum
2907 884 2921 921 :
2953 878 3009 923 et
3053 865 3251 921 Filium
3276 906 3290 930 ,
3319 880 3427 920 non
3475 872 3594 919 tan-

2028 969 2145 1016 tum
2191 976 2260 1016 ex
2304 960 2466 1017 Patre
2509 976 2669 1024 esse.
2720 974 2915 1016 verum
2957 958 3125 1015 etiam
3166 974 3238 1015 es
3280 957 3593 1013 substantia

2025 1054 2149 1123 ejus
2179 1053 2472 1111 ostendere
2500 1052 2928 1110 contendebant.

2096 1145 2237 1201 Vide
2264 1147 2454 1218 igitur,
2485 1163 2695 1215 quaso,
2727 1146 2795 1201 ad
2826 1146 2962 1202 illud
2982 1187 2998 1211 ,
3026 1164 3093 1203 ex
3122 1145 3408 1203 voluntate
3437 1144 3593 1209 Filii,

2029 1247 2087 1297 et
2119 1254 2229 1293 non
2263 1255 2333 1295 ex
2359 1239 2667 1295 substantia
2694 1254 2816 1294 esse
2848 1239 3151 1309 Spiritum,
3184 1234 3597 1309 respondebant

2030 1332 2319 1394 doctores.
2349 1348 2415 1389 ex
2450 1333 2761 1389 substantia
2792 1332 2915 1389 Filii
2958 1347 3078 1387 esse
3121 1333 3458 1396 clamantes;
3511 1331 3593 1385 al-

2030 1425 2134 1481 teri
2179 1441 2311 1480 νει-ο
2375 1426 2561 1491 dicto,
2606 1426 2869 1481 nimirum
2922 1440 2991 1480 ex
3040 1424 3183 1481 Filio
3231 1440 3377 1488 esse,
3429 1438 3597 1480 nemo

2032 1517 2353 1576 adversatus
2379 1528 2484 1583 est.
2517 1534 2696 1590 neque
2726 1519 2866 1574 ditit
2892 1535 3001 1574 non
3028 1534 3151 1574 esse
3186 1533 3254 1574 ex
3285 1518 3447 1583 Filio,
3477 1529 3597 1573 tan—

2031 1628 2195 1683 quam
2222 1624 2277 1668 et
2309 1611 2410 1683 ipsi
2439 1611 2544 1668 hoc
2572 1612 2881 1679 senserint,
2909 1623 2967 1667 et
2994 1627 3061 1668 es
3091 1612 3403 1669 substantia
3430 1610 3553 1667 Filii
3577 1652 3600 1674 ,

2032 1708 2180 1763 velut
2231 1716 2289 1763 et
2344 1722 2411 1761 ex
2460 1705 2742 1778 hypostasi
2794 1714 2851 1761 et
2894 1722 2961 1761 es
3020 1705 3334 1761 substantia
3376 1707 3499 1776 eius
3542 1713 3600 1760 et

2032 1800 2135 1869 ipsi
2186 1799 2603 1866 intellexerint.
2648 1812 2707 1856 et
2754 1814 2893 1867 nos,
2941 1800 3033 1871 qui
3091 1815 3190 1857 eos
3232 1798 3602 1871 intelligimus

2031 1895 2344 1950 docuerint.

2102 1987 2369 2045 Pmterea
2402 2005 2631 2063 magnus
2660 1989 2911 2052 Basilius.
2938 1989 2994 2045 in
3018 1989 3199 2061 primo
3230 1989 3375 2045 libro
3399 1989 3602 2049 Adver-

2026 2100 2119 2139 sus
2174 2082 2536 2148 Eunomiam,
2588 2083 2788 2139 Filium
2837 2084 2915 2138 ait
2964 2084 3171 2139 habere
3224 2085 3477 2141 ordinem
3529 2087 3602 2143 ad

2028 2175 2246 2231 Patrem
2290 2177 2628 2240 naturalem,
2670 2184 2728 2230 et
2762 2174 2984 2244 qualem
3029 2177 3169 2232 solet
3211 2175 3418 2232 habere
3450 2176 3599 2246 quod

2028 2286 2097 2326 ex
2128 2268 2253 2341 igne
2280 2269 2535 2341 provenit
2562 2270 2631 2326 ad
2662 2269 2842 2341 ignem
2864 2311 2881 2337 ,
2924 2278 2983 2325 et
3019 2281 3308 2325 causatum
3351 2270 3417 2326 ad
3471 2286 3603 2325 cau-

2030 2379 2169 2420 sam.
2221 2362 2374 2420 Idem
2428 2370 2613 2419 autem
2661 2374 2926 2430 sanctus,
2972 2374 3026 2420 et
3072 2363 3341 2435 Spiritum
3387 2363 3601 2419 habere

2030 2458 2281 2514 ordinem
2309 2455 2376 2512 ad
2408 2455 2609 2513 Filium
2628 2499 2643 2523 ,
2671 2456 2975 2512 secundum
3003 2457 3261 2527 praedicta
3288 2457 3600 2514 contendit.

2029 2552 2205 2607 Porro
2233 2563 2464 2619 magnus
2492 2546 2825 2603 Athanasius
2851 2557 3120 2617 praeterea
3149 2548 3355 2603 clarius
3384 2546 3462 2602 ait
3480 2547 3557 2615 (Ι)
3578 2564 3598 2604 :

2028 2640 2253 2709 Qualem
2286 2638 2535 2693 ordinem
2584 2645 2642 2694 et
2679 2646 2931 2692 naturam
2964 2635 3128 2692 habet
3170 2636 3344 2692 Filius
3380 2635 3448 2691 ad
3493 2636 3601 2692 Pa-

2031 2746 2208 2798 trem,
2245 2734 2405 2789 talem
2451 2732 2699 2789 ordinem
2745 2741 2801 2787 et
2850 2740 3101 2786 naturam
3146 2730 3311 2785 habet
3358 2730 3600 2802 Spiritus

2028 2827 2096 2883 ad
2133 2827 2355 2882 Filium.
2391 2824 2483 2881 Sic
2510 2823 2679 2894 igitur
2709 2824 3043 2879 ratiocinare
3069 2822 3300 2877 :Talem
3344 2820 3599 2877 ordinem

2014 2934 2085 2979 et
2112 2931 2366 2977 naturam
2394 2919 2561 2974 habet
2590 2918 2702 2983 Spit
2720 2918 2830 2973 ilus
2857 2918 2922 2972 ad
2967 2916 3165 2971 Filium
3189 2958 3203 2981 ,
3245 2917 3462 2986 qualem
3510 2914 3603 2971 Fi-

2028 3012 2137 3068 lius
2163 3012 2231 3067 ad
2257 3012 2473 3068 Patrem
2505 3028 2522 3077 ;
2554 3009 2648 3063 sed
2684 3009 2852 3063 Filius
2878 3007 3045 3063 habet
3073 3008 3329 3062 ordinem
3378 3016 3601 3061 natura-

354 3101 602 3175 φυσικὴν
645 3102 748 3173 τὴν
791 3100 977 3157 αἰτίαν
1025 3098 1122 3156 τοῦ
1176 3100 1315 3171 πρὸς
1358 3098 1559 3153 αἴτιον*
1620 3100 1714 3154 καὶ
1754 3097 1928 3162 οὕτως

2030 3106 2139 3161 lem
2176 3105 2243 3159 ad
2276 3105 2532 3169 Patrem,
2572 3112 2629 3159 et
2674 3104 2763 3170 qui
2805 3112 2891 3157 est
2935 3116 3115 3156 causa:
3152 3102 3220 3155 ad
3266 3106 3596 3167 causatum;

354 3199 385 3252 6
437 3196 570 3264 Υἱὸς
614 3194 790 3261 αῐτιός
837 3195 958 3250 ἔστι
991 3192 1095 3266 τῆς
1147 3192 1243 3247 τοῦ
1301 3192 1622 3263 Πνεύματος
1684 3192 1927 3247 tis-coercit-

328 3356 331 3357 ,
354 3306 499 3355 σιως

354 3488 499 3547 μασι
539 3473 651 3529 πᾶν
694 3473 874 3529 αἴτιον
906 3474 1233 3545 προηγεῖται
1276 3474 1373 3528 τοῦ
1428 3474 1682 3528 αίτιατοῦ
1727 3475 1925 3546 χρόνῳ,

351 3567 455 3623 καὶ
486 3566 549 3622 τδ
578 3567 825 3625 uiuat-6v
862 3564 961 3622 τοῦ
993 3566 1173 3621 αἰτίου
1217 3566 1368 3621 ἔστιν
1402 3565 1631 3639 ὕστερον
1658 3582 1675 3599 ο
1710 3568 1806 3622 καὶ
1837 3566 1928 3624 διὰ

347 3659 514 3717 τοῦτό
552 3677 699 3726 τινες
752 3660 1045 3724 ἀκούοντες
1095 3659 1267 3714 αἴτιον
1305 3660 1401 3714 καὶ
1454 3660 1697 3714 αἰτιατὸν
1754 3661 1813 3714 ἰν
1858 3662 1925 3733 τῇ

353 3753 572 3827 Τριάδι,
614 3752 717 3811 καὶ
762 3753 1001 3826 μάλιστα
1030 3751 1308 3823 Ἀρειανοί
1336 3770 1399 3809 τε
1431 3751 1525 3808 καὶ
1578 3754 1927 3826 Εὐνομιανοὶ,

354 3851 423 3905 ὲκ
471 3849 585 3902 τῶν
664 3847 1024 3919 ἀιθρωπίνων
1080 3846 1405 3919 ἐπεχείρουν
1462 3848 1930 3918 παραδειγμάτων

353 3943 418 3999 τδ
441 3940 716 3998 ωναῖόιον
746 3942 960 3997 ἀνελεῖν
991 3941 1094 4011 τῆς
1128 3941 1382 4014 Τριάδος,
1423 3944 1522 3997 καὶ
1547 3942 1642 3998 τὸν
1673 3942 1774 4014 μὲν
1795 3942 1928 3998 Υίδν

350 4036 448 4094 τοῦ
480 4037 698 4108 Πατρδς
728 4034 958 4108 ὕστερον
995 4035 1179 4108 χρόνῳ
1220 4033 1522 4102 δεικνύναι,
1577 4035 1655 4100 ὡς
1686 4035 1930 4091 αίτιατὸν

352 4128 525 4185 αύτοῦ
547 4143 567 4163 ⁸
597 4127 734 4200 πρὸς
751 4127 978 4193 τούτους
1008 4131 1035 4182 6
1057 4126 1283 4196 Νύσσης
1313 4127 1457 4192 θεῖος
1482 4125 1785 4200 Γρηγόριος
1814 4128 1927 4181 ἀνι-

352 4219 653 4291 στάμενος,
685 4217 779 4273 καὶ
821 4219 883 4274 τδ
909 4218 1185 4273 συναῖδιον
1215 4217 1326 4273 τῶν
1355 4217 1525 4290 τριῶν
1574 4216 1930 4272 ὑποστάσεων

347 4314 640 4383 ἀποδεῖξαι
666 4311 1039 4384 προθέμενος,
1068 4314 1130 4365 ἂν
1162 4310 1246 4383 τῷ
1276 4312 1482 4383 πρώτῳ
1510 4308 1621 4363 τῶν
1649 4311 1783 4379 πρὶς
1818 4309 1927 4365 Εὐ·

348 4408 543 4473 νόμιον
581 4403 1042 4477 ’Δντιρῤητικῶν
1071 4404 1369 4475 ἀναλογίαν
1393 4404 1515 4458 τινα
1538 4405 1773 4459 ποιεῖται
1795 4402 1926 4457 Υίοῦ

346 4469 491 4572 πρὸς
518 4469 888 4570 Πατίραΐκαὶ
909 4496 1229 4568 Πνεύματος
1250 4469 1418 4571 ’πρὸς
1452 4497 1583 4554 Υίδν
1604 4540 1621 4566 ,
1676 4498 1769 4551 τδν
1825 4498 1925 4568 μὲν
1957 4469 2004 4527 θ

350 4592 576 4663 Πατέρα
607 4591 806 4662 λέγων,
854 4592 1004 4662 μόνῳ
1037 4591 1116 4663 τῷ
1164 4591 1265 4662 τῆς
1299 4590 1484 4655 αίτίας
1531 4590 1675 4664 λόγῳ
1700 4608 1933 4664 προεπι-

353 4682 691 4757 θεωρεῖσθαι
730 4681 828 4738 τοῦ
851 4680 1095 4748 Υἰοῦ,ού
1141 4682 1329 4754 μέντοι
1356 4680 1483 4739 κατ’
1508 4682 1751 4754 ἔμφασιν
1801 4697 1931 4752 χρο-

350 4779 538 4850 νικὴν,
578 4777 672 4832 καὶ
700 4776 792 4831 διά
831 4775 996 4830 τοῦτο
1044 4774 1121 4847 μὴ
1165 4775 1505 4830 κινδυνεύειν
1549 4775 1643 4829 τὸν
1670 4776 1773 4846 τῆς
1802 4786 1930 4828 συν-

350 4871 659 4942 αῖδιὸτητος
682 4868 844 4937 λόγον
866 4883 881 4900 '
899 4867 991 4922 τὸν
1004 4867 1062 4923 δὲ
1088 4866 1215 4922 Υίδν
1236 4862 1395 4931 αὖθις
1417 4869 1513 4921 καὶ
1530 4866 1695 4921 αὑτὸν
1718 4865 1933 4939 ἐπινοίᾳ

354 4964 496 5038 μόνη
560 4959 999 5033 προοεωρεῖσοαι
1048 4960 1149 5030 τῆς
1178 4960 1277 5014 τοῦ
1316 4959 1642 5033 Πνεύματος
1688 4960 1930 5014 ὑποστάο

353 5074 523 5123 σεως,
550 5054 696 5111 κατά
715 5055 809 5109 τὸν
834 5054 938 5125 τῆς
959 5053 1141 5117 αίτίας
1166 5053 1350 5123 λόγον.

440 5149 534 5211 Ὦς
568 5145 863 5219 φαίνεσθαι
918 5145 1171 5215 φανερῶς
1219 5147 1315 5199 τὸν
1362 5145 1680 5200 διδάσκαλον
1724 5146 1932 5219 ταύτης

248 5275 252 5279 ί
350 5241 497 5297 εἶναι
523 5240 625 5309 τῆς
650 5239 809 5309 δόξης
840 5238 936 5292 τοῦ
968 5238 1059 5293 τὸν
1106 5236 1235 5291 Υξδν
1262 5237 1442 5293 αἰτίαν
1466 5234 1610 5293 εἶναι
1638 5237 1732 5292 τοῦ
1760 5240 1931 5295 Πνεύ-

356 5351 549 5406 ματος.
586 5333 676 5397 Ὠς
702 5333 812 5403 γὰρ
860 5332 1195 5387 συνάπτεται
1226 5330 1304 5402 τῷ
1350 5331 1524 5403 Πατρὶ
1546 5333 1574 5386 6
1605 5332 1755 5399 Υἱὸς,
1784 5331 1930 5387 οὕτω

353 5429 449 5483 καὶ
477 5428 540 5482 τὸ
575 5427 826 5496 Πνεῦμα,
855 5425 1013 5492 φησὶ,
1043 5427 1380 5479 συνάπτεται
1412 5424 1489 5495 τῷ
1520 5424 1635 5495 Υίῷ
1658 5440 1679 5460 θ
1708 5427 1801 5481 καὶ
1829 5422 1933 5483 a6-

352 5520 468 5583 θις,
501 5519 579 5582 ὥς
601 5518 1001 5591 προθεωριῖται
1021 5519 1049 5569 ὁ
1077 5515 1265 5587 Πατὴρ
1322 5514 1421 5571 τοῦ
1458 5518 1613 5579 Υίοῦ,
1650 5519 1711 5572 οὐ
1742 5537 1927 5590 χρονι-

258 5608 261 5611 ⁴
354 5612 438 5685 ut}:
493 5626 600 5667 τινι
633 5610 992 5681 διαστήματι,
1031 5609 1153 5663 οὐδὲ
1190 5608 1520 5682 πράγματι,
1557 5610 1676 5667 ἀλλ’
1711 5614 1925 5686 ἐπινοίᾳ

424 5798 503 5875 (ί)
539 5796 596 5856 in
621 5799 785 5874 epist.
815 5797 883 5854 ad
919 5795 1276 5869 Serapionem
1305 5794 1444 5854 ultra
1476 5798 1737 5858 medium.

426 3329 553 3438 an
575 3380 704 3435 ἐπεὶ
728 3382 788 3435 ἐν
808 3381 924 3446 τοῖς
947 3379 1313 3451 ἀνθρωπίνοις
1337 3379 1434 3436 καὶ
1464 3381 1716 3451 φυσικοῖς
1746 3380 1936 3452 πράγ-

2030 3200 2106 3258 ita
2139 3200 2304 3262 etiam
2338 3198 2512 3255 Filius
2540 3207 2627 3254 est
2654 3211 2818 3255 causa
2850 3195 3208 3267 hypostaseos
3239 3192 3503 3266 Spiritus.

2105 3387 2375 3444 Pra‘terea
2397 3427 2411 3452 ,
2459 3384 2722 3456 quoniam
2758 3384 2813 3438 in
2844 3381 3106 3438 humanis
3147 3388 3207 3437 et
3240 3379 3406 3435 rebus
3439 3388 3600 3433 natu-

2027 3480 2234 3537 ralibus
2272 3480 2453 3535 omnis
2482 3493 2646 3535 causa
2693 3488 2939 3548 tempore
2982 3475 3260 3532 antecedit
3286 3483 3597 3535 causatum,

2026 3582 2084 3629 et
2126 3582 2413 3628 causatum
2449 3586 2548 3627 sua
2587 3584 2754 3627 causa
2799 3569 3085 3640 posterius
3126 3576 3251 3635 est;
3300 3576 3597 3637 propterea

2029 3665 2137 3723 hoc
2187 3664 2441 3719 nonnulli
2495 3660 3141 3725 audientes,.nimirutn
3195 3666 3485 3713 causatum
3539 3656 3618 3711 in.

2027 3756 2338 3819 Trinitate,
2382 3764 2439 3813 et
2481 3754 2793 3825 praesertim
2834 3752 3024 3809 Ariani
3063 3760 3119 3807 et
3158 3748 3488 3806 Eunomiani
3522 3749 3594 3804 ab

2030 3850 2288 3908 humanis
2326 3848 2599 3920 exemplis
2639 3847 3073 3903 comternitatcm
3119 3844 3314 3900 tollere
3353 3843 3598 3898 Trinita-

2030 3946 2141 4011 tis,
2167 3953 2223 4001 et
2270 3942 2470 4000 Filium
2503 3942 2873 4013 posteriorem
2908 3940 3102 4005 Patre,
3147 3938 3354 4009 quippe
3402 3953 3601 3992 causa-~

2034 4050 2149 4098 tum
2185 4039 2255 4095 ab
2287 4039 2406 4109 ipso
2430 4079 2446 4105 ,
2474 4036 2771 4092 ostendere
2803 4034 3173 4089 conabantur.
3210 4030 3305 4087 llis
3334 4046 3394 4087 se
3427 4046 3603 4100 oppo-

2029 4147 2171 4190 nens
2218 4132 2283 4187 D.
2330 4129 2630 4201 Gregorius
2679 4128 3001 4199 Nyssenus,
3058 4134 3117 4181 et
3164 4122 3601 4180 coaternitatem

2030 4224 2198 4280 trium
2227 4235 2589 4293 personarum
2618 4219 2917 4274 ostendere
2960 4231 3279 4285 preponens
3327 4218 3382 4270 in
3422 4215 3603 4287 primo

2028 4319 2175 4375 libro
2215 4333 2410 4374 eorum
2433 4359 2449 4382 ,
2482 4315 2685 4387 quibus
2722 4314 2929 4370 refutat
2962 4312 3297 4367 Ennomium
3318 4350 3336 4376 ,
3370 4324 3605 4383 propor.

2032 4413 2241 4469 tionem
2283 4408 2575 4481 quamdam
2609 4407 2741 4464 I’acit
2773 4406 2899 4463 Filii
2944 4404 3013 4461 ad
3045 4406 3266 4461 Patrem
3298 4445 3315 4468 ,
3351 4404 3603 4475 Spiritus

2033 4506 2207 4565 sancti
2237 4504 2306 4561 ad
2338 4504 2538 4561 Filium
2571 4518 2588 4557 :
2623 4504 2846 4559 Patrem
2895 4500 3125 4570 quidem
3172 4489 3455 4556 asserens
3482 4496 3601 4552 sola

2032 4612 2214 4657 causa:
2261 4597 2476 4652 ratione
2525 4592 2870 4666 praeintelligi
2920 4592 3081 4660 Filio,
3130 4605 3241 4647 non
3280 4598 3462 4645 tamen
3509 4602 3602 4643 se-

2032 4692 2279 4751 cundum
2310 4690 2579 4762 temporis
2601 4689 3027 4760 appellationem
3049 4726 3064 4751 ,
3091 4694 3149 4742 et
3176 4685 3301 4742 ideo
3330 4683 3605 4739 rationem

2033 4786 2438 4845 coaeternitatis
2464 4783 2693 4839 minime
2724 4780 3031 4854 periclitari
3059 4796 3076 4837 :
3110 4793 3307 4835 rursus
3338 4786 3520 4832 autem
3549 4782 3605 4829 ct

2032 4882 2213 4952 ipsum
2260 4879 2459 4936 Filium
2495 4878 2611 4932 sola
2659 4884 2842 4931 mente
2884 4882 2938 4930 et
2967 4872 3301 4943 cogitatione
3328 4868 3606 4941 praeintel-

2031 4975 2127 5046 ligi
2171 4987 2406 5045 persona
2453 4971 2698 5043 Spiritus
2723 4967 2900 5026 sancti
2922 5006 2939 5034 ,
2969 4964 3284 5021 secundum
3316 4963 3593 5019 rationem

2032 5084 2233 5125 causa.
2615 5106 2624 5118 .

2102 5162 2173 5219 Ut
2200 5159 2491 5217 manifeste
2526 5146 2826 5229 appareat,
2877 5155 3027 5212 hunc
3070 5154 3350 5210 doctorem
3399 5150 3454 5207 in
3501 5149 3606 5207 hac

2030 5271 2153 5312 esse
2184 5252 2459 5310 sententia
2489 5260 2553 5307 ut
2573 5250 2851 5306 existimet
2874 5248 3072 5304 Fliium
3093 5261 3217 5303 esse
3236 5258 3458 5301 causam
3480 5241 3600 5312 Spi-

2031 5347 2192 5401 ritus.
2221 5342 2701 5413 Quemadmodum
2736 5340 2884 5396 enim
2914 5339 3090 5396 Filius
3118 5352 3243 5393 cum
3275 5336 3440 5393 Patre
3466 5347 3603 5389 con-

2023 5442 2295 5514 iungitur,
2324 5442 2407 5497 sic
2433 5448 2489 5495 et
2517 5437 2791 5511 Spiritus,
2819 5434 3039 5506 inquit,
3068 5429 3427 5502 coniungitur
3471 5440 3599 5491 cum

2029 5535 2201 5602 Filio;
2227 5543 2283 5589 et
2305 5548 2525 5588 rursum
2543 5574 2557 5600 ,
2584 5540 2645 5588 ut
2665 5528 3108 5602 prasintelligitur
3132 5526 3295 5609 Pater
3319 5520 3458 5578 Filio
3487 5535 3597 5577 non

2029 5629 2299 5703 temporis
2330 5627 2519 5698 aliquo
2560 5624 2879 5691 intervallo,
2926 5636 3108 5693 neque
3152 5633 3239 5685 re,
3284 5617 3379 5673 sed
3426 5628 3598 5682 sensu
