4036 6140
372 281 476 347 377

1292 252 1392 349 es
1439 285 1968 352 PROCESSIONE
2009 285 2380 351 summus
2429 283 2724 352 SANCTi.

3515 285 3622 353 378

365 406 489 457 ἐστι
517 401 578 457 ἰδ
617 395 778 469 εἶδος,
809 397 852 471 ᾧ
883 398 1051 476 ὅμοια
1085 401 1298 472 γίνεται
1322 404 1394 460 τὰ
1425 405 1666 472 ὲξαὺτοῦ
1688 405 1942 478 προϊόντα

2049 405 2309 476 postasis,
2347 414 2605 476 tanquam
2653 419 2786 460 vero
2821 419 2952 474 quo,
2995 413 3081 471 est
3121 402 3244 477 ejus
3290 402 3474 462 divina
3531 421 3622 462 es-

362 495 445 550 διδ
468 499 561 548 καὶ
587 495 614 547 ὁ
648 494 776 558 Tib;
810 496 906 550 καὶ
937 495 998 549 τὸ
1039 495 1268 566 Πνεῦμα
1295 495 1563 568 όμοοῦσιά
1596 496 1736 552 slew
1767 498 1944 568 αὐτῷ,

363 590 450 643 Oti
480 587 542 642 τὸ
587 589 700 642 πᾶν
736 587 837 657 μὲν
891 588 956 641 τὸ
995 589 1248 658 παράγον
1306 591 1494 662 ὅμοιον
1548 591 1825 661 παράγειν
1867 592 1948 663 τῷ

364 680 522 745 εῐδει,
551 673 878 753 ᾦπροάγει,
909 682 1001 736 τὸν
1029 682 1088 736 δὲ
1113 682 1249 736 Θεὸν
1275 685 1372 738 καὶ
1401 684 1625 755 Πατέρα
1676 685 1946 755 προάγειν

363 773 496 828 Υίόν
523 789 582 826 τε
603 774 698 827 καὶ
728 773 957 842 Πνεῦμα
988 777 1054 846 τῇ
1089 774 1289 828 εαυτοῦ
1321 772 1444 847 θείᾳ
1472 775 1656 846 οὕσίᾳ,
1711 778 1805 829 καὶ
1857 774 1948 830 διὰ

359 865 524 919 τοῦτο
553 865 821 934 όμοούσια
845 865 1026 936 ἑαυτῷ
1056 867 1350 938 προάγειν.
1385 867 1452 922 El
1483 868 1667 922 τοίνυν
1696 869 1725 920 ὀ
1754 869 1947 938 Πατὴρ

365 962 526 1030 μόνος
556 959 860 1031 προϐάλλει
887 960 947 1015 τὸ
981 961 1208 1033 Πνεῦμα
1237 962 1381 1015 κατά
1413 963 1543 1026 τοὺς
1575 959 1720 1014 οὕτω
1760 963 1945 1030 λέγον-

291 1073 295 1078 ·
362 1068 482 1116 τας,
502 1050 626 1104 τότε
655 1050 887 1122 οὐδεμία
913 1050 1192 1122 διάκρισις
1221 1051 1379 1105 ἔσται
1403 1050 1536 1106 Tia-5
1574 1067 1630 1105 τε
1659 1051 1756 1104 καὶ
1776 1048 1948 1104 Ilvati—

365 1162 559 1217 ματος,
595 1145 872 1216 μηδεμιᾶς
902 1143 1072 1215 οῦσης
1111 1145 1382 1216 διαφορᾶς
1412 1143 1539 1198 οὕτε
1567 1146 1626 1198 ὲν
1664 1141 1742 1213 τῷ
1777 1141 1948 1212 προά-

359 1252 548 1305 γοντι·
593 1235 710 1292 ἐστι
740 1236 851 1310 γὰρ
877 1236 907 1291 ό
936 1235 1106 1300 αὐτδς
1155 1236 1372 1306 Πατὴρ,
1402 1234 1528 1289 οῦτε
1570 1236 1626 1287 ὲν
1655 1234 1734 1303 τῷ
1786 1234 1942 1298 εῖδει,

358 1321 402 1397 ᾧ
435 1330 703 1398 παράγει,
730 1325 850 1383 ἔστι
875 1327 985 1399 γὰρ
1011 1329 1046 1399 ἠ
1073 1327 1213 1397 αὐτὴ
1252 1328 1375 1382 θεία
1401 1327 1582 1394 οὐσία,
1610 1327 1737 1381 οὔτε
1764 1327 1820 1380 ὲν
1849 1327 1944 1378 αὖε

361 1423 474 1484 τοῖς
494 1424 608 1484 τοῖς
626 1421 1058 1492 παραγομινοις,
1084 1422 1192 1474 εἰσὶ
1218 1419 1330 1492 γὰρ
1342 1416 1437 1474 τοῦ
1455 1419 1621 1474 αὒτοῦ
1642 1418 1816 1482 εἴδους
1843 1417 1950 1490 τῆς

362 1515 499 1584 μιᾶς
558 1513 656 1568 καὶ
710 1513 904 1584 κοινῆς
947 1512 1228 1583 θεότητος,
1264 1513 1392 1568 οὔτε
1452 1515 1562 1586 μὴν
1609 1509 1745 1580 ὕλης
1798 1515 1945 1577 τινος

361 1606 751 1679 θεωρουμένης
787 1607 926 1672 ἐκεῖ,
948 1605 1009 1672 ἒξ
1034 1601 1104 1681 ἧς
1122 1606 1188 1662 ἂν
1212 1607 1247 1676 ἡ
1274 1607 1554 1678 διάκρισις
1577 1606 1812 1676 γινοιτο.
1836 1604 1945 1658 Καὶ

357 1700 534 1766 οὕτως
559 1703 705 1756 κατᾶ
735 1702 828 1756 τδν
860 1702 1025 1772 λόγον
1060 1701 1253 1758 τοῦτον
1288 1700 1575 1765 παντελῶς
1623 1698 1944 1771 ἀναιρεθείη

2048 498 2254 554 sentia.
2305 497 2431 553 llaec
2477 496 2624 551 enim
2669 505 2753 552 est
2807 499 3042 568 species,
3088 513 3198 567 qua
3239 512 3361 567 qua
3401 498 3471 553 ab
3503 499 3623 570 ipso

2049 590 2433 658 producuntur
2458 588 2660 644 similia
2689 588 2851 645 fiunt.
2887 590 3078 662 Itaque
3103 603 3156 646 et
3185 591 3356 646 Filius
3398 598 3453 646 et
3499 591 3625 662 Spi-

2048 681 2191 736 ritus
2236 691 2530 752 propterea
2564 681 3066 738 consubstantiales
3096 691 3227 738 sunt
3281 682 3421 753 ipsi,
3473 683 3622 752 quod

2048 791 2211 830 omne
2238 775 2553 844 producens
2581 775 2760 831 simile
2780 771 2995 845 speciei
3021 777 3316 848 producat,
3349 792 3456 847 qua
3485 792 3618 847 pro-

2048 865 2224 921 ducit.
2257 865 2398 922 Deus
2421 877 2606 923 autem
2633 877 2688 923 et
2713 867 2897 934 Pater,
2920 868 3174 938 producit
3198 869 3396 924 Filium
3419 879 3474 924 et
3499 869 3624 940 Spi-

2051 959 2217 1012 ritum
2246 969 2496 1014 sanctum
2521 1001 2535 1026 ,
2570 975 2669 1016 sua
2705 960 2893 1016 divina
2916 963 3176 1028 essentia,
3216 970 3274 1017 et
3324 960 3450 1016 ideo
3492 975 3624 1016 con-

2048 1051 2444 1106 substantiaies
2470 1051 2575 1108 sibi
2625 1052 2904 1124 producit.
2959 1052 3017 1109 Si
3056 1052 3227 1124 igitur
3274 1053 3426 1109 solus
3459 1053 3624 1108 Pater

2046 1143 2304 1213 producit
2357 1144 2651 1214 Spiritum,
2699 1146 2856 1217 iusta
2898 1146 3218 1217 Opinionem
3267 1161 3462 1200 eorum
3526 1145 3623 1216 qui

2048 1234 2120 1287 ita
2143 1234 2424 1288 sentiunt:
2460 1244 2588 1291 tunc
2620 1235 2770 1289 nulla
2801 1236 2912 1292 erit
2938 1235 3231 1291 distinctio
3255 1235 3382 1290 Filii
3410 1245 3467 1290 et
3493 1235 3624 1305 Spi-

2047 1325 2207 1388 ritus.
2238 1326 2410 1380 nullo
2431 1327 2737 1382 exsistente
2788 1327 3111 1383 discrimine
3133 1369 3148 1394 ,
3181 1343 3361 1400 neque
3402 1329 3459 1385 in
3493 1345 3620 1399 pro-

2047 1415 2307 1482 ducente,
2331 1427 2418 1475 est
2445 1420 2592 1474 enim
2623 1418 2764 1474 idem
2802 1421 2920 1491 ipse
2955 1421 3140 1486 Pater,
3174 1437 3358 1492 neque
3402 1421 3456 1476 in
3500 1438 3623 1492 spe—

2046 1508 2153 1575 cie,
2182 1525 2289 1579 qua
2321 1509 2618 1581 producit,
2653 1528 2775 1583 quae
2807 1513 2938 1568 item
2975 1521 3057 1568 est
3087 1516 3277 1567 eadem
3306 1513 3492 1567 divina
3535 1527 3622 1568 es-

2045 1601 2262 1668 sentia;
2295 1617 2473 1672 neque
2519 1601 2576 1657 in
2610 1603 2748 1673 ipsis
2788 1602 3098 1674 productis,
3154 1603 3430 1674 siquidem
3490 1613 3624 1658 sunt

2047 1689 2295 1761 ejusdem
2330 1693 2558 1762 speciei,
2594 1693 2760 1748 unius
2786 1703 2844 1748 et
2873 1692 3186 1746 communis
3218 1689 3465 1746 deitatis.
3511 1691 3624 1746 Ne-

361 1794 396 1863 ή
436 1794 714 1866 διάκρισις
738 1796 939 1854 αὐτῶν.
991 1796 1264 1851 Λείπεται
1291 1795 1422 1868 δὴῆ
1465 1795 1529 1848 τὸ
1577 1790 1805 1864 Πνεῦμα
1849 1790 1942 1846 τοῦ

2050 1796 2159 1854 que
2185 1779 2262 1837 ibi
2293 1783 2478 1853 aliqua
2518 1784 2746 1840 materia
2786 1783 3132 1853 intelligitur,
3166 1797 3235 1837 ex
3278 1798 3386 1852 qua
3425 1783 3624 1837 distin-

360 1889 494 1944 Υίοῦ
530 1888 707 1945 αῐτιον
757 1883 927 1956 εἶναι,
971 1888 1004 1961 ἢ
1044 1887 1138 1944 τδν
1184 1889 1312 1944 Υίδν
1371 1888 1466 1942 τοῦ
1500 1888 1836 1959 Πνεὺματος,
1892 1883 1944 1939 si

363 1981 638 2052 μέλλοιεν.
670 1980 1050 2051 διακρίνεσθαι
1108 1980 1381 2052 ἀλλήλων.
1421 1978 1584 2035 Ἀλλὰ
1618 1979 1682 2033 τὸ
1727 1976 1943 2048 πρῶτον

360 2075 460 2128 οὐκ
490 2074 642 2128 ἐστι’
665 2073 728 2128 τδ
765 2072 1025 2147 δεύτερον
1065 2071 1198 2145 ἄρα.

431 2342 556 2397 Ἔτι
585 2341 648 2397 τὺ
698 2340 1013 2412 πέμπεσθαι
1047 2340 1137 2394 ἰπὶ
1169 2339 1309 2394 Θεοῦ
1355 2341 1418 2393 τδ
1445 2339 1541 2393 ἀπ’
1573 2337 1756 2403 αἰτίας
1782 2336 1937 2396 εἶναι

353 2436 528 2507 δηλοῖ.
555 2435 665 2490 Καὶ
692 2434 902 2508 μάρτυς
922 2434 951 2487 ό
975 2433 1115 2499 θεῖος
1134 2432 1528 2504 Χρυσόστομος
1551 2433 1691 2501 πρὸς
1725 2433 1945 2502 ’Δρεια-
1987 2450 1994 2458 ·

359 2529 485 2591 νοὺς
517 2527 885 2602 ἀποροῦντας,
921 2524 1042 2591 πῶς
1075 2525 1176 2596 τῆς
1207 2525 1382 2595 αὐτῆς
1411 2523 1603 2586 οὐσίας
1641 2525 1668 2576 ό
1705 2523 1943 2594 πέμπων

360 2624 457 2677 καὶ
493 2624 521 2675 ὁ
547 2621 927 2694 πεμπόμενος,
961 2620 1018 2674 ἐν
1045 2620 1345 2692 τριακοστῇ
1379 2616 1582 2688 ὲννάτῃ
1613 2615 1804 2688 ὁμιλία
1832 2615 1942 2670 τῶν

354 2716 502 2774 κατὰ
548 2714 804 2786 Ἰωάννην
834 2713 1035 2780 λόγων.
1067 2711 1235 2766 Πάλιν
1268 2711 1364 2764 ἐπὶ
1389 2709 1460 2765 τὰ
1489 2708 1811 2782 ἀνθρώπινα
1844 2725 1943 2764 κα-

355 2809 627 2880 ταφέρεις
676 2807 769 2860 τδν
800 2806 984 2874 λόγον,
1036 2807 1138 2859 καὶ
1187 2802 1289 2860 οὐκ
1347 2804 1576 2871 ἐννοεῖς,
1631 2803 1715 2856 ὅτι
1766 2801 1940 2856 ταῦτα

358 2905 544 2957 πάντα
574 2900 641 2955 δι’
667 2899 822 2955 οὐδὲν
855 2900 1042 2970 ἕτερον
1072 2897 1314 2969 εἴρηται,
1344 2894 1464 2952 ἀλλ’
1494 2896 1582 2952 ἵνα
1606 2897 1704 2951 καὶ
1731 2893 1824 2949 τὸν
1857 2894 1943 2949 αι-

357 3011 474 3046 Ιιἰον
502 2992 760 3064 εἰδῶμεν,
806 2991 904 3046 καὶ
928 2991 1009 3054 είς
1036 2988 1138 3061 τὴν
1170 2988 1467 3042 Σαϐελλίου
1505 2986 1580 3058 μὴ
1606 2986 1942 3059 καταπέσωστ

361 3103 463 3153 μιν
493 3084 640 3138 ὅσον.
677 3082 842 3158 fam
873 3082 935 3136 τὸ
978 3081 1203 3151 Πνεῦμα
1236 3079 1518 3151 πέμπεται
1569 3081 1627 3148 ἐξ
1681 3078 1810 3133 nos
1842 3078 1940 3136 καὶ

355 3177 510 3231 εστιν
540 3175 649 3244 ἄρα
680 3175 739 3242 ἐξ
764 3173 956 3230 αὐτοῦ.

433 3269 582 3335 Ἐτι,
619 3270 652 3332 ἠ
705 3266 935 3338 δύναμις
966 3266 1108 3339 αὕτη
1138 3264 1232 3322 τοῦ
1281 3264 1551 3336 πέμπειν,
1586 3261 1786 3320 ἐνοῦσα
1818 3265 1937 3318 Πα-

355 3362 449 3432 'sz
478 3363 574 3414 καὶ
605 3357 740 3428 Υῑῷ,
768 3358 894 3413 καθ’
921 3357 991 3432 ἣν
1019 3357 1189 3429 ἄμφω
1220 3356 1498 3428 πέμπουσι
1525 3355 1588 3410 τὸ
1621 3354 1846 3425 Πνεῦμα
1875 3351 1939 3408 τὸ

357 3457 536 3524 ἆγιον,
565 3453 642 3516 ὡς
671 3453 768 3507 καὶ
792 3454 948 3523 παρὰ
977 3451 1087 3506 τῶν
1117 3450 1408 3522 ἡμετέρων
1438 3446 1812 3521 ὁμολογεῖται,
1836 3447 1868 3517 ἢ
1901 3447 1934 3516 ἡ

354 3549 500 3618 αὐτη
548 3548 694 3601 ἐστιν
721 3548 780 3600 ιν
817 3543 992 3616 Πατρὶ
1035 3544 1136 3598 καὶ
1166 3541 1307 3614 Υίῷ,
1336 3543 1370 3615 ἢ
1423 3541 1588 3611 ἑτέρα
1619 3539 1714 3594 καὶ
1747 3537 1936 3606 ἑτέρα.

368 3640 512 3696 Ἀλλ’
547 3642 598 3696 εί
633 3640 732 3712 μὶν
759 3638 924 3708 ιτέρα
942 3637 1041 3694 καὶ
1065 3635 1250 3708 ἑτέρα,
1277 3636 1435 3690 ἔσται
1465 3634 1667 3706 δηλαδὴ
1693 3633 1788 3688 καὶ
1815 3632 1966 3710 μείέ

356 3735 469 3800 ζων
523 3733 618 3788 καὶ
666 3731 930 3795 ἐλάττων.
959 3731 1055 3787 καὶ
1085 3727 1398 3793 ἀκολούθως
1441 3728 1540 3781 καὶ
1595 3729 1651 3780 αί
1696 3725 1938 3796 πέμψεις

353 3830 639 3900 διάφοροι.-
654 3823 866 3880 Οὐκοῦν
888 3823 1015 3878 οὔτε
1067 3822 1168 3894 μία
1207 3822 1462 3891 δύναμις,
1495 3819 1621 3872 οὔτε
1658 3819 1756 3888 μία
1783 3817 1937 3886 ὲνέρ-

354 3940 484 3992 γεια
516 3920 699 3977 αὐτῶν
728 3920 885 3975 ἔσται
908 3933 930 3950 ⁸
954 3917 1050 3973 καὶ
1073 3914 1386 3980 ἀκολούθως
1416 3914 1692 3985 διαφόρων
1723 3911 1936 3968 ἔσονται

351 4000 556 4072 οὐσιῶν
580 4028 598 4045 ’
627 4005 702 4066 ὧν
750 4012 862 4084 γὰρ
896 4010 952 4064 al
993 4008 1254 4079 δυνάμεις
1289 4008 1488 4070 άνισοι,
1521 4005 1618 4057 καὶ
1649 4003 1705 4056 at
1754 4001 1936 4057 οὐσίαι

354 4109 563 4175 ἄνισοι,
602 4105 791 4175 ὶπειδὴ
817 4105 881 4158 εκ
903 4104 1004 4172 τῆς
1025 4102 1214 4165 οὐσίας
1243 4101 1276 4172 ἡ
1300 4099 1552 4167 δύναμις.
1581 4095 1744 4149 Ἀλλά
1763 4094 1940 4149 ταῦτα

357 4204 450 4257 καὶ
465 4204 644 4257 ἄτοπα
677 4199 774 4255 καὶ
805 4197 1126 4269 βλάσφημα.
1149 4194 1266 4250 οὐκ
1288 4193 1398 4264 ἄρα
1423 4191 1587 4262 ἑτέρα
1607 4189 1705 4243 καὶ
1731 4186 1893 4257 ἑτέρα
1914 4201 1931 4218 ⁶

353 4299 388 4366 ἠ
419 4295 563 4367 αὑτὴ
615 4294 745 4365 ἄρα.
788 4287 930 4349 Ἀλλ’
975 4292 1037 4345 ὲν
1073 4287 1156 4358 τῷ
1186 4287 1362 4359 Πατρὶ
1407 4286 1442 4356 ἡ
1469 4284 1565 4337 τοῦ
1600 4283 1843 4353 πέμπειν
1877 4277 1939 4333 rb

355 4375 586 4460 Πνεῦμα
618 4387 854 4456 δύναμις
883 4384 1100 4437 σύνεστι
1124 4383 1193 4452 τῇ
1214 4379 1444 4450 δυνάμει
1471 4379 1539 4450 τῇ
1572 4376 1666 4430 τοῦ
1706 4371 1939 4446 προϐάλ-

1963 3139 2008 3199 α

2045 1881 2157 1939 ctio
2190 1882 2305 1937 ﬁat.
2355 1877 2539 1948 Atque
2570 1877 2646 1933 ita
2683 1876 2988 1934 secundum
3020 1881 3161 1932 banc
3205 1877 3475 1931 rationem
3509 1892 3624 1930 om-
3646 1903 3670 1936 ις

2045 1975 2182 2030 nino
2223 1973 2450 2029 tolletur
2491 1973 2739 2042 ipsorum
2775 1969 3082 2025 distinctio.
3119 1968 3390 2038 Superest
3433 1970 3623 2039 itaque

2044 2067 2133 2123 vel
2165 2065 2433 2137 Spiritum
2472 2077 2594 2120 esse
2628 2078 2851 2119 causam
2881 2063 3038 2130 Filii,
3073 2062 3162 2116 vel
3216 2062 3414 2116 Filium
3444 2060 3622 2132 Spiri-

2047 2167 2159 2226 tus,
2193 2160 2240 2214 si
2281 2158 2550 2228 distingui
2586 2172 2729 2211 unus
2763 2157 2830 2212 ab
2858 2156 3035 2211 altero
3065 2155 3288 2210 debeat.
3343 2154 3450 2209 Sed
3506 2155 3619 2225 pri-

2045 2266 2198 2307 mum
2232 2266 2343 2306 non
2375 2258 2482 2313 est.
2527 2249 2696 2320 igitur
2730 2248 3031 2317 posterius.

2031 2369 2034 2372 «
2117 2345 2390 2401 Praeterea
2443 2342 2588 2397 mitti
2638 2341 2692 2394 in
2727 2340 2840 2396 Deo
2879 2355 2910 2396 a
2945 2354 3108 2396 causa
3155 2354 3276 2395 esse
3328 2336 3622 2410 signiﬁcat.

2044 2434 2228 2492 Testis
2267 2443 2354 2490 est
2403 2434 2566 2490 divus
2608 2433 3074 2504 Chrysostomus,
3126 2431 3352 2486 ltomilia
3400 2430 3623 2488 tricesi-

2045 2543 2133 2584 ma
2162 2543 2307 2584 nona
2341 2527 2395 2582 in
2417 2527 2688 2584 Joannem
2715 2526 2987 2582 adversus
3005 2525 3260 2589 Arianos,
3281 2536 3618 2594 qurerentes,

2044 2622 2326 2693 quomodo
2361 2621 2615 2691 ejusdem
2663 2618 2990 2678 substantiae
3019 2617 3094 2673 sit
3138 2619 3389 2684 mittens,
3417 2627 3474 2673 et
3519 2617 3618 2688 qui

2046 2716 2310 2770 mittitur.
2338 2715 2556 2770 Rursus
2579 2755 2592 2778 ,
2624 2713 2830 2782 inquit,
2867 2712 2936 2768 ad
2983 2727 3074 2767 res
3106 2712 3376 2765 humanas
3411 2725 3623 2765 sermo-

2043 2824 2172 2866 nem
2201 2807 2503 2874 convertis,
2540 2816 2598 2864 et
2635 2805 2922 2861 humiliter
2945 2804 3168 2876 abjicis.
3216 2819 3283 2860 ac
3313 2819 3424 2858 non
3457 2804 3624 2858 intel-

2039 2903 2166 2974 ligis
2199 2917 2263 2958 ea
2294 2903 2478 2956 omnia
2504 2943 2522 2966 ,
2573 2901 2780 2956 nullam
2813 2899 2885 2956 ob
2935 2899 3099 2954 aliam
3145 2914 3261 2955 rem
3293 2897 3441 2954 dicta
3475 2913 3620 2962 esse.

2043 3011 2206 3067 quam
2237 3004 2297 3050 ut
2327 3010 2550 3050 causam
2586 3009 2957 3067 agnoscamus
2986 3035 2999 3058 ,
3051 3007 3231 3061 neque
3284 2994 3338 3046 in
3384 2987 3614 3045 Sabellii

2041 3088 2301 3146 morbum
2324 3087 2673 3155 incidamus;
2717 3087 2811 3143 sed
2837 3086 3074 3158 Spiritus
3101 3085 3342 3142 mittitur
3370 3099 3400 3140 ο
3436 3084 3615 3151 Filio;

2038 3181 2209 3256 igitur
2237 3179 2404 3237 etiam
2436 3189 2522 3238 εει
2552 3180 2623 3235 ab
2653 3181 2800 3248 ipso.

2109 3275 2409 3343 Praeterea,
2449 3275 2534 3330 vis
2591 3275 2693 3330 ista
2725 3272 3020 3339 mittendi.
3087 3289 3211 3345 quae
3265 3274 3417 3332 inest
3465 3276 3618 3332 Patri

2037 3374 2094 3424 et
2123 3367 2282 3435 Filio,
2317 3367 2625 3424 secundum
2660 3383 2832 3438 quam
2877 3366 3044 3425 ambo
3075 3367 3304 3424 mittunt
3335 3369 3607 3440 Spiritum

2037 3469 2337 3525 sanctum,
2382 3458 2855 3532 quemadmodum
2900 3469 2959 3516 et
3001 3469 3279 3518 nostrates
3325 3461 3618 3528 fatentur,
3672 3509 3674 3511 .

2039 3556 2125 3610 vel
2171 3553 2364 3611 eadem
2397 3565 2485 3612 est
2519 3554 2576 3611 in
2624 3556 2792 3612 Patre
2842 3565 2905 3612 et
2935 3553 3098 3625 Filio,
3141 3557 3226 3612 vel
3278 3558 3382 3612 alia
3437 3567 3606 3628 atque

2040 3648 2180 3715 alia;
2212 3646 2308 3703 sed
2339 3647 2387 3704 si
2431 3646 2538 3703 alia
2564 3656 2733 3719 atque
2765 3645 2892 3715 alia,
2934 3650 3044 3705 erit
3077 3649 3291 3704 scilicet
3326 3659 3384 3704 et
3432 3651 3612 3721 major

2039 3751 2094 3798 et
2127 3743 2332 3806 minor,
2364 3747 2422 3797 et
2453 3756 2554 3811 per
2583 3741 3064 3812 consequentiam,
3113 3742 3280 3798 etiam
3315 3743 3615 3801 missiones

2038 3844 2206 3892 erunt
2236 3834 2508 3902 diversa;
2562 3832 2732 3905 igitur
2766 3848 2946 3904 neque
2977 3850 3087 3890 una
3132 3836 3214 3891 vis
3244 3848 3298 3891 et
3343 3840 3613 3906 potentia,

2039 3943 2223 4000 neque
2281 3943 2388 3981 una
2446 3927 2695 3997 ipsorum
2742 3927 2850 3982 erit
2911 3927 3186 3997 operatio.
3241 3927 3313 3984 Et
3354 3929 3489 3985 illud
3530 3941 3618 3987 est

2041 4035 2410 4091 consequens,
2436 4029 2498 4074 ut
2518 4019 2866 4074 diversarum
2895 4019 3008 4074 sint
3032 4019 3409 4076 essentiarum
3434 4038 3448 4088 ;
3483 4038 3620 4093 quo-

2040 4129 2164 4168 rum
2218 4112 2370 4168 enim
2417 4109 2678 4182 potentiae
2709 4118 2840 4164 sunt
2872 4105 3198 4180 inzequales,
3221 4109 3391 4166 etiam
3423 4127 3618 4168 essen-

2039 4206 2130 4262 tia;
2186 4213 2319 4260 sunt
2368 4202 2686 4271 inaequales,
2739 4199 3194 4272 quandoquidem
3237 4201 3309 4257 ab
3367 4207 3615 4261 essentia

2039 4297 2163 4355 ﬂuit
2211 4295 2481 4367 potentia.
2517 4295 2720 4350 Verum
2775 4291 2894 4350 haec
2943 4301 3000 4349 et
3053 4293 3294 4350 absurda
3349 4305 3502 4363 sunt,
3558 4308 3616 4353 et

2039 4390 2232 4460 impia,
2256 4397 2423 4457 atque
2449 4385 2828 4452 exsecranda;
2859 4400 2972 4442 non
3007 4400 3140 4458 ergo
3169 4385 3274 4442 alia
3306 4397 3470 4458 atque
3508 4390 3615 4446 alia

349 4481 471 4537 λειν
533 4479 668 4534 αὑτό
699 4495 713 4511 ·
769 4479 859 4532 ἀεὶ
911 4476 1017 4546 γὰρ
1046 4476 1076 4529 ὁ
1117 4472 1310 4545 Πατὴρ
1348 4471 1472 4524 πνεῖ
1502 4468 1565 4524 τὸ
1600 4467 1827 4538 Πνεῦμα
1876 4464 1937 4518 τδ

2041 4494 2119 4539 est
2149 4480 2397 4554 potentia
2423 4499 2437 4535 :
2461 4479 2629 4549 igitur
2651 4477 2867 4536 eadem.
2895 4479 2961 4534 At
2984 4494 3119 4536 vero
3139 4477 3196 4536 in
3227 4480 3390 4537 Patre
3413 4491 3616 4553 poterio

355 4577 532 4646 άγιον,
561 4574 659 4628 καὶ
686 4572 849 4626 πνιον
876 4570 1009 4625 αὐτὸ
1039 4568 1274 4641 πέμπει.
1307 4565 1418 4620 Καὶ
1461 4564 1490 4620 ό
1516 4563 1648 4626 Υἱὸς
1676 4561 1785 4632 ἄρα
1817 4559 1934 4630 ἅμα

353 4673 420 4741 τῇ
448 4666 542 4722 τοῦ
578 4666 736 4720 πνεῖν
761 4664 992 4733 δυνάμει
1022 4660 1121 4716 καὶ
1159 4657 1484 4730 προσάλλων
1521 4656 1658 4712 αὖτδ
1682 4653 1934 4723 πέμπειο

356 4758 509 4817 χαιδ
552 4757 682 4825 Tib;
712 4758 822 4830 άρα
871 4756 968 4810 τοῦ
1009 4753 1157 4810 θείου
1200 4750 1521 4822 Πνεῦματός
1562 4749 1682 4802 ἔστι
1729 4743 1936 4817 προϐο-

353 4853 504 4920 λεύς.

434 5037 539 5093 Ἦν
561 5035 620 5090 δὲ
648 5035 782 5105 φασί
813 5048 960 5097 τινες
986 5028 1223 5086 ἐνταῦθα
1248 5026 1463 5098 πεμψιν
1493 5025 1526 5099 ἢ
1557 5023 1787 5096 πρόοδον
1814 5024 1933 5078 δευ-

351 5138 523 5207 τέραν
556 5133 652 5187 καὶ
683 5130 970 5204 χρονικην,
1000 5126 1155 5182 οὐδέν
1189 5123 1249 5178 τέ
1285 5126 1428 5188 ἐστι,
1463 5122 1560 5174 καὶ
1590 5121 1823 5174 αὐτόθεν
1854 5118 1932 5188 τῷ

353 5226 748 5300 προειρημένῳ
775 5222 964 5276 λύεται
991 5220 1161 5290 λόγῳ.

426 5407 571 5479 Πρὸς
599 5406 712 5476 γάρ
761 5403 825 5457 τὸ
882 5401 1137 5474 μηδαμοῦ
1177 5401 1278 5471 τῆς
1308 5399 1530 5471 Γραφῖκ
1575 5397 1934 5471 εὑρίσκεσθαι

359 5486 559 5567 ταύτην
596 5497 694 5566 τὴν
736 5494 848 5548 τῶν
900 5494 1148 5566 προόδων
1188 5492 1437 5560 διπλόην,
1476 5492 1566 5543 ὅτε
1602 5493 1699 5543 καὶ
1749 5490 1932 5560 δῶμεν

355 5594 504 5660 ςμως
533 5583 676 5642 εἶναι
702 5604 825 5642 τινα
851 5585 1116 5657 δευτέραν
1149 5585 1395 5655 πρόοδον,
1427 5578 1495 5656 ἧς
1522 5584 1551 5636 ό
1582 5583 1713 5647 Υἱὸς
1737 5600 1934 5637 κοινω-

359 5685 439 5740 νεῖ
463 5682 543 5753 τῷ
577 5681 777 5752 Πατρὶ,
810 5681 931 5734 τότε
992 5680 1209 5741 πάντως
1243 5678 1386 5731 κατά
1435 5677 1528 5729 τὸν
1567 5677 1787 5746 Πατέρα
1835 5676 1934 5729 καὶ

357 5775 562 5848 ὁμοίως
609 5777 783 5833 αὐτὴν
836 5774 972 5841 ἔξει.
1024 5772 1191 5827 Οὐδὲν
1227 5771 1333 5843 γὰρ
1365 5770 1618 5842 ἀνόμοιον
1687 5769 1798 5823 τῶν
1857 5767 1933 5841 τῷ

2041 4575 2113 4632 tia
2169 4573 2428 4630 mittendi
2463 4571 2734 4644 Spiritum
2764 4610 2782 4637 ,
2830 4569 2999 4628 simul
3049 4578 3138 4628 est
3191 4586 3318 4628 cum
3361 4575 3612 4643 potentia

2037 4669 2218 4740 ipsum
2245 4665 2514 4738 spirandi.
2563 4666 2796 4738 Semper
2855 4667 3006 4725 enim
3043 4666 3209 4724 Pater
3258 4668 3435 4737 spirat
3478 4667 3609 4739 Spi-

2037 4761 2206 4817 ritum
2257 4767 2549 4823 sanctutn.
2591 4766 2650 4816 et
2693 4757 2917 4832 spirans
2953 4772 3080 4814 eum
3114 4757 3310 4815 mittit.
3361 4759 3536 4830 Igitur
3557 4769 3615 4816 et

2035 4853 2210 4909 Filius
2246 4869 2352 4909 una
2379 4867 2503 4907 cum
2554 4849 2802 4921 potentia
2836 4851 3093 4922 spirandi
3141 4867 3269 4908 eum
3301 4855 3613 4924 producens

2037 4946 2223 5000 mittit.
2251 4945 2394 5015 Ergo
2421 4953 2478 4998 et
2505 4942 2675 4998 Filius
2703 4950 2789 4998 est
2825 4941 3066 5013 Spiritus
3086 4945 3258 4999 sancti
3284 4946 3610 5015 productor.

2106 5041 2280 5108 Quam
2308 5054 2442 5093 vero
2486 5038 2576 5092 hic
2607 5038 2851 5091 fatentur
2876 5037 3128 5092 nonnulli
3150 5037 3609 5106 missionem,vel

2037 5131 2443 5202 processionem
2470 5131 2792 5191 Secundam.
2835 5141 2891 5187 et
2923 5145 3046 5199 quae
3094 5130 3168 5187 sit
3205 5130 3260 5185 in
3313 5139 3562 5202 tempore
3587 5150 3606 5188 :

2037 5237 2151 5282 tum
2191 5239 2255 5279 ea
2290 5223 2440 5276 nulla
2496 5231 2606 5286 est.
2655 5232 2774 5276 tum
2804 5223 3014 5278 istbinc
3073 5224 3335 5294 praedicta
3373 5226 3610 5284 solvitur

2037 5314 2273 5370 ratione.
2795 5369 2797 5372 ι

2106 5407 2480 5480 Ρταιιεττιυοω
2523 5404 2672 5460 enim
2713 5405 2861 5477 quod
2906 5420 3178 5477 nusquam
3219 5406 3272 5462 in
3323 5407 3606 5479 Scriptura

2035 5496 2321 5553 invenitur
2357 5497 2472 5552 hanc
2499 5495 2704 5567 duplex
2741 5500 3048 5568 processio,
3077 5508 3140 5554 ut
3165 5499 3276 5569 jam
3315 5501 3389 5554 sit
3423 5513 3606 5556 tamen

2034 5587 2285 5659 quaedam
2359 5588 2602 5644 secunda
2662 5591 2984 5657 processio,
3047 5605 3212 5660 quam
3267 5605 3393 5644 cum
3442 5590 3608 5645 Patre

2035 5695 2387 5735 communem
2423 5681 2531 5735 sibi
2559 5681 2760 5737 habeat
2805 5681 2999 5749 Filius,
3037 5696 3167 5739 tunc
3199 5683 3423 5738 omnino
3450 5683 3605 5754 juxta

2037 5774 2260 5830 Patrem
2295 5784 2459 5846 atque
2510 5772 2769 5831 similiter
2819 5791 2942 5847 cam
2982 5775 3231 5835 habebit.
3278 5774 3430 5833 Nihil
3455 5777 3608 5832 enim
