4036 6140
489 289 593 354 379

1438 286 1945 351 BESSABIONIS
1995 288 2054 353 S.
2097 288 2166 351 Β.
2207 286 2273 350 Ε.
2317 286 2781 349 CARDINALIS

3628 285 3731 351 380

487 416 573 461 est
612 419 805 459 eorum
838 401 1128 469 dissimile,
1177 417 1299 473 quae
1329 401 1523 458 insunt
1553 404 1870 459 communia
1905 402 2055 458 Patri

2162 403 2338 475 Πατρὶ
2368 403 2466 458 καὶ
2501 403 2618 476 Υιῷ
2643 404 2957 474 προσόντων
2986 402 3202 458 κοινῶν.
3248 400 3308 457 '0
3329 401 3385 456 δὲ
3418 402 3608 475 Πατὴρ
3635 405 3732 472 τὴν

484 514 547 553 ac
580 496 741 552 Filio.
764 498 923 554 Pater
949 508 1132 551 autem
1168 494 1425 551 mittendi
1454 496 1757 567 potentiam
1790 512 1898 551 una
1928 510 2053 551 cum

486 587 826 655 producendi
879 587 1068 651 habet,
1112 595 1171 641 ut
1211 585 1421 642 dictum
1463 595 1551 642 est
1586 605 1599 642 :
1648 587 1818 655 igitur
1856 596 1914 643 et
1964 588 2055 644 Fio

483 679 594 735 lius
629 694 753 733 cum
787 678 1127 748 producendi
1170 680 1411 748 potentia
1450 694 1570 734 eam
1616 679 1863 735 habebit.

555 772 857 839 Praeterea,
890 772 1035 842 quod
1076 772 1310 844 alicujus
1340 781 1423 828 cst
1475 781 1696 835 natura,
1750 781 1836 827 est
1883 772 2051 828 etiam

486 877 554 917 cx
582 864 698 933 ipso
724 863 1028 918 secundum
1065 863 1170 917 hoc
1198 864 1346 932 quod
1379 862 1584 917 dicitur
1613 863 1735 933 ejus
1765 876 1904 918 esse.
1930 860 2057 932 Spi-

486 957 631 1011 ritus
666 964 848 1011 autem
891 969 1119 1011 sanctus
1152 968 1238 1011 cst
1280 954 1427 1021 Filii,
1463 968 1519 1010 et
1550 956 1780 1010 omnino
1835 965 2060 1009 natura-

484 1049 652 1115 liter;
697 1065 805 1103 non
834 1048 983 1104 enim
1019 1057 1217 1117 praeter
1242 1060 1523 1113 naturam,
1548 1062 1728 1117 neque
1756 1054 1817 1100 ut
1840 1061 2055 1102 servus.

486 1141 583 1196 Est
618 1140 782 1211 igitur
813 1140 1055 1208 Spiritus
1088 1149 1338 1213 sanctus,
1369 1150 1644 1211 quatenus
1670 1140 1912 1208 Spiritus
1934 1155 2058 1196 san-

485 1244 628 1295 ctus,
674 1234 775 1288 hoc
808 1243 893 1288 est
925 1241 1203 1305 quatenus
1235 1243 1323 1289 est
1349 1233 1539 1287 divina
1572 1247 1810 1302 persona
1844 1231 1899 1286 in
1931 1231 2057 1287 Tri-

484 1327 679 1391 nitate,
706 1341 773 1379 ex
804 1325 969 1381 Filio.

554 1418 830 1475 Prmterea.
858 1417 1099 1489 Spiritus
1139 1428 1365 1472 sanctus
1392 1427 1479 1472 est
1515 1418 1834 1481 relati-cum,
1863 1429 1918 1474 et
1946 1434 2058 1474 ma-

484 1509 748 1565 nifestum
774 1520 881 1576 est,
918 1509 1064 1579 quod
1112 1509 1333 1565 dicatur
1366 1509 1606 1581 Spiritus
1641 1510 1839 1574 Patris,
1877 1509 2058 1579 Spiri-

486 1612 576 1658 tus
605 1602 729 1658 Filii
763 1622 776 1658 :
812 1603 860 1659 si
906 1604 1054 1674 enim
1096 1613 1245 1658 esset
1281 1604 1620 1669 absolutum,
1658 1620 1766 1658 non
1825 1604 2060 1673 alicujus

487 1695 789 1752 diceretur.
819 1696 1011 1767 Neque
1036 1696 1183 1750 enim
1219 1698 1507 1766 [imprium
1534 1707 1620 1749 est
1650 1694 2057 1756 absolutorum,

486 1791 795 1846 secundum
825 1789 1219 1861 signiﬁcatum,
1241 1789 1389 1859 quod
1415 1788 1608 1844 subest
1633 1789 1840 1843 nomini
1870 1827 1885 1850 ,
1924 1788 2057 1843 alte-
2091 1772 2137 1833 Β

484 1884 603 1939 rius
628 1884 736 1939 dici
759 1926 775 1951 ,
810 1884 913 1938 nisi
961 1882 1208 1954 profecto
1240 1881 1544 1937 secundum
1578 1885 1870 1950 quamdam
1897 1880 2057 1935 aliam

484 1978 846 2045 relationem;
884 1978 1028 2033 sicut
1058 1978 1257 2040 homo,
1298 1990 1420 2029 cum
1452 1978 1525 2028 sit
1576 1974 1911 2039 absolutum,
1950 1990 2058 2028 non

483 2071 690 2125 dicitur
717 2070 951 2142 alicujus
981 2070 1146 2125 homo
1169 2112 1183 2134 ,
1218 2067 1313 2123 sed
1344 2067 1581 2137 alicujus
1610 2082 1824 2123 servus.
1860 2067 2057 2121 Verum

486 2162 725 2234 Spiritus
751 2160 1056 2217 secundum
1085 2159 1457 2233 signiﬁcatum
1489 2196 1505 2223 ,
1550 2159 1696 2230 quod
1725 2160 1920 2215 subest
1952 2159 2058 2229 ipsi

485 2259 720 2323 nomini,
757 2257 964 2312 dicitur
998 2254 1243 2326 Spiritus
1276 2254 1422 2319 Filii,
1470 2254 1616 2307 sicut
1646 2262 1700 2308 et
1728 2253 1935 2319 Patris;
1973 2262 2059 2309 est

484 2351 654 2422 igitur
690 2350 1008 2415 relativum,
1050 2358 1107 2403 et
1157 2363 1253 2418 per
1300 2359 1650 2417 consequens
1700 2346 1941 2400 refertur
1988 2343 2057 2399 ad

484 2448 817 2518 spirantem.
865 2443 964 2498 Est
986 2457 1119 2512 ergo
1155 2439 1399 2510 Spiritus
1425 2439 1605 2494 Patris
1638 2448 1694 2493 et
1723 2437 1888 2504 Filii,
1940 2449 2059 2494 tau-

484 2555 650 2611 quam
685 2540 868 2609 ipsum
905 2536 1234 2606 spirantium
1279 2543 1336 2587 et
1376 2532 1821 2601 producentium.

555 2632 849 2701 Propterea
884 2628 1125 2699 Spiritus
1171 2626 1347 2680 sancti
1381 2624 1557 2692 ipsius
1606 2624 1768 2678 unius
1807 2638 2057 2693 personae

483 2723 773 2778 Trinitatis
811 2721 1096 2793 proprium
1132 2727 1259 2784 est,
1298 2717 1409 2772 dici
1452 2717 1719 2786 Spiritum
1778 2724 2054 2770 sanctum.

483 2816 746 2889 Ejusdem
784 2821 969 2869 autem
1000 2823 1087 2868 est
1117 2811 1283 2866 etiam
1317 2810 1615 2880 peculiare,
1649 2808 1758 2865 diei
1785 2824 1906 2865 esse
1931 2824 2058 2878 pro—

482 2910 734 2973 ductum,
776 2922 875 2975 seu
923 2905 979 2961 id
1019 2906 1165 2976 quod
1203 2903 1554 2973 producitur.
1593 2904 1739 2960 Idem
1791 2918 1923 2974 ergo
1970 2910 2062 2957 est.

479 3006 596 3061 dici
625 3019 747 3060 esse
774 3002 1124 3075 productum,
1152 3008 1209 3055 et
1240 2996 1527 3069 Spiritum.
1558 2996 1751 3067 Igitur,
1783 2997 1943 3066 cujus
1970 3006 2059 3053 est

484 3096 766 3166 Spiritus,
806 3094 971 3166 hujus
1007 3093 1175 3147 etiam
1233 3100 1321 3147 est
1373 3090 1451 3153 id,
1500 3090 1648 3160 quod
1700 3090 2053 3163 producitur.

487 3191 596 3247 Sed
626 3198 791 3245 estet
838 3188 1044 3243 dicitur
1078 3185 1321 3257 Spiritus
1367 3183 1513 3248 Filii,
1562 3185 1706 3241 sicut
1737 3194 1793 3243 et
1835 3183 2056 3241 Patris:

480 3295 615 3352 ergo
639 3288 695 3335 et
717 3277 840 3335 Filii
874 3287 959 3335 est
991 3278 1042 3333 id
1072 3277 1217 3347 quod
1244 3274 1593 3347 producitur,
1617 3275 1758 3329 sicut
1782 3286 1838 3330 et
1860 3274 2057 3331 Patris.

558 3394 617 3451 Si
646 3395 775 3465 quis
800 3409 934 3449 vero
964 3393 1132 3455 dicat,
1155 3392 1280 3446 ideo
1313 3392 1582 3460 Spiritum
1607 3389 1714 3444 dici
1743 3389 1887 3454 Filii,
1908 3388 2058 3459 quod

480 3490 554 3547 ab
580 3491 700 3561 ipso
730 3491 1004 3554 mittatur,
1036 3486 1261 3541 fallitur.

554 3664 903 3721 Contrarium
931 3664 1079 3719 enim
1108 3663 1292 3735 potius
1314 3673 1429 3728 est;
1458 3678 1677 3732 semper
1699 3661 1848 3716 enim
1872 3662 2058 3732 priora

483 3768 614 3813 sunt
668 3773 846 3811 causae
903 3757 1296 3827 posteriorum.
1338 3755 1498 3808 Prius
1556 3766 1740 3806 autem
1798 3762 1881 3807 est
1933 3768 2057 3806 esse

486 3851 751 3923 Spiritum
802 3849 927 3904 Filii
976 3848 1269 3919 Spiritum,
1300 3848 1441 3901 mitti
1476 3862 1609 3900 Vero
1645 3856 1726 3900 est
1757 3847 2053 3915 posterius.

486 3943 614 3999 Sive
648 3944 793 3998 enim
836 3944 978 3997 lianc
1016 3941 1356 4005 missionem,
1412 3955 1534 4008 quae
1581 3937 1641 3991 tit
1701 3938 1756 3991 in
1810 3946 2054 4005 tempore

482 4038 751 4106 accipias,
813 4036 1089 4106 posterior
1125 4042 1230 4098 est,
1288 4033 1408 4087 sine
1453 4032 1646 4096 dubio,
1687 4046 1755 4083 eo
1793 4030 1942 4099 quod
1973 4038 2057 4084 cst

481 4146 604 4185 esse
652 4128 919 4199 Spiritum
956 4127 1104 4190 Filii,
1145 4126 1296 4196 quod
1345 4134 1428 4180 est
1460 4126 1893 4194 sempiternum:
1929 4122 2047 4177 sive

482 4234 745 4278 aeternam
775 4221 1093 4276 missionem
1124 4218 1425 4289 intelligas,
1466 4228 1522 4272 et
1551 4217 1654 4271 hoc
1693 4215 1854 4270 modo
1886 4215 2053 4269 etiam

482 4333 607 4374 esse
662 4314 928 4385 Spiritum
993 4312 1115 4366 Filii
1173 4311 1467 4383 Spiritum,
1525 4317 1707 4363 mente
1760 4318 1815 4365 ct
1849 4307 2056 4378 cogita-

483 4412 634 4465 tione
672 4407 981 4463 autecedit.
1030 4405 1171 4470 Quia
1214 4419 1339 4459 esse
1389 4402 1665 4473 Spiritum
1707 4400 1828 4454 Filii
1874 4398 2054 4470 Spiri-

2160 497 2255 551 τοῦ
2286 496 2535 569 πέμπειν
2564 497 2797 568 δύναμιν
2831 497 2969 566 μετὰ
3014 496 3108 549 τοῦ
3141 494 3464 563 προϐάλλειν
3489 496 3623 566 ἔχει,
3657 497 3730 559 ὡς

2159 586 2397 659 εἴρηται.
2430 588 2540 641 Καὶ
2567 590 2596 643 6
2624 587 2754 650 Υἱὸς
2778 587 2885 659 ἄρα
2917 589 3055 659 μετὰ
3086 585 3182 641 τοῦ
3207 586 3536 655 προϐάλλειν
3564 588 3733 658 αὐτὴν

2157 680 2296 745 ἕξει.

2233 772 2355 827 Ἔτι
2388 772 2417 827 ὅ
2445 773 2593 837 τινός
2622 775 2738 826 ἐστι
2788 771 2975 843 φύσει,
3010 773 3107 827 καὶ
3139 770 3199 839 ἐξ
3231 770 3398 828 αὐτοῦ
3429 773 3548 827 ἐστι
3590 770 3737 827 κατὰ

2156 859 2316 917 τοῦτο
2366 863 2396 918 ὃ
2449 863 2662 918 ἐκείνου
2722 859 3155 931 λέγεται.εἷναι.
3209 862 3285 919 Τὸ
3326 864 3383 919 δι
3424 863 3651 932 Πνεῦμα
3676 862 3739 916 τὸ

2158 955 2316 1025 ἆγιόν
2343 958 2461 1011 ἔστι
2518 957 2614 1011 τοῦ
2668 958 2824 1022 Υῑοῦ,
2876 960 2973 1011 καὶ
3011 959 3231 1023 πάντως
3268 956 3428 1023 φύσει
3454 969 3469 987 ·
3527 956 3591 1008 οὐ
3628 955 3737 1025 γὰρ

2159 1051 2312 1123 παρὰ
2342 1050 2506 1121 φύσιν
2529 1069 2545 1085 ·
2574 1052 2696 1106 οὐδὲ
2719 1052 2794 1114 ὡς
2826 1050 3032 1106 δοῦλον.
3072 1052 3262 1105 Ἔστιν
3285 1051 3395 1120 ἄρα
3418 1050 3480 1102 τὸ
3508 1048 3736 1118 Πνεῦμα

2158 1144 2218 1198 τὸ
2244 1144 2422 1215 ἅγιον,
2531 1144 2757 1215 Πνεῦμα
2798 1144 2976 1213 ἅγιον,
3006 1144 3288 1198 τουτέστιν
3384 1141 3529 1197 θεῖον
3560 1142 3735 1214 πρόσ-

2158 1254 2311 1291 ωπον
2338 1240 2396 1293 ὲν
2423 1241 2493 1310 τῇ
2530 1236 2747 1309 Τριάδι,
2780 1238 2847 1291 ὲκ
2885 1236 2980 1291 τοῦ
3011 1236 3163 1291 Υἱοῦ.

2231 1421 2356 1475 Ἔτι
2398 1420 2458 1474 τὸ
2489 1420 2715 1491 Πνεῦμα
2748 1420 2809 1473 τὸ
2856 1420 3011 1488 ἅγιόν
3063 1421 3213 1474 ἐστιν
3260 1418 3617 1489 ἁναφοριχδν,
3643 1421 3736 1474 καὶ

2157 1514 2314 1584 δῆλον
2360 1516 2444 1569 ὅτι
2511 1515 2730 1585 λέγεται
2768 1514 2996 1584 Πνεῦμα
3041 1513 3275 1583 Πατρὸς,
3310 1511 3533 1583 Πνεῦμα
3559 1510 3691 1566 Tim?
3716 1525 3733 1543 ⁸

2158 1609 2208 1661 ει
2231 1609 2341 1679 γὰρ
2369 1604 2439 1679 ἦν
2474 1609 2585 1663 τῶν
2620 1607 3066 1677 ἀπολελυμένων.
3099 1608 3199 1661 οὐκ
3230 1606 3297 1662 ἂν
3326 1606 3545 1676 ἑλέγιτό
3568 1622 3729 1670 τινος.

2161 1702 2296 1754 Οὐδὲ
2327 1702 2437 1771 γὰρ
2470 1700 2577 1754 τῶν
2607 1700 3060 1771 ἀπολελυμένων,
3092 1700 3230 1753 κατὰ
3276 1699 3336 1751 τδ
3370 1699 3477 1751 ὑπὸ
3500 1695 3596 1751 τοῦ
3620 1696 3735 1749 ὀνό-

2168 1813 2339 1864 ματος
2392 1794 2813 1865 σημαινόμενον,
2847 1794 3037 1865 ἐτέρου
3086 1791 3364 1861 λέγεσθαι,
3404 1792 3520 1846 ἀλλ’
3550 1790 3584 1860 ἢ
3628 1791 3736 1858 ἄρα

2162 1889 2305 1941 κιτά
2338 1905 2462 1943 τινα
2493 1888 2658 1958 ἄλλην
2694 1888 2885 1957 σχέσιν
2908 1900 2923 1916 ·
2954 1886 3146 1955 ὥσπερ
3179 1886 3207 1938 6
3255 1884 3569 1954 ἄνθρωπος,
3602 1883 3735 1943 ἁπο-

2162 1979 2454 2050 λελυμένον
2512 1979 2593 2048 ὃν,
2628 1980 2689 2034 οὐ
2752 1981 2971 2049 λέγεται
3026 1980 3174 2043 τινὸς
3237 1977 3547 2049 ἄνθρωπος,
3601 1975 3737 2030 ἀλλὰ.

2161 2072 2307 2136 τινὸς
2335 2071 2523 2135 δοῦλος
2543 2088 2557 2101 ·
2590 2070 2729 2126 ἀλλὰ
2758 2071 2818 2126 τὸ
2855 2072 3082 2143 Πνεῦμα
3132 2072 3271 2125 κατᾶ
3299 2071 3362 2125 τὸ
3399 2068 3734 2139 σημαινόμε-

2161 2184 2253 2220 νον
2293 2167 2383 2221 ὑπ’
2418 2168 2587 2221 αὐτοῦ
2617 2164 2712 2221 τοῦ
2757 2166 3027 2238 ὀνόματος
3070 2165 3291 2236 λέγεται
3320 2165 3546 2237 Πνεῦμα
3576 2162 3730 2229 Υἱοῦ,

2161 2259 2352 2331 ὥσπερ
2378 2260 2476 2315 καὶ
2508 2261 2724 2332 Πατρός
2749 2277 2763 2292 ·
2793 2263 2943 2315 ἐστιν
2967 2263 3078 2333 ἄρα
3100 2260 3456 2333 ἀναφορικδν,
3486 2260 3580 2315 καὶ
3605 2261 3734 2313 ἁκο-

2162 2352 2369 2415 λούθως
2402 2354 2739 2424 ἀναφέρεται
2792 2352 2930 2422 πρὸς
2968 2352 3062 2406 τὸν
3107 2352 3360 2407 πνέοντα.
3399 2352 3588 2404 Ἔστιν
3625 2351 3733 2423 ἄρα

2163 2446 2388 2515 Πνεῦμα
2420 2444 2552 2499 Υἱοῦ
2597 2447 2691 2499 καὶ
2720 2445 2954 2516 Πατρὸς,
3001 2444 3079 2508 ὡς
3127 2444 3423 2511 πνεόντων,
3473 2444 3569 2498 καὶ
3595 2460 3735 2515 προ-

2161 2539 2469 2593 ϐαλλόντων
2496 2539 2653 2594 αὐτό.

2234 2632 2383 2698 Ἔτι,
2432 2631 2525 2685 τοῦ
2559 2632 2718 2700 ἁγίου
2766 2630 3108 2699 Πνεὺματος,
3145 2630 3311 2684 αὐτοῦ
3340 2628 3435 2683 τοῦ
3485 2631 3605 2694 ἑνὸς
3631 2630 3734 2699 τῆς

2159 2723 2413 2795 Τριάὸος,
2452 2726 2584 2779 ἴδιόν
2608 2728 2724 2779 ἐστι
2758 2724 2819 2777 τὸ
2863 2724 3123 2792 λέγεσθαι
3153 2724 3306 2792 ἆγιον
3343 2723 3588 2795 Πνεῦμα.
3624 2723 3732 2777 Τοῦ

2159 2820 2203 2873 δ’
2229 2819 2398 2872 αὐτοῦ
2426 2820 2574 2872 ἐστιν
2600 2819 2734 2872 ἱδιον
2762 2817 2856 2871 καὶ
2880 2816 2940 2870 τὸ
2970 2816 3227 2884 λέγεσθαι
3251 2815 3563 2887 πρόϐλημα.
3590 2815 3734 2871 Tau-

2158 2912 2254 2967 τὸν
2284 2913 2394 2984 ἄρα
2423 2912 2541 2965 ἐστὶ
2599 2911 2894 2984 πρόϐλημα
2935 2909 3194 2979 λέγεσθαι
3237 2911 3328 2962 καὶ
3369 2908 3614 2980 Πνεῦμα.
3654 2902 3736 2966 Οὗ

2160 3007 2272 3079 ἄρα
2296 3008 2415 3061 ἐστὶ
2441 3006 2691 3077 Πνεῦμα,
2722 3007 2918 3059 τούτου
2946 3006 3066 3059 ἐστὶ
3101 3003 3198 3059 καὶ
3221 3003 3533 3075 πρόϐλημα.
3568 3004 3737 3059 Ἀλλὰ

2161 3101 2259 3155 τοῦ
2292 3099 2426 3155 Υἱοῦ
2454 3102 2573 3156 ἐστι
2608 3099 2853 3168 Πνεῦμα,
2884 3098 2979 3151 καὶ
3014 3097 3260 3166 λέγεται,
3290 3094 3483 3169 ὥσπερ
3510 3097 3605 3150 καὶ
3633 3096 3731 3151 τοῦ

2165 3193 2405 3266 Πατρός.
2453 3193 2564 3247 Καὶ
2587 3191 2680 3245 τοῦ
2725 3190 2856 3245 Υἰοῦ
2889 3189 2999 3256 ἄρα
3037 3189 3154 3243 ἔστι
3188 3187 3509 3259 πρόϐλημα,
3542 3187 3735 3259 ὥσπερ

2163 3283 2261 3336 καὶ⁵
2286 3279 2382 3336 τοῦ
2415 3281 2650 3353 Πατρός.

2238 3378 2302 3432 El
2346 3377 2404 3431 δέ
2447 3393 2535 3440 τις
2576 3375 2737 3445 φαίη,
2780 3374 2870 3430 διὰ
2895 3374 2957 3428 τὸ
2988 3372 3304 3444 πέμπεσθαι
3329 3373 3390 3427 τὸ
3418 3372 3645 3444 Πνεῦμα
3675 3374 3737 3440 ἐξ

2162 3468 2318 3534 Υῑοῦ,
2346 3469 2433 3522 διὰ
2455 3468 2617 3526 τοῦτο
2641 3472 2735 3523 καὶ
2769 3467 2994 3537 Πνεῦμα
3014 3466 3183 3521 αὑτοῦ
3213 3465 3495 3535 λέγεσθαι,
3534 3466 3737 3540 ψευδὴς

2162 3562 2190 3615 6
2223 3561 2404 3631 λόγος.
2607 3592 2611 3596 -
3812 3548 3813 3551 ¹

2233 3656 2307 3710 Τὸ
2362 3655 2474 3726 γὰρ
2507 3653 2802 3710 .ἁνὰπαλιν
2857 3654 3060 3725 μᾶλλόν
3113 3655 3285 3708 ἐστιν.
3336 3653 3448 3707 Ἀεὶ
3501 3653 3613 3725 γὰρ
3664 3656 3735 3710 τὰ

2162 3750 2409 3820 πρότερα
2451 3748 2561 3801 τῶν
2594 3747 2842 3819 ὑστέρων
2887 3747 3028 3801 εἰσιν
3071 3746 3248 3801 αἴτια.
3291 3747 3562 3817 Πρότερον
3586 3747 3645 3802 δὲ
3675 3747 3740 3802 τδ

2162 3840 2301 3896 εἶναι
2332 3842 2391 3895 τὸ
2419 3840 2645 3912 Πνεῦμα
2672 3839 2765 3894 τοῦ
2798 3839 2928 3894 Υιοῦ
2955 3838 3206 3911 Πνεῦμα,
3235 3842 3297 3894 τὸ
3318 3841 3375 3895 δὲ
3414 3839 3737 3911 πέμπεσθαι

2162 3936 2436 4007 iis-tepor
2492 3936 2605 3987 εἴτε
2652 3935 2761 4005 γὰρ
2801 3935 2904 4005 τὴν
2955 3935 3218 4005 χρονικὴν
3267 3934 3474 4005 ταύτην
3524 3933 3740 4005 πέμψεν

2159 4026 2368 4091 λάϐοις,
2405 4026 2608 4095 ὑστέρα
2639 4026 2789 4080 ἐστὶν
2838 4025 3231 4097 ἀναμφιϐόλως
3279 4026 3375 4080 τοῦ
3408 4026 3471 4080 τὸ
3513 4025 3738 4095 Πνεῦμα

2168 4121 2396 4190 Πνεῦμα
2446 4117 2591 4174 εἶναι
2622 4118 2794 4185 Υἱοῦ,
2842 4120 2982 4189 ὅπερ
3032 4122 3183 4174 ἐστὶν
3227 4120 3399 4174 ἀΐδιον
3425 4133 3441 4147 ·
3487 4119 3602 4172 εἶτε
3636 4120 3737 4189 τὴν

2162 4217 2335 4271 ἀΐδιον
2387 4213 2600 4287 πέμψεν
2649 4217 2896 4287 νοήσαις,
2948 4216 3043 4268 καὶ
3085 4211 3261 4277 οὕτως
3309 4212 3521 4283 ἐπινοίᾳ
3568 4227 3739 4281 προη-

2159 4311 2333 4377 γεῖται
2364 4310 2424 4362 τδ
2472 4304 2612 4362 εἶναι
2659 4307 2720 4361 τὸ
2748 4308 2977 4378 Πνεῦμα
3031 4305 3259 4376 Πνεῦμα
3298 4304 3453 4359 Tisia.
3499 4305 3650 4359 Διότι
3680 4306 3739 4355 τὸ

2162 4402 2259 4473 μὲν
2289 4397 2428 4457 εἶναι
2474 4403 2537 4455 τὸ
2570 4402 2795 4469 Πνεῦμα
2844 4398 3078 4469 Πνεῦμα
3115 4400 3283 4454 αὐτοῦ
3325 4401 3531 4453 νοεῖται
3560 4398 3638 4462 ὥς
3676 4397 3738 4450 τδ

482 4518 596 4560 tum
631 4543 647 4569 ,
697 4502 1029 4572 intelligitur
1060 4510 1323 4570 tauquam
1361 4497 1589 4559 habere,
1654 4494 1875 4549 mittere
1916 4507 2049 4547 vero

2160 4494 2308 4564 ἔχειν
2333 4508 2348 4524 ⁸
2381 4496 2444 4549 τὸ
2472 4496 2528 4549 δὲ
2564 4495 2811 4567 πέμπειν
2845 4495 2920 4558 ὡς
2960 4493 3183 4549 διδόναι.
3237 4493 3652 4564 Προεπινοεῖται
3679 4490 3736 4544 δί

483 4607 744 4669 tauquam
784 4596 940 4652 dare.
986 4594 1199 4649 Habere
1265 4600 1453 4647 autem
1500 4585 1943 4659 prmintelligitur
1976 4585 2052 4650 ei,

482 4691 633 4761 quod
660 4698 745 4747 est
782 4688 935 4745 dare.
982 4689 1163 4753 Quare
1196 4684 1383 4755 potius
1424 4681 1717 4738 nobiscum
1773 4678 1907 4734 iacit
1951 4679 2052 4733 ista

484 4787 647 4842 ratio.
669 4784 808 4852 Quia
836 4783 983 4837 enim
1012 4778 1343 4836 naturaliter
1366 4785 1451 4833 est
1470 4776 1589 4847 ejus
1615 4772 1879 4845 Spiritus,
1897 4781 2057 4826 uatu-

481 4881 671 4935 raliter
696 4878 864 4933 etiam
892 4892 1020 4933 eum
1054 4873 1244 4929 mittit.
1274 4870 1557 4929 Naturalis
1588 4885 1718 4924 vero
1766 4868 1821 4921 iu
1852 4867 2056 4921 divinis

481 4973 771 5044 productio
796 5011 812 5036 ,
849 4984 975 5025 cum
1010 4968 1097 5022 vel
1129 4965 1432 5023 secundum
1466 4961 1875 5033 generationem
1906 5000 1921 5025 ,
1966 4959 2054 5012 νει

479 5063 892 5138 processiouel'u
952 5061 1200 5125 essistat,
1292 5058 1552 5127 quoniam
1615 5058 1732 5110 haec
1791 5067 1899 5105 non
1970 5059 2057 5105 est

484 5157 787 5212 secundum
826 5155 1261 5224 generationem,
1290 5149 1397 5202 erit
1421 5163 1554 5216 ergo
1584 5145 1888 5199 secundum
1924 5158 2050 5213 pro-

482 5252 817 5306 eessionem.
845 5246 1024 5318 Atque
1069 5246 1144 5299 ita
1186 5242 1379 5299 missio
1422 5238 1663 5310 Spiritus
1690 5252 1759 5291 ex
1796 5234 1941 5290 Filio
1970 5243 2058 5291 est

484 5346 605 5414 ejus
630 5341 699 5396 ab
727 5342 847 5410 ipso
880 5336 1183 5409 processio.

558 5434 826 5490 Prmterea
872 5431 1112 5503 Spiritus
1155 5439 1378 5484 sanctus
1409 5425 1613 5495 accipit
1645 5440 1674 5480 a
1718 5424 1905 5479 Filio:
1956 5422 2060 5477 Ille

486 5531 653 5595 enim,
683 5528 885 5598 inquit,
917 5530 979 5595 de
1006 5541 1119 5579 mea
1151 5524 1393 5593 accipiet.
1432 5519 1589 5587 Quod
1619 5527 1801 5573 autem
1833 5516 2055 5587 accipit,

491 5631 579 5679 est
613 5622 733 5691 ejus
763 5620 1024 5677 essentia.
1047 5618 1235 5689 Neque
1263 5616 1407 5671 enim
1434 5612 1581 5667 aliud
1608 5620 1691 5667 est
1721 5612 1841 5682 ejus
1866 5625 2058 5665 essen-

491 5721 589 5783 tia,
619 5714 765 5770 aliud
801 5730 935 5771 vero
966 5714 1109 5784 quod
1143 5711 1365 5781 accipit,
1386 5719 1536 5765 certe
1566 5706 1713 5761 enim
1739 5714 1886 5759 esset
1912 5717 2062 5757 Culu-

486 5810 721 5880 positus.
774 5809 942 5882 Atqui
988 5808 1043 5864 in
1079 5821 1289 5865 summa
1332 5799 1709 5875 simplicitatis
1753 5796 2059 5853 eminentia

2153 4588 2249 4642 τοῦ
2277 4588 2482 4642 διδόναι
2513 4587 2575 4641 τὸ
2594 4588 2766 4660 ἔχειν.
2798 4587 2968 4641 Ὥστε
3005 4586 3214 4660 μᾶλλον
3243 4584 3381 4657 πρὸς
3411 4584 3571 4656 ἡμῶν
3599 4587 3630 4640 6
3652 4584 3735 4637 λό-

2155 4699 2275 4751 γος.
2305 4684 2451 4737 Διότι
2497 4683 2611 4753 γὰρ
2660 4679 2825 4752 φύσει
2863 4681 3015 4735 ἐστὶν
3074 4680 3244 4734 αὑτοῦ
3293 4678 3545 4749 Πνεῦμα,
3576 4679 3735 4748 φύσει

2156 4776 2289 4829 αὐτὸ
2321 4776 2550 4847 πέμπει.
2584 4778 2695 4846 Τῆς
2718 4776 2775 4828 δὲ
2802 4775 3041 4845 φυσικῆς
3072 4776 3130 4829 ὲν
3165 4774 3280 4835 τοῖς
3312 4772 3481 4835 θείοις
3506 4772 3733 4842 προόδου

2156 4869 2189 4938 ἢ
2242 4871 2384 4923 κατὰ
2423 4871 2703 4939 γέννησιν,
2760 4868 2791 4939 ἦ
2833 4867 2955 4922 κατ’
3008 4867 3339 4937 ἑκπόρευσιν
3392 4863 3584 4934 οὔσης,
3616 4862 3736 4913 ἐπεὶ

2158 4960 2298 5030 αῦτη
2337 4961 2413 5033 μὴ
2446 4961 2562 5015 ἔστι
2602 4961 2747 5015 κατὰ
2772 4959 3051 5030 γέννησιν,
3086 4959 3234 5012 ἐστιν
3268 4961 3378 5028 ἄρα
3426 4959 3551 5012 κατ’
3574 4955 3734 5010 ἐκπό-

2161 5073 2363 5127 ρενσιν.
2395 5055 2508 5109 Καὶ
2536 5054 2709 5119 οὕτως
2758 5057 2791 5126 ὴ
2833 5056 2892 5121 ἐξ
2926 5054 3056 5107 Υἱοῦ
3089 5052 3184 5107 τοῦ
3238 5054 3561 5123 Πνεύματος
3594 5052 3731 5119 πέμ-

2157 5152 2252 5220 ψις
2289 5150 2438 5203 ἐστὶν
2471 5148 2799 5220 ὲκπόρενσις
2831 5146 2999 5203 αὑτοῦ
3033 5147 3093 5215 ἐξ
3127 5146 3321 5201 αὑτοῦ.

2236 5422 2357 5474 Ἔτι
2382 5426 2445 5474 τὸ
2470 5417 2692 5490 Πνεῦμα
2718 5415 2779 5470 τὸ
2804 5416 2961 5485 ἅγιον
2989 5414 3259 5486 λαμϐάνει
3282 5414 3433 5486 παρὰ
3453 5414 3548 5468 τοῦ
3580 5410 3726 5467 Υξοῦ.

2174 5514 2433 5579 Ἐκεῖνος
2460 5515 2569 5582 γάρ
2599 5529 2791 5583 φησιν,
2820 5509 2931 5565 "Ex
2965 5497 3076 5566 τοῦ
3099 5510 3246 5579 ἐμοῦ
3275 5510 3552 5578 λήψεται.
3614 5508 3654 5558 0
3676 5505 3728 5557 δὲ

2160 5608 2457 5679 λαμϐάνει,
2487 5608 2634 5661 ἔστιν
2661 5608 2693 5675 ἡ
2731 5604 2889 5658 οὐσία
2913 5603 3081 5659 αὑτοῦ
3107 5620 3121 5634 ⁸
3153 5602 3277 5656 οὐδὲ
3306 5603 3415 5671 γάρ
3437 5603 3583 5654 ἐστιν
3605 5597 3729 5654 ἄλλο

2166 5703 2264 5773 μὲν
2295 5703 2329 5773 ἡ
2379 5701 2537 5754 οὐσία
2570 5698 2765 5761 αὐτοῦ,
2801 5698 2929 5752 ἄλλο
2976 5696 3033 5751 δὲ
3066 5697 3126 5749 τὸ
3160 5695 3189 5750 ὃ
3215 5694 3485 5764 λαμϐάνει
3510 5710 3521 5723 '
3554 5692 3585 5761 ἢ
3622 5690 3727 5759 γὰρ

2166 5797 2233 5851 ἄν
2264 5794 2348 5855 εἴη
2378 5791 2659 5849 σύνθετον.
2704 5791 2862 5847 Ἀλλὰ
2898 5790 3005 5863 μήν
3051 5792 3198 5843 ἐστιν
3228 5791 3285 5842 ἐν
3313 5789 3459 5852 ἄκρα
3501 5786 3726 5845 acida)-
