4036 6140
342 284 445 350 381

1273 284 1371 347 DE
1412 279 1940 346 PROCESSIONE
1984 277 2346 339 SPlRlTUS
2388 271 2685 337 SANCTI.

3491 264 3598 334 382

331 420 423 467 τος
451 403 700 477 ὑπεροχῇ
726 404 755 457 6
800 401 955 467 Θεός.
987 401 1099 472 Τὴν
1148 400 1341 456 οὐσίαν
1396 400 1568 455 αὑτοῦ
1597 400 1707 471 ἄρα
1738 400 1832 452 καὶ
1860 397 1924 451 16

2044 402 2112 451 est
2144 393 2312 449 Deus.
2349 391 2523 463 igitur
2573 386 2872 445 essentiam
2924 400 3082 445 suam
3126 393 3184 443 et
3229 399 3350 441 esse
3392 384 3599 455 accipit

330 494 782 568 ἀναλαμϐάνει
812 498 878 551 ὲκ
902 494 997 550 τοῦ
1024 493 1183 550 Υἰοῦ,

400 590 477 644 Τὸ
510 590 643 661 γὰρ,
687 590 782 644 ἐκ
815 588 921 644 τοῦ
971 587 1120 658 ἐμοῦ
1168 587 1456 657 λήψεται,
1506 587 1608 660 οὐχ
1648 585 1725 651 ὦς
1772 602 1917 650 τινες

332 685 560 749 οἴονται,
591 686 656 737 tat
686 685 782 737 τοῦ
812 682 950 751 ἐμοῦ
986 681 1201 755 Πατρδς
1228 681 1475 754 νοητέον.

405 779 633 851 Πρῶτον
672 778 793 849 μὲν,
822 778 902 833 ὅτι
934 780 1036 849 οὐχ
1072 776 1365 849 Ἑλληνικὴ
1397 780 1430 850 η
1462 778 1723 851 προφορὰ
1751 776 1919 849 αὕτη.

335 874 398 927 Et
429 875 536 947 γὰρ
571 872 649 943 τῷ
700 875 764 927 ὲκ
815 871 910 928 τοῦ
958 873 1097 942 ἐμοῦ
1145 874 1237 928 τοῦ
1286 872 1498 943 Πατρδς
1546 871 1924 928 συνυπακούε-

340 966 467 1021 σθαι
497 968 602 1031 δεῖ,
643 966 798 1021 ἔσται
827 964 890 1021 τὺ
936 966 1086 1036 ἐμοῦ
1138 966 1457 1037 ἀντωνυμία
1494 965 1783 1037 άρσενικὴ.
1822 963 1925 1017 Οὖ-

252 1110 257 1119 μ
334 1059 447 1123 δεὶς
474 1058 534 1113 δὲ
562 1058 663 1129 τῆς
698 1058 972 1128 Ἐλλήνων
1002 1059 1407 1131 πεπειραμένος
1439 1059 1624 1129 φωνῆς
1648 1058 1682 1130 ἢ
1709 1058 1928 1127 ἀρσενι-

344 1151 449 1221 κὴν
482 1152 516 1222 ἢ
568 1151 811 1222 θηλυκην
867 1151 1220 1222 άντωνυμίαν
1272 1150 1443 1222 χωρὶς
1491 1148 1814 1220 προσθήκης
1859 1148 1928 1202 ἂν

344 1244 697 1313 προενέγκοι,
728 1243 865 1298 ἀλλὰ
899 1244 1039 1315 μετᾶ
1067 1243 1395 1314 προσθήκης
1435 1242 1523 1297 άεί
1547 1258 1561 1272 ·
1580 1242 1637 1296 '0
1664 1241 1816 1310 ἐμὸς,
1847 1240 1932 1294 λέ-

342 1352 476 1403 γων,
506 1335 759 1403 ἀδελφὸς,
785 1336 819 1407 ἢ
868 1335 1020 1406 φίλος
1047 1351 1064 1369 ο
1101 1339 1196 1392 καὶ
1236 1334 1303 1392 ’Π
1334 1333 1443 1406 ἐμὴ
1495 1332 1661 1399 οἰκία,
1690 1334 1724 1404 ἢ
1752 1333 1927 1397 πόλις.

350 1418 411 1477 ’0
443 1424 591 1494 ἐμὸς
626 1425 685 1480 δὲ
717 1426 908 1490 ἁπλῶς
943 1427 1140 1493 εἰπεῖν,
1184 1424 1340 1480 οὐδὲν
1391 1424 1596 1497 μᾶλλον
1650 1424 1864 1494 πατέρα
1895 1424 1929 1493 ἢ

322 1516 610 1587 πολέμιον
662 1518 945 1589 σημαίνει.
1011 1517 1251 1573 Ἔπειτα
1286 1518 1384 1572 καὶ
1417 1517 1525 1572 ἀπὸ
1578 1514 1673 1570 τοῦ
1723 1516 1933 1570 σκοποῦ

347 1610 577 1681 καὶτῆς
623 1614 975 1678 κατασκευῆς
1028 1609 1199 1665 αὐτοῦ
1265 1609 1669 1687 τοῦνΣιωτῆρος
1701 1612 1729 1663 6
1777 1609 1934 1677 λόγος

347 1694 504 1766 οὗτος
552 1702 838 1757 δείκνυται
884 1704 1139 1775 μάταιος.
1189 1703 1396 1764 Πάντα
1443 1704 1575 1775 γὰρ,
1604 1705 1793 1774 φησὶν,
1817 1702 1935 1757 ὅσα

348 1791 477 1862 ἔχει
522 1796 556 1849 δ
595 1793 822 1864 Πατὴρ,
868 1772 983 1864 ἐμά
1006 1794 1219 1849 ἐστιν’
1263 1794 1353 1848 διὰ
1402 1772 1559 1847 τοῦτο
1599 1772 1756 1847 εἷπον
1806 1793 1938 1864 ὑμῖν
1968 1772 2008 1827 Β

240 1942 245 1947 η
348 1884 432 1937 ὅτι
477 1884 575 1956 Ἐκ
622 1883 731 1939 τοῦ
758 1884 907 1953 ἐμοῦ
951 1884 1214 1954 λήψεται
1263 1884 1364 1938 καί
1402 1882 1729 1955 ἀναγγελεῖ
1770 1883 1933 1953 ὑμῖν.

362 1977 452 2043 Ὧς
494 1975 636 2033 εἶναι
667 1977 760 2031 τὸν
790 1977 951 2047 λόγον
980 1977 1227 2033 τοιοῦτον
1253 1992 1270 2009 ο
1304 1977 1379 2030 Τὸ
1409 1976 1637 2047 Πνεῦμα
1665 1964 1937 2047 λαμϐάνει

350 2073 415 2125 ἐκ
444 2069 556 2125 τῶν
578 2069 675 2124 τοῦ
707 2068 925 2142 Πατρός
949 2086 967 2134 ᾳ
1000 2071 1181 2126 πάντα
1210 2069 1281 2125 τά
1328 2070 1424 2124 τοῦ
1457 2070 1672 2138 [ἰατρὸς
1698 2068 1808 2140 ἐμά
1831 2085 1847 2101 ο
1876 2068 1942 2124 16

352 2161 581 2235 Πνεῦμα
613 2164 723 2232 ἄρα
748 2162 1020 2235 λαμϐάνει
1050 2164 1113 2222 ὲκ
1139 2147 1249 2216 τῶν
1293 2162 1468 2233 ἐμῶν,
1499 2164 1533 2235 ἢ
1565 2164 1630 2216 ἐκ
1652 2161 1750 2216 τοῦ
1776 2162 1934 2232 ἐμοῦ.

306 2262 314 2269 ‘
364 2230 728 2318 ’Δλλ⁹ἀύτδςι
756 2230 952 2317 καίτὰ
997 2240 1265 2313 αὑτοῦἔν-
1291 2230 1399 2308 είσι
1435 2230 1674 2327 πράγμα
1720 2230 1937 2324 statim

353 2344 535 2413 ἄκραν
571 2344 851 2418 ἁπλότητα
876 2360 892 2376 ·
942 2346 1216 2416 λαμϐάνει
1263 2346 1371 2418 ἄρα
1400 2347 1460 2413 ἐξ
1498 2346 1669 2401 αὑτοῦ
1703 2346 1802 2417 τὴν
1847 2347 1937 2401 οὐ·

356 2437 482 2490 σίαν
516 2434 708 2493 αὐτοῦ.
740 2438 960 2507 Ταύτης
990 2438 1048 2493 δὲ
1086 2442 1187 2509 τῆς
1215 2439 1533 2511 ιξηγήσεως
1568 2440 1665 2494 καὶ
1696 2440 1725 2493 6
1760 2440 1937 2511 μέγας

355 2528 508 2581 ὲςτὶν
547 2528 887 2595 Ἀθανάσιος,
921 2529 1132 2599 λέγων’
1170 2533 1245 2586 Οὐ
1276 2535 1386 2604 γὰρ
1413 2536 1441 2586 6
1463 2533 1635 2603 Λόγος
1661 2535 1813 2604 παρὰ
1843 2533 1939 2589 τοῦ

357 2613 675 2685 ιινεύματος
707 2617 1000 2687 λαμϐάνει,
1026 2619 1164 2675 ἀλλὰ
1192 2624 1250 2676 16
1275 2623 1502 2693 Πνεῦμα
1531 2625 1681 2696 παρὰ
1711 2625 1806 2681 τοῦ
1837 2626 1940 2680 A6-

355 2722 479 2774 γου.
513 2708 577 2760 Τί
602 2706 697 2761 οὖν
728 2709 1001 2780 λαμϐάνει
1035 2712 1189 2785 παρὰ
1229 2714 1328 2768 τοῦ
1369 2714 1543 2783 Tia-'5;
1579 2717 1822 2789 δηλονότι
1851 2734 1940 2772 σο-

358 2797 491 2867 φίαν
524 2801 619 2855 καὶ
650 2801 877 2870 γνῶσιν.
923 2805 1019 2859 Ἐκ
1050 2806 1157 2861 τοῦ
1201 2806 1349 2877 ἐμοῦ
1379 2808 1511 2880 γὰρ,
1555 2811 1710 2881 φησὶ,
1741 2811 1939 2883 λήψε-

356 2908 457 2945 ται
510 2893 608 2948 καὶ
638 2894 966 2969 ἀναγγελεῖ
996 2899 1163 2969 ὑμῖν.
1185 2903 1260 2956 Τὸ
1293 2903 1406 2974 γὰρ
1435 2905 1794 2976 άναγγέλλειν
1822 2910 1939 2963 ἐστὶ

358 2985 421 3036 τὸ
450 2983 667 3052 διδάξαι
718 2989 811 3042 καὶ
843 2990 1077 3058 φωτίσαι
1111 2993 1237 3059 τοὺς
1278 2996 1615 3060 ἀποστόλους
1641 3013 1656 3029 ο
1704 2998 1861 3054 τοῦτο
1891 2999 1939 3054 δ’

356 3078 725 3181 int-coptari.
754 3082 953 3181 ξοφὶαν
975 3084 1083 3155 ἄρα
1113 3087 1264 3156 παρά
1290 3088 1383 3141 τοῦ
1418 3088 1548 3142 Υίοῦ
1576 3090 1854 3161 λαμϐάνει
1881 3095 1941 3148 16
1968 3121 2013 3181 ο

360 3170 612 3241 Πνεῦμα.
646 3172 714 3226 Τί
744 3172 878 3241 οὖν;
910 3177 978 3230 ἐκ
1006 3178 1101 3231 τοῦ
1150 3178 1363 3248 [ἰατρὸς
1392 3181 1702 3254 προϐληθὲν
1736 3188 1939 3257 ἄσοφον

357 3261 450 3336 ἦν,
478 3266 576 3319 καὶ
608 3264 716 3322 ἔδει
759 3269 913 3341 παρὰ
943 3271 1037 3324 τοῦ
1072 3272 1205 3327 Υίοῦ
1252 3274 1449 3331 ἔπειτα
1480 3280 1675 3347 σοφίαν
1711 3281 1939 3351 λαϐετνς

436 3357 686 3433 ἕτερονή
724 3363 888 3433 σοφία
925 3365 1092 3419 αὑτοῦ
1120 3369 1219 3421 καὶ
1265 3368 1454 3441 ἕτερον
1481 3374 1513 3440 ἡ
1544 3373 1702 3429 οὐσία
1739 3377 1940 3445 αὐτοῦ;

448 3453 608 3508 Ἀλλά
654 3457 830 3511 ταῦτα
880 3458 1087 3514 ἄτοπον
1118 3461 1320 3531 λέγειν.
1376 3465 1549 3521 Τοῦτο
1578 3467 1689 3539 γάρ
1732 3471 1944 3542 ἐστινὴ

362 3545 531 3610 σοφία
560 3545 755 3614 αὐτοῦ,
789 3550 884 3603 καὶ
926 3551 989 3605 16
1019 3548 1161 3607 εῖναι
1190 3554 1381 3623 αὐτοῦ,
1428 3558 1525 3612 καὶ
1563 3561 1695 3633 παρ’
1726 3562 1787 3616 οὗ
1818 3563 1944 3634 ἔσχε

359 3634 427 3688 16
448 3631 611 3706 εἶναι,
644 3641 802 3712 παρὰ
826 3642 1020 3698 τούτου
1048 3645 1209 3700 ἔλαϐε
1242 3649 1336 3703 καὶ
1381 3651 1479 3723 τὴν
1515 3631 1727 3722 σοφίαν,
1759 3658 1854 3710 καὶ
1882 3631 1946 3710 εν

362 3725 520 3798 αὐτῷ
573 3729 654 3801 τῷ
705 3732 1139 3805 ἐκπορεύεσθαι,
1187 3740 1387 3812 καὶτῷ
1446 3738 1588 3797 εἶναι
1622 3745 1944 3815 λαμϐάνειν,

364 3818 466 3873 καὶ
492 3819 810 3911 ὑφεστάναι,
849 3827 947 3879 καὶ
976 3827 1077 3899 τὴν
1121 3830 1318 3901 σοφίαν
1349 3832 1475 3905 ἔσχε
1499 3836 1688 3894 λαϐόν.
1720 3840 1834 3911 Τὴν
1859 3858 1948 3895 σο·-

364 3911 501 3982 φὶαν
525 3910 619 3964 οὖν
649 3913 744 3967 καὶ
777 3916 928 3987 παρὰ
958 3916 1052 3970 τοῦ
1081 3917 1216 3973 Υιοῦ
1238 3920 1542 3991 λαμϐάνον,
1576 3927 1669 3979 καὶ
1700 3927 1761 3978 16
1785 3910 1946 3996 εἶναι,

365 4004 466 4056 καὶ
492 4002 591 4074 τὴν
615 4003 803 4060 οὐσίαν
821 4009 881 4060 εν
908 4008 1093 4081 ταυτῷ
1114 4012 1246 4083 παρ’
1270 4013 1440 4067 αὑτοῦ
1470 4016 1716 4089 εἴληφεν.
1756 4018 1949 4075 Ἔστιν

364 4090 464 4150 οὖν
485 4098 514 4150 ό
547 4097 671 4163 Υἱὸς
700 4100 809 4171 ἄρα
833 4104 1004 4169 αῐτιος
1032 4104 1183 4177 αὐτῷ
1216 4107 1311 4161 τοῦ
1346 4105 1512 4167 εἶναι.

271 4265 275 4268 ν
450 4192 598 4259 Ἐτι,
641 4195 693 4248 εί
730 4196 791 4249 16
821 4197 1049 4268 Πνεῦμα
1079 4198 1348 4272 λαμϐάνει
1397 4205 1550 4276 παρὰ
1580 4205 1678 4259 τοῦ
1741 4206 1894 4274 Υίοῦ,
1922 4209 1952 4263 6

367 4284 502 4351 Υἱὸς
529 4286 680 4360 αὑτῴ
727 4289 945 4345 δίδωσιν
972 4307 987 4321 ·
1019 4292 1159 4347 ἀλλὰ
1193 4293 1257 4349 16
1283 4294 1488 4351 διδόναι
1517 4297 1613 4353 ἐπὶ
1648 4298 1757 4353 τῶν
1791 4299 1953 4354 θείων

368 4380 689 4455 προσώπων
718 4383 976 4453 σημαίνει
1008 4385 1138 4439 αὐτὸ
1169 4386 1230 4440 16
1258 4389 1547 4459 προάγειν,
1577 4393 1673 4447 καὶ
1700 4393 1800 4464 οὐχ
1828 4394 1950 4448 ιτε-

2022 503 2055 543 a
2086 487 2248 543 Filio.

2098 579 2236 634 illud
2293 562 2441 633 enim
2469 617 2484 643 ,
2534 574 2612 630 De
2654 591 2769 629 meo
2799 574 3051 644 accipiet,
3104 587 3214 629 non
3246 581 3308 628 ut
3348 570 3601 628 nonnulli

2025 672 2164 729 falso
2194 670 2543 734 existimant,
2584 672 2650 724 de
2679 683 2805 723 meo
2844 667 3005 723 Patre
3036 665 3459 738 intelligendum
3492 676 3601 722 est.

2099 764 2346 822 Primum
2404 762 2651 834 quidem,
2705 762 2850 831 quod
2884 761 3001 816 haec
3036 776 3148 815 non
3182 759 3255 816 sit
3280 759 3597 817 Gra'corum

2027 861 2303 933 prolatio;
2331 861 2379 915 si
2410 850 2556 914 enim
2588 871 2729 925 opus
2760 855 2851 921 sit,
2884 855 2953 912 de
2986 869 3110 912 meo
3144 853 3378 922 intelligi
3404 855 3602 919 Patre,

2029 954 2188 1021 illud,
2236 952 2410 1016 Meus,
2442 951 2549 1006 erit
2572 964 2878 1020 pronomen
2908 949 3090 1004 virile.
3126 947 3300 1003 Nemo
3329 958 3515 1003 autem
3550 949 3603 1002 in

2030 1048 2215 1119 lingua
2250 1046 2439 1102 Grarca
2485 1045 2821 1100 exercitatus
2867 1051 3033 1113 atque
3085 1051 3357 1107 versatus,
3400 1056 3606 1113 prono-

2030 1154 2156 1195 men
2202 1139 2363 1195 virile
2413 1152 2512 1194 seu
2562 1136 2862 1191 femineum
2907 1135 3028 1191 sine
3063 1135 3463 1201 additamento,
3514 1148 3608 1189 ve-

2029 1247 2153 1287 rum
2180 1245 2400 1300 semper
2423 1245 2547 1284 cum
2573 1226 2941 1298 appendicula
2972 1226 3267 1296 protulerit
3286 1226 3362 1298 (l)
3391 1225 3601 1294 :Meus,

2033 1325 2310 1395 inquiens,
2344 1324 2552 1387 frater,
2591 1321 2675 1376 vel
2722 1320 2964 1386 amicus;
3002 1329 3081 1385 et,
3111 1319 3228 1374 Mea
3254 1320 3484 1385 domus,
3519 1320 3609 1374 vel

2033 1417 2248 1473 civitas.
2308 1415 2377 1471 At
2412 1431 2579 1480 meus,
2615 1413 2950 1484 simpliciter
3007 1415 3195 1469 dicere
3218 1451 3232 1477 ,
3268 1428 3379 1468 non
3429 1412 3605 1483 magis

2034 1517 2248 1578 patrem
2311 1523 2476 1577 quam
2540 1508 2758 1563 hostem
2816 1504 3114 1577 signiﬁcat.
3169 1504 3380 1560 Deinde
3428 1518 3607 1565 vero.

2040 1603 2210 1657 etiam
2242 1618 2270 1656 a
2308 1617 2499 1673 scopo,
2524 1612 2579 1656 et
2607 1610 2886 1656 structura
2920 1599 3214 1664 sermonis,
3252 1608 3312 1655 et
3334 1598 3600 1669 composi-

2043 1694 2219 1761 tione,
2252 1694 2427 1764 ipsius
2458 1694 2781 1762 Salvatoris,
2826 1710 2965 1750 vana
3012 1695 3327 1750 ostenditur
3378 1692 3482 1748 ista
3524 1706 3611 1747 re—

2039 1784 2265 1854 sponsio
2305 1785 2543 1842 :Omnia
2596 1787 2736 1841 enim
2761 1826 2776 1847 .
2822 1785 3025 1855 inquit,
3071 1800 3189 1855 quae
3236 1784 3388 1839 habet
3424 1782 3611 1847 Pater,

2040 1895 2157 1934 mea
2188 1889 2310 1933 sunt
2340 1894 2359 1933 :
2394 1886 2675 1950 propterea
2711 1880 2822 1935 dixi
2854 1879 2993 1935 vobis
3013 1919 3027 1945 ,
3068 1879 3206 1947 quod
3241 1878 3306 1932 de
3333 1893 3447 1932 meo
3476 1877 3615 1931 acci-

2039 1970 2169 2041 piet,
2212 1979 2263 2025 et
2289 1972 2631 2026 auuuntiabit
2678 1971 2842 2027 vobis.
2875 1971 2948 2029 Ut
2974 1970 3099 2027 talis
3120 1972 3193 2027 sit
3222 1970 3571 2027 ratiocinatio
3594 1986 3613 2024 :

2042 2063 2289 2134 Spiritus
2317 2065 2521 2133 accipit
2542 2079 2609 2125 ex
2638 2065 2709 2121 iis
2737 2080 2861 2136 quae
2887 2074 3017 2121 sunt
3046 2066 3228 2121 Patris
3254 2082 3269 2132 ;
3297 2064 3484 2121 omnia
3513 2064 3615 2119 Pa-

2040 2158 2141 2213 tris
2192 2173 2313 2213 mea
2361 2165 2529 2224 sunt;
2585 2158 2756 2228 igitur
2797 2157 3041 2229 Spiritus
3093 2158 3299 2230 accipit
3348 2173 3417 2213 ex
3451 2159 3615 2224 meis,

2039 2266 2139 2306 seu
2180 2265 2248 2305 ex
2304 2265 2449 2306 meo.
2507 2248 2615 2305 Sed
2670 2252 2787 2322 ipse
2842 2261 2898 2307 et
2927 2266 3026 2307 sua
3061 2265 3171 2307 una
3207 2266 3298 2307 res
3357 2259 3489 2306 sunt
3541 2251 3619 2307 ob

2040 2358 2313 2398 summam
2338 2343 2788 2413 simplicitatem;
2822 2359 2955 2415 ergo
2985 2344 3189 2423 accipit
3213 2345 3282 2401 ab
3304 2345 3426 2415 ipso
3456 2360 3615 2402 suam

2038 2436 2357 2493 essentiam.
2393 2437 2591 2501 Porro,
2621 2436 2695 2491 ita
2725 2436 2892 2491 etiam
2920 2437 3150 2507 exponit
3174 2437 3405 2509 Magnus
3437 2437 3616 2495 Atha-

2043 2529 2260 2585 nasius.
2298 2529 2418 2586 Non
2458 2529 2632 2597 enim,
2666 2530 2870 2600 inquit,
2895 2530 3138 2587 Verbum
3170 2546 3200 2586 a
3229 2530 3438 2603 Spiritu
3469 2532 3621 2588 acci-

2041 2622 2146 2691 pit,
2208 2621 2306 2678 sed
2349 2620 2594 2692 Spiritus
2628 2638 2659 2678 a
2708 2623 2909 2679 Verbo.
2949 2622 3092 2690 Quid
3132 2623 3303 2695 igitur
3355 2623 3558 2695 accipit
3584 2639 3619 2680 α

2043 2712 2222 2769 Filio?
2246 2728 2450 2785 nempe
2475 2714 2803 2784 sapientiam
2836 2721 2893 2769 et
2948 2714 3322 2785 cognitionem
3350 2732 3366 2771 :
3396 2716 3473 2771 De
3503 2730 3620 2773 meo

2042 2809 2214 2876 enim,
2258 2808 2472 2880 inquit,
2508 2810 2761 2881 accipiet,
2803 2819 2855 2864 et
2894 2809 3236 2864 annuntiabit
3268 2810 3435 2866 vobis.
3474 2810 3619 2866 Illud

2042 2901 2192 2958 enim
2242 2901 2611 2966 annuntiare,
2655 2910 2741 2957 est
2769 2901 2998 2970 docere,
3033 2911 3091 2957 et
3129 2901 3447 2959 illuminare
3488 2917 3622 2974 apo-

2043 2994 2240 3061 stolos,
2272 2994 2379 3049 hoc
2408 3002 2596 3050 autem
2631 2995 3050 3067 cstAsapientiaa.
3074 2994 3417 3065 Sapientiam
3447 2995 3619 3067 igitur

2051 3084 2257 3155 accipit
2287 3098 2317 3139 a
2342 3082 2482 3140 Filio
2516 3062 2776 3155 Spiritus.
2807 3062 2949 3151 Quid
2987 3062 3209 3156 igitur'?
3236 3100 3268 3140 a
3305 3062 3623 3157 Pati-{pro-

2046 3176 2266 3244 ductus,
2303 3176 2563 3232 indoctus
2586 3185 2727 3243 erat,
2758 3186 2813 3231 et
2844 3190 2984 3245 opus
3010 3183 3132 3230 erat
3163 3184 3356 3246 postea
3396 3175 3621 3247 sapien-

2047 3269 2176 3323 tiam
2204 3268 2497 3339 accipere?
2528 3269 2615 3325 vel
2640 3269 2788 3324 aliud
2822 3278 2909 3325 est
2935 3269 3056 3340 ejus
3077 3268 3371 3340 sapientia,
3395 3276 3452 3325 et
3474 3268 3624 3325 aliud

2045 3362 2166 3430 ejus
2192 3351 2474 3417 essentia?

2120 3454 2321 3512 Verum
2357 3456 2473 3511 haec
2501 3455 2801 3512 absurdum
2860 3467 2946 3513 est
3002 3457 3215 3515 dicere.
3241 3495 3246 3500 ε
3270 3456 3423 3515 Idem
3462 3456 3617 3513 enim

2046 3558 2131 3604 est
2161 3551 2283 3617 ejus
2308 3550 2596 3620 sapientia,
2640 3560 2696 3606 et
2741 3568 2903 3608 suum
2936 3568 3061 3610 esse
3098 3563 3197 3610 :et
3226 3568 3257 3609 a
3286 3568 3396 3622 quo
3428 3554 3629 3609 habuit

2047 3655 2194 3709 esse,
2226 3642 2296 3698 ab
2325 3657 2392 3697 eo
2425 3645 2640 3712 accepit
2673 3655 2729 3699 et
2758 3647 3127 3717 sapientiam;
3155 3656 3212 3703 et
3256 3648 3311 3703 in
3341 3646 3462 3716 ipso
3500 3661 3627 3717 pro-

2049 3732 2200 3799 duci,
2248 3743 2305 3789 et
2356 3735 2607 3806 accipere
2641 3754 2803 3794 suum
2828 3754 2949 3796 esse
2970 3779 2985 3806 ,
3019 3743 3183 3796 etiam
3232 3741 3536 3796 subsistere
3568 3750 3627 3796 et

2049 3828 2377 3895 sapientiam
2416 3830 2651 3899 accepit.
2684 3831 2855 3902 igitur
2907 3834 3236 3903 sapientiam
3288 3841 3345 3889 et
3394 3848 3425 3887 a
3478 3832 3621 3888 Filio

2050 3918 2348 3989 accipiens,
2381 3921 2491 3977 hoe
2515 3924 2634 3992 ipso
2654 3925 2823 3979 etiam
2859 3940 3021 3982 suum
3048 3941 3195 3989 esse,
3225 3940 3283 3981 et
3317 3927 3618 3983 essentiam

2050 4013 2121 4067 ab
2152 4028 2219 4068 eo
2253 4016 2486 4084 accepit.
2517 4014 2619 4070 Est
2646 4030 2779 4087 ergo
2837 4033 2969 4073 sane
2999 4018 3175 4075 Filius
3213 4020 3316 4091 ipsi
3346 4034 3510 4076 causa
3566 4012 3633 4074 ut'

2050 4104 2301 4164 exsistat.
3640 4110 3642 4112 ’

2124 4195 2419 4265 Praeterea,
2465 4200 2513 4255 si
2545 4200 2788 4271 Spiritus
2816 4202 3021 4272 accipit
3063 4218 3093 4257 a
3143 4202 3321 4269 Filio,
3371 4202 3544 4259 Filius
3573 4202 3626 4259 ei

2052 4290 2170 4355 dat,
2214 4291 2310 4348 sed
2337 4293 2470 4351 dare
2509 4293 2566 4349 in
2601 4294 2805 4351 divinis
2841 4298 3095 4366 personis
3142 4296 3417 4368 signiﬁcat
3446 4298 3624 4368 ipsum

2057 4382 2393 4454 producere,
2434 4395 2490 4440 et
2525 4400 2633 4442 non
2662 4387 2837 4443 aliud.
2881 4385 3165 4458 Siquidem
3198 4387 3627 4461 Chrysosmmus

373 4492 490 4559 ρον.
553 4475 614 4530 '0
667 4476 777 4546 γὰρ
824 4477 1218 4550 Χρυσόστομος
1263 4480 1631 4553 ἐξηγούμενος
1684 4484 1768 4554 16,
1828 4486 1943 4557 Τὴν

2056 4481 2361 4550 esplanans
2386 4479 2522 4536 illud
2549 4498 2563 4535 :
2587 4479 2858 4537 Iudicium
2888 4498 3044 4538 omne
3069 4484 3211 4538 dedit
3240 4483 3399 4551 Filio,
3420 4485 3501 4540 sic
3530 4485 3631 4540 lia-

369 4567 580 4637 κρίσιν
608 4567 817 4624 πᾶσαν
847 4568 1069 4625 δέδωκε
1098 4571 1180 4639 τῷ
1216 4574 1347 4640 Υἱῷ,
1393 4579 1561 4647 φησίν
1587 4595 1604 4612 ο

447 4661 558 4714 Καὶ
590 4661 674 4716 ῐνα
704 4662 883 4737 μάθῃς
904 4665 988 4719 ὅτι
1017 4665 1078 4719 16
1105 4666 1332 4723 ἔδωκεν
1348 4669 1474 4724 ἀντὶ
1497 4670 1593 4726 τοῦ
1620 4672 1954 4745 ἐγέννησέν

372 4753 545 4822 ἐστιν,
573 4753 806 4809 ἄκουσον
840 4758 900 4825 ἐξ
950 4757 1138 4829 ἑτέρου
1162 4758 1318 4814 τοῦτο
1356 4762 1706 4834 δηλούμενον.
1739 4768 1952 4839 Ὠσπερ

371 4847 485 4919 γὰρ
514 4849 542 4902 6
569 4849 769 4921 ’Πατὴρ
795 4849 908 4921 ἔχει
941 4852 1093 4931 ζωὴν
1125 4855 1183 4907 ὲν
1217 4855 1419 4927 ἐαυτῷ,
1452 4856 1627 4923 οὕτως
1657 4858 1826 4914 ἔδωκε
1858 4863 1955 4917 καὶ

370 4940 453 5013 τῷ
488 4941 602 5013 Υίῷ
632 4942 777 5015 ζωὴν
807 4945 951 5015 ἔχειν
989 4947 1045 4999 ὲν
1080 4947 1278 5018 ἑαυτῷ.
1311 4949 1377 5001 Τί
1398 4946 1530 5017 οὗν;
1561 4952 1824 5023 πρότερον
1852 4955 1952 5009 αὐ-

370 5037 467 5089 τὶν
495 5036 781 5109 ἐγέννησε,
816 5040 910 5092 καὶ
935 5038 1057 5091 τότε
1094 5038 1266 5094 ἔδωκε
1304 5041 1405 5112 τὴν
1432 5042 1621 5115 ζωήν;
1653 5045 1851 5100 οὐκοῦν
1884 5044 1952 5119 ἦν

371 5128 546 5197 χωρὶς
580 5128 678 5197 τῆς
706 5128 851 5199 ζωῆς
884 5129 1191 5198 γεννηθείς.
1240 5132 1399 5186 Ἀλλὰ
1424 5133 1587 5188 τοῦτο
1609 5136 1718 5189 οὐδ’
1753 5135 1819 5190 ἂν
1840 5137 1956 5191 δαί-

375 5235 542 5290 μονες
580 5221 810 5274 εἴποιεν.
839 5210 1133 5293 Μετὰνγὰρ
1173 5224 1272 5294 τῆς
1302 5226 1558 5288 ἀσεϐείας
1600 5228 1734 5283 πολὺ
1766 5229 1860 5283 καὶ
1891 5230 1951 5282 16

374 5310 605 5382 ἀνόητον
654 5310 788 5380 ἔχει.
822 5312 1034 5385 Ὠσπερ
1079 5313 1173 5368 οὖν
1204 5315 1286 5380 16,
1324 5317 1564 5371 Ἔδωκεν
1606 5320 1755 5389 αὑτῴ
1784 5320 1951 5390 ζωὴν,

375 5404 673 5475 ἐγέννησεν
713 5406 877 5460 αὐτὸν
907 5406 1054 5478 ζωήν
1094 5408 1269 5473 ἐστιν,
1304 5409 1448 5463 οὕτω
1497 5413 1590 5465 καὶ
1618 5412 1700 5476 16,
1743 5412 1953 5467 Ἔδωκε

377 5498 582 5565 κρίσιν,
616 5498 810 5570 κριτὴν
835 5500 999 5554 αὐτὸν
1026 5503 1339 5573 ἐγέννησεν.
1370 5505 1583 5559 Οὐκοῦν
1614 5506 1757 5559 κατὰ
1780 5505 1955 5561 ταῦτα

378 5595 476 5646 καὶ
506 5574 678 5656 δ’Υίὺς
700 5592 874 5656 διδοὺς
898 5593 974 5663 τῷ
1001 5595 1283 5665 Πνεύματι
1320 5598 1538 5668 σοφίαν,
1562 5599 1794 5671 προάγει
1824 5599 1954 5652 αὐτὸ

457 5770 533 5844 (1)
573 5770 720 5828 ldem
746 5786 878 5828 usus
901 5772 1211 5845 estlingum
1241 5774 1471 5831 [διῖκτο.

2058 4572 2152 4627 bet
2181 4572 2251 4628 ad
2281 4573 2513 4629 verbum
2549 4590 2564 4627 :

2132 4666 2201 4722 Et
2231 4677 2289 4723 ut
2340 4668 2543 4735 discas,
2575 4671 2723 4741 quod
2755 4671 2894 4726 illud
2920 4671 3100 4738 dedit,
3164 4673 3237 4728 sit
3281 4689 3381 4745 pro
3416 4676 3627 4744 genuit,

2058 4757 2188 4812 audi
2236 4773 2301 4814 ex
2348 4758 2459 4814 alio
2515 4759 2643 4815 loco
2688 4760 2740 4815 id
2794 4762 3116 4832 signiﬁcari.
3170 4761 3631 4827 Quemadmodum

2057 4851 2198 4905 enim
2245 4849 2408 4906 Pater
2448 4853 2603 4907 habet
2650 4855 2814 4908 vitam
2858 4856 2912 4909 in
2946 4857 3245 4924 semetipso,
3282 4856 3358 4908 ita
3398 4855 3540 4909 dedit
3583 4863 3631 4909 et

2058 4940 2206 4999 Filio
2239 4943 2431 4999 habere
2456 4946 2615 4999 vitam
2655 4948 2710 4999 in
2746 4948 3049 5017 semetipso.
3083 4946 3224 5013 Quid
3270 4946 3475 5017 igitur?
3500 4962 3628 5001 eum

2060 5036 2212 5104 prius
2240 5037 2450 5106 genuit,
2498 5048 2555 5092 et
2589 5051 2721 5093 tunc
2746 5039 2899 5093 dedit
2930 5038 3133 5094 vitam?
3160 5039 3329 5111 igitur
3359 5049 3475 5093 erat
3506 5040 3627 5095 sine

2059 5128 2171 5183 vita
2220 5130 2461 5199 genitus.
2498 5129 2701 5185 Verum
2736 5129 2840 5185 hoc
2872 5146 2940 5186 ne
2972 5132 3250 5187 daemones
3280 5130 3507 5202 quidem
3539 5132 3628 5186 di-

2062 5233 2273 5276 cerent.
2332 5221 2705 5292 Praeterquam
2750 5223 2898 5278 enim
2939 5222 3085 5292 quod
3129 5224 3356 5293 impium
3400 5224 3492 5289 sit,
3548 5232 3632 5277 est

2061 5316 2226 5372 etiam
2254 5316 2508 5370 stultum.
2538 5316 2694 5372 Sicut
2724 5317 2893 5386 igitur
2926 5316 3082 5380 illud,
3106 5317 3265 5372 Dedit
3292 5318 3394 5387 ipsi
3434 5318 3628 5383 vitam,

2012 5478 2016 5481 _
2068 5418 2171 5473 est,
2200 5406 2403 5463 Genuit
2430 5422 2556 5463 eum
2593 5410 2763 5464 vitam
2807 5426 2822 5463 :
2857 5411 2937 5465 sic
2979 5420 3035 5464 et
3066 5409 3223 5475 illud,
3274 5410 3437 5466 Dedit
3469 5413 3631 5497 ci’ju-

2062 5502 2298 5569 dicium,
2332 5511 2439 5567 est,
2472 5503 2719 5559 iudicem
2754 5519 2882 5560 eum
2916 5505 3128 5575 genuit.
3161 5505 3304 5577 Ergo
3328 5505 3482 5576 juxta
3516 5505 3635 5562 haec

2062 5604 2117 5649 et
2154 5593 2326 5651 Filius
2371 5595 2510 5653 dans
2552 5596 2787 5667 Spiritui
2831 5596 3183 5668 sapientiam,
3217 5597 3475 5679 producit
3497 5611 3629 5652 eum
