4140 6140
1424 284 1930 348 BESSABlONlS
1964 285 2024 348 s.
2067 288 2136 351 R.
2183 288 2247 352 E.
2279 272 2749 349 CARDiNALlS

502 431 2315 454 "mm—“'—

2324 442 2434 452 .—

1368 615 2796 796 BESSABIONIS

1129 913 1658 974 PATRMRCHE
1705 914 2146 986 CPOLITANI,
2191 914 2546 978 EPISCOPI
2596 916 3080 991 TUSCULANI,

1614 1038 1676 1099 S.
1721 1039 1790 1098 Β.
1842 1041 1908 1099 Ε.
1962 1040 2200 1101 CARD.
2249 1040 2573 1113 ΝΙΟᾸΞΝΙ,

472 1187 592 1247 DE
620 1189 1049 1251 SUCCESSU
1075 1188 1121 1247 S
1138 1187 1391 1247 YNODI
1426 1186 2018 1255 FLORENTlN/E,
2051 1185 2175 1246 ΕΤ
2194 1186 2313 1247 DE
2345 1186 2932 1250 PBOCESSIONE
2963 1190 3361 1255 SPIRITUS
3386 1195 3479 1255 SA
3494 1196 3717 1269 NCTI,

1408 1292 1758 1353 PRIMUM
1805 1291 2112 1354 ΟΗΔΞΟΕ
2154 1290 2473 1354 EDITUS
2517 1293 2801 1363 LIBER,

1045 1398 1369 1459 DEINDE
1400 1397 1510 1457 ΑΒ
1557 1395 1868 1459 EODEM
1916 1397 2009 1458 LA
2029 1397 2259 1461 TINIS
2298 1399 2710 1461 LITTERIS
2745 1400 2967 1463 BONA
2986 1403 3161 1465 TUS.

547 1680 837 1735 Bessamoa
869 1680 1166 1737 cardinalis
1194 1682 1465 1749 Nicaenus,
1503 1699 1687 1753 magn.
1725 1694 1780 1738 et
1809 1685 2052 1738 clemen-
2083 1690 2121 1747 Α
2154 1685 2355 1754 quibus
2416 1688 2761 1758 apertissime
2781 1705 2843 1743 ex
2869 1689 3027 1743 Patre
3053 1701 3106 1745 ct
3143 1689 3278 1744 Filio
3310 1689 3570 1759 Spiritum
3602 1711 3725 1745 sau-

472 1775 591 1829 tiss.
627 1777 745 1829 viro
776 1776 965 1830 Alexio
995 1778 1210 1832 Lascari
1243 1779 1692 1850 Phiiantltropino
1718 1779 1776 1833 S.
1812 1779 1872 1833 D.

549 1867 629 1923 Tu
684 1868 907 1937 quidem
963 1885 1070 1923 non
1125 1870 1380 1924 humanis
1409 1871 1586 1926 solum
1619 1870 1808 1934 rebus.
1853 1886 2041 1926 verum

473 1960 640 2023 etiam
677 1961 881 2015 divinis
912 1977 1263 2031 summepcre
1294 1964 1549 2026 studens,
1576 1962 2045 2033 meditationeque

476 2054 886 2121 Scripturarum
953 2054 1188 2124 teipsum
1237 2057 1518 2112 obiectans
1564 2071 1674 2112 non
1730 2071 1937 2117 cessas.
1988 2065 2049 2118 et

476 2143 593 2212 ipse
627 2159 722 2213 per
753 2156 803 2199 te
834 2146 957 2201 iidei
988 2146 1273 2201 veritatem
1302 2147 1603 2216 inquirere,
1639 2158 1694 2204 ct
1723 2163 1824 2202 nos
1850 2148 2049 2202 adhor-

481 2239 604 2299 tari.
639 2250 695 2292 ιιι
734 2254 834 2310 pro
880 2254 1037 2308 posse
1076 2256 1237 2308 opem
1286 2240 1381 2294 tibi
1414 2240 1657 2296 feramus
1691 2240 1765 2295 ad‘
1803 2257 1921 2295 eam
1962 2241 2047 2295 in-

475 2332 850 2401 vestigandam
897 2342 1066 2402 atque
1116 2333 1527 2388 inveniendam.
1576 2318 1690 2403 Ego
1739 2349 1873 2387 vero
1920 2349 2045 2387 cum

477 2422 693 2489 pigritia
719 2424 950 2491 quadam
980 2464 994 2486 _.
1027 2432 1139 2478 tttm
1170 2426 1251 2478 vel
1293 2425 1529 2480 maxime
1556 2425 1681 2495 quia
1715 2426 1948 2480 libenter
1977 2427 2048 2481 si-

479 2515 639 2569 miles
686 2516 904 2571 labores
945 2518 1196 2585 deposui,
1232 2529 1523 2587 propterea
1562 2518 1709 2587 quod
1758 2518 1956 2587 saepius
1983 2520 2051 2574 de

479 2607 583 2661 hac
628 2624 687 2663 re
734 2624 1045 2663 sermonem
1106 2610 1271 2663 imbui
1320 2625 1443 2663 cum
1479 2610 1683 2663 nostris
1711 2609 2070 2673 hominibus,

480 2700 574 2768 qui
635 2700 806 2770 pluris
874 2716 1030 2756 suam
1074 2702 1521 2772 superstitionem
1583 2711 1638 2756 et
1688 2703 2050 2773 ignorantiam

484 2792 712 2857 faciunt,
756 2810 917 2863 quam
949 2794 1234 2848 veritatem
1268 2812 1282 2848 :
1316 2795 1521 2851 invitus
1550 2797 1654 2850 hoc
1697 2810 1890 2848 rursus
1923 2795 2053 2849 sub-

481 2899 548 2938 eo
598 2892 898 2951 certamen,
963 2900 1275 2956 quanquam
1337 2886 1404 2950 ad
1455 2898 1505 2942 te
1555 2887 1887 2953 scripturus,
1958 2890 2052 2956 qui

482 2977 750 3046 sapientia
806 2989 859 3032 et
921 2978 1228 3033 humilitate
1275 2990 1503 3033 ornatus
1570 2994 1678 3032 non
1720 2977 1890 3047 magis
1939 2988 2058 3032 ten-

485 3069 659 3130 tandi.
712 3084 877 3137 quam
925 3068 1447 3137 vet-iiuvestigandi
1492 3066 1689 3136 gratia,
1739 3066 1852 3120 lucc
1891 3080 1919 3119 a
1970 3079 2055 3119 me

2145 1786 2293 1833 ctum
2346 1772 2644 1858 precedere
2686 1780 2955 1835 aiiirmant
2990 1799 3004 1834 :
3040 1792 3093 1836 et
3140 1781 3380 1847 Patrem,
3421 1792 3475 1836 et
3522 1780 3722 1837 Filium

2148 1870 2235 1924 sui
2268 1870 2442 1940 ipsius
2473 1872 2680 1927 habere
2705 1872 3062 1942 principium,
3097 1882 3151 1926 et
3185 1874 3375 1929 ambos
3402 1890 3573 1930 unum
3606 1876 3727 1946 ejus

2149 1977 2272 2017 esse
2307 1964 2662 2031 principium.
2694 1965 2823 2031 Qua:
2850 1980 2976 2020 cum
3003 1966 3251 2036 plurimae
3275 1967 3406 2029 sint”.
3432 1978 3485 2022 et
3514 1970 3728 2025 cunctis

2150 2068 2343 2106 eorum
2369 2055 2422 2107 in
2465 2056 2624 2110 libris
2667 2071 2871 2126 sparste
2902 2073 3107 2128 paucas
3144 2074 3247 2113 nos
3282 2060 3381 2114 tibi
3417 2060 3581 2115 modo
3605 2060 3729 2115 mit-

2152 2146 2338 2210 timus,
2365 2146 2566 2215 quibus
2594 2158 2774 2202 tameu
2806 2150 3017 2204 similes
3042 2150 3178 2205 alias
3199 2150 3360 2205 etiam
3387 2167 3581 2206 omnes
3606 2167 3727 2208 esse

2152 2240 2313 2294 scias.
2368 2238 2575 2295 Deinde
2629 2241 2921 2311 quemdam
2964 2251 3220 2296 nostrum
3256 2257 3592 2303 sermonem;
3636 2244 3725 2300 cui

2151 2330 2554 2398 Dogmaticum,
2582 2340 2681 2386 aut
2728 2331 2802 2386 De
2842 2332 3045 2386 unione
3088 2332 3305 2388 titulum
3342 2334 3727 2401 imposuimus,

2156 2423 2252 2478 tibi
2297 2424 2621 2477 mittendum
2650 2423 3045 2493 indicavimus.
3079 2441 3242 2492 quem
3290 2427 3454 2495 paulo
3488 2437 3614 2480 ante
3641 2442 3732 2481 sa-

2152 2530 2302 2571 cram
2341 2515 2624 2573 unionem.
2657 2525 2917 2584 tanquam
2964 2514 3211 2569 ultimam
3268 2531 3401 2570 mem
3451 2517 3731 2586 opinionis

2155 2618 2319 2676 atque
2354 2609 2642 2663 sententiae
2668 2609 3097 2670 declarationem
3129 2610 3425 2671 edidimus,
3453 2623 3730 2680 quemque
3772 2648 3776 2653 .

2156 2701 2452 2757 mitissimo
2499 2710 2692 2757 nostro
2738 2701 3082 2770 imperatori,
3111 2710 3167 2757 et
3201 2702 3527 2772 patriarchae
3568 2715 3729 2757 reve-

2156 2794 2493 2849 rendissimo
2516 2793 2775 2866 omnibus
2802 2795 3009 2848 nostris
3034 2795 3396 2864 praesentibus
3428 2795 3727 2865 legendum

2157 2885 2309 2951 dedi,
2369 2901 2498 2940 eum
2549 2886 2694 2942 inter
2745 2901 2847 2942 nos
2911 2887 3205 2943 ultimatim
3252 2885 3729 2940 consideraremus

2158 2978 2294 3049 quid
2323 2978 2638 3033 faciendum
2678 2986 2848 3044 esset,
2876 2987 2932 3031 et
2972 2979 3283 3032 SCIlielillaS
3308 2977 3540 3033 aliorum
3567 2976 3634 3031 de
3667 2992 3729 3031 re

2158 3070 2380 3139 unionis
2407 3080 2813 3125 scrutaremnr.
2845 3070 2902 3123 In
2937 3085 3142 3139 quoex
3183 3069 3434 3140 ipsismet
3476 3069 3730 3124 Orienta-

486 3163 646 3228 petis.
673 3162 851 3230 ipsam
888 3161 1018 3215 item
1057 3162 1444 3215 auctoritatem
1484 3158 1628 3213 sacri
1656 3158 1873 3213 concilii
1922 3157 2056 3209 Silli-
2088 3139 2128 3193 Β
2158 3164 2306 3218 libus
2336 3164 2618 3226 Panibus,
2654 3173 2712 3218 ει
2754 3161 3077 3217 domm-ibus
3120 3139 3324 3217 nostris
3367 3162 3587 3216 omissis
3612 3174 3730 3215 om.

488 3250 706 3322 pliciter
758 3251 893 3305 satis
929 3265 1050 3305 esse
1093 3260 1226 3319 puto
1256 3250 1320 3303 ad
1374 3249 1817 3318 persuadendum
1860 3262 2057 3319 queme

487 3360 674 3412 quam,
705 3356 760 3399 et
784 3344 1151 3398 inducendum
1184 3342 1249 3397 ad
1275 3345 1397 3413 ejus
1416 3341 2056 3397 conclusionem'hutnili

486 3436 652 3490 corde
695 3438 1107 3503 capessendam,
1152 3446 1317 3506 atque
1372 3434 1702 3490 credendam
1761 3434 1879 3488 sine
1922 3449 2058 3503 qua.

484 3546 703 3599 cunque
746 3529 1183 3585 contradictione
1226 3533 1315 3583 vel
1382 3529 1763 3596 ambiguitate.
1794 3524 1931 3580 Cum
1979 3533 2059 3577 tot

487 3622 771 3676 hominum
847 3632 1205 3683 conventum,
1261 3618 1355 3691 qui
1403 3620 1693 3690 sapientia,
1731 3619 1961 3674 scientia
2005 3627 2061 3671 et

487 3714 638 3768 omni
674 3712 876 3766 virtute
905 3711 1113 3782 praediti
1145 3710 1389 3775 luerunt,
1416 3726 1650 3781 quorum
1683 3709 1737 3764 in
1766 3709 1945 3763 medio
1967 3711 2061 3763 ad-

490 3804 661 3859 fuisse
686 3804 952 3874 Spiritum
988 3813 1242 3859 sanctum
1285 3814 1346 3858 ut
1377 3802 1671 3858 credamus
1698 3817 1925 3857 necesse
1951 3814 2055 3865 est,

487 3897 772 3952 veritatem
801 3896 1029 3951 latuisse
1060 3884 1289 3949 minime
1313 3894 1653 3949 credendum
1669 3893 1763 3964 sit_.
1787 3892 2058 3948 Praeterea

488 3990 710 4046 tuemini
734 3992 953 4059 longam
987 3990 1053 4043 ad
1087 4000 1137 4042 te
1170 3989 1310 4042 alias
1335 3987 1555 4042 dedisse
1584 3987 1908 4057 Epistulam,
1942 4001 2060 4041 om-

495 4086 695 4153 niath
725 4084 860 4138 satis
903 4083 1146 4152 tetigisse
1182 4098 1306 4159 quas
1358 4095 1507 4135 nunc
1537 4081 1761 4149 quatis,
1801 4090 1854 4135 et
1886 4082 2058 4151 ipsam

489 4177 693 4235 etenim
743 4175 1099 4245 qttaaslionem
1141 4190 1239 4242 per
1277 4190 1336 4229 sc
1366 4175 1539 4245 ipsam
1592 4172 1861 4243 probavi,
1912 4172 2060 4243 quod

492 4270 702 4325 scilicet
731 4268 971 4338 Spiritus
1005 4278 1227 4321 sanctus
1252 4283 1279 4321 a
1316 4266 1477 4321 Patre
1511 4264 1759 4336 Filioque
1788 4266 2059 4337 procedit,

495 4372 554 4417 et
589 4377 711 4433 quae
744 4361 1072 4414 videbantur
1116 4360 1271 4428 sequi
1316 4358 1759 4415 inconvenientia
1798 4357 1958 4423 solvi,
2004 4367 2061 4412 et

2155 3255 2292 3311 nino
2322 3254 2776 3311 Occidentalibus
2805 3272 2907 3327 pro
2934 3271 3097 3326 posse
3137 3256 3495 3325 qumstiouem
3528 3270 3730 3324 propo-

2157 3348 2316 3403 Sitam
2355 3347 2631 3403 declaravi
2688 3356 2855 3418 atque
2886 3347 3132 3418 probavi,
3165 3363 3328 3416 quem
3360 3356 3644 3416 tanquam,
3673 3355 3727 3401 et

2160 3438 2258 3493 tibi
2291 3439 2667 3508 potissimum,
2700 3450 2756 3494 et
2782 3438 2827 3494 si
2859 3441 2986 3509 quis
3033 3438 3177 3491 alius
3217 3439 3339 3494 sine
3376 3438 3729 3493 contentione

2157 3531 2346 3586 audiet
2375 3539 2432 3584 et
2461 3531 2726 3599 perleget,
2756 3531 2990 3584 maxime
3037 3532 3387 3599 profuturum
3416 3540 3523 3585 tua:
3569 3529 3730 3584 nobi~

2157 3622 2293 3676 litati
2342 3621 2524 3683 mitto.
2556 3621 2988 3677 clementissime
3035 3639 3099 3677 ac
3134 3623 3581 3692 splendidissime
3618 3622 3725 3678 vir.

2157 3714 2291 3769 Cum
2324 3728 2456 3769 vero
2477 3712 2532 3767 in
2572 3712 2641 3768 iis
2667 3714 2805 3768 nihil
2826 3713 3036 3768 laboris
3076 3714 3144 3769 ad
3174 3730 3421 3783 praesens
3457 3715 3725 3771 adhibue-

2158 3807 2333 3861 rimus
2380 3807 2511 3877 (jam
2557 3808 2705 3863 enim
2750 3817 2908 3863 erant
2956 3808 3146 3878 edita),
3174 3818 3268 3864 tuo
3304 3820 3489 3865 autem
3543 3826 3730 3866 amore

2159 3915 2307 3954 nunc
2338 3914 2559 3970 quoque
2587 3898 2800 3970 aliquid
2833 3900 3240 3956 lucubrationis
3278 3903 3731 3973 proposuerimus

2159 3991 2465 4060 suscipere,
2498 3992 2640 4047 ultra
2683 3992 2799 4052 inec
2838 3994 3003 4048 etiam
3052 3992 3258 4063 aliquid
3291 3993 3411 4062 plus
3437 3993 3516 4049 tui
3556 3994 3731 4064 gratia

2161 4080 2259 4138 tibi
2293 4081 2616 4137 scribemus.
2645 4081 2826 4150 Quare
2858 4098 3022 4153 quam
3053 4084 3297 4138 breviter
3326 4100 3542 4140 omnem
3583 4088 3733 4142 sacri

2161 4173 2383 4229 concilii
2412 4189 2732 4244 processum
2754 4175 3089 4246 unionisqne
3113 4191 3268 4231 sacra
3297 4178 3459 4235 modo
3483 4179 3581 4234 tibi
3609 4195 3735 4233 nar-

2161 4267 2315 4335 rabo,
2339 4282 2401 4320 ac
2419 4266 2633 4336 aliquas
2660 4267 2923 4331 rationes,
2943 4269 3148 4338 quibus
3169 4268 3363 4338 dogma
3387 4270 3730 4339 propositum

2162 4360 2507 4429 probabitur,
2548 4358 2795 4424 ail'eratn,
2834 4367 2891 4414 et
2935 4359 3014 4414 sic
3064 4359 3225 4415 ﬁnem
3278 4362 3573 4430 imponam.
3626 4362 3734 4418 Sed

491 4453 565 4509 de
594 4452 718 4508 aliis
750 4452 1008 4505 omnibus
1036 4465 1157 4519 qua:
1203 4461 1335 4504 tunc
1357 4449 1540 4513 ,etiam
1576 4448 1804 4518 petiisti,
1846 4447 2058 4504 reddidi
2089 4482 2133 4541 ε
2166 4460 2461 4521 antequam
2505 4451 2575 4505 de
2617 4451 2685 4505 iis
2710 4450 2912 4519 dicam,
2940 4467 3171 4521 parvum
3202 4452 3463 4521 quiddam
3505 4470 3611 4509 non
3653 4466 3735 4510 ta-

494 4544 902 4609 ra'iouem;ita
938 4553 996 4597 ut
1030 4557 1139 4596 non
1165 4544 1237 4596 sit
1269 4557 1404 4611 opus
1424 4543 1672 4611 pluribus
1704 4541 1887 4598 verbis
1920 4558 2061 4613 pra:-
2166 4558 2289 4596 men
2350 4542 2503 4613 parvi
2561 4543 2671 4598 imo
2714 4559 2848 4598 vero
2908 4542 3129 4598 maximi
3189 4544 3613 4600 existimandum
3671 4549 3739 4603 iis

503 4642 692 4701 sertim
759 4640 895 4703 tibi,
944 4638 1037 4707 qui
1090 4647 1292 4690 tantam
1353 4638 1405 4689 in
1458 4634 1837 4705 hujuscemodi
1895 4634 2066 4689 habes

496 4731 913 4798 experientiam,
961 4741 1019 4785 ut
1078 4731 1263 4798 parvis
1316 4730 1479 4784 etiam
1532 4728 1821 4798 principiis
1867 4728 2067 4782 habitis

499 4834 664 4880 multa
700 4840 1005 4894 magnaque
1053 4823 1229 4895 possis
1274 4839 1338 4876 ex
1376 4827 1550 4893 teipse
1587 4823 1894 4893 percipere.
1925 4822 2063 4879 Cum

394 4918 397 4919 ⁷
496 4933 629 4973 vero
671 4917 879 4986 aliquid
932 4916 1054 4986 plus
1094 4934 1120 4971 a
1154 4918 1312 4971 nobis
1352 4918 1669 4986 expostules
1705 4931 1809 4988 non
1843 4928 2068 4985 prapter

500 5010 733 5079 teipsum
762 5009 1032 5067 fortassis.
1069 5023 1194 5061 cum
1229 5009 1342 5076 ipse
1366 5007 1511 5061 idem
1542 5008 1826 5061 nobiscum
1856 5008 2065 5075 sapias.

501 5102 596 5157 sed
632 5110 856 5170 propter
885 5100 1259 5154 contentiosos
1304 5112 1359 5153 et
1422 5100 1671 5153 veritatis
1718 5098 2070 5152 adversarios

504 5208 607 5250 nos
634 5208 759 5247 cum
799 5192 925 5261 quia
960 5193 1138 5263 parati
1169 5193 1236 5246 ad
1278 5192 1708 5247 satisfactionem
1741 5204 1864 5246 esse
1898 5190 2072 5245 debe-

504 5302 634 5342 mus
658 5285 808 5341 omui
840 5285 1084 5355 Poscenti
1112 5302 1212 5341 nos
1236 5286 1503 5340 rationem
1541 5284 1608 5338 de
1637 5300 1699 5337 ea
1728 5298 1850 5353 qua:
1884 5283 1936 5336 in
1968 5298 2069 5339 no-

504 5382 593 5437 bis
630 5392 712 5435 est
733 5378 839 5433 ﬁde
866 5378 1167 5433 secundum
1202 5380 1543 5449 Apostoluttt,
1579 5387 1692 5430 tum
1732 5385 1785 5432 ut
1819 5377 2075 5431 amicitiis

506 5486 716 5531 nostrae
763 5474 1181 5532 satisfaciamus.
1218 5472 1329 5542 Spe
1378 5471 1541 5526 etiam
1571 5469 1720 5523 ducti
1764 5470 2072 5539 aliquorum

509 5568 783 5630 utilitatis,
810 5570 901 5638 qui
936 5567 1051 5623 haec
1075 5567 1278 5635 legent,
1304 5577 1509 5618 morem
1540 5561 1636 5616 tibi
1663 5576 1850 5631 gerere
1877 5576 2074 5630 propo-

511 5660 748 5717 suimus.
785 5657 983 5715 Primis
1025 5661 1208 5728 itaque
1241 5657 1595 5713 auctoritates
1634 5666 1948 5709 sanctorum
1974 5655 2077 5709 Pa-

519 5764 662 5808 trum
729 5762 784 5807 et
836 5752 1119 5807 doctorum
1168 5749 1597 5807 Occidentalium
1649 5749 1745 5804 tibi
1788 5748 2075 5811 mittimus,

2165 4634 2453 4706 prommiis
2473 4634 2704 4703 addam;
2736 4636 3007 4706 supplebo
3031 4637 3175 4705 quod
3201 4638 3460 4705 praedicto
3483 4654 3739 4695 sermone

2167 4728 2480 4799 dugmatico
2538 4729 2717 4792 deest,
2782 4729 3080 4783 verborum
3148 4729 3499 4784 multitudine
3556 4730 3738 4787 futura

2170 4823 2409 4878 utilitate
2444 4836 2830 4891 compensans.
2863 4822 2919 4876 In
2950 4821 3044 4876 illo
3077 4821 3263 4891 itaque
3285 4821 3596 4892 dogmatico
3621 4842 3741 4880 ser-

2170 4929 2330 4969 mone
2373 4916 2437 4967 ex
2472 4912 2852 4969 Orientalibus
2884 4912 3154 4967 duntaxat
3189 4913 3512 4971 doctoribus
3549 4917 3741 4973 volens

2172 5007 2335 5076 hujus
2362 5005 2683 5074 qutestionis
2699 5006 2981 5060 veritatem
3008 5004 3244 5073 probare
3261 5021 3425 5059 unam
3446 5008 3738 5075 quamdam

2173 5096 2558 5151 auctoritatem
2614 5096 2675 5151 Β.
2728 5096 2940 5161 Basilii,
2978 5111 3101 5167 quae
3151 5095 3264 5151 sola
3318 5097 3574 5151 omnibus
3622 5101 3743 5155 aliis

2174 5191 2319 5261 quod
2367 5191 2717 5260 propositum
2762 5190 3165 5244 ostendendum
3214 5191 3512 5255 antecellit,
3557 5193 3741 5255 omisi,

2175 5293 2465 5353 propterea
2491 5286 2637 5353 quod
2685 5284 2753 5338 ab
2795 5284 3073 5351 aliquibus
3099 5283 3458 5338 dubitabatur
3487 5300 3555 5338 an
3597 5294 3747 5341 esset

2176 5375 2236 5430 Β.
2264 5376 2467 5432 Basilii.
2502 5377 2782 5448 Nonquia
2806 5393 2907 5447 ego
2929 5391 3148 5447 quoque
3173 5376 3379 5447 aliquid
3405 5377 3558 5433 dubii
3590 5377 3658 5430 de
3680 5392 3743 5431 ea

2179 5468 2489 5533 habuerim,
2524 5468 2774 5528 minime.
2807 5469 2901 5523 sed
2933 5468 3063 5537 quia
3117 5468 3260 5539 apud
3293 5468 3431 5522 alios
3455 5466 3745 5521 dubitaba-

2182 5567 2288 5623 tur,
2325 5561 2473 5615 nolui
2511 5560 2680 5615 dubio
2714 5561 2811 5615 uti.
2848 5560 2973 5614 Hice
3000 5570 3182 5615 autem
3229 5569 3313 5615 est
3339 5575 3447 5628 qua
3480 5560 3534 5613 in
3587 5558 3745 5613 tertio

2181 5667 2371 5711 contra
2426 5654 2755 5707 Eunomium
2814 5668 3041 5706 suorum
3088 5652 3354 5706 libroruin
3404 5650 3597 5707 beatus
3655 5648 3744 5705 ille

2187 5763 2319 5800 usus
2344 5754 2442 5800 cst.
2490 5744 2601 5799 Cur
2636 5746 2782 5799 enim
2817 5757 3037 5799 necesse
3068 5753 3147 5797 est
3185 5742 3429 5812 (inquit),
3474 5742 3518 5797 si
3552 5738 3744 5797 ordine
