4140 6140
418 301 522 366 409

1337 292 1434 352 DE
1481 291 1998 354 PROCESSIONE
2042 290 2409 351 SPIHITUS
2459 288 2759 353 SANCTI.

3584 294 3691 356 410

415 424 477 463 ac
528 407 793 478 dignitate
848 404 1044 460 tertius
1091 412 1174 458 est
1209 403 1469 475 Spiritus,
1524 418 1722 459 natura
1774 418 1993 473 quoque
2029 414 2069 466 Α
2101 402 2246 454 aliud
2307 400 2361 454 in
2419 417 2625 473 papyro
2662 412 2791 456 ante
2846 415 2942 457 ccc
2991 415 3163 455 annos
3217 400 3521 469 scriptum:
3571 416 3693 462 erat

413 499 596 570 ipsum
639 498 862 557 tertium
918 496 1078 553 esse?
1112 497 1383 567 Dignitatc
1426 513 1660 569 namque
1703 496 1881 566 ipsum
1915 510 2000 549 se-

415 590 660 644 cundum
704 605 826 644 esse
859 608 886 644 a
922 586 1086 647 Filio.
1112 604 1234 641 cum
1276 590 1345 643 ab
1381 588 1500 656 ipso
1529 601 1654 642 esse
1689 587 1911 649 habent,
1944 596 1999 641 et

415 684 486 737 ab
509 684 635 752 ipso
669 684 926 747 accipiat,
952 692 1008 737 et
1043 683 1337 739 annuntiet
1375 681 1552 738 nobis.
1588 691 1643 735 et
1670 682 1897 735 omnino
1929 681 1998 735 ab

414 775 507 829 illa
540 792 703 830 causa
738 775 1066 846 dependeat,
1097 775 1315 844 pietatis
1356 776 1495 829 ratio
1524 775 1687 829 tradit
1726 792 1740 829 :
1775 773 1999 845 Capitur

413 882 575 919 causa
603 883 697 935 pro
750 867 1041 936 principio,
1080 875 1367 920 causatum
1401 882 1521 919 vero
1559 881 1655 934 pro
1683 881 1763 930 eo,
1795 866 1933 935 quod
1963 884 1996 920 α

413 958 677 1027 principia
715 967 813 1022 est,
848 969 897 1011 rt
940 972 1040 1013 non
1078 966 1135 1012 ut
1164 970 1349 1023 causa,
1384 969 1431 1012 et
1464 947 1745 1012 cantatum
1787 958 1995 1012 tirnila-

414 1056 612 1103 tionem
661 1052 958 1119 important
995 1061 1151 1116 prout
1194 1051 1378 1106 Latini
1404 1053 1670 1121 accipiunt
1711 1069 1829 1105 rum
1861 1052 1996 1106 talia

416 1152 684 1196 remotum:
726 1158 757 1195 α
796 1141 1009 1207 divinis,
1047 1141 1208 1196 veluti
1240 1143 1689 1213 imperfectionem
1724 1144 1995 1195 sonando.

418 1234 722 1305 Deprendere
764 1252 973 1306 quoque
1002 1237 1234 1289 sumitur
1287 1253 1381 1305 pro
1426 1236 1733 1307 arripienda
1772 1250 1905 1298 esse,
1946 1244 1996 1287 et

413 1344 517 1382 non
548 1338 604 1381 ut
630 1336 781 1382 notat
820 1327 1151 1383 essentiai'em
1194 1330 1579 1382 distinctionem
1622 1337 1777 1398 prout
1815 1326 1997 1382 Latini

413 1404 706 1489 accipiunt,
750 1437 868 1474 cum
912 1421 1063 1475 aiunt
1108 1419 1315 1475 nullum
1361 1424 1416 1473 in
1454 1415 1561 1473 Deo
1590 1421 1995 1490 dependentiam

413 1512 711 1582 poneudum
727 1523 943 1583 propter
960 1514 1154 1567 divina:
1167 1512 1406 1567 essentia:
1424 1515 1681 1566 unitatem
1704 1528 1992 1565 summum.

414 1602 529 1658 Hoc
562 1601 730 1672 igitur
762 1604 1052 1658 omisimus
1085 1604 1137 1657 in
1180 1601 1489 1672 dogmatiw
1516 1611 1707 1658 nostro
1742 1617 1996 1657 sermone

412 1709 643 1765 ponere.
678 1696 753 1749 Its
803 1711 931 1750 vero
972 1710 1076 1765 ego
1127 1708 1276 1749 certe
1331 1706 1490 1749 teneo
1522 1692 1578 1748 S.
1618 1693 1804 1750 Basilii
1853 1695 1996 1750 hanc

2105 496 2258 546 enim
2298 494 2352 547 in
2388 494 2493 548 line
2528 500 3033 564 tempusnotatum,
3061 508 3126 547 ex
3150 507 3259 562 quo
3280 504 3428 547 certe
3451 494 3691 550 habetur

2103 592 2312 639 tantum
2344 588 2607 653 temporis
2642 583 2974 655 praeteriisse
2999 583 3068 639 ab
3100 585 3220 655 ejus
3250 585 3444 639 initio:
3468 594 3527 641 ct
3555 586 3685 643 libri

2099 676 2280 731 adhuc
2313 687 2560 738 exstant,
2597 678 2703 730 nisi
2741 674 3031 746 postquam
3067 691 3163 731 eos
3203 678 3634 747 publicaverint.
3659 696 3688 735 e

2101 771 2284 825 medio
2332 770 2535 823 sublati
2585 769 2811 823 fuerunt
2851 769 2919 821 ab
2951 768 3080 831 illis,
3119 770 3215 839 qui
3268 768 3454 823 omnia
3495 781 3689 823 contra

2098 877 2254 916 suam
2313 857 2559 930 ipsorum
2597 861 2829 917 salutem
2880 862 3270 918 machinantur
3312 879 3326 915 :
3365 862 3481 918 haec
3523 863 3691 918 ambo

2099 954 2175 1008 nti
2205 969 2306 1008 nos
2340 954 2702 1024 nlicgavimus
2737 953 3016 1010 habebant
3057 956 3235 1012 sancti
3273 956 3533 1012 doctores
3583 973 3691 1011 au-

2098 1045 2411 1099 ctoritatem
2452 1047 2795 1116 inscriptam.
2832 1044 3065 1111 Quidam
3090 1056 3271 1101 autem
3307 1046 3473 1100 animi
3511 1046 3690 1103 audax

2098 1139 2413 1194 audacioris
2429 1140 2597 1194 etiam
2632 1155 2851 1206 manus,
2875 1156 2905 1195 a
2924 1139 3263 1195 membranis
3281 1144 3511 1210 quidem
3539 1144 3689 1196 l‘errn

2099 1231 2385 1284 veritatem
2420 1226 2646 1298 delevit,
2676 1246 2992 1302 quanquam
3023 1231 3159 1285 nihil
3183 1230 3235 1286 ei
3257 1218 3691 1299 teineritas’pre-

2101 1319 2224 1384 fuit,
2263 1336 2403 1375 cum-
2435 1330 2490 1375 et
2518 1321 2675 1376 locus
2706 1335 2915 1376 vacuus
2956 1338 3205 1386 ntatieus,
3244 1332 3301 1376 et
3350 1322 3687 1392 syllabarum

2097 1415 2421 1470 medietates
2460 1415 2643 1471 adhuc
2691 1415 3044 1481 essistentes,
3083 1424 3141 1470 et
3206 1415 3353 1470 illius
3401 1415 3686 1471 audaciam

2098 1517 2382 1569 accusent,
2416 1515 2471 1562 et
2518 1511 2802 1561 veritatem
2854 1508 3218 1563 nihilominus
3261 1508 3573 1563 ostendant.
3625 1508 3683 1562 In

2097 1615 2342 1670 papyreo
2397 1614 2527 1655 vero
2575 1603 2854 1656 volumine
2902 1615 3212 1657 atratuento
3259 1601 3484 1669 perfuso
3516 1610 3684 1655 totam

2098 1693 2248 1747 illam
2278 1704 2490 1764 partem
2538 1695 2779 1764 operuit,
2816 1711 2939 1763 qua:
2981 1695 3189 1749 dicitur
3216 1696 3285 1750 ab
3309 1711 3377 1751 eo
3422 1707 3683 1765 tanquam

415 1802 539 1843 esse
579 1790 990 1852 auctoritatem,
1044 1784 1514 1872 quemadmodum
1575 1802 1631 1844 et
1689 1790 1826 1844 alios
1874 1789 1995 1859 ejus
2029 1782 2067 1836 Β
2097 1800 2129 1840 a
2166 1803 2333 1843 causa
2369 1789 2707 1858 dependere.
2733 1789 2802 1843 At
2834 1789 3188 1859 postaliquut
3211 1804 3408 1855 annos,
3439 1804 3566 1845 cum
3594 1789 3684 1843 hic

413 1888 605 1933 contra
636 1879 967 1936 Eunornium
1011 1881 1200 1939 libros.
1237 1881 1441 1951 quibus
1474 1888 1657 1937 autem
1683 1883 1991 1938 rationibus

416 1979 474 2024 tu
507 1986 728 2043 quoque
767 1973 982 2028 audias.
1008 1971 1147 2027 Cum
1181 1972 1234 2026 in
1269 1973 1372 2027 hac
1414 1974 1624 2046 synodo
1666 1985 1856 2030 nostra
1896 1991 1993 2031 sex

413 2054 565 2111 inter
594 2070 695 2113 nos
724 2060 1003 2115 volumina
1040 2060 1204 2131 hujus
1230 2062 1417 2131 operis
1434 2071 1625 2119 contra
1658 2063 1991 2119 Eunomium

411 2148 744 2206 haberemus
795 2162 1035 2223 quatuor
1092 2152 1147 2207 in
1202 2153 1539 2211 membranis
1579 2157 1990 2227 antiquissima,

409 2258 645 2311 quorum
709 2244 811 2300 tria
868 2243 1093 2315 quidem
1144 2245 1521 2317 Mitylenensis
1582 2249 1988 2320 archiepiscopi

406 2343 587 2389 erant.
630 2335 895 2403 Quartum
932 2337 1275 2404 Latinorum,
1319 2340 1431 2395 duo
1487 2356 1617 2398 vera
1663 2342 1717 2397 in
1753 2344 1989 2414 Papyru,

407 2442 644 2496 quorum
678 2445 847 2483 unum
881 2430 1224 2486 serenissimi
1258 2440 1380 2485 erat
1416 2432 1794 2503 imperatoris,
1836 2434 1987 2505 aliud

406 2517 851 2574 rcverendissimi
927 2521 1300 2590 patriarchae,
1345 2521 1495 2592 quod
1551 2537 1581 2575 a
1650 2523 1991 2577 monasterio

406 2610 886 2682 Xanthopulorum
925 2613 1223 2668 commodo
1250 2614 1531 2684 accipiens
1581 2628 1768 2674 secum
1803 2629 1991 2687 porta-

408 2714 584 2759 verat.
626 2703 897 2771 Quorum,
935 2706 1186 2777 inquam,
1221 2721 1316 2761 se:
1348 2707 1690 2763 voluminum
1737 2710 1988 2780 quinque

405 2797 487 2851 ita
522 2796 798 2852 habt-bant
824 2797 968 2853 hanc
993 2800 1406 2863 auctoritatem,
1441 2801 1519 2855 uti
1548 2817 1650 2873 ego
1681 2818 1826 2856 nunc
1857 2803 1983 2858 alle-

405 2889 553 2958 gavi.
595 2883 862 2943 Videlicet
905 2891 997 2955 qui
1029 2890 1097 2944 ab
1145 2892 1286 2961 ipso,
1323 2891 1428 2946 hoc
1462 2904 1564 2956 est,
1606 2892 1743 2949 Filio
1786 2896 1988 2950 habeat

406 2993 531 3035 esse
561 2979 823 3051 Spiritus,
855 2993 910 3037 et
938 2983 1006 3038 ab
1030 2998 1098 3037 eo
1128 2993 1388 3055 tanquam
1420 3000 1631 3041 aeausa
1652 2986 1986 3057 dependeat.

407 3073 591 3155 Unum
623 3091 752 3131 vero
783 3074 1073 3141 duntaxat,
1105 3077 1253 3147 quod
1300 3076 1557 3135 videlicet
1581 3082 1725 3152 apud
1751 3082 1986 3150 patrisr-

405 3166 566 3223 cbam
597 3176 736 3233 erat,
772 3167 875 3223 hac
903 3169 1231 3225 anetoritate
1268 3169 1513 3232 carebat.
1552 3171 1605 3225 in
1651 3170 1983 3242 quibusdam

406 3262 660 3331 partibus
688 3263 806 3333 ejus
832 3262 1185 3327 diminutum,
1212 3263 1266 3318 in
1286 3262 1615 3334 quibusdam
1644 3264 1988 3335 superabun—

387 3354 570 3418 ‘dans,
602 3362 768 3423 prout
796 3354 1496 3425 corruptoris,quicunquc
1519 3336 1802 3417 illel‘uerit
1832 3370 1989 3409 mens

406 3455 464 3499 et
504 3460 699 3500 manus
730 3445 923 3509 voluit,
961 3442 1183 3500 demum
1216 3455 1341 3515 post
1378 3446 1719 3500 celebratum
1768 3461 1985 3499 sacrum

410 3536 733 3603 concilium,
770 3547 823 3596 et
851 3547 1105 3593 nostrum
1136 3539 1202 3592 ad
1234 3537 1428 3593 urbem
1459 3536 1989 3608 C0llSl8ﬂlltl0p0il-—

411 3637 595 3687 tinam
619 3631 882 3697 reditum,
908 3646 1031 3686 eum
1058 3631 1537 3701 proposuissemus
1553 3645 1747 3685 omnes
1769 3630 1985 3685 illorum

404 3738 691 3778 sacrorum
752 3723 1000 3778 locorum
1048 3723 1427 3780 bibliothecas
1481 3735 1598 3778 tum
1646 3724 1811 3795 hujus
1857 3725 1984 3779 libri

403 3817 582 3871 sancti
618 3816 826 3883 Basilii,
869 3824 982 3871 tum
1021 3816 1254 3871 aliorum
1292 3817 1466 3887 gratia
1497 3817 1801 3888 inquirere,
1837 3833 1986 3889 qua:-

405 3926 626 3981 eunque
653 3926 788 3965 nova
822 3911 1104 3965 volumina
1142 3910 1324 3979 reperi
1356 3922 1483 3979 post
1502 3910 1645 3965 banc
1676 3913 1989 3967 contentio-

402 4018 529 4057 nem
562 4005 766 4072 scripta
803 4004 1057 4057 omnia...
1090 4002 1349 4073 praedicta
1395 4005 1724 4059 auctoritate
1778 4005 1985 4077 reperi.

399 4095 750 4164 Quaecunque
808 4109 940 4149 vero
987 4095 1306 4166 antiquiora
1361 4104 1540 4161 erant,
1587 4106 1642 4150 et
1689 4104 1983 4167 antequam

399 4188 508 4244 hoc
561 4192 769 4245 bellum
820 4194 1085 4254 oriretur,
1142 4189 1349 4259 scripta
1385 4192 1501 4244 haec
1572 4206 1703 4245 vero
1752 4206 1885 4246 sana
1928 4202 1986 4247 et

399 4286 615 4354 integra
637 4298 764 4339 cum
795 4286 1126 4338 auctoritate
1150 4281 1411 4353 praedicta
1437 4296 1690 4349 manent,
1718 4302 1842 4357 qua
1872 4303 1981 4342 non

397 4381 660 4448 pauciora
707 4389 859 4442 sunt,
896 4392 1060 4449 quam
1092 4376 1184 4433 illa
1216 4392 1339 4448 quae
1370 4392 1532 4448 passa
1592 4377 1818 4435 fuerant
1861 4397 1986 4437 cor-

2096 1882 2239 1936 liber
2289 1882 2341 1934 in
2395 1898 2591 1937 manus
2630 1882 2919 1937 incidisset
2955 1884 3104 1937 illius
3133 1884 3530 1951 sapientissimi
3579 1883 3682 1937 viri

2099 1974 2362 2029 Demetrii
2394 1973 2655 2047 Cydonii,
2692 1976 3001 2045 auctoritas
3050 1976 3313 2044 praedicta
3346 1976 3680 2050 rcintegrata

2095 2074 2199 2121 est.
2236 2064 2336 2120 Ille
2364 2067 2512 2121 enim
2541 2081 2664 2120 eam
2689 2068 2911 2136 propria
2948 2077 3110 2121 manu
3150 2068 3203 2120 in
3238 2068 3483 2137 tnargiue
3533 2066 3682 2123 illius

2095 2159 2223 2213 libri
2261 2160 2544 2229 asrripsit,
2591 2170 2647 2213 et
2680 2159 2965 2214 audaciam
3007 2161 3356 2229 corruptoris
3395 2160 3557 2229 digne
3590 2177 3684 2214 rc.-

2094 2253 2397 2323 prebcndlt
2429 2270 2443 2305 :
2483 2250 2538 2306 in
2568 2262 2774 2306 tantam
2815 2252 3109 2316 inssnlarn,
3140 2252 3391 2307 tenebras
3430 2266 3486 2307 et
3529 2253 3681 2324 igno-

2098 2349 2341 2401 rantiam
2374 2357 2601 2401 nostros
2631 2346 2884 2400 homines
2911 2345 3122 2415 pepulit
3146 2361 3339 2401 eorum
3369 2351 3676 2404 contentio.

2094 2438 2303 2494 Deinde
2337 2438 2521 2493 dicere
2558 2441 2779 2500 audent,
2816 2442 2963 2507 quod
2996 2436 3197 2499 Latini,
3246 2452 3678 2509 nostrorumque

2093 2530 2330 2595 Vaccus,
2376 2542 2434 2584 et
2458 2531 2708 2598 alii,.qui
2744 2530 2970 2583 Latinos
3009 2531 3188 2585 secuti
3221 2532 3470 2595 fuerunt,
3500 2533 3677 2587 libros

2092 2625 2468 2694 corruperint,
2510 2623 2817 2694 praesertim
2841 2639 2966 2679 cum
2998 2625 3300 2680 auctoritas
3324 2626 3438 2680 hazc
3461 2637 3674 2681 tantum

2091 2727 2375 2783 ornatum,
2412 2728 2619 2773 tantam
2679 2718 2914 2789 gratiam
2948 2729 3004 2773 et
3032 2718 3293 2787 eloquent
3315 2735 3402 2774 am
3436 2720 3675 2777 Atticam

2096 2812 2438 2883 praeselerat,
2460 2823 2520 2866 ut
2548 2825 2662 2869 non
2685 2812 2850 2867 modo
2876 2810 3103 2868 Latinos
3119 2814 3325 2883 aliquid
3349 2815 3533 2869 simile
3549 2831 3672 2871 cum

2093 2914 2243 2959 tanta
2294 2904 2468 2975 gratia
2520 2907 2576 2959 in
2639 2904 2814 2972 lingua
2869 2905 3159 2975 peregrina
3206 2915 3263 2963 et
3329 2906 3517 2961 Cra~ea
3564 2924 3674 2962 non

2092 3013 2255 3070 posse
2287 3010 2624 3068 componere
2663 3017 2681 3054 :
2714 2997 2811 3052 sed
2838 3012 3015 3067 neque
3038 2995 3261 3053 Graecos
3281 2999 3506 3069 quidem
3537 3017 3678 3071 prac-

2096 3100 2178 3145 ter
2198 3090 2380 3159 ipsum
2412 3088 2700 3143 Basilium.
2735 3086 2950 3143 Latinis
2982 3088 3192 3143 etenim
3220 3089 3411 3159 lingua
3445 3092 3673 3161 propria

2093 3195 2411 3251 generaque
2444 3180 2669 3237 dicendi
2696 3196 2727 3235 a
2753 3181 2968 3236 nostris
2999 3180 3221 3236 diversa
3274 3182 3676 3251 impedimento

2093 3282 2247 3337 sunt,
2282 3288 2349 3327 ne
2372 3272 2582 3343 aliquid
2614 3274 2688 3327 ita
2715 3285 2914 3328 ornate
2935 3274 2989 3327 in
3017 3282 3203 3327 nostra
3222 3273 3413 3344 lingua
3435 3278 3679 3330 conseri-

2091 3367 2277 3421 bant:
2324 3367 2794 3439 quemadmodum
2851 3365 3021 3421 etiam
3059 3371 3270 3423 nostris
3331 3368 3676 3440 impossibile

2089 3471 2176 3516 est
2203 3460 2414 3532 aliquid
2451 3462 2653 3533 aequali
2682 3462 2860 3528 gratia
2914 3472 2974 3518 et
3014 3471 3239 3528 ornatu,
3276 3474 3442 3533 atque
3493 3464 3674 3520 Latini

2091 3552 2149 3607 in
2208 3553 2395 3623 lingua
2455 3554 2649 3609 Latina
2728 3552 3006 3619 scribere,
3046 3562 3543 3626 quantumcunque
3590 3555 3677 3610 vrl

2090 3645 2265 3701 Graeci
2298 3646 2354 3699 in
2377 3645 2599 3713 Latina,
2634 3648 2722 3701 vel
2755 3646 2938 3701 Latini
2966 3645 3021 3700 in
3062 3648 3252 3703 Graeca
3280 3648 3468 3719 lingua
3494 3647 3679 3719 profc-

2091 3740 2293 3795 eerint.
2326 3740 2497 3812 Cujus
2536 3743 2615 3798 rei
2653 3750 2769 3796 tum
2801 3755 2929 3812 ego,
2961 3749 3079 3795 tum
3113 3742 3207 3796 alii
3242 3744 3312 3797 de
3342 3744 3552 3800 nostris
3589 3744 3677 3797 di-

2089 3834 2390 3905 gnisumus
2420 3842 2611 3897 testes,
2642 3831 2735 3903 qui
2763 3830 3011 3886 Latinam
3072 3843 3355 3902 utcunque
3381 3836 3707 3892 mediocri?

2092 3936 2176 3981 ter
2211 3926 2578 3996 intelligimus
2610 3926 2882 3992 linguam,
2916 3927 2996 3979 nil
3035 3933 3218 3981 tamen
3239 3927 3386 3995 quod
3414 3938 3674 3983 ornatum

2089 4018 2399 4090 Latineque
2431 4018 2802 4088 compositum
2836 4018 2930 4080 sit.
2963 4017 3212 4073 scribere
3236 4034 3483 4087 possunt.
3512 4020 3674 4077 Clare

2091 4102 2276 4182 itaque
2310 4121 2460 4182 patet
2487 4111 2591 4183 qui
2628 4113 2823 4167 modos
2853 4112 3104 4172 dicendi.
3130 4114 3357 4185 stylum,
3403 4118 3673 4187 eloquen-

2090 4211 2248 4271 tiam,
2285 4215 2343 4261 et
2380 4204 2485 4260 alia
2514 4204 2765 4259 indicare
2794 4204 2980 4260 sciunt
3004 4204 3183 4275 ipsius
3226 4204 3439 4274 Basilii,
3469 4216 3528 4262 et
3551 4211 3676 4277 ejus

2086 4304 2290 4359 limata:
2335 4300 2539 4371 lingua:
2571 4298 3166 4371 banc‘auctoritatem,
3197 4310 3258 4355 et
3294 4301 3496 4357 nullius
3527 4304 3672 4357 alte-

2089 4392 2207 4448 rius
2238 4406 2385 4447 esse.
2428 4390 2702 4446 Praeterea
2730 4404 2858 4445 cum
2896 4386 3104 4444 Veecus
3143 4390 3337 4462 paucis
3361 4402 3486 4447 ante
3512 4395 3676 4449 annis

396 4468 732 4538 ruptionem.
778 4466 838 4521 In
865 4466 1066 4537 quibus
1102 4467 1268 4522 etiam
1322 4467 1528 4539 aliquid
1565 4472 1799 4541 'veperi,
1832 4474 1979 4542 quod
2014 4488 2058 4544 ο
2085 4482 2277 4549 fuerit,
2308 4480 2440 4536 libri
2471 4496 2604 4537 vero
2629 4481 2802 4536 multo
2838 4496 2907 4537 eo
2941 4483 3287 4552 antiquiores
3310 4486 3444 4549 sint,
3475 4484 3671 4542 falsam

394 4571 453 4617 et
488 4560 857 4632 plangendum
889 4560 1077 4627 simul,
1101 4570 1158 4617 et
1188 4561 1502 4617 mirandum
1527 4574 1633 4621 est.
1668 4564 1981 4621 Mirandum

399 4656 649 4727 quidem,
680 4655 725 4709 si
759 4657 887 4725 quis
906 4655 1096 4711 volens
1130 4655 1379 4712 adhaeret
1402 4656 1537 4713 falso
1572 4657 1689 4729 ipse
1723 4658 1857 4714 illud
1882 4657 1983 4713 lin-

395 4766 550 4823 gens,
598 4762 653 4805 et
680 4748 988 4821 prasertim
1019 4751 1311 4804 veritatem
1356 4751 1611 4819 celando,
1648 4768 1776 4808 eum
1823 4753 1983 4809 intel-

396 4846 572 4901 lectus
612 4842 939 4897 naturaliter
970 4844 1265 4898 veritatem
1306 4843 1509 4899 habeat
1564 4860 1663 4916 pro
1708 4847 1928 4920 objecto
1964 4865 1978 4902 :

399 4938 768 5012 plangendum
796 4951 948 5007 vero,
981 4937 1131 5009 quod
1161 4938 1331 5009 aliqui
1358 4940 1470 4994 sint
1499 4941 1572 4994 ita
1601 4938 1727 4995 ﬁdei
1774 4942 1983 4997 verita-

394 5046 504 5092 tem
537 5033 984 5105 parvilacientes,
1014 5032 1135 5090 sine
1158 5048 1267 5104 qua
1305 5041 1392 5088 est
1427 5035 1772 5105 impossibile
1802 5036 1981 5090 homi-

392 5146 519 5187 nem
545 5130 758 5185 salvum
793 5129 934 5195 ﬁeri,
967 5139 1026 5182 ut
1075 5142 1185 5181 nou
1217 5127 1396 5181 solum
1432 5128 1554 5197 ejus
1604 5128 1981 5199 investigatio-

394 5240 524 5282 nem
549 5231 925 5289 contemnant,
958 5236 1150 5277 verum
1188 5221 1358 5276 etiam
1390 5237 1518 5276 eum
1544 5220 1693 5277 clare
1716 5232 1979 5292 appareat

392 5334 514 5377 eam
538 5321 741 5384 celare,
767 5317 1083 5386 opprimere
1140 5326 1307 5386 atque
1334 5325 1652 5386 pervertere
1679 5325 1975 5371 conentur.

394 5412 511 5469 Hoc
533 5425 721 5467 autem
759 5412 866 5467 tale
901 5411 1037 5481 quid
1064 5418 1186 5465 erat
1209 5424 1318 5465 una
1350 5423 1475 5464 cum
1497 5407 1620 5464 aliis
1649 5408 1791 5464 duos
1807 5407 1975 5463 etiam

391 5507 660 5580 quosdam
694 5506 867 5562 libros
895 5504 1072 5560 sancti
1113 5503 1298 5559 Basilii
1340 5504 1545 5559 odendi
1596 5503 1742 5574 apud
1782 5517 1975 5558 mona-

388 5603 622 5661 sterium
638 5599 846 5658 Christi
862 5598 1167 5656 Salvatoris
1184 5597 1535 5669 Pantepopti,
1572 5614 1740 5653 uuqu
1771 5599 1836 5652 in
1856 5613 1977 5669 per-

389 5712 627 5773 gameno
666 5694 1140 5767 antiquissimum,
1179 5704 1238 5749 ut
1268 5692 1582 5758 videbatur,
1619 5692 1814 5766 quanti
1841 5706 1974 5747 vero

392 5795 658 5869 temporis
683 5794 900 5868 ignoro,
930 5805 1043 5848 non
1080 5790 1230 5848 enim
1253 5798 1378 5850 erat
1407 5806 1585 5847 annus
1628 5790 1929 5860 inscriptus
1956 5807 1970 5843 :

2086 4574 2230 4630 hanc
2258 4572 2699 4637 accusationem,
2745 4582 2805 4628 et
2840 4589 3037 4628 vanum
3090 4572 3361 4645 refugium
3409 4576 3701 4647 probaut.‘

2084 4669 2221 4725 Item
2250 4668 2355 4723 hoc
2386 4667 2532 4723 idem
2557 4667 2785 4723 aliunde
2821 4654 3113 4738 probatur.
3139 4668 3239 4724 Vir
3268 4670 3493 4740 quidam
3521 4662 3671 4742 apud

2083 4763 2314 4819 Latinos
2342 4763 2598 4817 maxima:
2628 4763 3027 4832 reputationis,
3056 4761 3252 4834 llugon
3280 4766 3507 4820 nomine
3533 4768 3673 4819 anti-

2083 4872 2251 4927 quus,
2274 4865 2330 4911 et
2359 4856 2525 4926 longe
2553 4866 2685 4909 ante
2707 4864 2956 4925 tempora
2984 4866 3196 4923 nostra,
3228 4859 3489 4925 prasteriti
3538 4871 3672 4914 sunt

2083 4966 2323 5020 namque
2357 4952 2473 5005 fere
2500 4964 2597 5004 ccc
2623 4949 2777 5013 anui,
2799 4965 2865 5004 cx
2893 4964 3006 5020 quo
3035 4950 3164 5013 fuit,
3202 4965 3326 5005 cum
3350 4952 3416 5006 de
3450 4967 3671 5021 proces-

2081 5046 2240 5103 sione
2280 5044 2524 5114 Spiritus
2549 5042 2727 5098 sancti
2757 5044 3033 5099 scriberet
3061 5061 3074 5099 :
3108 5046 3246 5098 hanc
3276 5048 3441 5099 etiam
3479 5058 3671 5103 aucto.

2081 5126 2303 5194 ritatcin
2353 5136 2527 5191 sancti
2563 5135 2748 5190 Basilii
2781 5136 2848 5189 ad
2892 5135 3037 5191 hanc
3081 5139 3500 5194 conclusionem
3541 5155 3673 5211 pro-

2080 5225 2318 5281 bandam
2355 5225 2587 5281 inducit.
2636 5224 2752 5279 Hoc
2781 5236 2966 5280 autem
2999 5241 3109 5281 non
3161 5227 3357 5284 Latine
3391 5231 3663 5301 scriptum

2080 5319 2275 5375 videns
2298 5318 2448 5383 dico,
2486 5333 2682 5373 verum
2712 5316 2902 5375 Graece
2934 5321 3077 5391 apud
3123 5321 3666 5394 CoristantinOpolim

2080 5413 2137 5467 in
2169 5412 2408 5482 quodam
2440 5413 2584 5468 libro
2625 5411 2840 5479 Graeco,
2870 5430 2980 5468 non
3031 5414 3209 5485 ipsius
3257 5414 3523 5487 Hugonis,
3566 5419 3664 5474 sed

2079 5506 2370 5578 cujusdam
2420 5506 2629 5562 Nicetae
2684 5507 3095 5579 archiepiscopi
3128 5509 3662 5581 Thessalonicensis,

2077 5600 2174 5671 qui
2210 5600 2318 5670 ipsi
2347 5599 2565 5673 llugoni
2606 5603 2965 5671 contradicit,
2994 5618 3309 5675 quanquam
3341 5605 3460 5674 ipse
3492 5605 3664 5660 Thes-

2076 5696 2439 5751 salonicensis
2465 5698 2610 5753 idem
2638 5713 2761 5753 cum
2784 5696 3000 5754 Latinis
3028 5699 3301 5768 sapiebat.
3336 5698 3491 5766 Quod
3513 5699 3663 5756 enim

2078 5786 2323 5861 Spiritus
2366 5802 2594 5851 sanctus
2642 5808 2709 5849 ex
2767 5794 2931 5851 Patre
2975 5790 3228 5865 Filioque
3284 5793 3659 5865 procederet,
