4140 6140
460 276 566 344 411

1452 279 1962 340 BESSARIONIS
1993 280 2054 340 S.
2098 279 2171 341 Β.
2204 277 2275 338 Ε.
2317 274 2789 337 CARDlNALlS

3639 269 3747 336 412

462 387 745 451 credebat,
794 385 1171 441 contendebat
1220 401 1371 447 vero.
1421 394 1481 441 ut
1523 390 1687 459 vulgo
1721 388 1951 451 dicitur,
1982 388 2050 443 de
2081 393 2123 451 Α
2158 402 2304 443 ream
2328 396 2582 443 catenam
2605 385 2819 442 ordinis
2849 399 2949 440 nos
2972 383 3261 441 docuit.ln
3290 384 3356 439 iis
3386 384 3533 439 enim
3559 393 3750 439 contra

464 480 659 534 umbra
704 479 870 541 asini,
910 493 1088 547 neque
1128 479 1310 547 ipsum
1345 493 1533 531 verum
1580 494 1838 533 asserens
1881 480 2051 533 licere

451 572 733 644 .Symbulo
767 572 921 637 addi,
948 587 1063 625 rem
1102 588 1313 641 ninguit:
1347 571 1597 641 profecto
1627 573 1943 627 devotionis
1999 581 2055 626 et

464 667 774 737 sapientiae,
827 680 891 719 ac
948 665 992 719 si
1040 665 1257 719 diceret.
1288 680 1398 719 non
1447 676 1709 734 oportere
1764 668 2052 722 veritatem

467 759 688 828 publice
734 757 1061 826 prmdicare.
1113 757 1235 810 llaec
1284 766 1469 811 autem
1528 755 1749 827 longius
1806 758 2052 820 narravi,

418 886 421 887 ν
468 852 659 905 volens
694 849 933 919 probare
973 848 1149 905 fuisse
1186 850 1413 918 quidem
1457 859 1877 919 corruptionem
1911 828 1963 903 in
1995 850 2058 904 li-

466 944 606 1007 bris,
649 959 844 999 verum
892 958 999 997 non
1026 959 1055 996 a
1086 941 1299 997 Latinis
1330 954 1381 997 et
1421 943 1643 997 illorum
1698 944 2054 1013 sequacibus,

465 1039 563 1093 sed
594 1054 622 1091 e
657 1047 853 1090 contra
884 1052 914 1088 ξι
944 1034 1415 1091 contendentibus
1461 1050 1586 1089 cuzn
1627 1034 1838 1089 Latinis
1880 1053 1893 1087 :
1933 1051 2056 1087 cor-

468 1130 896 1198 ruptiouemque
921 1142 1029 1181 non
1056 1143 1153 1197 pcr
1173 1127 1516 1182 additionem
1543 1126 1743 1190 solum,
1764 1126 1858 1181 sed
1889 1124 2059 1180 inter-

469 1224 602 1277 dum
636 1238 733 1293 per
773 1223 1145 1276 minutionem
1186 1221 1384 1275 factam
1435 1220 1627 1275 fuisse.
1658 1220 1737 1274 lta
1762 1230 1826 1274 aut
1876 1218 2062 1273 nullus

469 1317 707 1384 amplius
746 1315 923 1386 possit
976 1315 1210 1369 Vcccum
1248 1322 1305 1367 et
1371 1312 1581 1367 similes
1631 1328 1886 1377 causare,
1933 1328 2058 1367 cum

470 1411 601 1465 libri
633 1410 808 1464 multo
831 1418 1127 1478 antequam
1160 1408 1329 1463 fuerit
1350 1407 1564 1462 Veccus
1587 1406 1880 1460 veritatem
1911 1406 2060 1459 clare

470 1505 796 1575 probarent.
850 1502 916 1558 Et
959 1503 1080 1558 bace
1115 1501 1342 1572 quidem
1386 1515 1417 1554 a
1454 1509 1701 1569 tempore
1733 1500 1806 1553 ita
1833 1498 2060 1553 indubia

471 1607 530 1653 et
558 1614 691 1653 vera
737 1608 868 1652 sunt
917 1597 1117 1667 signa;
1153 1596 1223 1650 ab
1261 1594 1381 1664 ipso
1402 1594 1566 1648 etiam
1598 1609 1797 1664 genere
1838 1591 2060 1647 dicendi

471 1691 807 1747 suavissimo
834 1698 891 1744 et
931 1687 1300 1743 ornatissimo
1338 1687 1479 1758 stylo
1511 1694 1662 1755 patet
1695 1684 1902 1739 nullius
1927 1683 2061 1739 alte-

2169 478 2499 534 Eunomium
2531 479 2883 534 sermonibus
2903 478 3045 543 suis,
3073 476 3339 547 dignitate
3386 490 3624 546 namque
3677 475 3752 530 ait

2164 573 2470 626 secundum
2504 588 2627 627 esse
2661 586 2689 624 a
2723 570 2886 633 Filio,
2915 570 3177 625 videlicet
3200 567 3465 639 Spiritum
3494 577 3750 623 sanctum

2164 678 2288 717 cum
2315 664 2384 717 ab
2420 663 2537 733 ipso
2568 678 2690 719 esse
2742 662 2959 727 habeat,
2990 670 3047 716 et
3096 659 3165 715 ab
3220 660 3340 730 ipso
3401 658 3662 727 accipiat,
3698 665 3753 711 et

2165 757 2458 811 annuntiet
2479 758 2660 818 nobis,
2690 766 2744 810 et
2766 757 2996 810 omnino
3021 754 3089 809 ab
3122 753 3212 808 illa
3234 768 3399 807 causa
3418 750 3751 821 dependeat,

2166 851 2386 921 pictatis
2421 853 2563 905 ratio
2592 852 2778 904 tradit.
2812 849 2987 919 Hujus
3020 848 3168 902 enim
3237 844 3608 908 auctoritatis,
3648 842 3754 897 etsi

2168 959 2278 997 non
2301 953 2494 1007 totam,
2533 955 2746 1012 partem
2780 950 2959 997 tamen
2994 940 3293 995 admittunt
3318 937 3517 1000 nostri,
3555 945 3753 989 cretera

2167 1034 2573 1097 abscindentes,
2594 1050 2657 1090 ac
2679 1038 2751 1089 ita
2766 1049 2886 1091 eam
2905 1032 3238 1102 allegantes;
3258 1027 3524 1099 dignitate
3548 1028 3752 1081 etenim

2167 1127 2444 1182 secundus
2470 1143 2639 1182 essen
2679 1127 2822 1182 Filio
2848 1124 3270 1180 traditfortasse
3316 1119 3454 1174 ratio
3508 1117 3753 1190 pictatis,

2167 1221 2433 1276 addentes
2458 1222 2709 1277 fortassis
2745 1230 2805 1275 ut
2837 1220 3145 1274 orationem
3189 1214 3412 1270 dubiam
3469 1212 3747 1276 reddant;

2168 1332 2291 1385 qua:
2317 1314 2571 1370 dubietas
2610 1315 2834 1371 omnino
2866 1313 3045 1369 aliena
3078 1328 3109 1368 a
3143 1318 3326 1366 mente
3359 1308 3538 1365 sancti
3564 1304 3753 1361 Basilii

2170 1428 2269 1481 per
2317 1426 2415 1465 nos
2442 1409 2788 1479 probabitur.
2820 1406 2946 1463 Haec
2964 1409 3113 1462 enim
3140 1420 3250 1460 non
3279 1419 3380 1475 per
3411 1398 3754 1472 impossibile

2170 1513 2394 1559 sanctus
2420 1502 2510 1558 ille
2534 1502 2730 1556 doctor
2754 1502 2944 1568 infert,
2973 1498 3442 1571 quemadmodum
3477 1493 3759 1565 aliquibus

2172 1597 2497 1667 ignorantur
2518 1595 2694 1649 visum
2720 1604 2824 1660 est,
2846 1596 3061 1651 scilicet
3082 1605 3347 1650 utveram
3370 1601 3575 1646 sanctae
3604 1586 3756 1645 Scri-

2172 1699 2370 1761 pturae,
2423 1703 2690 1758 suamque
2726 1687 3041 1758 opinionem
3082 1702 3367 1758 exponens
3405 1681 3758 1747 censiderat,

475 1786 592 1838 rius
621 1797 785 1853 quam
830 1782 1017 1837 Basilii
1052 1779 1259 1835 debere
1286 1779 1439 1836 credi
1480 1779 1642 1833 istam
1664 1776 2062 1831 auctoritatem
2099 1779 2138 1832 Β
2171 1783 2315 1853 quod
2349 1798 2589 1851 sequens
2609 1792 2693 1838 est
2725 1782 2950 1837 tertium
2987 1781 3182 1836 ordine
3210 1781 3360 1836 clare
3388 1790 3602 1850 ponens
3634 1774 3758 1844 Spi.

471 1890 620 1930 esse.
661 1875 918 1928 Attamen
950 1873 1020 1926 ab
1052 1866 1167 1942 ipsa
1202 1872 1370 1927 etiam
1404 1870 1707 1934 sententia,
1735 1879 1790 1923 et
1821 1882 2057 1937 sequen-

475 1969 612 2021 tium
637 1968 707 2021 ad
738 1966 1103 2036 praecedentia
1136 1978 1394 2019 connexa
1429 1963 1480 2018 id
1509 1962 1685 2031 ipsum
1723 1960 1872 2016 clare
1908 1969 2065 2030 pate-

474 2063 594 2128 bit;
633 2064 676 2117 si
708 2063 833 2132 quis
864 2068 1079 2115 attente
1108 2058 1447 2115 consideret.
1477 2057 1614 2113 Cum
1650 2055 1962 2112 Eunomius
2000 2068 2067 2106 ex

474 2170 544 2210 eo
574 2155 720 2225 quod
772 2154 1016 2223 Spiritus
1051 2164 1282 2207 sanctus
1313 2152 1513 2206 tertius
1542 2149 1741 2204 ordine
1771 2147 2069 2218 dignitate-

475 2264 586 2319 que
636 2247 921 2304 diceretur
973 2263 999 2300 a
1050 2245 1387 2316 quibusdam
1443 2243 1791 2306 doctoribus,
1840 2240 2068 2297 tertiqu

476 2345 645 2399 etiam
710 2358 837 2397 cum
913 2352 1109 2395 natura
1162 2340 1493 2409 colligeret,
1560 2345 1787 2391 sanctus
1836 2333 2072 2388 Basilius

478 2435 898 2492 conclusionem
933 2433 1077 2487 hanc
1113 2447 1261 2501 aegre
1298 2431 1509 2492 ferens,
1540 2427 1720 2481 media
1752 2436 1932 2479 tamen
1957 2438 2070 2479 non

480 2538 665 2600 negat,
692 2526 840 2598 quod
870 2524 1089 2582 scilicet
1110 2524 1359 2595 Spiritus
1401 2531 1635 2575 sanctus
1678 2519 1881 2574 tertius
1922 2525 2073 2572 esset

483 2624 752 2693 dignitate
791 2631 847 2678 et
876 2619 1116 2682 ordine;
1162 2632 1285 2671 nam
1336 2625 1392 2671 et
1426 2615 1471 2670 si
1505 2624 1704 2668 contra
1735 2612 2070 2667 Eunomium

486 2717 754 2777 clamans,
793 2715 891 2777 ait,
918 2714 1011 2783 qni
1044 2728 1176 2766 vero
1215 2711 1249 2765 ii
1282 2710 1461 2765 sancti
1515 2708 1750 2772 fuerint,
1780 2716 1837 2763 et
1864 2707 1918 2760 in
1950 2705 2075 2775 qui-

484 2811 591 2865 bus
632 2808 827 2865 eorum
873 2807 1233 2863 sermonibus
1270 2804 1376 2859 hoc
1404 2805 1720 2864 docuerint,
1747 2799 1936 2855 dicere
1962 2813 2071 2853 nun

487 2904 659 2958 audet
695 2920 709 2958 :
742 2917 852 2957 non
906 2901 1031 2955 ideo
1068 2900 1173 2954 hoc
1205 2900 1361 2960 dicit,
1391 2897 1520 2967 quia
1554 2904 1758 2967 negant
1804 2892 2073 2965 Spiritum

488 3005 742 3052 sanctum
792 2995 1017 3048 tertium
1071 2992 1266 3047 ordine
1319 3006 1466 3051 esse.
1502 2990 1587 3044 vel
1623 2988 1735 3043 dici
1783 3000 1813 3041 ι
1844 2985 2073 3047 sanctis,

488 3085 957 3158 quemadmodum
1005 3084 1182 3139 nostri
1218 3092 1367 3137 recte
1395 3091 1593 3153 putant
1639 3080 1746 3149 (sic
1778 3078 1925 3133 enim
1967 3075 2075 3131 sibi

486 3183 594 3253 ipsi
623 3185 803 3238 etiam
829 3189 885 3235 et
926 3178 1142 3233 veritati
1189 3186 1469 3231 contraria
1501 3170 1766 3241 diceret).
1803 3170 1898 3225 sed
1931 3170 2079 3224 illius

492 3276 867 3349 temeritatem
888 3287 1033 3342 aegre
1059 3272 1267 3335 ferens,
1291 3277 1348 3323 et
1370 3266 1783 3327 conclusimtem
1822 3264 1964 3318 hanc
1990 3277 2081 3315 re-

490 3370 727 3437 pellens,
756 3367 902 3439 quod
930 3366 1143 3420 scilicet
1164 3364 1410 3433 Spiritus
1439 3371 1665 3416 sanctus
1686 3359 1882 3414 tertius
1910 3358 2078 3413 etiam

489 3463 637 3517 esset
666 3469 891 3523 natura,
925 3455 1252 3513 exclamavit
1282 3454 1501 3518 dicens;
1539 3453 1631 3523 qui
1670 3466 1808 3507 vero
1832 3451 1869 3504 ii
1906 3449 2081 3504 sancti

492 3554 720 3620 fuerint,
769 3564 826 3607 et
869 3552 925 3605 in
958 3550 1162 3621 quibus
1210 3563 1404 3603 eorum
1457 3545 1811 3602 sermonibus
1850 3545 1954 3598 hoc
1984 3542 2082 3597 do-

493 3647 737 3711 cuerint,
772 3646 958 3701 dicere
995 3660 1104 3699 non
1152 3642 1351 3708 audet;
1381 3656 1489 3696 non
1523 3640 1653 3710 quia
1706 3655 1817 3693 non
1873 3637 2085 3693 fuerint

495 3742 591 3813 qui
651 3742 756 3795 hoc
813 3739 1103 3805 dixerunt,
1178 3736 1279 3792 sed
1328 3734 1459 3807 quia
1502 3734 1545 3790 si
1607 3749 1801 3788 eorum
1849 3730 2092 3787 auctori-

500 3847 668 3893 tatem
728 3848 991 3906 expresse
1053 3833 1375 3903 allcgasset,
1447 3828 1738 3883 manifeste
1796 3826 2085 3898 apparuis-

496 3941 583 3988 set
634 3947 743 3987 non
791 3929 1039 4001 potuisse
1096 3927 1241 3982 lianc
1297 3924 1593 3979 absurdam
1640 3921 1797 3992 sequi
1855 3922 2085 3977 conclu-

497 4028 716 4083 sionem
747 4040 815 4079 ex
856 4022 1024 4078 dictis
1056 4035 1277 4075 eorum.
1316 4016 1535 4073 Scimus
1593 4018 1802 4072 etenim
1838 4012 1985 4085 quod
2018 4029 2087 4069 ex

500 4136 613 4176 uno
637 4122 802 4177 etiam
839 4116 1132 4181 vocabulo,
1162 4113 1247 4168 vel
1284 4111 1533 4167 dictione
1592 4108 1795 4174 ablata,
1822 4106 2089 4177 superad-

500 4213 613 4268 dita
650 4214 737 4268 vel
795 4209 1099 4283 proposita,
1135 4214 1248 4262 tota
1299 4204 1533 4261 intentio
1584 4210 1760 4273 atque
1812 4200 2087 4256 sententia

502 4308 789 4378 scriptoris
855 4316 1139 4372 mutatur;
1191 4313 1251 4359 et
1298 4318 1329 4357 e
1360 4313 1633 4357 converso
1663 4313 1787 4352 cum
1849 4295 2089 4351 ﬁdeliter

503 4402 794 4471 allegatur,
823 4398 970 4455 clare
997 4412 1155 4453 mens
1181 4397 1301 4467 ejus
1336 4394 1624 4466 probatur,
1662 4392 1737 4447 ita
1770 4400 1829 4444 ut
1867 4403 1979 4444 non
2018 4387 2085 4442 li-

2171 1877 2336 1929 ritum
2372 1890 2526 1943 esse;
2567 1876 2791 1931 tertium
2822 1890 2958 1931 vero
2986 1886 3184 1930 natura
3226 1884 3487 1945 tanquam
3523 1873 3755 1944 impium

2171 1972 2463 2042 repellens.
2498 1972 2643 2026 Audi
2672 1972 2881 2027 etenim
2924 1986 3047 2038 quae
3102 1970 3170 2025 ad
3197 1969 3446 2038 ejusdem
3472 1969 3761 2040 probatio-

2172 2080 2296 2120 nem
2325 2066 2461 2119 dicit
2486 2085 2498 2118 :
2530 2064 3011 2131 Quemadmodum
3038 2063 3211 2129 enim,
3241 2062 3439 2139 inquit,
3476 2064 3646 2118 Filius
3668 2079 3760 2118 or-

2172 2158 2300 2213 dine
2332 2156 2552 2227 quidem
2572 2173 2599 2211 a
2632 2157 2793 2213 Patre
2816 2158 3095 2212 secundus
3119 2168 3227 2221 est,
3251 2158 3513 2227 quoniam
3542 2160 3610 2224 ab
3643 2159 3756 2215 illo:

2171 2260 2227 2306 et
2257 2252 2541 2322 dignitate,
2573 2250 2836 2321 quoniam
2866 2251 3055 2324 origo;
3098 2245 3166 2305 et~
3214 2265 3381 2304 causa
3414 2250 3635 2308 essendi
3656 2252 3705 2305 ei
3732 2291 3750 2317 ,

2172 2362 2295 2400 cum
2321 2347 2440 2416 ejus
2469 2345 2627 2399 Pater
2651 2345 2724 2399 sit
2750 2361 2765 2412 ;
2801 2352 2997 2398 natura
3025 2357 3162 2398 vero
3189 2342 3341 2397 nullo
3368 2343 3534 2397 modo
3560 2359 3762 2402 secun-

2175 2436 2300 2502 dus,
2330 2437 2587 2507 quoniam
2628 2438 2682 2491 in
2718 2445 2957 2506 utroque
2994 2451 3099 2489 una
3135 2448 3218 2491 est
3251 2434 3435 2497 Deitas
3468 2453 3481 2488 :
3559 2435 3633 2490 ita
3667 2436 3757 2489 vi-

2175 2533 2376 2588 delicet
2413 2541 2467 2584 et
2508 2530 2555 2585 si
2587 2529 2855 2601 dignitate
2918 2538 2977 2584 et
3012 2529 3205 2585 ordine
3236 2518 3514 2590 secundus
3568 2546 3594 2582 a
3618 2528 3761 2583 Filio

2175 2635 2279 2689 est,
2354 2604 2680 2681 nontamen
2733 2622 2926 2677 alienae
2990 2622 3168 2691 ipsum
3237 2633 3449 2675 natura:
3482 2637 3603 2687 esse
3639 2622 3766 2677 inde

2177 2728 2567 2788 consequetur.
2600 2716 2696 2771 His
2744 2723 2908 2771 etiam
2952 2715 3139 2770 verbis
3173 2716 3344 2787 aliqui
3403 2716 3762 2782 addiderunt,

2178 2826 2492 2883 quanquam
2523 2809 2948 2874 concedendum
2981 2825 3091 2863 non
3122 2810 3231 2863 sit:
3267 2826 3377 2879 quo
3427 2810 3567 2864 nihil
3594 2811 3765 2885 magis

2178 2903 2518 2961 contrarium
2544 2914 2631 2958 εει
2659 2900 2953 2958 intentioni
2987 2901 3050 2956 Β.
3078 2901 3289 2966 Basilii,
3314 2902 3408 2972 qui
3438 2902 3490 2956 in
3517 2900 3766 2972 Epistula

2179 2999 2247 3053 ad
2302 2999 2624 3063 canonicas,
2651 2995 2977 3053 Clarissime
3011 2994 3250 3065 Spiritus
3277 3004 3525 3073 sanctus,
3564 2995 3766 3067 inquit,

2183 3093 2329 3148 Patri
2382 3092 2602 3163 quidem
2644 3105 2701 3159 et
2758 3090 2900 3165 Filio
2954 3101 3408 3157 connumeratur,
3445 3106 3770 3164 cumsupra

2184 3200 2403 3239 omnem
2432 3197 2745 3240 creaturam
2778 3186 2885 3252 sit;
2923 3185 3119 3251 ordine
3166 3199 3299 3239 vero
3337 3184 3533 3241 tertius
3564 3194 3672 3249 est,
3710 3191 3772 3237 ut

2186 3277 2479 3349 Evangelia
2515 3278 2874 3341 nosdocent,
2920 3277 3150 3333 Domino
3181 3276 3442 3335 dicente:
3488 3276 3687 3332 Emam
3714 3277 3771 3341 in

2183 3373 2483 3424 universum
2518 3376 2776 3425 mundum
2823 3371 3090 3441 baptizata
3120 3371 3175 3424 in
3223 3369 3433 3427 nomine
3493 3368 3771 3434 Patris,“

2187 3462 2328 3527 Filii,
2362 3471 2410 3517 et
2462 3461 2693 3533 Spiritus
2722 3464 2894 3519 sancti
2908 3481 2929 3522 :.
2959 3463 3054 3534 qui
3097 3473 3285 3531 autem
3316 3476 3445 3519 eum
3503 3464 3775 3537 praeponit

2187 3555 2345 3625 Filio,
2380 3568 2470 3612 aut
2506 3559 2851 3629 superiorem
2886 3558 3048 3616 Patre
3102 3558 3261 3628 dicit,
3316 3559 3410 3615 bic
3439 3560 3776 3629 contradicit

2190 3654 2284 3708 Dei
2310 3652 2613 3721 traditioni,
2658 3654 2874 3709 alienus
2910 3668 3042 3717 vero
3066 3668 3103 3707 ar
3136 3669 3272 3715 sana
3311 3652 3419 3709 fide
3468 3663 3571 3719 est,
3607 3670 3777 3726 quam

2188 3748 2421 3818 accepit,
2458 3746 2794 3804 laudationis
2820 3748 3051 3814 formam
3079 3762 3193 3803 non
3225 3761 3500 3814 servans;
3533 3756 3591 3803 et
3652 3756 3779 3819 post

2190 3854 2361 3909 pauca
2386 3840 2602 3905 :Quare
2627 3838 2672 3892 si
2699 3840 2824 3911 quis
2844 3838 2992 3893 hunc
3017 3838 3270 3894 ordinem
3285 3839 3576 3912 pervertit,
3602 3841 3778 3911 ipsam

2190 3948 2553 4002 personarum
2620 3932 3004 3989 exsistentiam
3041 3940 3320 4004 totamque
3380 3933 3544 3989 fidem
3594 3945 3780 4007 negat.

2192 4027 2245 4080 Si
2271 4028 2437 4103 igitur
2466 4026 2582 4081 haec
2624 4025 2795 4081 verba
2844 4025 3150 4082 bzesitantis
3177 4035 3237 4082 et
3284 4018 3589 4083 dubitantis
3633 4030 3781 4086 circa

2190 4118 2441 4174 ordinem
2508 4120 2641 4185 sint,
2701 4127 2759 4174 et
2802 4118 2945 4189 ejus,
3000 4121 3096 4190 qui
3218 4136 3373 4175 suam
3445 4124 3777 4177 sententiam

2188 4212 2294 4270 sub
2362 4213 2570 4277 dubiis.
2620 4223 2677 4268 et
2759 4227 2888 4267 cum
2955 4213 3232 4280 fortassis.
3330 4226 3389 4272 et
3459 4230 3777 4288 quanquam

2191 4297 2605 4365 concedendum
2665 4296 2777 4364 non
2850 4308 2924 4365 sit
2998 4294 3261 4379 proferat,
3315 4317 3469 4365 tuum
3524 4312 3598 4365 sit
3625 4312 3777 4380 judi-

2192 4401 2362 4464 cium,
2395 4411 2451 4455 et
2480 4400 2741 4467 alierum,
2776 4401 2871 4473 qui
2900 4401 3037 4456 recti
3060 4398 3281 4471 judices
3310 4409 3461 4475 sunt,
3485 4409 3540 4455 et
3570 4402 3784 4473 aliqua-

506 4506 629 4549 ceat
661 4491 1091 4564 malignantibus
1108 4489 1522 4546 conclusionem
1546 4485 1775 4551 inferre,
1802 4498 1923 4555 qua:
1952 4497 2090 4554 ιπε-
2126 4508 2174 4564 D
2202 4505 2361 4550 ιειιηε
2428 4494 2759 4565 intelligant,
2794 4498 2905 4549 vim
2985 4495 3289 4559 rationum,
3350 4502 3409 4549 et
3465 4494 3783 4567 dogmatum

508 4589 833 4644 cedentibus
903 4602 1014 4641 non
1084 4584 1401 4640 conveniat.
1458 4578 1640 4648 Quare
1691 4578 1737 4635 si
1790 4576 2094 4633 Eunomlus

510 4686 677 4741 etiam
726 4683 1013 4754 allegassct
1046 4678 1432 4734 auctoritatem
1489 4688 1835 4739 sanctorum,
1888 4686 1999 4727 non
2026 4670 2095 4725 li-

509 4779 717 4835 cuisset
744 4779 794 4832 ei
835 4773 1170 4831 concludere
1201 4771 1345 4841 quod
1388 4771 1765 4835 concluserat;
1798 4782 1923 4821 nam
1957 4776 2013 4821 et
2052 4756 2096 4819 si

514 4876 737 4931 tertium
756 4887 878 4928 esse
911 4870 1178 4940 Spiritum
1202 4878 1449 4923 sanctum
1478 4867 1734 4921 doctores
1762 4861 2097 4926 concedunt,

520 4970 741 5024 tertium
796 4976 979 5021 tamen
1006 4979 1133 5019 eum
1170 4977 1293 5017 esse
1328 4972 1526 5015 natura
1583 4968 1783 5030 negant
1810 4970 2098 5026 expresse,

517 5079 691 5134 quare
725 5060 1120 5132 malignitatem
1182 5056 1305 5127 ejus
1362 5054 1645 5110 detestans
1677 5051 1847 5106 infert
1876 5069 1889 5117 ;
1923 5049 2102 5113 fuitne

521 5137 762 5228 unquam
794 5152 870 5207 ita
894 5149 1223 5208 temerarius
1246 5148 1472 5219 aliquis,
1502 5147 1599 5218 qui
1625 5146 1811 5201 divina
1848 5145 2099 5213 dogmata

521 5257 882 5325 perverteret,
916 5255 1082 5315 atque
1114 5243 1446 5298 innovaret:
1479 5252 1535 5297 et
1579 5250 1729 5311 patet
1761 5238 1911 5310 quod
1946 5238 2101 5293 novi-

522 5355 690 5399 tatem
739 5341 832 5398 hic
891 5339 1143 5395 nominat
1173 5334 1400 5391 tertium
1459 5348 1584 5389 esse
1614 5341 1809 5387 natura
1833 5330 2101 5401 Spiritum

519 5449 792 5501 sanetum,
856 5450 969 5491 non
1016 5441 1201 5487 autem
1232 5430 1429 5485 ordine
1475 5438 1532 5483 et
1576 5426 1861 5498 dignitate.
1892 5425 2104 5497 Nempe

516 5536 667 5592 enim
720 5532 964 5602 seipsnm
1020 5525 1351 5597 appellasset
1390 5535 1659 5576 novarum
1694 5534 1877 5575 rerum
1908 5528 2106 5576 aucto-

516 5628 656 5691 rem,
698 5634 756 5680 et
800 5621 907 5680 sibi
966 5620 1067 5690 ipsi
1100 5616 1375 5671 contraria
1409 5616 1639 5669 diceret.
1671 5612 1793 5683 Ipse
1836 5614 1986 5668 enim
2016 5624 2105 5669 est

514 5725 612 5796 qui
646 5720 923 5793 prrecipue
960 5714 1123 5769 nobis
1145 5709 1374 5765 credere
1402 5707 1629 5763 tradidit
1659 5706 1930 5777 Spiritum
1971 5725 2101 5763 san—

515 5832 665 5877 ctum
692 5815 916 5873 tertium
947 5824 1070 5867 esse
1126 5804 1319 5861 ordine
1354 5813 1407 5859 ct
1434 5803 1717 5873 dignitate,
1740 5813 1796 5859 et
1832 5804 1973 5858 lianc
2006 5816 2101 5859 au-

2203 4597 2513 4643 verttatem.
2581 4587 2785 4647 Deinde
2831 4601 2942 4643 non
2976 4587 3145 4658 pudet
3192 4602 3291 4644 eos
3341 4594 3507 4645 tanta:
3570 4586 3791 4647 contra-

2204 4678 2416 4734 rietatis
2466 4689 2719 4734 sanctum
2773 4679 3059 4735 doctorem
3132 4695 3420 4745 accusare.
3488 4682 3601 4738 imo
3656 4700 3789 4738 vero

2204 4774 2553 4845 ignorantiae,
2574 4775 2621 4829 si
2654 4774 2820 4831 modo
2844 4774 3071 4846 quidem
3110 4775 3332 4830 tertium
3366 4786 3426 4832 ut
3454 4792 3565 4832 non
3594 4776 3791 4833 liceret

2202 4870 2413 4937 absque
2469 4869 2706 4924 crimine
2740 4868 3067 4939 impietatis,
3096 4879 3155 4924 et
3197 4870 3369 4925 totius
3401 4869 3527 4924 fidei
3562 4886 3788 4940 perver-

2202 4959 2416 5015 sionem
2444 4959 2598 5015 hunc
2622 4961 2876 5016 ordinem
2912 4974 3153 5026 mutare,
3184 4962 3349 5017 modo
3379 4960 3627 5018 fortassis
3660 4979 3786 5019 eum

2202 5070 2327 5109 esse
2358 5055 2661 5110 secundum
2688 5072 2719 5110 a
2749 5057 2890 5111 Filio
2913 5056 3083 5120 dicat,
3119 5064 3175 5111 et
3213 5057 3319 5111 alia
3382 5056 3787 5128 hujuscemodi.

2213 5145 2326 5217 Ego
2365 5164 2495 5202 vero
2528 5158 2667 5203 teste
2705 5151 2817 5204 Deo
2848 5150 3027 5205 vicem
3093 5158 3293 5205 eorum
3328 5152 3422 5220 qui
3450 5150 3570 5206 hinc
3633 5161 3797 5206 autu-

2207 5252 2359 5295 mant
2407 5242 2568 5296 doleo
2597 5252 2653 5298 et
2685 5258 2784 5313 pro
2817 5243 2901 5298 eis
2933 5257 3019 5297 me
3058 5245 3245 5313 pudet.
3289 5243 3346 5297 Si
3382 5259 3512 5299 vero
3543 5244 3648 5314 ipsi
3683 5258 3797 5300 non

2205 5336 2472 5400 sentiunt,
2501 5337 2700 5391 mirum
2739 5346 2825 5392 est
2861 5337 3128 5407 profectu.
3153 5335 3312 5403 Quod
3339 5349 3524 5393 autem
3567 5352 3791 5394 omnem

2207 5445 2397 5486 eorum
2449 5428 2846 5500 impudentiam
2890 5438 3143 5496 enervat,
3174 5429 3280 5486 hoc
3312 5441 3421 5500 est,
3444 5432 3594 5500 quod
3626 5432 3682 5488 in
3712 5433 3798 5488 his

2209 5536 2402 5580 contra
2435 5524 2771 5581 Eunomium
2812 5527 3124 5582 rationibus
3152 5508 3271 5584 suis
3298 5517 3631 5598 postmulta
3662 5510 3799 5586 con-4

2211 5619 2444 5674 eludens
2468 5621 2558 5675 hic
2579 5620 2775 5675 doctor
2794 5619 2961 5676 infert
2987 5639 3000 5675 :
3022 5621 3102 5675 Ita
3119 5633 3175 5676 et
3204 5619 3445 5691 Spiritus
3464 5634 3689 5679 sanctus
3717 5624 3802 5679 di-

2209 5716 2418 5782 gnitate
2442 5713 2663 5783 quidem
2688 5723 2745 5768 et
2769 5712 2965 5769 ordine
2995 5698 3271 5769 secundus
3298 5696 3426 5791 post
3451 5714 3651 5771 Filium
3676 5725 3800 5786 est;

2212 5805 2523 5873 accepimus
2554 5807 2701 5861 enim
2724 5821 2851 5861 eum
2874 5805 3095 5863 tertium
3121 5823 3150 5862 a
3171 5805 3328 5863 Patre
3356 5819 3413 5863 ct
3438 5808 3578 5864 Filio
3607 5824 3806 5867 nume-
