4140 6140
409 290 523 358 H3

1330 292 1429 353 DE
1468 274 1993 351 PROCESSIONE
2038 284 2408 349 SPlRITUS
2447 283 2755 346 SANCTI.

3582 281 3695 352 414

406 420 590 464 ratum
632 408 754 477 ipso
775 407 1011 477 Domino
1067 407 1123 460 in
1159 405 1465 461 traditione
1508 405 1857 475 baptismatis
1912 420 1995 460 sa-
2028 410 2068 464 Α
2100 412 2155 455 et
2189 401 2421 456 ordine:
2457 398 2625 471 igitur
2650 397 2894 469 Spiritus
2919 411 2986 453 ex
3014 396 3154 455 Filio
3184 408 3292 455 est.
3320 399 3472 468 Quod
3510 414 3698 457 autem

404 501 594 573 lutans
617 501 766 567 hunc
797 500 1049 556 ordinem
1088 500 1321 554 docente
1350 513 1475 553 eum
1509 497 1712 553 dixerit
1747 514 1762 550 :
1798 497 1999 554 Eunte;

405 597 829 670 baptizate,e_tc.
886 594 1280 649 Animadverte
1356 593 1522 666 igitur
1587 592 1734 664 quod
1796 594 2001 664 quibus

404 671 745 763 argumentis
771 690 824 744 in
865 688 1127 757 Epistula
1175 690 1243 742 ad
1276 686 1577 753 canonicas
1654 685 1905 749 ordinem
1943 684 1997 739 in

417 782 687 836 Trinitate
721 780 919 851 probat
948 783 1230 846 salutaris,
1260 782 1479 837 scilicet
1509 779 1857 851 baptismatis
1895 788 2002 837 tra-

405 878 639 943 ditione,
672 858 883 941 eisdem
941 878 1108 933 etiam
1171 877 1258 932 hic
1287 876 1543 933 eumdem
1600 874 1849 930 ordinem
1908 874 2005 927 de-

407 978 724 1037 monstrat;
766 978 824 1025 at
854 969 911 1025 in
944 970 1194 1041 Epistula
1232 968 1299 1024 ad
1336 967 1647 1027 canonicas
1681 977 1828 1023 tanta
1876 979 2001 1019 cum

405 1062 740 1119 ccrtitudine
773 1063 923 1119 hunc
958 1063 1168 1121 asserit
1190 1062 1465 1128 ordinem,
1519 1069 1580 1115 ut
1616 1076 1741 1116 eum
1774 1057 1867 1128 qui
1900 1056 2002 1110 ali-

404 1165 487 1211 ter
513 1154 744 1222 diceret,
775 1156 1002 1227 impium
1031 1165 1330 1222 assereret.
1356 1157 1476 1222 Quo
1506 1155 1669 1227 igitur
1693 1152 1857 1208 modo
1892 1150 2004 1217 hic,

406 1248 500 1304 ubi
540 1250 748 1305 eisdem
774 1247 1115 1319 argumentis
1147 1248 1348 1307 utitur,
1379 1260 1504 1300 cum
1568 1244 1912 1299 haesitatione
1950 1250 2007 1297 et

406 1341 751 1397 dubitatione
772 1340 1132 1411 loqueretur?
1152 1355 1339 1394 verum
1364 1337 1483 1393 hinc
1510 1353 1601 1406 pra
1613 1352 1801 1391 verum
1827 1334 2009 1390 homi-

407 1449 562 1500 num,
599 1443 654 1487 et
691 1433 1142 1505 impiorum,non
1181 1430 1331 1484 illius
1362 1426 1825 1484 sanctissimiviri
1854 1435 2003 1481 sunt.

410 1525 557 1581 Nulli
585 1525 771 1594 itaque
853 1522 1221 1578 dubitandum
1257 1532 1343 1577 est
1394 1522 1570 1577 sancti
1621 1519 1800 1576 Patris
1832 1518 2006 1573 nostri

423 1619 611 1675 Basilii
670 1618 811 1673 hanc
844 1631 967 1672 esse
1000 1615 1413 1680 auctoritatem,
1466 1610 1760 1683 Spiritum,
1798 1612 2010 1668 scilicet

407 1722 682 1776 sanctum,
737 1710 939 1765 ordine
992 1718 1049 1762 et
1110 1707 1379 1778 dignitate
1441 1706 1749 1761 secundum
1804 1719 1833 1759 a
1866 1705 2007 1764 Filio

408 1821 557 1871 esse,
599 1787 892 1875 ipsumque
921 1818 1044 1856 esse
1074 1798 1281 1853 habere
1350 1798 1419 1851 ab
1442 1813 1530 1862 eo,
1580 1808 1634 1853 et
1685 1798 1753 1851 ab
1785 1811 1851 1850 co
1882 1806 2005 1850 tan-
2042 1765 2081 1827 Β

411 1912 578 1971 quam
615 1916 642 1951 a
666 1912 831 1951 causa
873 1891 1211 1972 dependere.
1265 1888 1421 1958 Quod
1450 1905 1577 1945 cum
1635 1889 1710 1943 ita
1757 1890 1853 1955 sit,
1882 1888 2007 1960 quis

416 1992 653 2063 amplius
680 1988 887 2060 aliquid
913 1989 1052 2043 alius
1080 1986 1329 2060 quaerit?
1358 1986 1551 2051 Nonne
1583 1986 1738 2041 solus
1763 1984 2005 2041 Basilius

410 2083 692 2141 suﬂicicns
726 2094 810 2137 est
832 2097 1051 2137 omnem
1085 2095 1186 2136 nos
1236 2080 1437 2135 docere
1468 2079 1786 2144 veritatem?
1815 2079 2008 2140 Nerine

412 2188 624 2233 tantum
660 2186 716 2231 et
770 2176 1023 2230 humanm
1083 2183 1138 2229 et
1184 2173 1384 2227 divinae
1436 2172 1720 2242 sapientia:
1772 2171 2006 2241 particl-

410 2268 584 2340 pavit,
616 2276 676 2320 ut
707 2266 873 2321 etiam
913 2266 1064 2320 sotus
1093 2262 1376 2319 sufﬁciens
1406 2264 1479 2319 sit
1523 2265 1623 2319 toti
1682 2277 1868 2323 causa:
1903 2260 2007 2317 do-

410 2371 534 2417 ctor
584 2376 646 2415 ac
674 2358 980 2432 magister?
1013 2357 1080 2412 Et
1106 2372 1420 2428 quanquam
1456 2356 1574 2411 hac
1604 2356 1825 2419 veritas,
1858 2354 2007 2426 quod

412 2453 655 2524 Spiritus
681 2463 909 2508 sanctus
938 2453 1197 2517 videlicet
1246 2452 1411 2507 etiam
1451 2466 1519 2505 ex
1552 2450 1694 2505 Filio
1733 2451 2007 2521 procedit,

413 2546 585 2602 exiis
640 2547 806 2601 etiam
865 2546 1028 2600 nudis
1074 2545 1241 2613 huius
1298 2543 1541 2599 doctoris
1616 2528 1802 2597 verbis
1829 2543 2008 2597 inani-

411 2638 554 2695 feste
611 2648 911 2709 appareat:
977 2653 1086 2692 non
1142 2645 1321 2691 tamen
1360 2636 1428 2692 ab
1486 2651 1545 2691 re
1577 2650 1699 2690 esse
1756 2634 2000 2707 judiccvi

415 2732 593 2803 ipsius
614 2732 734 2803 ejus
758 2731 942 2786 verbis
972 2728 1389 2803 praesuppositis
1407 2727 1786 2800 syllogismum
1815 2743 2010 2799 quem-

416 2822 542 2880 dam
579 2826 647 2879 ad
711 2839 835 2879 eam
893 2822 1187 2878 veritatem
1223 2820 1560 2888 probandam
1595 2820 1826 2875 inferre.
1859 2820 2009 2875 Dicit

402 2918 585 2991 igitur
624 2915 826 2972 Filium
862 2913 1168 2971 secundum
1211 2929 1239 2967 a
1286 2912 1451 2969 Patre
1478 2911 1679 2967 ordine
1725 2922 1781 2966 et
1828 2912 2008 2984 digni-

418 3018 531 3081 tate
553 3028 569 3073 :
591 3009 698 3065 hoc
723 3016 907 3067 autem
935 3007 1109 3062 nostri
1134 3005 1300 3061 etiam
1332 3002 1666 3069 concedunt,
1698 3004 1795 3060 sed
1825 3006 2004 3060 anim-

415 3100 643 3164 adverte
668 3115 905 3173 quonam
961 3097 1124 3153 modo
1168 3097 1444 3153 secundus
1470 3109 1498 3148 a
1546 3095 1706 3150 Patre
1740 3096 1811 3150 sit
1838 3094 2009 3150 Filius

408 3179 613 3257 ordine
640 3205 697 3252 et
745 3194 1059 3265 dignitate:
1114 3190 1257 3247 idem
1310 3190 1458 3245 enim
1499 3189 1685 3258 infert,
1716 3200 2006 3261 propterea

405 3272 565 3361 'quotf
608 3286 677 3342 ab
709 3301 775 3341 eo
805 3296 911 3352 est,
958 3293 1013 3340 et
1052 3284 1179 3354 quia
1212 3281 1546 3354 principium
1604 3290 1662 3336 et
1700 3296 1861 3337 causa
1889 3282 2009 3355 ejus

420 3390 509 3438 est
548 3380 731 3437 Pater.
764 3379 943 3445 Quare
975 3377 1120 3448 quod
1154 3378 1210 3431 in
1259 3374 1465 3430 divinis
1515 3376 1769 3445 personis
1808 3390 2008 3431 secun-

419 3475 551 3533 dum
571 3472 765 3529 ordine
788 3470 1123 3543 etdignitate
1147 3469 1214 3522 ab
1227 3469 1413 3538 aliquo
1434 3476 1539 3532 est,
1561 3468 1686 3522 ideo
1704 3466 2007 3522 secundum

417 3567 491 3622 ab
521 3566 615 3629 illo
642 3564 880 3637 est,quia
902 3573 987 3618 est
1012 3562 1079 3617 ab
1114 3562 1229 3616 illo.
1257 3561 1383 3616 llaec
1423 3575 1557 3615 vero
1583 3559 1636 3614 in
1663 3559 2009 3617 naturalibus

416 3662 582 3718 etiam
620 3659 791 3715 rebus
826 3656 1181 3717 manifestum
1218 3666 1324 3710 est.
1358 3654 1534 3709 Omne
1573 3654 1719 3709 enim
1753 3652 1897 3724 quod
1930 3655 2003 3710 ab

418 3756 607 3823 aliquo
640 3762 839 3814 natura
867 3751 1168 3806 secundum
1208 3757 1311 3811 est,
1362 3748 1528 3803 etiam
1561 3749 1629 3802 ab
1680 3762 1747 3802 eo
1809 3755 1927 3802 est:
1959 3747 2005 3801 si

418 3849 543 3919 quis
579 3846 725 3900 dicat
767 3846 1003 3899 calorem
1042 3842 1273 3912 produci
1337 3860 1364 3895 a
1413 3842 1528 3897 sole
1558 3842 1716 3911 prius
1764 3840 2003 3906 radium,

418 3956 533 3997 non
594 3950 776 3994 tamen
826 3938 1067 3994 calorem
1094 3935 1324 4007 produci
1381 3950 1415 3990 a
1467 3936 1647 4001 radio,
1684 3949 2004 4004 quanquam

417 4034 495 4090 sit
519 4045 714 4087 natura
757 4028 1037 4085 secundus
1079 4037 1207 4098 post
1236 4026 1475 4094 radium,
1503 4027 1887 4097 respondetur,
1945 4024 2003 4080 in

417 4123 695 4181 creaturis
730 4121 979 4193 quidem,
1017 4120 1165 4191 quod
1196 4127 1392 4174 natura
1424 4118 1729 4175 secundum
1775 4119 2005 4175 alterius

420 4218 492 4274 ab
523 4227 593 4272 eo
633 4228 780 4283 esse,
798 4214 887 4269 vel
915 4222 1177 4283 tanquam
1204 4226 1234 4275 a
1265 4226 1428 4266 causa
1453 4210 1729 4277 eﬂ‘ectiva,
1763 4211 1848 4266 vel
1884 4221 2005 4266 tau-

419 4323 584 4381 quam
618 4324 649 4364 a
696 4322 885 4371 causa,
942 4307 1063 4363 sine
1102 4314 1212 4377 qua
1259 4321 1394 4372 non,
1431 4306 1569 4365 utin
1592 4305 1847 4376 exemplo
1874 4320 2004 4375 pro-

419 4404 636 4469 ducto;
668 4400 723 4455 in
751 4399 863 4456 Deo
890 4415 1014 4465 cum
1070 4415 1181 4456 non
1236 4399 1393 4469 prius
1445 4406 1689 4469 tempore
1740 4399 2003 4469 procedat

2106 495 2349 575 Spiritus
2375 504 2571 548 natura
2624 504 2710 549 est
2744 494 2939 560 ordine
2971 495 3252 559 secundus
3278 513 3305 549 a
3336 497 3475 553 Filio
3523 507 3695 569 patet,

2104 588 2242 643 nihil
2286 588 2435 657 enim
2469 598 2553 641 est
2577 590 2630 642 in
2660 599 2849 643 sancta
2881 589 3155 654 Trinitate
3179 601 3379 660 praeter
3414 602 3690 662 naturam.

2103 694 2283 749 neque
2316 696 2414 749 per
2447 680 2706 737 accidens
2744 697 2757 746 ;
2791 692 2843 737 ct
2875 697 3004 737 cave
3039 698 3109 737 ne
3136 692 3187 738 te
3222 683 3553 741 scandalizet
3579 685 3712 747 hanc,

2105 772 2297 841 dictio,
2338 782 2551 839 natura,
2586 789 2711 828 cum
2740 774 3005 847 Spiritum
3067 785 3263 837 natura
3313 778 3615 837 secundum
3667 797 3694 832 a

2106 856 2247 921 Filio
2270 865 2485 920 audias.
2526 865 2637 919 Non
2665 866 2812 921 enim
2855 868 3163 928 secundum
3190 877 3445 922 naturam
3496 885 3699 924 secun-

2108 960 2241 1027 dum
2277 959 2430 1012 iitum
2463 958 2722 1025 dicimus,
2756 970 2813 1013 ut
2834 959 3065 1014 alterius
3126 969 3333 1023 natura:
3378 961 3529 1016 illum
3574 975 3697 1017 esse

2107 1053 2490 1114 ostendamus,
2526 1062 2689 1121 prout
2717 1054 3026 1111 Eunomius
3051 1054 3325 1119 faciebat;
3361 1054 3457 1109 sed
3488 1066 3700 1109 natura!

2110 1144 2350 1200 dicimus
2370 1143 2733 1199 excludentes
2766 1144 3055 1210 accidens,
3113 1152 3169 1199 et
3196 1145 3347 1215 quod
3374 1156 3575 1213 prattcr
3604 1162 3700 1199 na-

2111 1249 2290 1293 turam
2328 1248 2432 1305 est.
2470 1234 2586 1292 Hoc
2623 1248 2805 1291 autem
2845 1245 3078 1292 sanctus
3114 1253 3334 1307 quoque
3362 1238 3698 1293 Athanasius

2112 1338 2388 1396 testatur;
2421 1329 2635 1399 qualem
2700 1328 2954 1383 ordinem
3008 1340 3062 1383 et
3094 1340 3343 1383 naturam
3407 1331 3574 1386 habet
3611 1330 3700 1384 Fi-

2108 1422 2216 1477 lius
2236 1422 2299 1477 ad
2320 1424 2560 1488 Patrem,
2592 1423 2756 1477 talem
2776 1422 3026 1476 ordinem
3066 1432 3120 1477 et
3161 1434 3409 1479 naturam
3430 1425 3695 1495 Spiritum

2111 1533 2329 1587 quoque
2387 1528 2635 1575 sanctum
2694 1516 2761 1571 ad
2805 1516 3004 1572 Filium
3053 1515 3255 1571 habere
3304 1517 3530 1571 decens.
3578 1517 3696 1571 Duo

2109 1607 2256 1661 enim
2287 1607 2401 1662 haec
2426 1624 2523 1677 per
2546 1607 2687 1662 hanc
2714 1607 3099 1664 auctoritatem
3126 1609 3453 1678 probantur,
3476 1620 3529 1662 et
3552 1609 3694 1679 quod

2113 1702 2308 1756 tertius
2332 1718 2360 1755 a
2387 1703 2547 1757 Patre
2570 1699 2812 1772 Spiritus
2835 1712 3058 1758 sanctus
3086 1712 3171 1757 est
3190 1704 3405 1764 ordine,
3425 1714 3481 1757 et
3505 1718 3703 1757 secun-

2114 1796 2219 1850 dus
2247 1812 2275 1850 a
2312 1794 2474 1861 Filio,
2509 1796 2768 1866 quodque
2796 1804 2995 1849 natura
3028 1809 3110 1850 est
3137 1796 3230 1850 hic
3261 1800 3419 1860 ordo.
3448 1794 3556 1850 Sed
3587 1797 3702 1851 lucc

2114 1885 2341 1956 quidem
2398 1902 2465 1941 ex
2502 1885 2932 1943 auctoritatibus
2987 1887 3163 1941 sancti
3193 1886 3380 1941 Basilii
3441 1888 3563 1943 luce
3592 1888 3703 1941 cia-

2112 1979 2228 2043 rius
2266 1978 2497 2049 probata
2522 1987 2673 2044 sunt,
2708 1996 2832 2051 quae
2864 1980 3031 2051 longo
3056 1995 3312 2037 sermone
3341 1981 3469 2035 data
3524 1998 3692 2051 opera

2111 2072 2378 2142 exposui;
2416 2087 2543 2127 cum
2577 2087 2685 2127 non
2734 2088 2903 2142 parva
2942 2088 3044 2133 nns
3092 2072 3221 2129 inde
3275 2082 3541 2143 sequatur
3591 2074 3703 2126 uti-
3794 2140 3797 2141 ν

2108 2164 2257 2229 litas,
2291 2164 2400 2227 imo
2434 2180 2569 2219 vero
2640 2174 2815 2221 totum
2848 2166 2963 2229 lucc
3001 2166 3113 2221 sola
3140 2164 3308 2221 verba
3342 2168 3573 2236 possint.
3610 2166 3700 2222 Si-

2109 2256 2335 2327 quidem
2383 2257 2534 2311 solus
2560 2256 2796 2313 Basilius
2826 2257 3108 2315 sufficiens
3140 2267 3225 2316 est
3267 2258 3335 2313 ad
3385 2258 3695 2314 docendum

2112 2364 2210 2403 nos
2232 2347 2355 2404 fidei
2377 2348 2819 2411 veritatemJam
2853 2366 2983 2404 vero
3006 2352 3073 2405 ad
3100 2352 3369 2421 promissa
3397 2366 3482 2411 me
3515 2362 3696 2406 trans-

2110 2438 2302 2498 feram,
2323 2453 2379 2494 et
2405 2454 2624 2495 omnem
2645 2440 2743 2495 tibi
2771 2456 3090 2511 processum
3110 2434 3250 2497 sacri
3275 2442 3493 2497 concilii
3519 2443 3701 2497 brevi-

2112 2538 2194 2587 ter
2233 2533 2504 2601 narrabo;
2542 2535 2740 2590 deinde
2778 2535 2987 2605 aliquas
3015 2535 3513 2592 demonstrationes
3535 2537 3699 2608 hujus

2116 2626 2365 2682 veritatis
2419 2627 2472 2681 in
2510 2626 2751 2682 medium
2795 2627 3043 2692 atteram,
3072 2637 3127 2683 et
3168 2628 3250 2683 sic
3279 2630 3440 2685 tinem
3474 2630 3698 2687 faciam.

2192 2717 2451 2774 Narratio
2478 2737 2659 2773 eorum
2693 2737 2806 2789 quw
2837 2721 2892 2774 in
2926 2720 3150 2775 concilio
3183 2722 3332 2791 facta
3389 2723 3626 2793 fuerunt.

2184 2811 2274 2865 llla
2310 2812 2496 2884 igitur.
2520 2813 2588 2868 de
2612 2813 2815 2883 quibus
2848 2813 3135 2877 Ferrariai.
3168 2816 3261 2869 ubi
3296 2826 3355 2870 ut
3386 2826 3573 2872 notmn
3601 2800 3699 2871 ro-

2111 2905 2196 2960 bis
2224 2914 2327 2970 est,
2348 2909 2527 2976 primo
2546 2907 2884 2977 appulimus,
2902 2918 3029 2962 ante
3047 2908 3451 2965 inchoationem
3474 2912 3698 2979 conciiii

2112 2996 2374 3069 privatim
2433 2998 2865 3068 disputayimus,
2928 3009 3188 3067 tanquam
3238 3013 3348 3053 non
3386 3003 3695 3068 necessaria

2061 3135 2078 3186 Ζ
2111 3090 2385 3155 omittam,
2411 3106 2534 3145 cum
2562 3092 2727 3146 etiam
2750 3092 2910 3146 nobis
2933 3092 3023 3169 illa
3048 3094 3258 3149 terendi
3292 3097 3554 3165 temporis
3576 3114 3699 3168 gra-

2115 3186 2189 3239 tia
2228 3186 2439 3256 pntius,
2475 3196 2530 3241 et
2592 3188 2714 3243 illos
2742 3191 3121 3257 exspectandi,
3151 3192 3246 3261 qui
3290 3194 3509 3247 venturi
3539 3206 3697 3265 erant

2110 3279 2177 3334 ad
2194 3281 2525 3347 concilium,
2563 3285 2841 3352 proposita
2874 3283 3103 3348 fuerint,
3131 3301 3292 3355 quam
3329 3287 3481 3356 quod
3505 3303 3697 3342 neces-

2109 3371 2255 3426 saria
2289 3381 2496 3427 essent.
2542 3374 2814 3444 Tempore
2846 3391 2977 3431 vero
3020 3376 3347 3432 adveniente
3385 3378 3564 3432 visum
3610 3390 3695 3434 est
3772 3362 3773 3365 η

2112 3466 2319 3520 nostris
2349 3466 2405 3520 in
2430 3468 2565 3521 duas
2592 3478 2781 3538 partes
2810 3470 3143 3539 propositam
3168 3472 3528 3540 quaestionem
3556 3474 3695 3526 divi-

2111 3558 2241 3614 dere
2269 3576 2283 3613 :
2309 3576 2497 3618 unam.
2528 3561 2675 3631 quod
2711 3565 2813 3618 nec
2845 3562 3017 3635 ipsum
3049 3567 3215 3619 etiam
3251 3566 3533 3620 veritatem
3566 3566 3696 3622 licc-

2109 3663 2194 3707 ret
2226 3652 2426 3709 addere
2455 3653 2714 3727 Symbolo
2740 3656 2962 3712 l’atrum
2997 3678 3009 3714 :
3040 3660 3287 3722 alteram,
3315 3662 3460 3732 quod
3492 3678 3593 3717 nec
3621 3666 3692 3718 sit

2110 3759 2298 3798 verum
2332 3744 2599 3824 Spiritum
2643 3760 2895 3803 sanctum
2927 3766 2993 3804 ex
3021 3750 3185 3807 Patre
3246 3753 3496 3824 Filioque
3554 3771 3684 3825 pro-

2110 3836 2325 3893 cedere.
2352 3838 2422 3893 Et
2449 3855 2573 3893 cum
2612 3840 2717 3896 hoc
2745 3841 3064 3910 placuisset,
3086 3845 3308 3899 demum
3339 3848 3691 3918 quaerebatur

2107 3945 2350 4000 quonam
2412 3932 2789 4002 incipiendum
2842 3944 3011 3998 esset,
3048 3947 3104 3992 et
3132 3939 3413 3994 communi
3453 3940 3685 3995 aliorum

2108 4023 2380 4095 sententia
2416 4010 2598 4079 visum
2633 4023 2741 4079 fuit
2768 4026 2899 4081 inde
2938 4026 3182 4097 incipere
3213 4046 3225 4086 :
3267 4029 3412 4099 quod
3440 4031 3577 4085 nihil
3616 4033 3690 4101 sit

2107 4118 2423 4173 addendum
2456 4118 2736 4191 Symbolo,
2765 4136 3076 4193 quanquam
3104 4125 3219 4195 ipse
3242 4124 3526 4179 manifeste
3559 4142 3694 4181 con-

2109 4211 2475 4267 tradicebam.
2535 4211 2769 4268 Aiebam
2835 4215 2985 4270 enim
3029 4226 3125 4270 aut
3178 4214 3523 4286 probabilius
3582 4219 3690 4276 hoc

2114 4298 2291 4358 altero
2349 4317 2496 4368 esse,
2551 4313 2647 4359 aut
2692 4320 2723 4361 e
2778 4315 3011 4362 contra:
3052 4317 3108 4363 et
3168 4308 3443 4378 siquidem
3507 4312 3691 4366 minus

2110 4395 2395 4466 probabile
2421 4407 2591 4463 esset,
2625 4413 2739 4454 non
2763 4397 2961 4455 decere
2978 4416 3006 4454 a
3027 4401 3395 4459 debilioribus
3417 4384 3686 4477 incipere,

416 4509 451 4551 a
514 4492 678 4550 Patre
742 4488 933 4558 Filius,
975 4506 1139 4561 quam
1195 4478 1457 4561 spiritus,
1518 4490 1564 4545 si
1621 4490 1864 4561 Spiritus
1914 4493 2179 4566 estpita
2212 4493 2473 4548 utvictos
2506 4503 2562 4549 et
2608 4493 2923 4564 profligatos
2978 4510 3080 4550 nos
3138 4495 3194 4550 in
3264 4498 3446 4569 primo
3503 4513 3683 4556 certa-

416 4596 619 4644 natura
649 4584 930 4642 secundus
959 4581 1125 4651 Filio,
1157 4590 1376 4655 oportet
1402 4582 1549 4655 quod
1583 4584 1653 4638 ab
1688 4598 1754 4639 eo
1776 4585 1848 4639 sit
1876 4593 1999 4639 tau-

418 4696 584 4753 quam
612 4691 823 4736 acausa
854 4676 1108 4734 eﬂ‘ectiva
1135 4694 1151 4733 :
1186 4676 1458 4733 sumimus
1487 4686 1673 4732 autem
1703 4676 1815 4742 hic,
1839 4682 1897 4732 et
1945 4676 2003 4733 in

419 4781 539 4830 toto
571 4772 674 4827 hoc
690 4786 857 4841 opere
880 4783 1100 4826 causam
1129 4782 1232 4842 pro
1254 4768 1596 4839 producente
1624 4783 1777 4824 more
1807 4768 2003 4825 docto.

421 4879 543 4919 rum
560 4863 896 4920 (imorum.
917 4862 987 4917 At
1007 4860 1275 4931 Spiritum
1290 4874 1512 4932 quoque
1536 4871 1787 4918 sanctum
1806 4861 2002 4918 ordine

408 4958 474 5015 et
492 4958 759 5029 dignitate
786 4957 1089 5013 secundum
1112 4969 1143 5010 a
1159 4953 1301 5010 Filio
1329 4954 1473 5010 idem
1502 4955 1611 5023 ait;
1638 4954 1786 5027 quod
1816 4963 1999 5012 autem

423 5065 535 5105 non
558 5050 714 5121 quasi
737 5047 1022 5113 dubitans,
1046 5054 1109 5102 ut
1133 5046 1357 5119 quidem
1385 5049 1684 5113 somniant,
1725 5047 1838 5103 imo
1866 5063 1999 5103 vero

423 5157 582 5199 certo
622 5152 817 5198 tenens
852 5141 910 5196 in
961 5140 1193 5211 epistola
1226 5139 1293 5193 ad
1323 5140 1618 5195 canonicas
1646 5140 1793 5196 clare
1844 5138 2000 5194 vide.

420 5244 529 5290 tur.
560 5232 642 5289 Ex
672 5233 740 5289 iis
772 5232 936 5301 igitur
966 5231 1072 5286 tale
1096 5232 1168 5286 sit
1196 5230 1827 5301 argumentum.0mne,
1850 5232 1999 5301 quod

418 5327 474 5382 in
514 5324 717 5382 divinis
746 5324 998 5396 personis
1027 5324 1137 5379 alio
1170 5324 1475 5379 secundum
1511 5333 1618 5388 est,
1673 5324 1741 5379 ab
1767 5340 1836 5380 eo
1869 5336 1953 5381 est
1981 5344 1997 5383 :

422 5420 664 5491 Spiritus
678 5432 810 5474 vero
831 5425 1059 5474 sanctus
1075 5416 1355 5474 secundus
1380 5432 1412 5472 a
1441 5415 1583 5473 Filio
1606 5427 1690 5473 est
1729 5435 1743 5472 :
1774 5418 1942 5490 igitur
1967 5433 1999 5475 a

420 5511 561 5567 Filio
590 5520 698 5567 est.
730 5510 891 5576 Quod
916 5512 963 5567 si
986 5511 1230 5566 volueris
1262 5510 1435 5583 magis
1469 5513 1808 5583 generaliter
1831 5528 1998 5584 argu-

420 5604 674 5673 mentari,
709 5604 766 5660 in
798 5603 948 5661 hunc
968 5604 1191 5660 modum
1216 5602 1317 5661 tibi
1336 5603 1638 5662 dicendum
1659 5594 1776 5662 cst:
1800 5605 1996 5673 Omne,

418 5697 566 5768 quod
588 5696 658 5754 ab
686 5706 881 5754 natura
923 5698 1227 5754 secundum
1301 5697 1491 5769 aliquo
1545 5708 1655 5763 est,
1684 5704 1755 5753 ab
1796 5714 1865 5755 eo
1888 5710 1995 5759 est.

420 5790 661 5869 Spiritus
685 5808 812 5851 vero
836 5802 1033 5853 natura
1056 5793 1333 5852 secundus
1365 5802 1452 5850 est
1481 5810 1510 5850 a
1539 5791 1699 5864 Filio,
1733 5794 1997 5867 dignitate

2104 4588 2257 4643 mine
2294 4587 2628 4643 deterritos:
2660 4587 2863 4643 deinde
2892 4593 3200 4644 secundum
3232 4590 3446 4658 subire,
3478 4609 3549 4650 ne
3571 4594 3684 4650 for-

2104 4681 2267 4737 tassis
2300 4682 2492 4738 istbmc
2525 4681 2838 4754 profligatio
2863 4683 3030 4739 ctiam
3065 4696 3121 4740 ut
3145 4690 3443 4743 secundam
3468 4700 3679 4760 partem

2103 4775 2464 4846 perderemus
2508 4791 2675 4831 causa
2715 4778 2889 4832 fieret.
2958 4778 3113 4845 Quod
3169 4779 3215 4833 si
3253 4782 3679 4850 probabiliorem

2101 4867 2250 4923 illam
2276 4876 2487 4939 partem
2520 4880 2861 4939 putaremus,
2918 4882 3173 4940 Oportere
3224 4887 3345 4927 eam
3405 4875 3681 4945 posterio-

2104 4977 2220 5016 rem
2249 4978 2492 5018 servare.
2521 4962 2577 5018 Si
2619 4964 2767 5017 enim
2797 4965 2850 5018 in
2885 4966 3058 5034 prima
3092 4969 3400 5036 quaestione
3435 4969 3684 5025 vincere-

2104 5071 2246 5120 mus,
2264 5054 2429 5110 etiam
2452 5056 2752 5111 secundam
2780 5056 2994 5112 fortiori
3015 5061 3201 5114 animo
3224 5061 3676 5131 aggrederentur;

2102 5150 2250 5219 quod
2280 5148 2324 5203 si
2368 5150 2598 5219 primam
2624 5151 3002 5221 perderemus,
3058 5153 3206 5207 illam
3247 5154 3521 5213 videlicet.
3559 5173 3681 5228 quae

2104 5239 2372 5311 Spiritum
2427 5252 2682 5297 sanctum
2717 5243 2885 5297 etiam
2923 5260 2951 5299 a
2986 5242 3127 5299 Filio
3172 5249 3470 5314 procedere
3505 5257 3680 5319 ponit,

2102 5340 2237 5389 tunc
2266 5334 2461 5389 saltem
2486 5334 2541 5389 in
2575 5337 2817 5391 secunda
2841 5338 3219 5406 vinceremus;
3262 5357 3441 5411 neque
3503 5344 3676 5413 ipsam

2099 5427 2386 5482 veritatem
2418 5427 2584 5483 licere
2616 5430 2821 5485 addere
2851 5431 3225 5490 ostendentes.
3260 5435 3528 5494 Praeterea
3551 5420 3676 5495 cum

2100 5520 2159 5576 in
2226 5530 2422 5576 natura
2471 5524 2636 5584 etiam
2691 5524 2838 5593 quod
2885 5525 3001 5579 fieri
3035 5542 3132 5596 per
3181 5530 3441 5597 pauciora
3470 5544 3677 5601 potest,

2099 5629 2211 5670 non
2239 5614 2299 5669 fit
2324 5630 2421 5687 per
2455 5616 2649 5687 plura:
2683 5617 2885 5673 frustra
2917 5620 3065 5677 enim
3102 5631 3272 5685 esset,
3312 5622 3519 5678 frustra
3547 5640 3679 5680 vero

2100 5722 2206 5762 nec
2259 5706 2425 5775 Deus,
2459 5724 2562 5763 nec
2614 5719 2810 5765 natura
2853 5711 2987 5766 facit
3024 5728 3041 5780 ;
3088 5711 3221 5768 illud
3263 5716 3683 5785 proponendum

2102 5799 2351 5857 dicebam
2375 5809 2433 5857 et
2465 5800 2535 5857 de
2561 5801 2653 5858 ilio
2679 5804 2914 5874 primum
2946 5804 3359 5877 disputandum,
3380 5816 3504 5881 post
3532 5809 3685 5879 quod
