  <div class='ocr_page' id='page_1' title='image "/cluster/home/n/w/nwhite01/storage/ocr_20150623/161/mdp.39015078384685/299.png"; bbox 0 0 4140 6140; ppageno 0'>
   <div class='ocr_carea' id='block_1_1' title="bbox 479 330 582 393">
    <p class='ocr_par' dir='ltr' id='par_1_1' title="bbox 479 330 582 393">
     <span class='ocr_line' id='line_1_1' title="bbox 479 330 582 393; baseline -0.01 0"><span class='ocrx_word' id='word_1_1' title='bbox 479 330 582 393; x_wconf 69' lang='lat' dir='ltr'><strong>HS</strong></span> 
     </span>
    </p>
   </div>
   <div class='ocr_carea' id='block_1_2' title="bbox 1444 334 2775 399">
    <p class='ocr_par' dir='ltr' id='par_1_2' title="bbox 1444 334 2775 399">
     <span class='ocr_line' id='line_1_2' title="bbox 1444 334 2775 399; baseline 0.005 -8"><span class='ocrx_word' id='word_1_2' title='bbox 1444 334 1953 393; x_wconf 74' lang='lat' dir='ltr'><strong>BESSAHlONlS</strong></span> <span class='ocrx_word' id='word_1_3' title='bbox 1985 335 2043 397; x_wconf 88' lang='lat' dir='ltr'><strong>S.</strong></span> <span class='ocrx_word' id='word_1_4' title='bbox 2087 337 2159 394; x_wconf 69' lang='grc' dir='ltr'>Β.</span> <span class='ocrx_word' id='word_1_5' title='bbox 2201 335 2270 396; x_wconf 88' lang='grc' dir='ltr'><strong>Ε.</strong></span> <span class='ocrx_word' id='word_1_6' title='bbox 2299 337 2775 399; x_wconf 77' lang='lat' dir='ltr'><strong>CARDINALIS</strong></span> 
     </span>
    </p>
   </div>
   <div class='ocr_carea' id='block_1_3' title="bbox 3639 334 3746 398">
    <p class='ocr_par' dir='ltr' id='par_1_3' title="bbox 3639 334 3746 398">
     <span class='ocr_line' id='line_1_3' title="bbox 3639 334 3746 398; baseline 0.019 -2"><span class='ocrx_word' id='word_1_7' title='bbox 3639 334 3746 398; x_wconf 67' lang='lat'><strong>416</strong></span> 
     </span>
    </p>
   </div>
   <div class='ocr_carea' id='block_1_4' title="bbox 479 441 3744 526">
    <p class='ocr_par' dir='ltr' id='par_1_4' title="bbox 479 441 3744 526">
     <span class='ocr_line' id='line_1_4' title="bbox 479 441 3744 526; baseline 0.002 -28"><span class='ocrx_word' id='word_1_8' title='bbox 479 444 636 498; x_wconf 85' lang='lat' dir='ltr'><strong>alteri</strong></span> <span class='ocrx_word' id='word_1_9' title='bbox 680 458 788 496; x_wconf 85' lang='lat' dir='ltr'><strong>non</strong></span> <span class='ocrx_word' id='word_1_10' title='bbox 864 441 1194 511; x_wconf 83' lang='lat' dir='ltr'><strong>relinquitur</strong></span> <span class='ocrx_word' id='word_1_11' title='bbox 1289 445 1460 498; x_wconf 80' lang='lat' dir='ltr'><strong>locus.</strong></span> <span class='ocrx_word' id='word_1_12' title='bbox 1521 447 1576 500; x_wconf 85' lang='lat' dir='ltr'><strong>Si</strong></span> <span class='ocrx_word' id='word_1_13' title='bbox 1666 448 1832 517; x_wconf 71' lang='lat' dir='ltr'><strong>igitur</strong></span> <span class='ocrx_word' id='word_1_14' title='bbox 1887 449 2065 515; x_wconf 86' lang='lat' dir='ltr'><strong>ipsum</strong></span> <span class='ocrx_word' id='word_1_15' title='bbox 2097 453 2145 511; x_wconf 68' lang='grc' dir='ltr'><strong>Α</strong></span> <span class='ocrx_word' id='word_1_16' title='bbox 2175 464 2296 501; x_wconf 81' lang='lat' dir='ltr'><strong>inus</strong></span> <span class='ocrx_word' id='word_1_17' title='bbox 2327 450 2626 505; x_wconf 86' lang='lat' dir='ltr'><strong>secundum</strong></span> <span class='ocrx_word' id='word_1_18' title='bbox 2654 453 3057 506; x_wconf 76' lang='lat' dir='ltr'><strong>(ecumenieum</strong></span> <span class='ocrx_word' id='word_1_19' title='bbox 3101 453 3395 507; x_wconf 82' lang='lat' dir='ltr'><strong>concilium</strong></span> <span class='ocrx_word' id='word_1_20' title='bbox 3420 450 3744 526; x_wconf 80' lang='lat' dir='ltr'><strong>Symbolum</strong></span> 
     </span>
    </p>
   </div>
   <div class='ocr_carea' id='block_1_5' title="bbox 479 532 2063 604">
    <p class='ocr_par' dir='ltr' id='par_1_5' title="bbox 479 532 2063 604">
     <span class='ocr_line' id='line_1_5' title="bbox 479 532 2063 604; baseline 0.001 -14"><span class='ocrx_word' id='word_1_21' title='bbox 479 536 676 604; x_wconf 81' lang='lat' dir='ltr'><strong>dogma</strong></span> <span class='ocrx_word' id='word_1_22' title='bbox 724 532 916 587; x_wconf 71' lang='lat' dir='ltr'><strong>falsum</strong></span> <span class='ocrx_word' id='word_1_23' title='bbox 973 548 1093 589; x_wconf 75' lang='lat' dir='ltr'><strong>esse</strong></span> <span class='ocrx_word' id='word_1_24' title='bbox 1144 534 1521 603; x_wconf 70' lang='lat' dir='ltr'><strong>probaremus,</strong></span> <span class='ocrx_word' id='word_1_25' title='bbox 1560 538 1688 591; x_wconf 73' lang='lat' dir='ltr'><strong>iilud</strong></span> <span class='ocrx_word' id='word_1_26' title='bbox 1721 540 1923 593; x_wconf 80' lang='lat' dir='ltr'><strong>addere</strong></span> <span class='ocrx_word' id='word_1_27' title='bbox 1955 554 2063 592; x_wconf 81' lang='lat' dir='ltr'><strong>non</strong></span> 
     </span>
    </p>
   </div>
   <div class='ocr_carea' id='block_1_6' title="bbox 480 626 2062 696">
    <p class='ocr_par' dir='ltr' id='par_1_6' title="bbox 480 626 2062 696">
     <span class='ocr_line' id='line_1_6' title="bbox 480 626 2062 696; baseline -0.001 -12"><span class='ocrx_word' id='word_1_28' title='bbox 480 628 644 684; x_wconf 78' lang='lat' dir='ltr'><strong>licere</strong></span> <span class='ocrx_word' id='word_1_29' title='bbox 675 626 1024 681; x_wconf 80' lang='lat' dir='ltr'><strong>manifestum</strong></span> <span class='ocrx_word' id='word_1_30' title='bbox 1071 637 1236 687; x_wconf 85' lang='lat' dir='ltr'><strong>esset.</strong></span> <span class='ocrx_word' id='word_1_31' title='bbox 1273 643 1370 681; x_wconf 89' lang='lat' dir='ltr'><strong>nec</strong></span> <span class='ocrx_word' id='word_1_32' title='bbox 1392 629 1739 696; x_wconf 80' lang='lat' dir='ltr'><strong>probandum</strong></span> <span class='ocrx_word' id='word_1_33' title='bbox 1763 642 1926 689; x_wconf 85' lang='lat' dir='ltr'><strong>esset.</strong></span> <span class='ocrx_word' id='word_1_34' title='bbox 1956 646 2062 683; x_wconf 92' lang='lat' dir='ltr'><strong>non</strong></span> 
     </span>
    </p>
   </div>
   <div class='ocr_carea' id='block_1_7' title="bbox 481 717 2060 783">
    <p class='ocr_par' dir='ltr' id='par_1_7' title="bbox 481 717 2060 783">
     <span class='ocr_line' id='line_1_7' title="bbox 481 717 2060 783; baseline 0.001 -9"><span class='ocrx_word' id='word_1_35' title='bbox 481 720 647 775; x_wconf 86' lang='lat' dir='ltr'><strong>licere</strong></span> <span class='ocrx_word' id='word_1_36' title='bbox 708 720 839 774; x_wconf 79' lang='lat' dir='ltr'><strong>illud</strong></span> <span class='ocrx_word' id='word_1_37' title='bbox 895 721 1120 773; x_wconf 79' lang='lat' dir='ltr'><strong>addere.</strong></span> <span class='ocrx_word' id='word_1_38' title='bbox 1163 717 1342 783; x_wconf 78' lang='lat' dir='ltr'><strong>Quare</strong></span> <span class='ocrx_word' id='word_1_39' title='bbox 1375 737 1484 773; x_wconf 87' lang='lat' dir='ltr'><strong>uno</strong></span> <span class='ocrx_word' id='word_1_40' title='bbox 1515 723 1819 776; x_wconf 85' lang='lat' dir='ltr'><strong>certamine</strong></span> <span class='ocrx_word' id='word_1_41' title='bbox 1883 731 2060 777; x_wconf 88' lang='lat' dir='ltr'><strong>totum</strong></span> 
     </span>
    </p>
   </div>
   <div class='ocr_carea' id='block_1_8' title="bbox 482 811 2063 882">
    <p class='ocr_par' dir='ltr' id='par_1_8' title="bbox 482 811 2063 882">
     <span class='ocr_line' id='line_1_8' title="bbox 482 811 2063 882; baseline 0.001 -17"><span class='ocrx_word' id='word_1_42' title='bbox 482 814 849 882; x_wconf 84' lang='lat' dir='ltr'><strong>perlicieutus,</strong></span> <span class='ocrx_word' id='word_1_43' title='bbox 873 811 1165 873; x_wconf 80' lang='lat' dir='ltr'><strong>aiebant,si</strong></span> <span class='ocrx_word' id='word_1_44' title='bbox 1193 813 1522 880; x_wconf 71' lang='lat' dir='ltr'><strong>incipiemus</strong></span> <span class='ocrx_word' id='word_1_45' title='bbox 1553 830 1577 866; x_wconf 91' lang='lat' dir='ltr'><strong>a</strong></span> <span class='ocrx_word' id='word_1_46' title='bbox 1600 815 1872 882; x_wconf 77' lang='lat' dir='ltr'><strong>dogmate.</strong></span> <span class='ocrx_word' id='word_1_47' title='bbox 1903 815 2063 881; x_wconf 62' lang='lat' dir='ltr'><strong>etiam</strong></span> 
     </span>
    </p>
   </div>
   <div class='ocr_carea' id='block_1_9' title="bbox 483 906 2064 974">
    <p class='ocr_par' dir='ltr' id='par_1_9' title="bbox 483 906 2064 974">
     <span class='ocr_line' id='line_1_9' title="bbox 483 906 2064 974; baseline -0.001 -12"><span class='ocrx_word' id='word_1_48' title='bbox 483 909 619 964; x_wconf 89' lang='lat' dir='ltr'><strong>illud</strong></span> <span class='ocrx_word' id='word_1_49' title='bbox 661 908 859 961; x_wconf 77' lang='lat' dir='ltr'><strong>falsum</strong></span> <span class='ocrx_word' id='word_1_50' title='bbox 898 921 1021 959; x_wconf 82' lang='lat' dir='ltr'><strong>esse</strong></span> <span class='ocrx_word' id='word_1_51' title='bbox 1073 906 1305 974; x_wconf 84' lang='lat' dir='ltr'><strong>probare</strong></span> <span class='ocrx_word' id='word_1_52' title='bbox 1340 908 1666 974; x_wconf 84' lang='lat' dir='ltr'><strong>poterimus.</strong></span> <span class='ocrx_word' id='word_1_53' title='bbox 1699 907 1853 973; x_wconf 81' lang='lat' dir='ltr'><strong>Quod</strong></span> <span class='ocrx_word' id='word_1_54' title='bbox 1883 917 2064 963; x_wconf 83' lang='lat' dir='ltr'><strong>autem</strong></span> 
     </span>
    </p>
   </div>
   <div class='ocr_carea' id='block_1_10' title="bbox 489 1000 2069 1070">
    <p class='ocr_par' dir='ltr' id='par_1_10' title="bbox 489 1000 2069 1070">
     <span class='ocr_line' id='line_1_10' title="bbox 489 1000 2069 1070; baseline -0.001 -14"><span class='ocrx_word' id='word_1_55' title='bbox 489 1018 592 1056; x_wconf 88' lang='lat' dir='ltr'><strong>nec</strong></span> <span class='ocrx_word' id='word_1_56' title='bbox 627 1003 799 1070; x_wconf 90' lang='lat' dir='ltr'><strong>ipsam</strong></span> <span class='ocrx_word' id='word_1_57' title='bbox 829 1001 1118 1054; x_wconf 84' lang='lat' dir='ltr'><strong>veritatem</strong></span> <span class='ocrx_word' id='word_1_58' title='bbox 1157 1000 1347 1053; x_wconf 84' lang='lat' dir='ltr'><strong>liceret</strong></span> <span class='ocrx_word' id='word_1_59' title='bbox 1373 1001 1576 1054; x_wconf 88' lang='lat' dir='ltr'><strong>addere</strong></span> <span class='ocrx_word' id='word_1_60' title='bbox 1605 1001 1858 1068; x_wconf 87' lang='lat' dir='ltr'><strong>probato,</strong></span> <span class='ocrx_word' id='word_1_61' title='bbox 1899 1011 2069 1055; x_wconf 87' lang='lat' dir='ltr'><strong>resta-</strong></span> 
     </span>
    </p>
   </div>
   <div class='ocr_carea' id='block_1_11' title="bbox 484 1092 2069 1162">
    <p class='ocr_par' dir='ltr' id='par_1_11' title="bbox 484 1092 2069 1162">
     <span class='ocr_line' id='line_1_11' title="bbox 484 1092 2069 1162; baseline 0 -14"><span class='ocrx_word' id='word_1_62' title='bbox 484 1095 564 1148; x_wconf 90' lang='lat' dir='ltr'><strong>bit</strong></span> <span class='ocrx_word' id='word_1_63' title='bbox 617 1096 800 1147; x_wconf 83' lang='lat' dir='ltr'><strong>adhuc</strong></span> <span class='ocrx_word' id='word_1_64' title='bbox 833 1093 1010 1161; x_wconf 80' lang='lat' dir='ltr'><strong>ipsum</strong></span> <span class='ocrx_word' id='word_1_65' title='bbox 1055 1093 1250 1162; x_wconf 79' lang='lat' dir='ltr'><strong>dogma</strong></span> <span class='ocrx_word' id='word_1_66' title='bbox 1288 1107 1555 1145; x_wconf 80' lang='lat' dir='ltr'><strong>verumne</strong></span> <span class='ocrx_word' id='word_1_67' title='bbox 1626 1108 1696 1145; x_wconf 89' lang='lat' dir='ltr'><strong>an</strong></span> <span class='ocrx_word' id='word_1_68' title='bbox 1763 1092 1960 1147; x_wconf 74' lang='lat' dir='ltr'><strong>falsum</strong></span> <span class='ocrx_word' id='word_1_69' title='bbox 1997 1095 2069 1149; x_wconf 88' lang='lat' dir='ltr'><strong>sit</strong></span> 
     </span>
    </p>
   </div>
   <div class='ocr_carea' id='block_1_12' title="bbox 483 1185 2068 1256">
    <p class='ocr_par' dir='ltr' id='par_1_12' title="bbox 483 1185 2068 1256">
     <span class='ocr_line' id='line_1_12' title="bbox 483 1185 2068 1256; baseline 0.002 -18"><span class='ocrx_word' id='word_1_70' title='bbox 483 1188 736 1256; x_wconf 73' lang='lat' dir='ltr'><strong>probare.</strong></span> <span class='ocrx_word' id='word_1_71' title='bbox 771 1186 894 1239; x_wconf 66' lang='lat' dir='ltr'><strong>Haec</strong></span> <span class='ocrx_word' id='word_1_72' title='bbox 920 1196 1098 1239; x_wconf 84' lang='lat' dir='ltr'><strong>autem</strong></span> <span class='ocrx_word' id='word_1_73' title='bbox 1130 1201 1252 1238; x_wconf 90' lang='lat' dir='ltr'><strong>cum</strong></span> <span class='ocrx_word' id='word_1_74' title='bbox 1273 1185 1467 1237; x_wconf 82' lang='lat' dir='ltr'><strong>dicens</strong></span> <span class='ocrx_word' id='word_1_75' title='bbox 1499 1187 1832 1254; x_wconf 88' lang='lat' dir='ltr'><strong>persuadere</strong></span> <span class='ocrx_word' id='word_1_76' title='bbox 1861 1187 2068 1241; x_wconf 75' lang='lat' dir='ltr'><strong>nostris</strong></span> 
     </span>
    </p>
   </div>
   <div class='ocr_carea' id='block_1_13' title="bbox 484 1278 2066 1350">
    <p class='ocr_par' dir='ltr' id='par_1_13' title="bbox 484 1278 2066 1350">
     <span class='ocr_line' id='line_1_13' title="bbox 484 1278 2066 1350; baseline 0 -18"><span class='ocrx_word' id='word_1_77' title='bbox 484 1297 592 1333; x_wconf 89' lang='lat' dir='ltr'><strong>non</strong></span> <span class='ocrx_word' id='word_1_78' title='bbox 633 1283 959 1350; x_wconf 88' lang='lat' dir='ltr'><strong>potuissem.</strong></span> <span class='ocrx_word' id='word_1_79' title='bbox 996 1278 1207 1333; x_wconf 87' lang='lat' dir='ltr'><strong>scilicet</strong></span> <span class='ocrx_word' id='word_1_80' title='bbox 1236 1281 1303 1332; x_wconf 87' lang='lat' dir='ltr'><strong>de</strong></span> <span class='ocrx_word' id='word_1_81' title='bbox 1345 1279 1438 1332; x_wconf 89' lang='lat' dir='ltr'><strong>illo</strong></span> <span class='ocrx_word' id='word_1_82' title='bbox 1491 1280 1671 1348; x_wconf 84' lang='lat' dir='ltr'><strong>primo</strong></span> <span class='ocrx_word' id='word_1_83' title='bbox 1717 1281 1916 1334; x_wconf 85' lang='lat' dir='ltr'><strong>vellent</strong></span> <span class='ocrx_word' id='word_1_84' title='bbox 1945 1296 2066 1333; x_wconf 87' lang='lat' dir='ltr'><strong>om-</strong></span> 
     </span>
    </p>
   </div>
   <div class='ocr_carea' id='block_1_14' title="bbox 487 1360 2068 1442">
    <p class='ocr_par' dir='ltr' id='par_1_14' title="bbox 487 1360 2068 1442">
     <span class='ocr_line' id='line_1_14' title="bbox 487 1360 2068 1442; baseline 0 -13"><span class='ocrx_word' id='word_1_85' title='bbox 487 1377 619 1429; x_wconf 84' lang='lat' dir='ltr'><strong>nino</strong></span> <span class='ocrx_word' id='word_1_86' title='bbox 667 1375 951 1442; x_wconf 79' lang='lat' dir='ltr'><strong>disputare</strong></span> <span class='ocrx_word' id='word_1_87' title='bbox 994 1389 1006 1432; x_wconf 88' lang='lat'><strong>;</strong></span> <span class='ocrx_word' id='word_1_88' title='bbox 1053 1384 1338 1441; x_wconf 78' lang='lat' dir='ltr'><strong>pr0pterea</strong></span> <span class='ocrx_word' id='word_1_89' title='bbox 1386 1375 1531 1441; x_wconf 88' lang='lat' dir='ltr'><strong>quod</strong></span> <span class='ocrx_word' id='word_1_90' title='bbox 1593 1360 1862 1439; x_wconf 73' lang='lat' dir='ltr'><strong>putabant</strong></span> <span class='ocrx_word' id='word_1_91' title='bbox 1928 1376 2068 1429; x_wconf 87' lang='lat' dir='ltr'><strong>hanc</strong></span> 
     </span>
    </p>
   </div>
   <div class='ocr_carea' id='block_1_15' title="bbox 485 1466 2065 1539">
    <p class='ocr_par' dir='ltr' id='par_1_15' title="bbox 485 1466 2065 1539">
     <span class='ocr_line' id='line_1_15' title="bbox 485 1466 2065 1539; baseline -0.001 -19"><span class='ocrx_word' id='word_1_92' title='bbox 485 1467 912 1539; x_wconf 76' lang='lat' dir='ltr'><strong>probabiliorem</strong></span> <span class='ocrx_word' id='word_1_93' title='bbox 949 1475 1179 1534; x_wconf 86' lang='lat' dir='ltr'><strong>partem,</strong></span> <span class='ocrx_word' id='word_1_94' title='bbox 1220 1466 1410 1520; x_wconf 82' lang='lat' dir='ltr'><strong>volens</strong></span> <span class='ocrx_word' id='word_1_95' title='bbox 1473 1479 1567 1520; x_wconf 80' lang='lat' dir='ltr'><strong>eos</strong></span> <span class='ocrx_word' id='word_1_96' title='bbox 1599 1466 1878 1519; x_wconf 86' lang='lat' dir='ltr'><strong>dehortari</strong></span> <span class='ocrx_word' id='word_1_97' title='bbox 1913 1485 1926 1522; x_wconf 91' lang='lat'>:</span> <span class='ocrx_word' id='word_1_98' title='bbox 1957 1468 2065 1521; x_wconf 79' lang='lat' dir='ltr'><strong>dixi</strong></span> 
     </span>
    </p>
   </div>
   <div class='ocr_carea' id='block_1_16' title="bbox 487 1557 2068 1627">
    <p class='ocr_par' dir='ltr' id='par_1_16' title="bbox 487 1557 2068 1627">
     <span class='ocr_line' id='line_1_16' title="bbox 487 1557 2068 1627; baseline 0.001 -15"><span class='ocrx_word' id='word_1_99' title='bbox 487 1562 539 1615; x_wconf 90' lang='lat' dir='ltr'><strong>in</strong></span> <span class='ocrx_word' id='word_1_100' title='bbox 571 1560 911 1614; x_wconf 87' lang='lat' dir='ltr'><strong>contrarium</strong></span> <span class='ocrx_word' id='word_1_101' title='bbox 949 1569 1189 1626; x_wconf 80' lang='lat' dir='ltr'><strong>quatuor</strong></span> <span class='ocrx_word' id='word_1_102' title='bbox 1230 1557 1473 1612; x_wconf 73' lang='lat' dir='ltr'><strong>rationes</strong></span> <span class='ocrx_word' id='word_1_103' title='bbox 1499 1559 1768 1612; x_wconf 75' lang='lat' dir='ltr'><strong>duntaxat</strong></span> <span class='ocrx_word' id='word_1_104' title='bbox 1799 1569 2068 1627; x_wconf 60' lang='lat' dir='ltr'><strong>praesente</strong></span> 
     </span>
    </p>
   </div>
   <div class='ocr_carea' id='block_1_17' title="bbox 485 1647 2065 1720">
    <p class='ocr_par' dir='ltr' id='par_1_17' title="bbox 485 1647 2065 1720">
     <span class='ocr_line' id='line_1_17' title="bbox 485 1647 2065 1720; baseline -0.004 -13"><span class='ocrx_word' id='word_1_105' title='bbox 485 1650 896 1720; x_wconf 68' lang='lat' dir='ltr'><strong>sapientissimo</strong></span> <span class='ocrx_word' id='word_1_106' title='bbox 919 1652 1250 1717; x_wconf 72' lang='lat' dir='ltr'><strong>imperatore</strong></span> <span class='ocrx_word' id='word_1_107' title='bbox 1285 1657 1496 1713; x_wconf 85' lang='lat' dir='ltr'><strong>nostro,</strong></span> <span class='ocrx_word' id='word_1_108' title='bbox 1519 1663 1658 1717; x_wconf 88' lang='lat' dir='ltr'><strong>quas</strong></span> <span class='ocrx_word' id='word_1_109' title='bbox 1687 1647 1864 1701; x_wconf 86' lang='lat' dir='ltr'><strong>Latini</strong></span> <span class='ocrx_word' id='word_1_110' title='bbox 1899 1649 2065 1703; x_wconf 88' lang='lat' dir='ltr'><strong>etiam</strong></span> 
     </span>
    </p>
   </div>
   <div class='ocr_carea' id='block_1_18' title="bbox 486 1743 2068 1816">
    <p class='ocr_par' dir='ltr' id='par_1_18' title="bbox 486 1743 2068 1816">
     <span class='ocr_line' id='line_1_18' title="bbox 486 1743 2068 1816; baseline -0.001 -18"><span class='ocrx_word' id='word_1_111' title='bbox 486 1756 674 1816; x_wconf 81' lang='lat' dir='ltr'><strong>postea</strong></span> <span class='ocrx_word' id='word_1_112' title='bbox 743 1744 1114 1807; x_wconf 77' lang='lat' dir='ltr'><strong>adduxerunt,</strong></span> <span class='ocrx_word' id='word_1_113' title='bbox 1174 1758 1419 1812; x_wconf 88' lang='lat' dir='ltr'><strong>quasque</strong></span> <span class='ocrx_word' id='word_1_114' title='bbox 1479 1743 1624 1796; x_wconf 87' lang='lat' dir='ltr'><strong>inter</strong></span> <span class='ocrx_word' id='word_1_115' title='bbox 1681 1743 1926 1796; x_wconf 79' lang='lat' dir='ltr'><strong>rationes</strong></span> <span class='ocrx_word' id='word_1_116' title='bbox 1968 1758 2068 1812; x_wconf 90' lang='lat' dir='ltr'><strong>per</strong></span> 
     </span>
    </p>
   </div>
   <div class='ocr_carea' id='block_1_19' title="bbox 2170 539 3749 613">
    <p class='ocr_par' dir='ltr' id='par_1_19' title="bbox 2170 539 3749 613">
     <span class='ocr_line' id='line_1_19' title="bbox 2170 539 3749 613; baseline 0.001 -21"><span class='ocrx_word' id='word_1_117' title='bbox 2170 539 2446 593; x_wconf 67' lang='lat' dir='ltr'><strong>NiGL&#39;lHlm</strong></span> <span class='ocrx_word' id='word_1_118' title='bbox 2480 542 2532 595; x_wconf 88' lang='lat' dir='ltr'><strong>in</strong></span> <span class='ocrx_word' id='word_1_119' title='bbox 2569 541 2821 611; x_wconf 76' lang='lat' dir='ltr'><strong>plurimis</strong></span> <span class='ocrx_word' id='word_1_120' title='bbox 2858 553 3098 597; x_wconf 58' lang='lat' dir='ltr'><strong>tonuisse</strong></span> <span class='ocrx_word' id='word_1_121' title='bbox 3157 543 3359 613; x_wconf 86' lang='lat' dir='ltr'><strong>partim</strong></span> <span class='ocrx_word' id='word_1_122' title='bbox 3419 543 3749 604; x_wconf 81' lang='lat' dir='ltr'><strong>auferendo,</strong></span> 
     </span>
    </p>
   </div>
   <div class='ocr_carea' id='block_1_20' title="bbox 2171 633 3749 699">
    <p class='ocr_par' dir='ltr' id='par_1_20' title="bbox 2171 633 3749 699">
     <span class='ocr_line' id='line_1_20' title="bbox 2171 633 3749 699; baseline 0.004 -17"><span class='ocrx_word' id='word_1_123' title='bbox 2171 634 2364 699; x_wconf 82' lang='lat' dir='ltr'><strong>partim</strong></span> <span class='ocrx_word' id='word_1_124' title='bbox 2400 633 2676 695; x_wconf 87' lang='lat' dir='ltr'><strong>addendo,</strong></span> <span class='ocrx_word' id='word_1_125' title='bbox 2712 651 2821 688; x_wconf 87' lang='lat' dir='ltr'><strong>non</strong></span> <span class='ocrx_word' id='word_1_126' title='bbox 2859 633 3055 689; x_wconf 79' lang='lat' dir='ltr'><strong>licetat</strong></span> <span class='ocrx_word' id='word_1_127' title='bbox 3078 634 3264 690; x_wconf 81' lang='lat' dir='ltr'><strong>dicere</strong></span> <span class='ocrx_word' id='word_1_128' title='bbox 3288 645 3413 688; x_wconf 91' lang='lat' dir='ltr'><strong>ante</strong></span> <span class='ocrx_word' id='word_1_129' title='bbox 3443 635 3749 689; x_wconf 85' lang='lat' dir='ltr'><strong>secundum</strong></span> 
     </span>
    </p>
   </div>
   <div class='ocr_carea' id='block_1_21' title="bbox 2169 726 3756 796">
    <p class='ocr_par' dir='ltr' id='par_1_21' title="bbox 2169 726 3756 796">
     <span class='ocr_line' id='line_1_21' title="bbox 2169 726 3756 796; baseline 0.004 -19"><span class='ocrx_word' id='word_1_130' title='bbox 2169 726 2468 780; x_wconf 83' lang='lat' dir='ltr'><strong>concilium</strong></span> <span class='ocrx_word' id='word_1_131' title='bbox 2501 727 2641 781; x_wconf 88' lang='lat' dir='ltr'><strong>hanc</strong></span> <span class='ocrx_word' id='word_1_132' title='bbox 2675 728 3066 783; x_wconf 87' lang='lat' dir='ltr'><strong>inhibitionem</strong></span> <span class='ocrx_word' id='word_1_133' title='bbox 3119 728 3313 782; x_wconf 82' lang='lat' dir='ltr'><strong>factam</strong></span> <span class='ocrx_word' id='word_1_134' title='bbox 3353 728 3565 794; x_wconf 82' lang='lat' dir='ltr'><strong>fuisse;</strong></span> <span class='ocrx_word' id='word_1_135' title='bbox 3605 727 3756 796; x_wconf 87' lang='lat' dir='ltr'><strong>ipsos</strong></span> 
     </span>
    </p>
   </div>
   <div class='ocr_carea' id='block_1_22' title="bbox 2169 819 3754 876">
    <p class='ocr_par' dir='ltr' id='par_1_22' title="bbox 2169 819 3754 876">
     <span class='ocr_line' id='line_1_22' title="bbox 2169 819 3754 876; baseline -0.002 -4"><span class='ocrx_word' id='word_1_136' title='bbox 2169 820 2372 872; x_wconf 87' lang='lat' dir='ltr'><strong>etenim</strong></span> <span class='ocrx_word' id='word_1_137' title='bbox 2407 834 2626 874; x_wconf 86' lang='lat' dir='ltr'><strong>sanetos</strong></span> <span class='ocrx_word' id='word_1_138' title='bbox 2662 821 2850 875; x_wconf 86' lang='lat' dir='ltr'><strong>Patres</strong></span> <span class='ocrx_word' id='word_1_139' title='bbox 2881 822 3109 876; x_wconf 83' lang='lat' dir='ltr'><strong>secundi</strong></span> <span class='ocrx_word' id='word_1_140' title='bbox 3137 820 3353 875; x_wconf 79' lang='lat' dir='ltr'><strong>concilii</strong></span> <span class='ocrx_word' id='word_1_141' title='bbox 3386 819 3754 875; x_wconf 79' lang='lat' dir='ltr'><strong>anatbentatis</strong></span> 
     </span>
    </p>
   </div>
   <div class='ocr_carea' id='block_1_23' title="bbox 2172 903 3751 984">
    <p class='ocr_par' dir='ltr' id='par_1_23' title="bbox 2172 903 3751 984">
     <span class='ocr_line' id='line_1_23' title="bbox 2172 903 3751 984; baseline 0.001 -21"><span class='ocrx_word' id='word_1_142' title='bbox 2172 926 2294 967; x_wconf 84' lang='lat' dir='ltr'><strong>reos</strong></span> <span class='ocrx_word' id='word_1_143' title='bbox 2357 903 2688 969; x_wconf 80' lang='lat' dir='ltr'><strong>fecissemus</strong></span> <span class='ocrx_word' id='word_1_144' title='bbox 2720 957 2733 976; x_wconf 88' lang='lat'><strong>,</strong></span> <span class='ocrx_word' id='word_1_145' title='bbox 2781 917 2873 982; x_wconf 86' lang='lat' dir='ltr'><strong>qui</strong></span> <span class='ocrx_word' id='word_1_146' title='bbox 2910 916 3110 984; x_wconf 80' lang='lat' dir='ltr'><strong>partim</strong></span> <span class='ocrx_word' id='word_1_147' title='bbox 3162 913 3517 976; x_wconf 89' lang='lat' dir='ltr'><strong>addiderunt,</strong></span> <span class='ocrx_word' id='word_1_148' title='bbox 3553 914 3751 981; x_wconf 86' lang='lat' dir='ltr'><strong>partim</strong></span> 
     </span>
    </p>
   </div>
   <div class='ocr_carea' id='block_1_24' title="bbox 2169 1005 3754 1079">
    <p class='ocr_par' dir='ltr' id='par_1_24' title="bbox 2169 1005 3754 1079">
     <span class='ocr_line' id='line_1_24' title="bbox 2169 1005 3754 1079; baseline -0.001 -21"><span class='ocrx_word' id='word_1_149' title='bbox 2169 1005 2552 1061; x_wconf 86' lang='lat' dir='ltr'><strong>diminueruut</strong></span> <span class='ocrx_word' id='word_1_150' title='bbox 2625 1008 2850 1063; x_wconf 64' lang='lat' dir='ltr'><strong>Nicaeno</strong></span> <span class='ocrx_word' id='word_1_151' title='bbox 2931 1007 3215 1079; x_wconf 58' lang='lat' dir='ltr'><strong>Symbolo.</strong></span> <span class='ocrx_word' id='word_1_152' title='bbox 3299 1005 3396 1062; x_wconf 87' lang='lat' dir='ltr'><strong>His</strong></span> <span class='ocrx_word' id='word_1_153' title='bbox 3463 1006 3632 1077; x_wconf 93' lang='lat' dir='ltr'><strong>igitur</strong></span> <span class='ocrx_word' id='word_1_154' title='bbox 3685 1008 3754 1057; x_wconf 81' lang='lat' dir='ltr'><strong>ita</strong></span> 
     </span>
    </p>
   </div>
   <div class='ocr_carea' id='block_1_25' title="bbox 2170 1097 3758 1171">
    <p class='ocr_par' dir='ltr' id='par_1_25' title="bbox 2170 1097 3758 1171">
     <span class='ocr_line' id='line_1_25' title="bbox 2170 1097 3758 1171; baseline 0 -22"><span class='ocrx_word' id='word_1_155' title='bbox 2170 1097 2489 1161; x_wconf 79' lang='lat' dir='ltr'><strong>declaratis,</strong></span> <span class='ocrx_word' id='word_1_156' title='bbox 2533 1101 2822 1156; x_wconf 85' lang='lat' dir='ltr'><strong>considera</strong></span> <span class='ocrx_word' id='word_1_157' title='bbox 2877 1117 2998 1171; x_wconf 74' lang='lat' dir='ltr'><strong>qua:</strong></span> <span class='ocrx_word' id='word_1_158' title='bbox 3029 1115 3096 1155; x_wconf 80' lang='lat' dir='ltr'><strong>ex</strong></span> <span class='ocrx_word' id='word_1_159' title='bbox 3142 1099 3211 1155; x_wconf 89' lang='lat' dir='ltr'><strong>iis</strong></span> <span class='ocrx_word' id='word_1_160' title='bbox 3276 1115 3398 1168; x_wconf 73' lang='lat' dir='ltr'><strong>qua:</strong></span> <span class='ocrx_word' id='word_1_161' title='bbox 3442 1097 3758 1166; x_wconf 76' lang='lat' dir='ltr'><strong>Ephesinus</strong></span> 
     </span>
    </p>
   </div>
   <div class='ocr_carea' id='block_1_26' title="bbox 2169 1191 3757 1262">
    <p class='ocr_par' dir='ltr' id='par_1_26' title="bbox 2169 1191 3757 1262">
     <span class='ocr_line' id='line_1_26' title="bbox 2169 1191 3757 1262; baseline 0.002 -21"><span class='ocrx_word' id='word_1_162' title='bbox 2169 1192 2556 1259; x_wconf 86' lang='lat' dir='ltr'><strong>propositurus</strong></span> <span class='ocrx_word' id='word_1_163' title='bbox 2572 1204 2712 1260; x_wconf 87' lang='lat' dir='ltr'><strong>erat,</strong></span> <span class='ocrx_word' id='word_1_164' title='bbox 2739 1194 3181 1248; x_wconf 73' lang='lat' dir='ltr'><strong>incontenientia</strong></span> <span class='ocrx_word' id='word_1_165' title='bbox 3204 1193 3598 1262; x_wconf 73' lang='lat' dir='ltr'><strong>sequebantur.</strong></span> <span class='ocrx_word' id='word_1_166' title='bbox 3619 1191 3757 1245; x_wconf 84' lang='lat' dir='ltr'><strong>Cum</strong></span> 
     </span>
    </p>
   </div>
   <div class='ocr_carea' id='block_1_27' title="bbox 2169 1283 3759 1356">
    <p class='ocr_par' dir='ltr' id='par_1_27' title="bbox 2169 1283 3759 1356">
     <span class='ocr_line' id='line_1_27' title="bbox 2169 1283 3759 1356; baseline 0.001 -20"><span class='ocrx_word' id='word_1_167' title='bbox 2169 1284 2317 1336; x_wconf 82' lang='lat' dir='ltr'><strong>enim</strong></span> <span class='ocrx_word' id='word_1_168' title='bbox 2349 1294 2574 1340; x_wconf 87' lang='lat' dir='ltr'><strong>sanctus</strong></span> <span class='ocrx_word' id='word_1_169' title='bbox 2600 1287 2915 1355; x_wconf 79' lang='lat' dir='ltr'><strong>Apostolus,</strong></span> <span class='ocrx_word' id='word_1_170' title='bbox 2945 1286 3140 1340; x_wconf 85' lang='lat' dir='ltr'><strong>beatus</strong></span> <span class='ocrx_word' id='word_1_171' title='bbox 3196 1300 3422 1356; x_wconf 88' lang='lat' dir='ltr'><strong>quoque</strong></span> <span class='ocrx_word' id='word_1_172' title='bbox 3460 1283 3759 1354; x_wconf 74' lang='lat' dir='ltr'><strong>Dionysius</strong></span> 
     </span>
    </p>
   </div>
   <div class='ocr_carea' id='block_1_28' title="bbox 2173 1377 3756 1448">
    <p class='ocr_par' dir='ltr' id='par_1_28' title="bbox 2173 1377 3756 1448">
     <span class='ocr_line' id='line_1_28' title="bbox 2173 1377 3756 1448; baseline -0.001 -17"><span class='ocrx_word' id='word_1_173' title='bbox 2173 1378 2344 1432; x_wconf 88' lang='lat' dir='ltr'><strong>multo</strong></span> <span class='ocrx_word' id='word_1_174' title='bbox 2368 1392 2615 1434; x_wconf 64' lang='lat' dir='ltr'><strong>antenon</strong></span> <span class='ocrx_word' id='word_1_175' title='bbox 2646 1381 2824 1434; x_wconf 87' lang='lat' dir='ltr'><strong>solum</strong></span> <span class='ocrx_word' id='word_1_176' title='bbox 2854 1379 3298 1443; x_wconf 82' lang='lat' dir='ltr'><strong>secundant,-sed</strong></span> <span class='ocrx_word' id='word_1_177' title='bbox 3329 1379 3494 1433; x_wconf 88' lang='lat' dir='ltr'><strong>etiam</strong></span> <span class='ocrx_word' id='word_1_178' title='bbox 3521 1377 3756 1448; x_wconf 71' lang='lat' dir='ltr'><strong>primum</strong></span> 
     </span>
    </p>
   </div>
   <div class='ocr_carea' id='block_1_29' title="bbox 2171 1471 3762 1543">
    <p class='ocr_par' dir='ltr' id='par_1_29' title="bbox 2171 1471 3762 1543">
     <span class='ocr_line' id='line_1_29' title="bbox 2171 1471 3762 1543; baseline -0.002 -18"><span class='ocrx_word' id='word_1_179' title='bbox 2171 1474 2439 1543; x_wconf 78' lang='lat' dir='ltr'><strong>synodum</strong></span> <span class='ocrx_word' id='word_1_180' title='bbox 2498 1473 2724 1534; x_wconf 80' lang='lat' dir='ltr'><strong>fuerint.</strong></span> <span class='ocrx_word' id='word_1_181' title='bbox 2781 1475 2829 1528; x_wconf 92' lang='lat' dir='ltr'><strong>si</strong></span> <span class='ocrx_word' id='word_1_182' title='bbox 2869 1489 2948 1527; x_wconf 70' lang='lat' dir='ltr'><strong>eae</strong></span> <span class='ocrx_word' id='word_1_183' title='bbox 2983 1473 3342 1527; x_wconf 79' lang='lat' dir='ltr'><strong>auctoritates</strong></span> <span class='ocrx_word' id='word_1_184' title='bbox 3370 1471 3543 1540; x_wconf 86' lang='lat' dir='ltr'><strong>ipsam</strong></span> <span class='ocrx_word' id='word_1_185' title='bbox 3591 1471 3762 1523; x_wconf 81' lang='lat' dir='ltr'><strong>etiam</strong></span> 
     </span>
    </p>
   </div>
   <div class='ocr_carea' id='block_1_30' title="bbox 2172 1549 3760 1634">
    <p class='ocr_par' dir='ltr' id='par_1_30' title="bbox 2172 1549 3760 1634">
     <span class='ocr_line' id='line_1_30' title="bbox 2172 1549 3760 1634; baseline -0.004 -15"><span class='ocrx_word' id='word_1_186' title='bbox 2172 1565 2460 1621; x_wconf 81' lang='lat' dir='ltr'><strong>veritatem</strong></span> <span class='ocrx_word' id='word_1_187' title='bbox 2493 1567 2765 1631; x_wconf 84' lang='lat' dir='ltr'><strong>inhibent,</strong></span> <span class='ocrx_word' id='word_1_188' title='bbox 2790 1582 2860 1620; x_wconf 84' lang='lat' dir='ltr'><strong>ne</strong></span> <span class='ocrx_word' id='word_1_189' title='bbox 2888 1566 3011 1634; x_wconf 86' lang='lat' dir='ltr'><strong>quis</strong></span> <span class='ocrx_word' id='word_1_190' title='bbox 3043 1581 3166 1620; x_wconf 84' lang='lat' dir='ltr'><strong>eam</strong></span> <span class='ocrx_word' id='word_1_191' title='bbox 3200 1563 3284 1620; x_wconf 87' lang='lat' dir='ltr'><strong>vel</strong></span> <span class='ocrx_word' id='word_1_192' title='bbox 3311 1549 3530 1626; x_wconf 79' lang='lat' dir='ltr'><strong>doceat,</strong></span> <span class='ocrx_word' id='word_1_193' title='bbox 3555 1562 3641 1616; x_wconf 83' lang='lat' dir='ltr'><strong>vel</strong></span> <span class='ocrx_word' id='word_1_194' title='bbox 3662 1561 3760 1614; x_wconf 77' lang='lat' dir='ltr'><strong>atl—</strong></span> 
     </span>
    </p>
   </div>
   <div class='ocr_carea' id='block_1_31' title="bbox 2175 1653 3759 1729">
    <p class='ocr_par' dir='ltr' id='par_1_31' title="bbox 2175 1653 3759 1729">
     <span class='ocr_line' id='line_1_31' title="bbox 2175 1653 3759 1729; baseline -0.002 -17"><span class='ocrx_word' id='word_1_195' title='bbox 2175 1657 2271 1712; x_wconf 88' lang='lat' dir='ltr'><strong>dat</strong></span> <span class='ocrx_word' id='word_1_196' title='bbox 2307 1658 2573 1729; x_wconf 83' lang='lat' dir='ltr'><strong>Syntbolo</strong></span> <span class='ocrx_word' id='word_1_197' title='bbox 2621 1659 2725 1714; x_wconf 87' lang='lat' dir='ltr'><strong>sub</strong></span> <span class='ocrx_word' id='word_1_198' title='bbox 2758 1658 3129 1724; x_wconf 85' lang='lat' dir='ltr'><strong>anathemate,</strong></span> <span class='ocrx_word' id='word_1_199' title='bbox 3173 1667 3230 1712; x_wconf 88' lang='lat' dir='ltr'><strong>et</strong></span> <span class='ocrx_word' id='word_1_200' title='bbox 3257 1654 3488 1712; x_wconf 89' lang='lat' dir='ltr'><strong>secundi</strong></span> <span class='ocrx_word' id='word_1_201' title='bbox 3536 1653 3759 1709; x_wconf 87' lang='lat' dir='ltr'><strong>concilii</strong></span> 
     </span>
    </p>
   </div>
   <div class='ocr_carea' id='block_1_32' title="bbox 2174 1747 3763 1822">
    <p class='ocr_par' dir='ltr' id='par_1_32' title="bbox 2174 1747 3763 1822">
     <span class='ocr_line' id='line_1_32' title="bbox 2174 1747 3763 1822; baseline -0.002 -17"><span class='ocrx_word' id='word_1_202' title='bbox 2174 1751 2365 1806; x_wconf 81' lang='lat' dir='ltr'><strong>Patres</strong></span> <span class='ocrx_word' id='word_1_203' title='bbox 2387 1760 2596 1815; x_wconf 87' lang='lat' dir='ltr'><strong>essent,</strong></span> <span class='ocrx_word' id='word_1_204' title='bbox 2624 1752 2717 1822; x_wconf 92' lang='lat' dir='ltr'><strong>qui</strong></span> <span class='ocrx_word' id='word_1_205' title='bbox 2742 1761 2821 1807; x_wconf 91' lang='lat' dir='ltr'><strong>tot</strong></span> <span class='ocrx_word' id='word_1_206' title='bbox 2854 1751 3232 1807; x_wconf 80' lang='lat' dir='ltr'><strong>atlditionibus</strong></span> <span class='ocrx_word' id='word_1_207' title='bbox 3257 1761 3312 1805; x_wconf 89' lang='lat' dir='ltr'><strong>et</strong></span> <span class='ocrx_word' id='word_1_208' title='bbox 3357 1747 3763 1804; x_wconf 77' lang='lat' dir='ltr'><strong>minationibus</strong></span> 
     </span>
    </p>
   </div>
   <div class='ocr_carea' id='block_1_33' title="bbox 486 1811 3760 1917">
    <p class='ocr_par' dir='ltr' id='par_1_33' title="bbox 486 1811 3760 1917">
     <span class='ocr_line' id='line_1_33' title="bbox 486 1811 3760 1917; baseline 0.002 -27"><span class='ocrx_word' id='word_1_209' title='bbox 486 1811 719 1896; x_wconf 65' lang='lat' dir='ltr'><strong>Latinos</strong></span> <span class='ocrx_word' id='word_1_210' title='bbox 783 1838 1036 1893; x_wconf 82' lang='lat' dir='ltr'><strong>inductas</strong></span> <span class='ocrx_word' id='word_1_211' title='bbox 1091 1838 1314 1902; x_wconf 84' lang='lat' dir='ltr'><strong>audies;</strong></span> <span class='ocrx_word' id='word_1_212' title='bbox 1369 1837 1572 1905; x_wconf 86' lang='lat' dir='ltr'><strong>quibus</strong></span> <span class='ocrx_word' id='word_1_213' title='bbox 1631 1837 1931 1906; x_wconf 84' lang='lat' dir='ltr'><strong>probabam</strong></span> <span class='ocrx_word' id='word_1_214' title='bbox 1969 1811 1982 1812; x_wconf 17' lang='grc' dir='ltr'>ί</span> <span class='ocrx_word' id='word_1_215' title='bbox 2013 1847 2070 1891; x_wconf 86' lang='lat' dir='ltr'><strong>et</strong></span> <span class='ocrx_word' id='word_1_216' title='bbox 2104 1811 2143 1864; x_wconf 74' lang='grc' dir='ltr'><strong>Β</strong></span> <span class='ocrx_word' id='word_1_217' title='bbox 2176 1844 2374 1898; x_wconf 70' lang='grc' dir='ltr'><strong>Νὴ·ωηὶ</strong></span> <span class='ocrx_word' id='word_1_218' title='bbox 2397 1811 2972 1917; x_wconf 49' lang='lat' dir='ltr'><strong>concilii-Symbolum</strong></span> <span class='ocrx_word' id='word_1_219' title='bbox 3000 1843 3526 1913; x_wconf 84' lang='lat' dir='ltr'><strong>alterarunt,etipsi</strong></span> <span class='ocrx_word' id='word_1_220' title='bbox 3553 1839 3760 1896; x_wconf 70' lang='lat' dir='ltr'><strong>Nic-ient</strong></span> 
     </span>
    </p>
   </div>
   <div class='ocr_carea' id='block_1_34' title="bbox 489 1927 2073 2004">
    <p class='ocr_par' dir='ltr' id='par_1_34' title="bbox 489 1927 2073 2004">
     <span class='ocr_line' id='line_1_34' title="bbox 489 1927 2073 2004; baseline -0.003 -17"><span class='ocrx_word' id='word_1_221' title='bbox 489 1935 655 2004; x_wconf 63' lang='lat' dir='ltr'><strong>huius</strong></span> <span class='ocrx_word' id='word_1_222' title='bbox 688 1933 767 1986; x_wconf 88' lang='lat' dir='ltr'><strong>rei</strong></span> <span class='ocrx_word' id='word_1_223' title='bbox 794 1931 1114 1988; x_wconf 79' lang='lat' dir='ltr'><strong>falsitatem,</strong></span> <span class='ocrx_word' id='word_1_224' title='bbox 1151 1939 1207 1982; x_wconf 88' lang='lat' dir='ltr'><strong>et</strong></span> <span class='ocrx_word' id='word_1_225' title='bbox 1239 1928 1384 1996; x_wconf 90' lang='lat' dir='ltr'><strong>quod</strong></span> <span class='ocrx_word' id='word_1_226' title='bbox 1438 1927 1734 1982; x_wconf 85' lang='lat' dir='ltr'><strong>ridiculum</strong></span> <span class='ocrx_word' id='word_1_227' title='bbox 1777 1929 1848 1982; x_wconf 90' lang='lat' dir='ltr'><strong>sit</strong></span> <span class='ocrx_word' id='word_1_228' title='bbox 1881 1939 2073 1998; x_wconf 87' lang='lat' dir='ltr'><strong>putare</strong></span> 
     </span>
    </p>
   </div>
   <div class='ocr_carea' id='block_1_35' title="bbox 487 2021 2071 2091">
    <p class='ocr_par' dir='ltr' id='par_1_35' title="bbox 487 2021 2071 2091">
     <span class='ocr_line' id='line_1_35' title="bbox 487 2021 2071 2091; baseline -0.004 -10"><span class='ocrx_word' id='word_1_229' title='bbox 487 2027 775 2081; x_wconf 83' lang='lat' dir='ltr'><strong>veritatem</strong></span> <span class='ocrx_word' id='word_1_230' title='bbox 836 2040 942 2078; x_wconf 88' lang='lat' dir='ltr'><strong>non</strong></span> <span class='ocrx_word' id='word_1_231' title='bbox 1003 2022 1169 2078; x_wconf 84' lang='lat' dir='ltr'><strong>licere</strong></span> <span class='ocrx_word' id='word_1_232' title='bbox 1219 2021 1636 2091; x_wconf 75' lang='lat' dir='ltr'><strong>adderezquas</strong></span> <span class='ocrx_word' id='word_1_233' title='bbox 1696 2030 1752 2074; x_wconf 88' lang='lat' dir='ltr'><strong>et</strong></span> <span class='ocrx_word' id='word_1_234' title='bbox 1786 2023 1832 2076; x_wconf 93' lang='lat' dir='ltr'><strong>si</strong></span> <span class='ocrx_word' id='word_1_235' title='bbox 1886 2021 2071 2075; x_wconf 89' lang='lat' dir='ltr'><strong>nullus</strong></span> 
     </span>
    </p>
   </div>
   <div class='ocr_carea' id='block_1_36' title="bbox 487 2113 2068 2190">
    <p class='ocr_par' dir='ltr' id='par_1_36' title="bbox 487 2113 2068 2190">
     <span class='ocr_line' id='line_1_36' title="bbox 487 2113 2068 2190; baseline -0.004 -18"><span class='ocrx_word' id='word_1_236' title='bbox 487 2117 840 2190; x_wconf 63' lang='lat' dir='ltr'><strong>praesentium</strong></span> <span class='ocrx_word' id='word_1_237' title='bbox 872 2115 1084 2172; x_wconf 88' lang='lat' dir='ltr'><strong>solvere</strong></span> <span class='ocrx_word' id='word_1_238' title='bbox 1105 2117 1369 2184; x_wconf 89' lang='lat' dir='ltr'><strong>potuerit,</strong></span> <span class='ocrx_word' id='word_1_239' title='bbox 1411 2115 1557 2183; x_wconf 87' lang='lat' dir='ltr'><strong>quod</strong></span> <span class='ocrx_word' id='word_1_240' title='bbox 1589 2124 1769 2168; x_wconf 85' lang='lat' dir='ltr'><strong>tamen</strong></span> <span class='ocrx_word' id='word_1_241' title='bbox 1793 2113 2068 2178; x_wconf 85' lang='lat' dir='ltr'><strong>volebant,</strong></span> 
     </span>
    </p>
   </div>
   <div class='ocr_carea' id='block_1_37' title="bbox 488 2207 2072 2278">
    <p class='ocr_par' dir='ltr' id='par_1_37' title="bbox 488 2207 2072 2278">
     <span class='ocr_line' id='line_1_37' title="bbox 488 2207 2072 2278; baseline -0.003 -13"><span class='ocrx_word' id='word_1_242' title='bbox 488 2212 593 2266; x_wconf 84' lang='lat' dir='ltr'><strong>hoc</strong></span> <span class='ocrx_word' id='word_1_243' title='bbox 645 2219 984 2274; x_wconf 86' lang='lat' dir='ltr'><strong>statuerunt,</strong></span> <span class='ocrx_word' id='word_1_244' title='bbox 1020 2218 1077 2263; x_wconf 92' lang='lat' dir='ltr'><strong>et</strong></span> <span class='ocrx_word' id='word_1_245' title='bbox 1136 2225 1236 2278; x_wconf 86' lang='lat' dir='ltr'><strong>ego</strong></span> <span class='ocrx_word' id='word_1_246' title='bbox 1301 2208 1601 2277; x_wconf 77' lang='lat' dir='ltr'><strong>sequebar,</strong></span> <span class='ocrx_word' id='word_1_247' title='bbox 1637 2207 1820 2262; x_wconf 83' lang='lat' dir='ltr'><strong>dicere</strong></span> <span class='ocrx_word' id='word_1_248' title='bbox 1850 2207 2072 2277; x_wconf 81' lang='lat' dir='ltr'><strong>quidem</strong></span> 
     </span>
    </p>
   </div>
   <div class='ocr_carea' id='block_1_38' title="bbox 485 2301 2073 2373">
    <p class='ocr_par' dir='ltr' id='par_1_38' title="bbox 485 2301 2073 2373">
     <span class='ocr_line' id='line_1_38' title="bbox 485 2301 2073 2373; baseline -0.002 -17"><span class='ocrx_word' id='word_1_249' title='bbox 485 2320 607 2372; x_wconf 79' lang='lat' dir='ltr'><strong>qua:</strong></span> <span class='ocrx_word' id='word_1_250' title='bbox 640 2305 965 2373; x_wconf 71' lang='lat' dir='ltr'><strong>expedirent</strong></span> <span class='ocrx_word' id='word_1_251' title='bbox 996 2301 1231 2364; x_wconf 85' lang='lat' dir='ltr'><strong>nationi,</strong></span> <span class='ocrx_word' id='word_1_252' title='bbox 1261 2311 1316 2353; x_wconf 85' lang='lat' dir='ltr'><strong>et</strong></span> <span class='ocrx_word' id='word_1_253' title='bbox 1352 2301 1545 2355; x_wconf 84' lang='lat' dir='ltr'><strong>honori</strong></span> <span class='ocrx_word' id='word_1_254' title='bbox 1577 2303 1720 2370; x_wconf 81' lang='lat' dir='ltr'><strong>ejus,</strong></span> <span class='ocrx_word' id='word_1_255' title='bbox 1750 2310 1947 2372; x_wconf 86' lang='lat' dir='ltr'><strong>putans</strong></span> <span class='ocrx_word' id='word_1_256' title='bbox 1987 2315 2073 2354; x_wconf 87' lang='lat' dir='ltr'><strong>me</strong></span> 
     </span>
    </p>
   </div>
   <div class='ocr_carea' id='block_1_39' title="bbox 484 2395 2073 2466">
    <p class='ocr_par' dir='ltr' id='par_1_39' title="bbox 484 2395 2073 2466">
     <span class='ocr_line' id='line_1_39' title="bbox 484 2395 2073 2466; baseline -0.003 -14"><span class='ocrx_word' id='word_1_257' title='bbox 484 2399 693 2454; x_wconf 83' lang='lat' dir='ltr'><strong>debere</strong></span> <span class='ocrx_word' id='word_1_258' title='bbox 720 2399 828 2453; x_wconf 88' lang='lat' dir='ltr'><strong>Deo</strong></span> <span class='ocrx_word' id='word_1_259' title='bbox 855 2406 910 2453; x_wconf 86' lang='lat' dir='ltr'><strong>ct</strong></span> <span class='ocrx_word' id='word_1_260' title='bbox 951 2397 1052 2466; x_wconf 82' lang='lat' dir='ltr'><strong>ipsi</strong></span> <span class='ocrx_word' id='word_1_261' title='bbox 1107 2397 1338 2460; x_wconf 89' lang='lat' dir='ltr'><strong>nationi,</strong></span> <span class='ocrx_word' id='word_1_262' title='bbox 1397 2395 1596 2449; x_wconf 85' lang='lat' dir='ltr'><strong>deinde</strong></span> <span class='ocrx_word' id='word_1_263' title='bbox 1645 2411 1777 2449; x_wconf 88' lang='lat' dir='ltr'><strong>vero</strong></span> <span class='ocrx_word' id='word_1_264' title='bbox 1810 2395 2073 2466; x_wconf 81' lang='lat' dir='ltr'><strong>majorem</strong></span> 
     </span>
    </p>
   </div>
   <div class='ocr_carea' id='block_1_40' title="bbox 485 2489 2070 2566">
    <p class='ocr_par' dir='ltr' id='par_1_40' title="bbox 485 2489 2070 2566">
     <span class='ocr_line' id='line_1_40' title="bbox 485 2489 2070 2566; baseline -0.004 -18"><span class='ocrx_word' id='word_1_265' title='bbox 485 2504 696 2566; x_wconf 85' lang='lat' dir='ltr'><strong>partem</strong></span> <span class='ocrx_word' id='word_1_266' title='bbox 758 2493 918 2563; x_wconf 86' lang='lat' dir='ltr'><strong>sequi</strong></span> <span class='ocrx_word' id='word_1_267' title='bbox 985 2500 1042 2546; x_wconf 89' lang='lat' dir='ltr'><strong>et</strong></span> <span class='ocrx_word' id='word_1_268' title='bbox 1095 2506 1202 2545; x_wconf 90' lang='lat' dir='ltr'><strong>una</strong></span> <span class='ocrx_word' id='word_1_269' title='bbox 1243 2506 1366 2544; x_wconf 90' lang='lat' dir='ltr'><strong>cum</strong></span> <span class='ocrx_word' id='word_1_270' title='bbox 1402 2489 1482 2544; x_wconf 87' lang='lat' dir='ltr'><strong>eis</strong></span> <span class='ocrx_word' id='word_1_271' title='bbox 1529 2498 1811 2543; x_wconf 82' lang='lat' dir='ltr'><strong>certamen</strong></span> <span class='ocrx_word' id='word_1_272' title='bbox 1857 2489 2070 2543; x_wconf 88' lang='lat' dir='ltr'><strong>subire.</strong></span> 
     </span>
    </p>
   </div>
   <div class='ocr_carea' id='block_1_41' title="bbox 485 2580 2074 2657">
    <p class='ocr_par' dir='ltr' id='par_1_41' title="bbox 485 2580 2074 2657">
     <span class='ocr_line' id='line_1_41' title="bbox 485 2580 2074 2657; baseline -0.006 -15"><span class='ocrx_word' id='word_1_273' title='bbox 485 2588 834 2657; x_wconf 80' lang='lat' dir='ltr'><strong>Sequebatur</strong></span> <span class='ocrx_word' id='word_1_274' title='bbox 885 2586 1052 2639; x_wconf 85' lang='lat' dir='ltr'><strong>etiam</strong></span> <span class='ocrx_word' id='word_1_275' title='bbox 1114 2584 1506 2639; x_wconf 82' lang='lat' dir='ltr'><strong>serenissimus</strong></span> <span class='ocrx_word' id='word_1_276' title='bbox 1559 2582 1878 2651; x_wconf 81' lang='lat' dir='ltr'><strong>imperator,</strong></span> <span class='ocrx_word' id='word_1_277' title='bbox 1943 2580 2074 2635; x_wconf 87' lang='lat' dir='ltr'><strong>licet</strong></span> 
     </span>
    </p>
   </div>
   <div class='ocr_carea' id='block_1_42' title="bbox 482 2677 2074 2751">
    <p class='ocr_par' dir='ltr' id='par_1_42' title="bbox 482 2677 2074 2751">
     <span class='ocr_line' id='line_1_42' title="bbox 482 2677 2074 2751; baseline -0.005 -15"><span class='ocrx_word' id='word_1_278' title='bbox 482 2683 535 2737; x_wconf 89' lang='lat' dir='ltr'><strong>ei</strong></span> <span class='ocrx_word' id='word_1_279' title='bbox 569 2699 679 2735; x_wconf 91' lang='lat' dir='ltr'><strong>non</strong></span> <span class='ocrx_word' id='word_1_280' title='bbox 713 2681 952 2751; x_wconf 85' lang='lat' dir='ltr'><strong>placeret</strong></span> <span class='ocrx_word' id='word_1_281' title='bbox 1010 2680 1112 2734; x_wconf 90' lang='lat' dir='ltr'><strong>hoc</strong></span> <span class='ocrx_word' id='word_1_282' title='bbox 1166 2677 1479 2736; x_wconf 84' lang='lat' dir='ltr'><strong>consilium.</strong></span> <span class='ocrx_word' id='word_1_283' title='bbox 1539 2677 1749 2729; x_wconf 87' lang='lat' dir='ltr'><strong>veritus</strong></span> <span class='ocrx_word' id='word_1_284' title='bbox 1781 2683 1960 2728; x_wconf 90' lang='lat' dir='ltr'><strong>tamen</strong></span> <span class='ocrx_word' id='word_1_285' title='bbox 2003 2689 2074 2728; x_wconf 88' lang='lat' dir='ltr'><strong>ne</strong></span> 
     </span>
    </p>
   </div>
   <div class='ocr_carea' id='block_1_43' title="bbox 483 2765 2075 2845">
    <p class='ocr_par' dir='ltr' id='par_1_43' title="bbox 483 2765 2075 2845">
     <span class='ocr_line' id='line_1_43' title="bbox 483 2765 2075 2845; baseline -0.008 -17"><span class='ocrx_word' id='word_1_286' title='bbox 483 2774 612 2845; x_wconf 89' lang='lat' dir='ltr'><strong>quis</strong></span> <span class='ocrx_word' id='word_1_287' title='bbox 644 2773 1018 2843; x_wconf 86' lang='lat' dir='ltr'><strong>ignorantium</strong></span> <span class='ocrx_word' id='word_1_288' title='bbox 1050 2786 1177 2826; x_wconf 87' lang='lat' dir='ltr'><strong>eum</strong></span> <span class='ocrx_word' id='word_1_289' title='bbox 1219 2779 1437 2838; x_wconf 88' lang='lat' dir='ltr'><strong>putaret</strong></span> <span class='ocrx_word' id='word_1_290' title='bbox 1465 2767 1572 2819; x_wconf 80' lang='lat' dir='ltr'><strong>vim</strong></span> <span class='ocrx_word' id='word_1_291' title='bbox 1599 2767 1836 2835; x_wconf 85' lang='lat' dir='ltr'><strong>aliquam</strong></span> <span class='ocrx_word' id='word_1_292' title='bbox 1865 2765 1947 2820; x_wconf 87' lang='lat' dir='ltr'><strong>eis</strong></span> <span class='ocrx_word' id='word_1_293' title='bbox 1995 2766 2075 2817; x_wconf 84' lang='lat' dir='ltr'><strong>in-</strong></span> 
     </span>
    </p>
   </div>
   <div class='ocr_carea' id='block_1_44' title="bbox 481 2859 2073 2937">
    <p class='ocr_par' dir='ltr' id='par_1_44' title="bbox 481 2859 2073 2937">
     <span class='ocr_line' id='line_1_44' title="bbox 481 2859 2073 2937; baseline -0.006 -14"><span class='ocrx_word' id='word_1_294' title='bbox 481 2868 650 2923; x_wconf 72' lang='lat' dir='ltr'><strong>ferre.</strong></span> <span class='ocrx_word' id='word_1_295' title='bbox 676 2868 989 2937; x_wconf 81' lang='lat' dir='ltr'><strong>Incepimus</strong></span> <span class='ocrx_word' id='word_1_296' title='bbox 1023 2864 1187 2934; x_wconf 78' lang='lat' dir='ltr'><strong>igitur</strong></span> <span class='ocrx_word' id='word_1_297' title='bbox 1241 2878 1364 2916; x_wconf 80' lang='lat' dir='ltr'><strong>cum</strong></span> <span class='ocrx_word' id='word_1_298' title='bbox 1385 2860 1590 2915; x_wconf 87' lang='lat' dir='ltr'><strong>Latinis</strong></span> <span class='ocrx_word' id='word_1_299' title='bbox 1614 2859 1916 2928; x_wconf 86' lang='lat' dir='ltr'><strong>disputare,</strong></span> <span class='ocrx_word' id='word_1_300' title='bbox 1943 2874 2073 2928; x_wconf 83' lang='lat' dir='ltr'><strong>pro-</strong></span> 
     </span>
    </p>
   </div>
   <div class='ocr_carea' id='block_1_45' title="bbox 481 2952 2076 3024">
    <p class='ocr_par' dir='ltr' id='par_1_45' title="bbox 481 2952 2076 3024">
     <span class='ocr_line' id='line_1_45' title="bbox 481 2952 2076 3024; baseline -0.008 -6"><span class='ocrx_word' id='word_1_301' title='bbox 481 2962 618 3018; x_wconf 81' lang='lat' dir='ltr'><strong>bare</strong></span> <span class='ocrx_word' id='word_1_302' title='bbox 635 2962 878 3016; x_wconf 77' lang='lat' dir='ltr'><strong>volentes</strong></span> <span class='ocrx_word' id='word_1_303' title='bbox 910 2956 1065 3017; x_wconf 86' lang='lat' dir='ltr'><strong>nihil,</strong></span> <span class='ocrx_word' id='word_1_304' title='bbox 1092 2971 1191 3010; x_wconf 83' lang='lat' dir='ltr'><strong>nec</strong></span> <span class='ocrx_word' id='word_1_305' title='bbox 1220 2955 1390 3024; x_wconf 89' lang='lat' dir='ltr'><strong>ipsam</strong></span> <span class='ocrx_word' id='word_1_306' title='bbox 1413 2954 1695 3007; x_wconf 78' lang='lat' dir='ltr'><strong>veritatem</strong></span> <span class='ocrx_word' id='word_1_307' title='bbox 1727 2953 1892 3006; x_wconf 82' lang='lat' dir='ltr'><strong>licere</strong></span> <span class='ocrx_word' id='word_1_308' title='bbox 1919 2952 2076 3024; x_wconf 84' lang='lat' dir='ltr'><strong>Sym-</strong></span> 
     </span>
    </p>
   </div>
   <div class='ocr_carea' id='block_1_46' title="bbox 482 3043 2077 3115">
    <p class='ocr_par' dir='ltr' id='par_1_46' title="bbox 482 3043 2077 3115">
     <span class='ocr_line' id='line_1_46' title="bbox 482 3043 2077 3115; baseline -0.004 -9"><span class='ocrx_word' id='word_1_309' title='bbox 482 3053 611 3115; x_wconf 80' lang='lat' dir='ltr'><strong>bolo</strong></span> <span class='ocrx_word' id='word_1_310' title='bbox 637 3055 855 3109; x_wconf 74' lang='lat' dir='ltr'><strong>Patrum</strong></span> <span class='ocrx_word' id='word_1_311' title='bbox 885 3053 1122 3112; x_wconf 84' lang='lat' dir='ltr'><strong>addere;</strong></span> <span class='ocrx_word' id='word_1_312' title='bbox 1150 3055 1262 3101; x_wconf 81' lang='lat' dir='ltr'><strong>tota</strong></span> <span class='ocrx_word' id='word_1_313' title='bbox 1291 3061 1422 3099; x_wconf 90' lang='lat' dir='ltr'><strong>vero</strong></span> <span class='ocrx_word' id='word_1_314' title='bbox 1439 3045 1520 3098; x_wconf 79' lang='lat' dir='ltr'><strong>vis</strong></span> <span class='ocrx_word' id='word_1_315' title='bbox 1547 3055 1731 3097; x_wconf 84' lang='lat' dir='ltr'><strong>nostra</strong></span> <span class='ocrx_word' id='word_1_316' title='bbox 1756 3045 1810 3097; x_wconf 91' lang='lat' dir='ltr'><strong>in</strong></span> <span class='ocrx_word' id='word_1_317' title='bbox 1839 3043 2077 3099; x_wconf 81' lang='lat' dir='ltr'><strong>decretis</strong></span> 
     </span>
    </p>
   </div>
   <div class='ocr_carea' id='block_1_47' title="bbox 2173 1933 3760 2009">
    <p class='ocr_par' dir='ltr' id='par_1_47' title="bbox 2173 1933 3760 2009">
     <span class='ocr_line' id='line_1_47' title="bbox 2173 1933 3760 2009; baseline -0.005 -15"><span class='ocrx_word' id='word_1_318' title='bbox 2173 1939 2389 1995; x_wconf 91' lang='lat' dir='ltr'><strong>concilii</strong></span> <span class='ocrx_word' id='word_1_319' title='bbox 2427 1938 2635 2003; x_wconf 87' lang='lat' dir='ltr'><strong>Patres,</strong></span> <span class='ocrx_word' id='word_1_320' title='bbox 2673 1940 2764 2009; x_wconf 90' lang='lat' dir='ltr'><strong>qui</strong></span> <span class='ocrx_word' id='word_1_321' title='bbox 2819 1954 2932 2007; x_wconf 90' lang='lat' dir='ltr'><strong>quo</strong></span> <span class='ocrx_word' id='word_1_322' title='bbox 2962 1946 3088 1992; x_wconf 88' lang='lat' dir='ltr'><strong>ante</strong></span> <span class='ocrx_word' id='word_1_323' title='bbox 3121 1951 3218 1993; x_wconf 86' lang='lat' dir='ltr'><strong>eos</strong></span> <span class='ocrx_word' id='word_1_324' title='bbox 3261 1933 3524 1993; x_wconf 76' lang='lat' dir='ltr'><strong>Ecclesia:</strong></span> <span class='ocrx_word' id='word_1_325' title='bbox 3565 1933 3760 1988; x_wconf 86' lang='lat' dir='ltr'><strong>uteba-</strong></span> 
     </span>
    </p>
   </div>
   <div class='ocr_carea' id='block_1_48' title="bbox 2177 2027 3763 2102">
    <p class='ocr_par' dir='ltr' id='par_1_48' title="bbox 2177 2027 3763 2102">
     <span class='ocr_line' id='line_1_48' title="bbox 2177 2027 3763 2102; baseline -0.002 -18"><span class='ocrx_word' id='word_1_326' title='bbox 2177 2042 2267 2084; x_wconf 91' lang='lat' dir='ltr'><strong>tur</strong></span> <span class='ocrx_word' id='word_1_327' title='bbox 2325 2028 2649 2102; x_wconf 77' lang='lat' dir='ltr'><strong>Symbolum</strong></span> <span class='ocrx_word' id='word_1_328' title='bbox 2693 2031 2972 2100; x_wconf 86' lang='lat' dir='ltr'><strong>plerisque</strong></span> <span class='ocrx_word' id='word_1_329' title='bbox 3024 2028 3080 2084; x_wconf 91' lang='lat' dir='ltr'><strong>in</strong></span> <span class='ocrx_word' id='word_1_330' title='bbox 3135 2028 3388 2099; x_wconf 83' lang='lat' dir='ltr'><strong>partibus</strong></span> <span class='ocrx_word' id='word_1_331' title='bbox 3421 2027 3543 2099; x_wconf 72' lang='lat' dir='ltr'><strong>eius</strong></span> <span class='ocrx_word' id='word_1_332' title='bbox 3575 2035 3763 2081; x_wconf 85' lang='lat' dir='ltr'><strong>muta-</strong></span> 
     </span>
    </p>
   </div>
   <div class='ocr_carea' id='block_1_49' title="bbox 2175 2121 3759 2193">
    <p class='ocr_par' dir='ltr' id='par_1_49' title="bbox 2175 2121 3759 2193">
     <span class='ocr_line' id='line_1_49' title="bbox 2175 2121 3759 2193; baseline -0.001 -18"><span class='ocrx_word' id='word_1_333' title='bbox 2175 2132 2329 2176; x_wconf 87' lang='lat' dir='ltr'><strong>runt.</strong></span> <span class='ocrx_word' id='word_1_334' title='bbox 2399 2121 2455 2178; x_wconf 89' lang='lat' dir='ltr'><strong>Si</strong></span> <span class='ocrx_word' id='word_1_335' title='bbox 2506 2132 2688 2177; x_wconf 72' lang='lat' dir='ltr'><strong>autcm</strong></span> <span class='ocrx_word' id='word_1_336' title='bbox 2724 2123 2838 2179; x_wconf 62' lang='lat' dir='ltr'><strong>haec</strong></span> <span class='ocrx_word' id='word_1_337' title='bbox 2879 2122 3067 2193; x_wconf 88' lang='lat' dir='ltr'><strong>opinio</strong></span> <span class='ocrx_word' id='word_1_338' title='bbox 3087 2138 3189 2177; x_wconf 88' lang='lat' dir='ltr'><strong>nec</strong></span> <span class='ocrx_word' id='word_1_339' title='bbox 3211 2121 3502 2193; x_wconf 85' lang='lat' dir='ltr'><strong>cogitanda</strong></span> <span class='ocrx_word' id='word_1_340' title='bbox 3535 2121 3759 2192; x_wconf 86' lang='lat' dir='ltr'><strong>quidem</strong></span> 
     </span>
    </p>
   </div>
   <div class='ocr_carea' id='block_1_50' title="bbox 2176 2214 3762 2286">
    <p class='ocr_par' dir='ltr' id='par_1_50' title="bbox 2176 2214 3762 2286">
     <span class='ocr_line' id='line_1_50' title="bbox 2176 2214 3762 2286; baseline 0.002 -19"><span class='ocrx_word' id='word_1_341' title='bbox 2176 2224 2434 2284; x_wconf 81' lang='lat' dir='ltr'><strong>tanquam</strong></span> <span class='ocrx_word' id='word_1_342' title='bbox 2491 2216 2656 2286; x_wconf 88' lang='lat' dir='ltr'><strong>impia</strong></span> <span class='ocrx_word' id='word_1_343' title='bbox 2708 2217 2797 2279; x_wconf 86' lang='lat' dir='ltr'><strong>sit,</strong></span> <span class='ocrx_word' id='word_1_344' title='bbox 2854 2224 3021 2285; x_wconf 89' lang='lat' dir='ltr'><strong>patet,</strong></span> <span class='ocrx_word' id='word_1_345' title='bbox 3080 2216 3236 2285; x_wconf 82' lang='lat' dir='ltr'><strong>quod,</strong></span> <span class='ocrx_word' id='word_1_346' title='bbox 3280 2215 3367 2269; x_wconf 87' lang='lat' dir='ltr'><strong>illa</strong></span> <span class='ocrx_word' id='word_1_347' title='bbox 3414 2214 3676 2279; x_wconf 77' lang='lat' dir='ltr'><strong>inhibuit,</strong></span> <span class='ocrx_word' id='word_1_348' title='bbox 3703 2224 3762 2270; x_wconf 87' lang='lat' dir='ltr'><strong>et</strong></span> 
     </span>
    </p>
   </div>
   <div class='ocr_carea' id='block_1_51' title="bbox 2173 2304 3760 2378">
    <p class='ocr_par' dir='ltr' id='par_1_51' title="bbox 2173 2304 3760 2378">
     <span class='ocr_line' id='line_1_51' title="bbox 2173 2304 3760 2378; baseline -0.003 -18"><span class='ocrx_word' id='word_1_349' title='bbox 2173 2306 2501 2375; x_wconf 84' lang='lat' dir='ltr'><strong>Apostolus,</strong></span> <span class='ocrx_word' id='word_1_350' title='bbox 2535 2316 2592 2361; x_wconf 88' lang='lat' dir='ltr'><strong>et</strong></span> <span class='ocrx_word' id='word_1_351' title='bbox 2618 2307 2911 2378; x_wconf 83' lang='lat' dir='ltr'><strong>Dionysius</strong></span> <span class='ocrx_word' id='word_1_352' title='bbox 2938 2307 3158 2368; x_wconf 82' lang='lat' dir='ltr'><strong>docere,</strong></span> <span class='ocrx_word' id='word_1_353' title='bbox 3199 2321 3413 2375; x_wconf 83' lang='lat' dir='ltr'><strong>sapere,</strong></span> <span class='ocrx_word' id='word_1_354' title='bbox 3482 2304 3760 2376; x_wconf 81' lang='lat' dir='ltr'><strong>cvangeli-</strong></span> 
     </span>
    </p>
   </div>
   <div class='ocr_carea' id='block_1_52' title="bbox 2177 2399 3758 2472">
    <p class='ocr_par' dir='ltr' id='par_1_52' title="bbox 2177 2399 3758 2472">
     <span class='ocr_line' id='line_1_52' title="bbox 2177 2399 3758 2472; baseline -0.001 -19"><span class='ocrx_word' id='word_1_355' title='bbox 2177 2416 2329 2461; x_wconf 84' lang='lat' dir='ltr'><strong>zare.</strong></span> <span class='ocrx_word' id='word_1_356' title='bbox 2366 2411 2420 2456; x_wconf 88' lang='lat' dir='ltr'><strong>et</strong></span> <span class='ocrx_word' id='word_1_357' title='bbox 2443 2401 2688 2472; x_wconf 87' lang='lat' dir='ltr'><strong>cogitare</strong></span> <span class='ocrx_word' id='word_1_358' title='bbox 2715 2418 2834 2470; x_wconf 62' lang='lat' dir='ltr'><strong>quae</strong></span> <span class='ocrx_word' id='word_1_359' title='bbox 2861 2400 2992 2454; x_wconf 75' lang='lat' dir='ltr'><strong>falsa</strong></span> <span class='ocrx_word' id='word_1_360' title='bbox 3044 2401 3282 2469; x_wconf 89' lang='lat' dir='ltr'><strong>ﬁdeique</strong></span> <span class='ocrx_word' id='word_1_361' title='bbox 3310 2399 3593 2454; x_wconf 71' lang='lat' dir='ltr'><strong>catholicae</strong></span> <span class='ocrx_word' id='word_1_362' title='bbox 3621 2413 3758 2454; x_wconf 89' lang='lat' dir='ltr'><strong>con-</strong></span> 
     </span>
    </p>
   </div>
   <div class='ocr_carea' id='block_1_53' title="bbox 2121 2493 3758 2563">
    <p class='ocr_par' dir='ltr' id='par_1_53' title="bbox 2121 2493 3758 2563">
     <span class='ocr_line' id='line_1_53' title="bbox 2121 2493 3758 2563; baseline 0.001 -16"><span class='ocrx_word' id='word_1_363' title='bbox 2121 2553 2123 2555; x_wconf 97' lang='lat'><em>_</em></span> <span class='ocrx_word' id='word_1_364' title='bbox 2177 2493 2340 2548; x_wconf 87' lang='lat' dir='ltr'><strong>traria</strong></span> <span class='ocrx_word' id='word_1_365' title='bbox 2374 2505 2544 2553; x_wconf 84' lang='lat' dir='ltr'><strong>sunt;</strong></span> <span class='ocrx_word' id='word_1_366' title='bbox 2575 2495 2718 2563; x_wconf 90' lang='lat' dir='ltr'><strong>quod</strong></span> <span class='ocrx_word' id='word_1_367' title='bbox 2746 2495 2789 2548; x_wconf 87' lang='lat' dir='ltr'><strong>si</strong></span> <span class='ocrx_word' id='word_1_368' title='bbox 2823 2495 2955 2548; x_wconf 79' lang='lat' dir='ltr'><strong>falsa</strong></span> <span class='ocrx_word' id='word_1_369' title='bbox 2984 2493 3219 2557; x_wconf 81' lang='lat' dir='ltr'><strong>inhibet,</strong></span> <span class='ocrx_word' id='word_1_370' title='bbox 3241 2510 3340 2548; x_wconf 86' lang='lat' dir='ltr'><strong>nos</strong></span> <span class='ocrx_word' id='word_1_371' title='bbox 3366 2499 3758 2550; x_wconf 73' lang='lat' dir='ltr'><strong>autemeorum</strong></span> 
     </span>
    </p>
   </div>
   <div class='ocr_carea' id='block_1_54' title="bbox 2175 2589 3761 2657">
    <p class='ocr_par' dir='ltr' id='par_1_54' title="bbox 2175 2589 3761 2657">
     <span class='ocr_line' id='line_1_54' title="bbox 2175 2589 3761 2657; baseline 0.003 -18"><span class='ocrx_word' id='word_1_372' title='bbox 2175 2589 2536 2641; x_wconf 85' lang='lat' dir='ltr'><strong>auctoritates</strong></span> <span class='ocrx_word' id='word_1_373' title='bbox 2570 2598 2830 2657; x_wconf 87' lang='lat' dir='ltr'><strong>tanquam</strong></span> <span class='ocrx_word' id='word_1_374' title='bbox 2859 2590 3262 2654; x_wconf 67' lang='lat' dir='ltr'><strong>mqttivaleutes</strong></span> <span class='ocrx_word' id='word_1_375' title='bbox 3296 2591 3536 2644; x_wconf 79' lang='lat' dir='ltr'><strong>decretis</strong></span> <span class='ocrx_word' id='word_1_376' title='bbox 3567 2589 3761 2643; x_wconf 87' lang='lat' dir='ltr'><strong>conci-</strong></span> 
     </span>
    </p>
   </div>
   <div class='ocr_carea' id='block_1_55' title="bbox 2175 2678 3766 2752">
    <p class='ocr_par' dir='ltr' id='par_1_55' title="bbox 2175 2678 3766 2752">
     <span class='ocr_line' id='line_1_55' title="bbox 2175 2678 3766 2752; baseline 0.003 -19"><span class='ocrx_word' id='word_1_377' title='bbox 2175 2678 2373 2734; x_wconf 89' lang='lat' dir='ltr'><strong>liorum</strong></span> <span class='ocrx_word' id='word_1_378' title='bbox 2392 2681 2854 2750; x_wconf 86' lang='lat' dir='ltr'><strong>producebamus,</strong></span> <span class='ocrx_word' id='word_1_379' title='bbox 2877 2692 3042 2751; x_wconf 84' lang='lat' dir='ltr'><strong>patet,</strong></span> <span class='ocrx_word' id='word_1_380' title='bbox 3061 2682 3209 2752; x_wconf 86' lang='lat' dir='ltr'><strong>quod</strong></span> <span class='ocrx_word' id='word_1_381' title='bbox 3234 2683 3398 2738; x_wconf 86' lang='lat' dir='ltr'><strong>etiam</strong></span> <span class='ocrx_word' id='word_1_382' title='bbox 3420 2683 3640 2738; x_wconf 81' lang='lat' dir='ltr'><strong>decreta</strong></span> <span class='ocrx_word' id='word_1_383' title='bbox 3663 2683 3766 2738; x_wconf 80' lang='lat' dir='ltr'><strong>Pa-</strong></span> 
     </span>
    </p>
   </div>
   <div class='ocr_carea' id='block_1_56' title="bbox 2179 2774 3764 2848">
    <p class='ocr_par' dir='ltr' id='par_1_56' title="bbox 2179 2774 3764 2848">
     <span class='ocr_line' id='line_1_56' title="bbox 2179 2774 3764 2848; baseline 0.002 -18"><span class='ocrx_word' id='word_1_384' title='bbox 2179 2785 2323 2830; x_wconf 91' lang='lat' dir='ltr'><strong>trum</strong></span> <span class='ocrx_word' id='word_1_385' title='bbox 2347 2774 2480 2829; x_wconf 80' lang='lat' dir='ltr'><strong>falsa</strong></span> <span class='ocrx_word' id='word_1_386' title='bbox 2501 2775 2754 2830; x_wconf 85' lang='lat' dir='ltr'><strong>inhibent</strong></span> <span class='ocrx_word' id='word_1_387' title='bbox 2775 2791 2842 2830; x_wconf 90' lang='lat' dir='ltr'><strong>ne</strong></span> <span class='ocrx_word' id='word_1_388' title='bbox 2865 2777 3125 2848; x_wconf 81' lang='lat' dir='ltr'><strong>Symbolo</strong></span> <span class='ocrx_word' id='word_1_389' title='bbox 3139 2777 3434 2840; x_wconf 88' lang='lat' dir='ltr'><strong>addantur.</strong></span> <span class='ocrx_word' id='word_1_390' title='bbox 3455 2793 3562 2832; x_wconf 79' lang='lat' dir='ltr'><strong>non</strong></span> <span class='ocrx_word' id='word_1_391' title='bbox 3578 2787 3764 2834; x_wconf 86' lang='lat' dir='ltr'><strong>autem</strong></span> 
     </span>
    </p>
   </div>
   <div class='ocr_carea' id='block_1_57' title="bbox 2176 2871 3768 2943">
    <p class='ocr_par' dir='ltr' id='par_1_57' title="bbox 2176 2871 3768 2943">
     <span class='ocr_line' id='line_1_57' title="bbox 2176 2871 3768 2943; baseline 0.006 -23"><span class='ocrx_word' id='word_1_392' title='bbox 2176 2885 2301 2938; x_wconf 71' lang='lat' dir='ltr'><strong>quae</strong></span> <span class='ocrx_word' id='word_1_393' title='bbox 2334 2884 2460 2923; x_wconf 89' lang='lat' dir='ltr'><strong>vera</strong></span> <span class='ocrx_word' id='word_1_394' title='bbox 2508 2878 2660 2923; x_wconf 86' lang='lat' dir='ltr'><strong>sunt.</strong></span> <span class='ocrx_word' id='word_1_395' title='bbox 2692 2871 2876 2940; x_wconf 89' lang='lat' dir='ltr'><strong>Itaque</strong></span> <span class='ocrx_word' id='word_1_396' title='bbox 2925 2872 2978 2925; x_wconf 91' lang='lat' dir='ltr'><strong>in</strong></span> <span class='ocrx_word' id='word_1_397' title='bbox 3011 2871 3131 2940; x_wconf 88' lang='lat' dir='ltr'><strong>ipso</strong></span> <span class='ocrx_word' id='word_1_398' title='bbox 3167 2871 3346 2940; x_wconf 88' lang='lat' dir='ltr'><strong>primo</strong></span> <span class='ocrx_word' id='word_1_399' title='bbox 3381 2887 3682 2943; x_wconf 85' lang='lat' dir='ltr'><strong>congressu</strong></span> <span class='ocrx_word' id='word_1_400' title='bbox 3709 2881 3768 2929; x_wconf 80' lang='lat' dir='ltr'><strong>et</strong></span> 
     </span>
    </p>
   </div>
   <div class='ocr_carea' id='block_1_58' title="bbox 2178 2959 3766 3032">
    <p class='ocr_par' dir='ltr' id='par_1_58' title="bbox 2178 2959 3766 3032">
     <span class='ocr_line' id='line_1_58' title="bbox 2178 2959 3766 3032; baseline 0.004 -21"><span class='ocrx_word' id='word_1_401' title='bbox 2178 2965 2359 3028; x_wconf 88' lang='lat' dir='ltr'><strong>primo</strong></span> <span class='ocrx_word' id='word_1_402' title='bbox 2387 2959 2475 3015; x_wconf 87' lang='lat' dir='ltr'><strong>die</strong></span> <span class='ocrx_word' id='word_1_403' title='bbox 2496 2961 2734 3016; x_wconf 80' lang='lat' dir='ltr'><strong>convicti</strong></span> <span class='ocrx_word' id='word_1_404' title='bbox 2766 2969 2820 3016; x_wconf 84' lang='lat' dir='ltr'><strong>et</strong></span> <span class='ocrx_word' id='word_1_405' title='bbox 2849 2963 3117 3032; x_wconf 80' lang='lat' dir='ltr'><strong>proﬂigati</strong></span> <span class='ocrx_word' id='word_1_406' title='bbox 3150 2961 3622 3018; x_wconf 83' lang='lat' dir='ltr'><strong>luissemus.Cum</strong></span> <span class='ocrx_word' id='word_1_407' title='bbox 3658 2979 3766 3017; x_wconf 78' lang='lat' dir='ltr'><strong>au-</strong></span> 
     </span>
    </p>
   </div>
   <div class='ocr_carea' id='block_1_59' title="bbox 2181 3053 3764 3126">
    <p class='ocr_par' dir='ltr' id='par_1_59' title="bbox 2181 3053 3764 3126">
     <span class='ocr_line' id='line_1_59' title="bbox 2181 3053 3764 3126; baseline 0.005 -22"><span class='ocrx_word' id='word_1_408' title='bbox 2181 3061 2290 3107; x_wconf 91' lang='lat' dir='ltr'><strong>tem</strong></span> <span class='ocrx_word' id='word_1_409' title='bbox 2335 3053 2453 3108; x_wconf 68' lang='lat' dir='ltr'><strong>haec</strong></span> <span class='ocrx_word' id='word_1_410' title='bbox 2477 3068 2580 3124; x_wconf 85' lang='lat' dir='ltr'><strong>ego</strong></span> <span class='ocrx_word' id='word_1_411' title='bbox 2610 3054 2935 3119; x_wconf 87' lang='lat' dir='ltr'><strong>sensissem,</strong></span> <span class='ocrx_word' id='word_1_412' title='bbox 2955 3055 3265 3111; x_wconf 88' lang='lat' dir='ltr'><strong>rationibus</strong></span> <span class='ocrx_word' id='word_1_413' title='bbox 3291 3055 3566 3126; x_wconf 71' lang='lat' dir='ltr'><strong>praedictis</strong></span> <span class='ocrx_word' id='word_1_414' title='bbox 3594 3058 3681 3111; x_wconf 78' lang='lat' dir='ltr'><strong>vix</strong></span> <span class='ocrx_word' id='word_1_415' title='bbox 3708 3055 3764 3112; x_wconf 86' lang='lat' dir='ltr'><strong>ei</strong></span> 
     </span>
    </p>
   </div>
   <div class='ocr_carea' id='block_1_60' title="bbox 483 3136 3763 3239">
    <p class='ocr_par' dir='ltr' id='par_1_60' title="bbox 483 3136 3763 3239">
     <span class='ocr_line' id='line_1_60' title="bbox 483 3136 3763 3239; baseline -0.004 -35"><span class='ocrx_word' id='word_1_416' title='bbox 483 3157 798 3204; x_wconf 84' lang='lat' dir='ltr'><strong>sanctorum</strong></span> <span class='ocrx_word' id='word_1_417' title='bbox 828 3156 884 3199; x_wconf 86' lang='lat' dir='ltr'><strong>et</strong></span> <span class='ocrx_word' id='word_1_418' title='bbox 905 3156 1376 3200; x_wconf 65' lang='lat' dir='ltr'><strong>mcumcntcorum</strong></span> <span class='ocrx_word' id='word_1_419' title='bbox 1420 3138 1779 3193; x_wconf 81' lang='lat' dir='ltr'><strong>conciliorum</strong></span> <span class='ocrx_word' id='word_1_420' title='bbox 1811 3139 2077 3194; x_wconf 55' lang='lat' dir='ltr'><strong>consiste‘</strong></span> <span class='ocrx_word' id='word_1_421' title='bbox 2101 3179 2148 3239; x_wconf 66' lang='grc' dir='ltr'>Ο</span> <span class='ocrx_word' id='word_1_422' title='bbox 2183 3147 2455 3215; x_wconf 67' lang='lat' dir='ltr'><strong>persuasi,</strong></span> <span class='ocrx_word' id='word_1_423' title='bbox 2475 3156 2534 3200; x_wconf 79' lang='grc' dir='ltr'><strong>ιιι</strong></span> <span class='ocrx_word' id='word_1_424' title='bbox 2561 3147 2682 3201; x_wconf 77' lang='lat' dir='ltr'><strong>illas</strong></span> <span class='ocrx_word' id='word_1_425' title='bbox 2701 3148 3062 3203; x_wconf 60' lang='lat' dir='ltr'><strong>auctoritates</strong></span> <span class='ocrx_word' id='word_1_426' title='bbox 3085 3165 3193 3205; x_wconf 78' lang='grc' dir='ltr'><strong>υοη</strong></span> <span class='ocrx_word' id='word_1_427' title='bbox 3224 3136 3576 3222; x_wconf 63' lang='grc' dir='ltr'><strong>ρι-οροπίει-ει,</strong></span> <span class='ocrx_word' id='word_1_428' title='bbox 3596 3150 3763 3207; x_wconf 57' lang='lat' dir='ltr'><strong>Exit;</strong></span> 
     </span>
    </p>
   </div>
   <div class='ocr_carea' id='block_1_61' title="bbox 483 3238 2072 3310">
    <p class='ocr_par' dir='ltr' id='par_1_61' title="bbox 483 3238 2072 3310">
     <span class='ocr_line' id='line_1_61' title="bbox 483 3238 2072 3310; baseline -0.005 -12"><span class='ocrx_word' id='word_1_429' title='bbox 483 3243 600 3306; x_wconf 86' lang='lat' dir='ltr'><strong>bat,</strong></span> <span class='ocrx_word' id='word_1_430' title='bbox 633 3243 687 3295; x_wconf 92' lang='lat' dir='ltr'><strong>in</strong></span> <span class='ocrx_word' id='word_1_431' title='bbox 724 3241 926 3310; x_wconf 88' lang='lat' dir='ltr'><strong>quibus</strong></span> <span class='ocrx_word' id='word_1_432' title='bbox 954 3241 1098 3293; x_wconf 84' lang='lat' dir='ltr'><strong>circa</strong></span> <span class='ocrx_word' id='word_1_433' title='bbox 1121 3238 1284 3293; x_wconf 88' lang='lat' dir='ltr'><strong>ﬁnem</strong></span> <span class='ocrx_word' id='word_1_434' title='bbox 1318 3238 1498 3303; x_wconf 86' lang='lat' dir='ltr'><strong>aiunt,</strong></span> <span class='ocrx_word' id='word_1_435' title='bbox 1527 3254 1634 3291; x_wconf 89' lang='lat' dir='ltr'><strong>non</strong></span> <span class='ocrx_word' id='word_1_436' title='bbox 1671 3238 1836 3293; x_wconf 89' lang='lat' dir='ltr'><strong>licere</strong></span> <span class='ocrx_word' id='word_1_437' title='bbox 1875 3247 2072 3307; x_wconf 69' lang='lat' dir='ltr'><strong>prseter</strong></span> 
     </span>
    </p>
   </div>
   <div class='ocr_carea' id='block_1_62' title="bbox 483 3332 2077 3403">
    <p class='ocr_par' dir='ltr' id='par_1_62' title="bbox 483 3332 2077 3403">
     <span class='ocr_line' id='line_1_62' title="bbox 483 3332 2077 3403; baseline -0.005 -10"><span class='ocrx_word' id='word_1_438' title='bbox 483 3340 603 3393; x_wconf 65' lang='lat' dir='ltr'><strong>haec</strong></span> <span class='ocrx_word' id='word_1_439' title='bbox 636 3337 796 3403; x_wconf 85' lang='lat' dir='ltr'><strong>aliain</strong></span> <span class='ocrx_word' id='word_1_440' title='bbox 841 3333 997 3390; x_wconf 86' lang='lat' dir='ltr'><strong>ﬁdem</strong></span> <span class='ocrx_word' id='word_1_441' title='bbox 1060 3332 1412 3388; x_wconf 84' lang='lat' dir='ltr'><strong>conscribere</strong></span> <span class='ocrx_word' id='word_1_442' title='bbox 1435 3371 1450 3393; x_wconf 90' lang='lat'><strong>.</strong></span> <span class='ocrx_word' id='word_1_443' title='bbox 1475 3343 1570 3387; x_wconf 89' lang='lat' dir='ltr'><strong>aut</strong></span> <span class='ocrx_word' id='word_1_444' title='bbox 1606 3347 1820 3401; x_wconf 81' lang='lat' dir='ltr'><strong>sapere,</strong></span> <span class='ocrx_word' id='word_1_445' title='bbox 1851 3342 1944 3386; x_wconf 89' lang='lat' dir='ltr'><strong>aut</strong></span> <span class='ocrx_word' id='word_1_446' title='bbox 1977 3332 2077 3386; x_wconf 89' lang='lat' dir='ltr'><strong>do-</strong></span> 
     </span>
    </p>
   </div>
   <div class='ocr_carea' id='block_1_63' title="bbox 482 3423 2075 3496">
    <p class='ocr_par' dir='ltr' id='par_1_63' title="bbox 482 3423 2075 3496">
     <span class='ocr_line' id='line_1_63' title="bbox 482 3423 2075 3496; baseline -0.009 -5"><span class='ocrx_word' id='word_1_447' title='bbox 482 3449 636 3496; x_wconf 80' lang='lat' dir='ltr'><strong>cere,</strong></span> <span class='ocrx_word' id='word_1_448' title='bbox 658 3441 714 3486; x_wconf 91' lang='lat' dir='ltr'><strong>ct</strong></span> <span class='ocrx_word' id='word_1_449' title='bbox 741 3440 937 3485; x_wconf 66' lang='lat' dir='ltr'><strong>cietera</strong></span> <span class='ocrx_word' id='word_1_450' title='bbox 971 3425 1373 3496; x_wconf 84' lang='lat' dir='ltr'><strong>hujuscemodi.</strong></span> <span class='ocrx_word' id='word_1_451' title='bbox 1428 3423 1661 3492; x_wconf 80' lang='lat' dir='ltr'><strong>Quando</strong></span> <span class='ocrx_word' id='word_1_452' title='bbox 1715 3423 2075 3478; x_wconf 85' lang='lat' dir='ltr'><strong>ridiculosum</strong></span> 
     </span>
    </p>
   </div>
   <div class='ocr_carea' id='block_1_64' title="bbox 485 3519 2075 3599">
    <p class='ocr_par' dir='ltr' id='par_1_64' title="bbox 485 3519 2075 3599">
     <span class='ocr_line' id='line_1_64' title="bbox 485 3519 2075 3599; baseline -0.006 -18"><span class='ocrx_word' id='word_1_453' title='bbox 485 3527 642 3599; x_wconf 75' lang='lat' dir='ltr'><strong>quid,</strong></span> <span class='ocrx_word' id='word_1_454' title='bbox 676 3534 731 3580; x_wconf 90' lang='lat' dir='ltr'><strong>et</strong></span> <span class='ocrx_word' id='word_1_455' title='bbox 755 3525 935 3594; x_wconf 86' lang='lat' dir='ltr'><strong>magni</strong></span> <span class='ocrx_word' id='word_1_456' title='bbox 973 3520 1233 3591; x_wconf 82' lang='lat' dir='ltr'><strong>vitupcrii</strong></span> <span class='ocrx_word' id='word_1_457' title='bbox 1275 3519 1505 3590; x_wconf 83' lang='lat' dir='ltr'><strong>dignum</strong></span> <span class='ocrx_word' id='word_1_458' title='bbox 1545 3535 1702 3588; x_wconf 81' lang='lat' dir='ltr'><strong>passa</strong></span> <span class='ocrx_word' id='word_1_459' title='bbox 1741 3519 1934 3574; x_wconf 78' lang='lat' dir='ltr'><strong>fuisset</strong></span> <span class='ocrx_word' id='word_1_460' title='bbox 1966 3529 2075 3573; x_wconf 87' lang='lat' dir='ltr'><strong>tota</strong></span> 
     </span>
    </p>
   </div>
   <div class='ocr_carea' id='block_1_65' title="bbox 485 3610 2074 3687">
    <p class='ocr_par' dir='ltr' id='par_1_65' title="bbox 485 3610 2074 3687">
     <span class='ocr_line' id='line_1_65' title="bbox 485 3610 2074 3687; baseline -0.009 -11"><span class='ocrx_word' id='word_1_461' title='bbox 485 3622 656 3686; x_wconf 76' lang='lat' dir='ltr'><strong>natio,</strong></span> <span class='ocrx_word' id='word_1_462' title='bbox 688 3632 742 3675; x_wconf 92' lang='lat' dir='ltr'><strong>et</strong></span> <span class='ocrx_word' id='word_1_463' title='bbox 774 3635 875 3671; x_wconf 89' lang='lat' dir='ltr'><strong>nos</strong></span> <span class='ocrx_word' id='word_1_464' title='bbox 893 3630 1086 3671; x_wconf 87' lang='lat' dir='ltr'><strong>omnes</strong></span> <span class='ocrx_word' id='word_1_465' title='bbox 1114 3631 1209 3684; x_wconf 88' lang='lat' dir='ltr'><strong>per</strong></span> <span class='ocrx_word' id='word_1_466' title='bbox 1234 3614 1580 3681; x_wconf 79' lang='lat' dir='ltr'><strong>prudentiam</strong></span> <span class='ocrx_word' id='word_1_467' title='bbox 1616 3611 1744 3666; x_wconf 89' lang='lat' dir='ltr'><strong>boui</strong></span> <span class='ocrx_word' id='word_1_468' title='bbox 1790 3610 2074 3687; x_wconf 60' lang='lat' dir='ltr'><strong>Ephesini,</strong></span> 
     </span>
    </p>
   </div>
   <div class='ocr_carea' id='block_1_66' title="bbox 481 3705 2072 3784">
    <p class='ocr_par' dir='ltr' id='par_1_66' title="bbox 481 3705 2072 3784">
     <span class='ocr_line' id='line_1_66' title="bbox 481 3705 2072 3784; baseline -0.006 -15"><span class='ocrx_word' id='word_1_469' title='bbox 481 3716 586 3770; x_wconf 87' lang='lat' dir='ltr'><strong>nisi</strong></span> <span class='ocrx_word' id='word_1_470' title='bbox 618 3728 718 3784; x_wconf 84' lang='lat' dir='ltr'><strong>ego</strong></span> <span class='ocrx_word' id='word_1_471' title='bbox 751 3711 998 3766; x_wconf 76' lang='lat' dir='ltr'><strong>sentiens</strong></span> <span class='ocrx_word' id='word_1_472' title='bbox 1021 3707 1449 3777; x_wconf 76' lang='lat' dir='ltr'><strong>itupetlivissem.</strong></span> <span class='ocrx_word' id='word_1_473' title='bbox 1489 3705 1600 3760; x_wconf 82' lang='lat' dir='ltr'><strong>Una</strong></span> <span class='ocrx_word' id='word_1_474' title='bbox 1644 3706 1794 3758; x_wconf 89' lang='lat' dir='ltr'><strong>enim</strong></span> <span class='ocrx_word' id='word_1_475' title='bbox 1824 3721 1950 3759; x_wconf 91' lang='lat' dir='ltr'><strong>cum</strong></span> <span class='ocrx_word' id='word_1_476' title='bbox 1981 3708 2072 3759; x_wconf 86' lang='lat' dir='ltr'><strong>de-</strong></span> 
     </span>
    </p>
   </div>
   <div class='ocr_carea' id='block_1_67' title="bbox 480 3796 2074 3871">
    <p class='ocr_par' dir='ltr' id='par_1_67' title="bbox 480 3796 2074 3871">
     <span class='ocr_line' id='line_1_67' title="bbox 480 3796 2074 3871; baseline -0.006 -9"><span class='ocrx_word' id='word_1_477' title='bbox 480 3807 648 3862; x_wconf 86' lang='lat' dir='ltr'><strong>cretis</strong></span> <span class='ocrx_word' id='word_1_478' title='bbox 678 3807 903 3861; x_wconf 85' lang='lat' dir='ltr'><strong>Patrum</strong></span> <span class='ocrx_word' id='word_1_479' title='bbox 933 3803 1068 3857; x_wconf 85' lang='lat' dir='ltr'><strong>illud</strong></span> <span class='ocrx_word' id='word_1_480' title='bbox 1119 3816 1338 3871; x_wconf 87' lang='lat' dir='ltr'><strong>quoque</strong></span> <span class='ocrx_word' id='word_1_481' title='bbox 1358 3797 1601 3867; x_wconf 88' lang='lat' dir='ltr'><strong>Apostoli</strong></span> <span class='ocrx_word' id='word_1_482' title='bbox 1635 3797 1703 3851; x_wconf 91' lang='lat' dir='ltr'><strong>ad</strong></span> <span class='ocrx_word' id='word_1_483' title='bbox 1738 3796 1958 3852; x_wconf 85' lang='lat' dir='ltr'><strong>Galatas</strong></span> <span class='ocrx_word' id='word_1_484' title='bbox 1994 3799 2074 3853; x_wconf 89' lang='lat' dir='ltr'><strong>al-</strong></span> 
     </span>
    </p>
   </div>
   <div class='ocr_carea' id='block_1_68' title="bbox 481 3891 2076 3973">
    <p class='ocr_par' dir='ltr' id='par_1_68' title="bbox 481 3891 2076 3973">
     <span class='ocr_line' id='line_1_68' title="bbox 481 3891 2076 3973; baseline -0.006 -18"><span class='ocrx_word' id='word_1_485' title='bbox 481 3901 660 3973; x_wconf 87' lang='lat' dir='ltr'><strong>legare</strong></span> <span class='ocrx_word' id='word_1_486' title='bbox 686 3901 925 3962; x_wconf 88' lang='lat' dir='ltr'><strong>volebat,</strong></span> <span class='ocrx_word' id='word_1_487' title='bbox 957 3896 1227 3951; x_wconf 84' lang='lat' dir='ltr'><strong>dicentis:</strong></span> <span class='ocrx_word' id='word_1_488' title='bbox 1259 3895 1315 3949; x_wconf 82' lang='lat' dir='ltr'><strong>Si</strong></span> <span class='ocrx_word' id='word_1_489' title='bbox 1352 3895 1464 3963; x_wconf 81' lang='lat' dir='ltr'><strong>quis</strong></span> <span class='ocrx_word' id='word_1_490' title='bbox 1517 3892 1658 3945; x_wconf 77' lang='lat' dir='ltr'><strong>vobis</strong></span> <span class='ocrx_word' id='word_1_491' title='bbox 1695 3891 1844 3945; x_wconf 80' lang='lat' dir='ltr'><strong>aliud</strong></span> <span class='ocrx_word' id='word_1_492' title='bbox 1879 3903 2076 3960; x_wconf 66' lang='lat' dir='ltr'><strong>printer</strong></span> 
     </span>
    </p>
   </div>
   <div class='ocr_carea' id='block_1_69' title="bbox 479 3986 2074 4064">
    <p class='ocr_par' dir='ltr' id='par_1_69' title="bbox 479 3986 2074 4064">
     <span class='ocr_line' id='line_1_69' title="bbox 479 3986 2074 4064; baseline -0.006 -16"><span class='ocrx_word' id='word_1_493' title='bbox 479 4010 642 4064; x_wconf 79' lang='lat' dir='ltr'><strong>quam</strong></span> <span class='ocrx_word' id='word_1_494' title='bbox 693 3992 894 4046; x_wconf 79' lang='lat' dir='ltr'><strong>tradidi</strong></span> <span class='ocrx_word' id='word_1_495' title='bbox 949 3991 1091 4044; x_wconf 75' lang='lat' dir='ltr'><strong>vobis</strong></span> <span class='ocrx_word' id='word_1_496' title='bbox 1146 3987 1536 4057; x_wconf 77' lang='lat' dir='ltr'><strong>erattgclizatus</strong></span> <span class='ocrx_word' id='word_1_497' title='bbox 1572 3986 1752 4057; x_wconf 79' lang='lat' dir='ltr'><strong>fuerit,</strong></span> <span class='ocrx_word' id='word_1_498' title='bbox 1785 3987 2074 4041; x_wconf 77' lang='lat' dir='ltr'><strong>anathema</strong></span> 
     </span>
    </p>
   </div>
   <div class='ocr_carea' id='block_1_70' title="bbox 477 4079 2073 4153">
    <p class='ocr_par' dir='ltr' id='par_1_70' title="bbox 477 4079 2073 4153">
     <span class='ocr_line' id='line_1_70' title="bbox 477 4079 2073 4153; baseline -0.005 -10"><span class='ocrx_word' id='word_1_499' title='bbox 477 4090 574 4143; x_wconf 75' lang='lat' dir='ltr'><strong>sit.</strong></span> <span class='ocrx_word' id='word_1_500' title='bbox 601 4088 732 4142; x_wconf 86' lang='lat' dir='ltr'><strong>Item</strong></span> <span class='ocrx_word' id='word_1_501' title='bbox 747 4085 921 4141; x_wconf 88' lang='lat' dir='ltr'><strong>sancti</strong></span> <span class='ocrx_word' id='word_1_502' title='bbox 947 4082 1187 4153; x_wconf 77' lang='lat' dir='ltr'><strong>Dionysii</strong></span> <span class='ocrx_word' id='word_1_503' title='bbox 1212 4080 1555 4150; x_wconf 80' lang='lat' dir='ltr'><strong>AreOpagitae</strong></span> <span class='ocrx_word' id='word_1_504' title='bbox 1572 4079 1640 4134; x_wconf 92' lang='lat' dir='ltr'><strong>de</strong></span> <span class='ocrx_word' id='word_1_505' title='bbox 1669 4079 1870 4134; x_wconf 86' lang='lat' dir='ltr'><strong>divinis</strong></span> <span class='ocrx_word' id='word_1_506' title='bbox 1901 4080 2073 4135; x_wconf 85' lang='lat' dir='ltr'><strong>uomi-</strong></span> 
     </span>
    </p>
   </div>
   <div class='ocr_carea' id='block_1_71' title="bbox 483 4173 2072 4242">
    <p class='ocr_par' dir='ltr' id='par_1_71' title="bbox 483 4173 2072 4242">
     <span class='ocr_line' id='line_1_71' title="bbox 483 4173 2072 4242; baseline -0.006 -5"><span class='ocrx_word' id='word_1_507' title='bbox 483 4184 649 4237; x_wconf 88' lang='lat' dir='ltr'><strong>nibus</strong></span> <span class='ocrx_word' id='word_1_508' title='bbox 706 4177 1090 4234; x_wconf 79' lang='lat' dir='ltr'><strong>auctoritatem</strong></span> <span class='ocrx_word' id='word_1_509' title='bbox 1147 4174 1382 4230; x_wconf 88' lang='lat' dir='ltr'><strong>dicentis</strong></span> <span class='ocrx_word' id='word_1_510' title='bbox 1405 4214 1420 4237; x_wconf 88' lang='lat'><strong>,</strong></span> <span class='ocrx_word' id='word_1_511' title='bbox 1445 4173 1684 4229; x_wconf 86' lang='lat' dir='ltr'><strong>Omnino</strong></span> <span class='ocrx_word' id='word_1_512' title='bbox 1713 4174 1896 4242; x_wconf 87' lang='lat' dir='ltr'><strong>itaque</strong></span> <span class='ocrx_word' id='word_1_513' title='bbox 1935 4173 2072 4228; x_wconf 88' lang='lat' dir='ltr'><strong>nihil</strong></span> 
     </span>
    </p>
   </div>
   <div class='ocr_carea' id='block_1_72' title="bbox 481 4266 2073 4336">
    <p class='ocr_par' dir='ltr' id='par_1_72' title="bbox 481 4266 2073 4336">
     <span class='ocr_line' id='line_1_72' title="bbox 481 4266 2073 4336; baseline -0.006 -6"><span class='ocrx_word' id='word_1_514' title='bbox 481 4284 572 4330; x_wconf 82' lang='lat' dir='ltr'><strong>est</strong></span> <span class='ocrx_word' id='word_1_515' title='bbox 599 4272 934 4336; x_wconf 87' lang='lat' dir='ltr'><strong>audendum,</strong></span> <span class='ocrx_word' id='word_1_516' title='bbox 966 4272 1046 4323; x_wconf 83' lang='lat' dir='ltr'><strong>vel</strong></span> <span class='ocrx_word' id='word_1_517' title='bbox 1083 4268 1291 4330; x_wconf 86' lang='lat' dir='ltr'><strong>dicere,</strong></span> <span class='ocrx_word' id='word_1_518' title='bbox 1351 4266 1435 4320; x_wconf 90' lang='lat' dir='ltr'><strong>vel</strong></span> <span class='ocrx_word' id='word_1_519' title='bbox 1475 4266 1714 4336; x_wconf 80' lang='lat' dir='ltr'><strong>cegitare</strong></span> <span class='ocrx_word' id='word_1_520' title='bbox 1753 4280 1950 4336; x_wconf 64' lang='lat' dir='ltr'><strong>praeter</strong></span> <span class='ocrx_word' id='word_1_521' title='bbox 1982 4267 2073 4321; x_wconf 88' lang='lat' dir='ltr'><strong>illa</strong></span> 
     </span>
    </p>
   </div>
   <div class='ocr_carea' id='block_1_73' title="bbox 481 4359 2069 4437">
    <p class='ocr_par' dir='ltr' id='par_1_73' title="bbox 481 4359 2069 4437">
     <span class='ocr_line' id='line_1_73' title="bbox 481 4359 2069 4437; baseline -0.006 -17"><span class='ocrx_word' id='word_1_522' title='bbox 481 4383 606 4437; x_wconf 75' lang='lat' dir='ltr'><strong>qua:</strong></span> <span class='ocrx_word' id='word_1_523' title='bbox 635 4365 919 4420; x_wconf 88' lang='lat' dir='ltr'><strong>divinitus.</strong></span> <span class='ocrx_word' id='word_1_524' title='bbox 951 4377 982 4419; x_wconf 87' lang='lat' dir='ltr'><strong>e</strong></span> <span class='ocrx_word' id='word_1_525' title='bbox 1022 4363 1196 4416; x_wconf 85' lang='lat' dir='ltr'><strong>sacris</strong></span> <span class='ocrx_word' id='word_1_526' title='bbox 1224 4359 1467 4414; x_wconf 90' lang='lat' dir='ltr'><strong>oraculis</strong></span> <span class='ocrx_word' id='word_1_527' title='bbox 1497 4359 1658 4413; x_wconf 90' lang='lat' dir='ltr'><strong>nobis</strong></span> <span class='ocrx_word' id='word_1_528' title='bbox 1697 4359 1894 4413; x_wconf 89' lang='lat' dir='ltr'><strong>tradita</strong></span> <span class='ocrx_word' id='word_1_529' title='bbox 1919 4368 2069 4413; x_wconf 89' lang='lat' dir='ltr'><strong>sunt.</strong></span> 
     </span>
    </p>
   </div>
   <div class='ocr_carea' id='block_1_74' title="bbox 486 4451 2070 4528">
    <p class='ocr_par' dir='ltr' id='par_1_74' title="bbox 486 4451 2070 4528">
     <span class='ocr_line' id='line_1_74' title="bbox 486 4451 2070 4528; baseline -0.008 -10"><span class='ocrx_word' id='word_1_530' title='bbox 486 4459 717 4518; x_wconf 85' lang='lat' dir='ltr'><strong>Volebat</strong></span> <span class='ocrx_word' id='word_1_531' title='bbox 749 4459 932 4528; x_wconf 88' lang='lat' dir='ltr'><strong>itaque</strong></span> <span class='ocrx_word' id='word_1_532' title='bbox 963 4472 1062 4527; x_wconf 86' lang='lat' dir='ltr'><strong>per</strong></span> <span class='ocrx_word' id='word_1_533' title='bbox 1094 4453 1196 4508; x_wconf 86' lang='lat' dir='ltr'><strong>ista</strong></span> <span class='ocrx_word' id='word_1_534' title='bbox 1229 4453 1395 4507; x_wconf 87' lang='lat' dir='ltr'><strong>etiam</strong></span> <span class='ocrx_word' id='word_1_535' title='bbox 1453 4452 1688 4521; x_wconf 87' lang='lat' dir='ltr'><strong>probare</strong></span> <span class='ocrx_word' id='word_1_536' title='bbox 1745 4467 1852 4506; x_wconf 89' lang='lat' dir='ltr'><strong>non</strong></span> <span class='ocrx_word' id='word_1_537' title='bbox 1901 4451 2070 4506; x_wconf 88' lang='lat' dir='ltr'><strong>licere</strong></span> 
     </span>
    </p>
   </div>
   <div class='ocr_carea' id='block_1_75' title="bbox 2179 3237 3766 3312">
    <p class='ocr_par' dir='ltr' id='par_1_75' title="bbox 2179 3237 3766 3312">
     <span class='ocr_line' id='line_1_75' title="bbox 2179 3237 3766 3312; baseline 0.004 -23"><span class='ocrx_word' id='word_1_538' title='bbox 2179 3237 2369 3308; x_wconf 87' lang='lat' dir='ltr'><strong>itaque</strong></span> <span class='ocrx_word' id='word_1_539' title='bbox 2389 3237 2520 3292; x_wconf 89' lang='lat' dir='ltr'><strong>licet</strong></span> <span class='ocrx_word' id='word_1_540' title='bbox 2545 3238 2693 3294; x_wconf 88' lang='lat' dir='ltr'><strong>illius</strong></span> <span class='ocrx_word' id='word_1_541' title='bbox 2728 3238 2995 3306; x_wconf 83' lang='lat' dir='ltr'><strong>hominis,</strong></span> <span class='ocrx_word' id='word_1_542' title='bbox 3027 3251 3086 3296; x_wconf 89' lang='lat' dir='ltr'><strong>et</strong></span> <span class='ocrx_word' id='word_1_543' title='bbox 3112 3241 3312 3312; x_wconf 80' lang='lat' dir='ltr'><strong>ingenii</strong></span> <span class='ocrx_word' id='word_1_544' title='bbox 3343 3244 3466 3311; x_wconf 88' lang='lat' dir='ltr'><strong>ejus</strong></span> <span class='ocrx_word' id='word_1_545' title='bbox 3485 3242 3766 3297; x_wconf 60' lang='lat' dir='ltr'><strong>subtilita¢</strong></span> 
     </span>
    </p>
   </div>
   <div class='ocr_carea' id='block_1_76' title="bbox 2181 3329 3765 3404">
    <p class='ocr_par' dir='ltr' id='par_1_76' title="bbox 2181 3329 3765 3404">
     <span class='ocr_line' id='line_1_76' title="bbox 2181 3329 3765 3404; baseline 0.003 -21"><span class='ocrx_word' id='word_1_546' title='bbox 2181 3337 2291 3383; x_wconf 84' lang='lat' dir='ltr'><strong>tem</strong></span> <span class='ocrx_word' id='word_1_547' title='bbox 2309 3329 2583 3399; x_wconf 81' lang='lat' dir='ltr'><strong>judicare,</strong></span> <span class='ocrx_word' id='word_1_548' title='bbox 2616 3340 2672 3386; x_wconf 85' lang='lat' dir='ltr'><strong>et</strong></span> <span class='ocrx_word' id='word_1_549' title='bbox 2695 3333 2856 3402; x_wconf 87' lang='lat' dir='ltr'><strong>quale</strong></span> <span class='ocrx_word' id='word_1_550' title='bbox 2883 3332 2935 3387; x_wconf 89' lang='lat' dir='ltr'><strong>ei</strong></span> <span class='ocrx_word' id='word_1_551' title='bbox 2955 3332 3226 3404; x_wconf 86' lang='lat' dir='ltr'><strong>judicium</strong></span> <span class='ocrx_word' id='word_1_552' title='bbox 3259 3334 3313 3387; x_wconf 90' lang='lat' dir='ltr'><strong>in</strong></span> <span class='ocrx_word' id='word_1_553' title='bbox 3345 3333 3765 3389; x_wconf 85' lang='lat' dir='ltr'><strong>sublimioribus</strong></span> 
     </span>
    </p>
   </div>
   <div class='ocr_carea' id='block_1_77' title="bbox 2180 3422 3765 3487">
    <p class='ocr_par' dir='ltr' id='par_1_77' title="bbox 2180 3422 3765 3487">
     <span class='ocr_line' id='line_1_77' title="bbox 2180 3422 3765 3487; baseline 0.004 -11"><span class='ocrx_word' id='word_1_554' title='bbox 2180 3422 2273 3487; x_wconf 88' lang='lat' dir='ltr'><strong>sit,</strong></span> <span class='ocrx_word' id='word_1_555' title='bbox 2299 3423 2345 3477; x_wconf 89' lang='lat' dir='ltr'><strong>si</strong></span> <span class='ocrx_word' id='word_1_556' title='bbox 2379 3425 2492 3479; x_wconf 58' lang='lat' dir='ltr'><strong>ba‘c</strong></span> <span class='ocrx_word' id='word_1_557' title='bbox 2521 3437 2610 3477; x_wconf 86' lang='lat' dir='ltr'><strong>res</strong></span> <span class='ocrx_word' id='word_1_558' title='bbox 2635 3440 2762 3479; x_wconf 89' lang='lat' dir='ltr'><strong>eum</strong></span> <span class='ocrx_word' id='word_1_559' title='bbox 2790 3438 2897 3480; x_wconf 87' lang='lat' dir='ltr'><strong>tam</strong></span> <span class='ocrx_word' id='word_1_560' title='bbox 2935 3425 3222 3481; x_wconf 77' lang='lat' dir='ltr'><strong>manifesta</strong></span> <span class='ocrx_word' id='word_1_561' title='bbox 3258 3425 3486 3481; x_wconf 86' lang='lat' dir='ltr'><strong>latebat.</strong></span> <span class='ocrx_word' id='word_1_562' title='bbox 3515 3425 3639 3482; x_wconf 74' lang='lat' dir='ltr'><strong>llaec</strong></span> <span class='ocrx_word' id='word_1_563' title='bbox 3667 3442 3765 3484; x_wconf 68' lang='lat' dir='ltr'><strong>auo</strong></span> 
     </span>
    </p>
   </div>
   <div class='ocr_carea' id='block_1_78' title="bbox 2180 3517 3761 3591">
    <p class='ocr_par' dir='ltr' id='par_1_78' title="bbox 2180 3517 3761 3591">
     <span class='ocr_line' id='line_1_78' title="bbox 2180 3517 3761 3591; baseline 0.004 -21"><span class='ocrx_word' id='word_1_564' title='bbox 2180 3525 2286 3570; x_wconf 89' lang='lat' dir='ltr'><strong>tem</strong></span> <span class='ocrx_word' id='word_1_565' title='bbox 2309 3517 2435 3573; x_wconf 88' lang='lat' dir='ltr'><strong>dico</strong></span> <span class='ocrx_word' id='word_1_566' title='bbox 2464 3531 2574 3572; x_wconf 90' lang='lat' dir='ltr'><strong>non</strong></span> <span class='ocrx_word' id='word_1_567' title='bbox 2603 3517 2725 3588; x_wconf 77' lang='lat' dir='ltr'><strong>ejus</strong></span> <span class='ocrx_word' id='word_1_568' title='bbox 2757 3519 3190 3588; x_wconf 84' lang='lat' dir='ltr'><strong>reprehendendi</strong></span> <span class='ocrx_word' id='word_1_569' title='bbox 3210 3534 3397 3588; x_wconf 89' lang='lat' dir='ltr'><strong>causa,</strong></span> <span class='ocrx_word' id='word_1_570' title='bbox 3418 3519 3579 3591; x_wconf 85' lang='lat' dir='ltr'><strong>longe</strong></span> <span class='ocrx_word' id='word_1_571' title='bbox 3611 3522 3761 3576; x_wconf 88' lang='lat' dir='ltr'><strong>enim</strong></span> 
     </span>
    </p>
   </div>
   <div class='ocr_carea' id='block_1_79' title="bbox 2179 3613 3758 3676">
    <p class='ocr_par' dir='ltr' id='par_1_79' title="bbox 2179 3613 3758 3676">
     <span class='ocr_line' id='line_1_79' title="bbox 2179 3613 3758 3676; baseline 0.003 -8"><span class='ocrx_word' id='word_1_572' title='bbox 2179 3613 2247 3669; x_wconf 89' lang='lat' dir='ltr'><strong>ab</strong></span> <span class='ocrx_word' id='word_1_573' title='bbox 2273 3615 2374 3669; x_wconf 91' lang='lat' dir='ltr'><strong>hoc</strong></span> <span class='ocrx_word' id='word_1_574' title='bbox 2397 3616 2612 3676; x_wconf 89' lang='lat' dir='ltr'><strong>absum,</strong></span> <span class='ocrx_word' id='word_1_575' title='bbox 2629 3615 2724 3668; x_wconf 86' lang='lat' dir='ltr'><strong>sed</strong></span> <span class='ocrx_word' id='word_1_576' title='bbox 2747 3625 2806 3667; x_wconf 93' lang='lat' dir='ltr'><strong>ut</strong></span> <span class='ocrx_word' id='word_1_577' title='bbox 2835 3615 3114 3669; x_wconf 82' lang='lat' dir='ltr'><strong>auditores</strong></span> <span class='ocrx_word' id='word_1_578' title='bbox 3138 3615 3460 3670; x_wconf 86' lang='lat' dir='ltr'><strong>admoneam</strong></span> <span class='ocrx_word' id='word_1_579' title='bbox 3484 3625 3542 3670; x_wconf 91' lang='lat' dir='ltr'><strong>ut</strong></span> <span class='ocrx_word' id='word_1_580' title='bbox 3561 3614 3665 3672; x_wconf 90' lang='lat' dir='ltr'><strong>sibi</strong></span> <span class='ocrx_word' id='word_1_581' title='bbox 3689 3619 3758 3673; x_wconf 87' lang='lat' dir='ltr'><strong>ab</strong></span> 
     </span>
    </p>
   </div>
   <div class='ocr_carea' id='block_1_80' title="bbox 2179 3704 3762 3779">
    <p class='ocr_par' dir='ltr' id='par_1_80' title="bbox 2179 3704 3762 3779">
     <span class='ocr_line' id='line_1_80' title="bbox 2179 3704 3762 3779; baseline 0.006 -22"><span class='ocrx_word' id='word_1_582' title='bbox 2179 3704 2301 3768; x_wconf 80' lang='lat' dir='ltr'><strong>eius</strong></span> <span class='ocrx_word' id='word_1_583' title='bbox 2330 3704 2683 3758; x_wconf 87' lang='lat' dir='ltr'><strong>sermonibus</strong></span> <span class='ocrx_word' id='word_1_584' title='bbox 2707 3715 2962 3760; x_wconf 82' lang='lat' dir='ltr'><strong>caveant.</strong></span> <span class='ocrx_word' id='word_1_585' title='bbox 3018 3705 3388 3762; x_wconf 88' lang='lat' dir='ltr'><strong>Discutientes</strong></span> <span class='ocrx_word' id='word_1_586' title='bbox 3419 3710 3587 3779; x_wconf 85' lang='lat' dir='ltr'><strong>igitur</strong></span> <span class='ocrx_word' id='word_1_587' title='bbox 3621 3713 3762 3766; x_wconf 89' lang='lat' dir='ltr'><strong>hanc</strong></span> 
     </span>
    </p>
   </div>
   <div class='ocr_carea' id='block_1_81' title="bbox 2177 3798 3761 3876">
    <p class='ocr_par' dir='ltr' id='par_1_81' title="bbox 2177 3798 3761 3876">
     <span class='ocr_line' id='line_1_81' title="bbox 2177 3798 3761 3876; baseline 0.006 -24"><span class='ocrx_word' id='word_1_588' title='bbox 2177 3799 2562 3870; x_wconf 68' lang='lat' dir='ltr'><strong>quiestionem.</strong></span> <span class='ocrx_word' id='word_1_589' title='bbox 2595 3809 2654 3855; x_wconf 89' lang='lat' dir='ltr'><strong>et</strong></span> <span class='ocrx_word' id='word_1_590' title='bbox 2686 3798 2755 3855; x_wconf 88' lang='lat' dir='ltr'><strong>de</strong></span> <span class='ocrx_word' id='word_1_591' title='bbox 2788 3816 2853 3854; x_wconf 90' lang='lat' dir='ltr'><strong>ea</strong></span> <span class='ocrx_word' id='word_1_592' title='bbox 2903 3798 3121 3870; x_wconf 84' lang='lat' dir='ltr'><strong>publice</strong></span> <span class='ocrx_word' id='word_1_593' title='bbox 3159 3815 3286 3856; x_wconf 90' lang='lat' dir='ltr'><strong>cum</strong></span> <span class='ocrx_word' id='word_1_594' title='bbox 3319 3801 3532 3859; x_wconf 86' lang='lat' dir='ltr'><strong>Latinis</strong></span> <span class='ocrx_word' id='word_1_595' title='bbox 3569 3805 3761 3876; x_wconf 85' lang='lat' dir='ltr'><strong>dispu-</strong></span> 
     </span>
    </p>
   </div>
   <div class='ocr_carea' id='block_1_82' title="bbox 2181 3893 3761 3967">
    <p class='ocr_par' dir='ltr' id='par_1_82' title="bbox 2181 3893 3761 3967">
     <span class='ocr_line' id='line_1_82' title="bbox 2181 3893 3761 3967; baseline 0.005 -21"><span class='ocrx_word' id='word_1_596' title='bbox 2181 3902 2381 3957; x_wconf 89' lang='lat' dir='ltr'><strong>tantes,</strong></span> <span class='ocrx_word' id='word_1_597' title='bbox 2414 3893 2543 3948; x_wconf 90' lang='lat' dir='ltr'><strong>dum</strong></span> <span class='ocrx_word' id='word_1_598' title='bbox 2579 3894 2632 3947; x_wconf 88' lang='lat' dir='ltr'><strong>in</strong></span> <span class='ocrx_word' id='word_1_599' title='bbox 2663 3893 2950 3964; x_wconf 87' lang='lat' dir='ltr'><strong>principiis</strong></span> <span class='ocrx_word' id='word_1_600' title='bbox 2983 3902 3042 3950; x_wconf 84' lang='lat' dir='ltr'><strong>et</strong></span> <span class='ocrx_word' id='word_1_601' title='bbox 3108 3894 3255 3952; x_wconf 84' lang='lat' dir='ltr'><strong>circa</strong></span> <span class='ocrx_word' id='word_1_602' title='bbox 3306 3899 3573 3967; x_wconf 69' lang='lat' dir='ltr'><strong>prooemia</strong></span> <span class='ocrx_word' id='word_1_603' title='bbox 3607 3914 3761 3954; x_wconf 80' lang='lat' dir='ltr'><strong>esse-</strong></span> 
     </span>
    </p>
   </div>
   <div class='ocr_carea' id='block_1_83' title="bbox 2181 3985 3761 4056">
    <p class='ocr_par' dir='ltr' id='par_1_83' title="bbox 2181 3985 3761 4056">
     <span class='ocr_line' id='line_1_83' title="bbox 2181 3985 3761 4056; baseline 0.004 -17"><span class='ocrx_word' id='word_1_604' title='bbox 2181 4001 2323 4047; x_wconf 87' lang='lat' dir='ltr'><strong>mus,</strong></span> <span class='ocrx_word' id='word_1_605' title='bbox 2345 4002 2446 4041; x_wconf 85' lang='lat' dir='ltr'><strong>nos</strong></span> <span class='ocrx_word' id='word_1_606' title='bbox 2470 3985 2799 4041; x_wconf 85' lang='lat' dir='ltr'><strong>videbamur</strong></span> <span class='ocrx_word' id='word_1_607' title='bbox 2833 4000 3132 4056; x_wconf 86' lang='lat' dir='ltr'><strong>superare:</strong></span> <span class='ocrx_word' id='word_1_608' title='bbox 3171 3987 3419 4043; x_wconf 89' lang='lat' dir='ltr'><strong>nondum</strong></span> <span class='ocrx_word' id='word_1_609' title='bbox 3470 3990 3621 4046; x_wconf 87' lang='lat' dir='ltr'><strong>enim</strong></span> <span class='ocrx_word' id='word_1_610' title='bbox 3661 3993 3761 4046; x_wconf 88' lang='lat' dir='ltr'><strong>ali-</strong></span> 
     </span>
    </p>
   </div>
   <div class='ocr_carea' id='block_1_84' title="bbox 2176 4078 3760 4150">
    <p class='ocr_par' dir='ltr' id='par_1_84' title="bbox 2176 4078 3760 4150">
     <span class='ocr_line' id='line_1_84' title="bbox 2176 4078 3760 4150; baseline 0.004 -17"><span class='ocrx_word' id='word_1_611' title='bbox 2176 4079 2308 4149; x_wconf 87' lang='lat' dir='ltr'><strong>quid</strong></span> <span class='ocrx_word' id='word_1_612' title='bbox 2337 4079 2568 4144; x_wconf 69' lang='lat' dir='ltr'><strong>dignum</strong></span> <span class='ocrx_word' id='word_1_613' title='bbox 2596 4078 2743 4149; x_wconf 85' lang='lat' dir='ltr'><strong>quod</strong></span> <span class='ocrx_word' id='word_1_614' title='bbox 2775 4078 2843 4133; x_wconf 92' lang='lat' dir='ltr'><strong>ad</strong></span> <span class='ocrx_word' id='word_1_615' title='bbox 2901 4080 3235 4150; x_wconf 87' lang='lat' dir='ltr'><strong>propositam</strong></span> <span class='ocrx_word' id='word_1_616' title='bbox 3271 4095 3385 4136; x_wconf 89' lang='lat' dir='ltr'><strong>rem</strong></span> <span class='ocrx_word' id='word_1_617' title='bbox 3419 4082 3647 4149; x_wconf 81' lang='lat' dir='ltr'><strong>laceret,</strong></span> <span class='ocrx_word' id='word_1_618' title='bbox 3671 4086 3760 4140; x_wconf 83' lang='lat' dir='ltr'><strong>di-</strong></span> 
     </span>
    </p>
   </div>
   <div class='ocr_carea' id='block_1_85' title="bbox 2176 4171 3764 4252">
    <p class='ocr_par' dir='ltr' id='par_1_85' title="bbox 2176 4171 3764 4252">
     <span class='ocr_line' id='line_1_85' title="bbox 2176 4171 3764 4252; baseline 0.005 -24"><span class='ocrx_word' id='word_1_619' title='bbox 2176 4186 2325 4228; x_wconf 87' lang='lat' dir='ltr'><strong>ctum</strong></span> <span class='ocrx_word' id='word_1_620' title='bbox 2358 4188 2388 4227; x_wconf 89' lang='lat' dir='ltr'><strong>a</strong></span> <span class='ocrx_word' id='word_1_621' title='bbox 2423 4171 2636 4227; x_wconf 86' lang='lat' dir='ltr'><strong>Latinis</strong></span> <span class='ocrx_word' id='word_1_622' title='bbox 2660 4171 2785 4228; x_wconf 78' lang='lat' dir='ltr'><strong>fuit.</strong></span> <span class='ocrx_word' id='word_1_623' title='bbox 2816 4171 3048 4240; x_wconf 83' lang='lat' dir='ltr'><strong>Quando</strong></span> <span class='ocrx_word' id='word_1_624' title='bbox 3082 4174 3208 4244; x_wconf 86' lang='lat' dir='ltr'><strong>(etsi</strong></span> <span class='ocrx_word' id='word_1_625' title='bbox 3263 4175 3470 4247; x_wconf 86' lang='lat' dir='ltr'><strong>absque</strong></span> <span class='ocrx_word' id='word_1_626' title='bbox 3497 4191 3764 4252; x_wconf 79' lang='lat' dir='ltr'><strong>arrogan-</strong></span> 
     </span>
    </p>
   </div>
   <div class='ocr_carea' id='block_1_86' title="bbox 2178 4265 3762 4339">
    <p class='ocr_par' dir='ltr' id='par_1_86' title="bbox 2178 4265 3762 4339">
     <span class='ocr_line' id='line_1_86' title="bbox 2178 4265 3762 4339; baseline 0.005 -17"><span class='ocrx_word' id='word_1_627' title='bbox 2178 4268 2251 4322; x_wconf 88' lang='lat' dir='ltr'><strong>tia</strong></span> <span class='ocrx_word' id='word_1_628' title='bbox 2284 4266 2516 4336; x_wconf 88' lang='lat' dir='ltr'><strong>dietum)</strong></span> <span class='ocrx_word' id='word_1_629' title='bbox 2545 4267 2792 4335; x_wconf 88' lang='lat' dir='ltr'><strong>potiores</strong></span> <span class='ocrx_word' id='word_1_630' title='bbox 2836 4265 2907 4320; x_wconf 91' lang='lat' dir='ltr'><strong>ad</strong></span> <span class='ocrx_word' id='word_1_631' title='bbox 2941 4265 3083 4321; x_wconf 84' lang='lat' dir='ltr'><strong>hanc</strong></span> <span class='ocrx_word' id='word_1_632' title='bbox 3115 4281 3228 4322; x_wconf 87' lang='lat' dir='ltr'><strong>rem</strong></span> <span class='ocrx_word' id='word_1_633' title='bbox 3261 4284 3327 4323; x_wconf 71' lang='lat' dir='ltr'><strong>ex</strong></span> <span class='ocrx_word' id='word_1_634' title='bbox 3359 4281 3515 4339; x_wconf 86' lang='lat' dir='ltr'><strong>parte</strong></span> <span class='ocrx_word' id='word_1_635' title='bbox 3570 4284 3762 4330; x_wconf 81' lang='lat' dir='ltr'><strong>nostra</strong></span> 
     </span>
    </p>
   </div>
   <div class='ocr_carea' id='block_1_87' title="bbox 2175 4355 3764 4427">
    <p class='ocr_par' dir='ltr' id='par_1_87' title="bbox 2175 4355 3764 4427">
     <span class='ocr_line' id='line_1_87' title="bbox 2175 4355 3764 4427; baseline 0.006 -18"><span class='ocrx_word' id='word_1_636' title='bbox 2175 4356 2463 4427; x_wconf 58' lang='lat' dir='ltr'><strong>productas</strong></span> <span class='ocrx_word' id='word_1_637' title='bbox 2510 4355 2756 4412; x_wconf 79' lang='lat' dir='ltr'><strong>rationes</strong></span> <span class='ocrx_word' id='word_1_638' title='bbox 2788 4371 2817 4411; x_wconf 87' lang='lat' dir='ltr'><strong>a</strong></span> <span class='ocrx_word' id='word_1_639' title='bbox 2857 4370 2946 4412; x_wconf 87' lang='lat' dir='ltr'><strong>me</strong></span> <span class='ocrx_word' id='word_1_640' title='bbox 2977 4367 3034 4413; x_wconf 88' lang='lat' dir='ltr'><strong>et</strong></span> <span class='ocrx_word' id='word_1_641' title='bbox 3081 4357 3341 4425; x_wconf 70' lang='lat' dir='ltr'><strong>inventae,</strong></span> <span class='ocrx_word' id='word_1_642' title='bbox 3367 4370 3426 4416; x_wconf 90' lang='lat' dir='ltr'><strong>et</strong></span> <span class='ocrx_word' id='word_1_643' title='bbox 3451 4362 3616 4418; x_wconf 71' lang='lat' dir='ltr'><strong>dicta:</strong></span> <span class='ocrx_word' id='word_1_644' title='bbox 3643 4362 3764 4420; x_wconf 80' lang='lat' dir='ltr'><strong>lue-</strong></span> 
     </span>
    </p>
   </div>
   <div class='ocr_carea' id='block_1_88' title="bbox 2176 4450 3763 4522">
    <p class='ocr_par' dir='ltr' id='par_1_88' title="bbox 2176 4450 3763 4522">
     <span class='ocr_line' id='line_1_88' title="bbox 2176 4450 3763 4522; baseline 0.006 -17"><span class='ocrx_word' id='word_1_645' title='bbox 2176 4460 2326 4512; x_wconf 88' lang='lat' dir='ltr'><strong>runt.</strong></span> <span class='ocrx_word' id='word_1_646' title='bbox 2353 4460 2523 4507; x_wconf 84' lang='lat' dir='ltr'><strong>testes</strong></span> <span class='ocrx_word' id='word_1_647' title='bbox 2547 4462 2679 4505; x_wconf 85' lang='lat' dir='ltr'><strong>sunt</strong></span> <span class='ocrx_word' id='word_1_648' title='bbox 2707 4451 2802 4522; x_wconf 91' lang='lat' dir='ltr'><strong>qui</strong></span> <span class='ocrx_word' id='word_1_649' title='bbox 2837 4450 3152 4508; x_wconf 81' lang='lat' dir='ltr'><strong>adfuerunt.</strong></span> <span class='ocrx_word' id='word_1_650' title='bbox 3176 4451 3314 4508; x_wconf 88' lang='lat' dir='ltr'><strong>Cum</strong></span> <span class='ocrx_word' id='word_1_651' title='bbox 3337 4465 3520 4512; x_wconf 83' lang='lat' dir='ltr'><strong>autem</strong></span> <span class='ocrx_word' id='word_1_652' title='bbox 3542 4472 3763 4514; x_wconf 81' lang='lat' dir='ltr'><strong>succes-</strong></span> 
     </span>
    </p>
   </div>
   <div class='ocr_carea' id='block_1_89' title="bbox 486 4541 3758 4623">
    <p class='ocr_par' dir='ltr' id='par_1_89' title="bbox 486 4541 3758 4623">
     <span class='ocr_line' id='line_1_89' title="bbox 486 4541 3758 4623; baseline -0.001 -15"><span class='ocrx_word' id='word_1_653' title='bbox 486 4569 590 4608; x_wconf 88' lang='lat' dir='ltr'><strong>nec</strong></span> <span class='ocrx_word' id='word_1_654' title='bbox 617 4553 790 4623; x_wconf 81' lang='lat' dir='ltr'><strong>ipsam</strong></span> <span class='ocrx_word' id='word_1_655' title='bbox 840 4551 1007 4605; x_wconf 86' lang='lat' dir='ltr'><strong>etiam</strong></span> <span class='ocrx_word' id='word_1_656' title='bbox 1043 4545 1329 4602; x_wconf 86' lang='lat' dir='ltr'><strong>veritatem</strong></span> <span class='ocrx_word' id='word_1_657' title='bbox 1390 4543 1593 4598; x_wconf 88' lang='lat' dir='ltr'><strong>addere</strong></span> <span class='ocrx_word' id='word_1_658' title='bbox 1624 4541 1904 4614; x_wconf 83' lang='lat' dir='ltr'><strong>Symbolo.</strong></span> <span class='ocrx_word' id='word_1_659' title='bbox 1957 4542 2070 4597; x_wconf 82' lang='lat' dir='ltr'><strong>Hoc</strong></span> <span class='ocrx_word' id='word_1_660' title='bbox 2102 4546 2147 4600; x_wconf 85' lang='lat' dir='ltr'><strong>D</strong></span> <span class='ocrx_word' id='word_1_661' title='bbox 2174 4546 2315 4600; x_wconf 80' lang='lat' dir='ltr'><strong>cerit</strong></span> <span class='ocrx_word' id='word_1_662' title='bbox 2343 4545 2399 4599; x_wconf 91' lang='lat' dir='ltr'><strong>in</strong></span> <span class='ocrx_word' id='word_1_663' title='bbox 2436 4558 2695 4600; x_wconf 85' lang='lat' dir='ltr'><strong>sermone</strong></span> <span class='ocrx_word' id='word_1_664' title='bbox 2730 4545 2976 4614; x_wconf 86' lang='lat' dir='ltr'><strong>optimus</strong></span> <span class='ocrx_word' id='word_1_665' title='bbox 3005 4545 3095 4601; x_wconf 86' lang='lat' dir='ltr'><strong>ille</strong></span> <span class='ocrx_word' id='word_1_666' title='bbox 3146 4547 3231 4601; x_wconf 91' lang='lat' dir='ltr'><strong>vir</strong></span> <span class='ocrx_word' id='word_1_667' title='bbox 3258 4545 3511 4606; x_wconf 77' lang='lat' dir='ltr'><strong>Julianus</strong></span> <span class='ocrx_word' id='word_1_668' title='bbox 3575 4549 3633 4604; x_wconf 91' lang='lat' dir='ltr'><strong>S.</strong></span> <span class='ocrx_word' id='word_1_669' title='bbox 3688 4549 3758 4606; x_wconf 75' lang='grc' dir='ltr'><strong>Β.</strong></span> 
     </span>
    </p>
   </div>
   <div class='ocr_carea' id='block_1_90' title="bbox 480 4636 2065 4715">
    <p class='ocr_par' dir='ltr' id='par_1_90' title="bbox 480 4636 2065 4715">
     <span class='ocr_line' id='line_1_90' title="bbox 480 4636 2065 4715; baseline -0.007 -13"><span class='ocrx_word' id='word_1_670' title='bbox 480 4657 667 4702; x_wconf 84' lang='lat' dir='ltr'><strong>autem</strong></span> <span class='ocrx_word' id='word_1_671' title='bbox 697 4652 957 4715; x_wconf 85' lang='lat' dir='ltr'><strong>quantam</strong></span> <span class='ocrx_word' id='word_1_672' title='bbox 1011 4639 1170 4695; x_wconf 87' lang='lat' dir='ltr'><strong>nobis</strong></span> <span class='ocrx_word' id='word_1_673' title='bbox 1209 4638 1543 4692; x_wconf 87' lang='lat' dir='ltr'><strong>derisioncm</strong></span> <span class='ocrx_word' id='word_1_674' title='bbox 1564 4636 1803 4701; x_wconf 77' lang='lat' dir='ltr'><strong>iecisset,</strong></span> <span class='ocrx_word' id='word_1_675' title='bbox 1832 4645 1886 4690; x_wconf 89' lang='lat' dir='ltr'><strong>et</strong></span> <span class='ocrx_word' id='word_1_676' title='bbox 1915 4637 2065 4706; x_wconf 88' lang='lat' dir='ltr'><strong>quod</strong></span> 
     </span>
    </p>
   </div>
   <div class='ocr_carea' id='block_1_91' title="bbox 485 4725 2062 4810">
    <p class='ocr_par' dir='ltr' id='par_1_91' title="bbox 485 4725 2062 4810">
     <span class='ocr_line' id='line_1_91' title="bbox 485 4725 2062 4810; baseline -0.006 -16"><span class='ocrx_word' id='word_1_677' title='bbox 485 4741 542 4794; x_wconf 90' lang='lat' dir='ltr'><strong>in</strong></span> <span class='ocrx_word' id='word_1_678' title='bbox 577 4740 698 4810; x_wconf 87' lang='lat' dir='ltr'><strong>ipso</strong></span> <span class='ocrx_word' id='word_1_679' title='bbox 731 4741 981 4807; x_wconf 84' lang='lat' dir='ltr'><strong>ingressu</strong></span> <span class='ocrx_word' id='word_1_680' title='bbox 1023 4733 1297 4789; x_wconf 88' lang='lat' dir='ltr'><strong>convincti</strong></span> <span class='ocrx_word' id='word_1_681' title='bbox 1354 4725 1718 4801; x_wconf 52' lang='lat' dir='ltr'><strong>et&#39;proﬂigati</strong></span> <span class='ocrx_word' id='word_1_682' title='bbox 1745 4730 2062 4797; x_wconf 80' lang='lat' dir='ltr'><strong>fuissemus,</strong></span> 
     </span>
    </p>
   </div>
   <div class='ocr_carea' id='block_1_92' title="bbox 485 4825 2066 4895">
    <p class='ocr_par' dir='ltr' id='par_1_92' title="bbox 485 4825 2066 4895">
     <span class='ocr_line' id='line_1_92' title="bbox 485 4825 2066 4895; baseline -0.004 -7"><span class='ocrx_word' id='word_1_683' title='bbox 485 4833 616 4888; x_wconf 88' lang='lat' dir='ltr'><strong>binc</strong></span> <span class='ocrx_word' id='word_1_684' title='bbox 671 4833 896 4888; x_wconf 81' lang='lat' dir='ltr'><strong>senties.</strong></span> <span class='ocrx_word' id='word_1_685' title='bbox 932 4829 1067 4883; x_wconf 88' lang='lat' dir='ltr'><strong>Tota</strong></span> <span class='ocrx_word' id='word_1_686' title='bbox 1120 4826 1262 4879; x_wconf 89' lang='lat' dir='ltr'><strong>ratio</strong></span> <span class='ocrx_word' id='word_1_687' title='bbox 1299 4837 1514 4887; x_wconf 89' lang='lat' dir='ltr'><strong>nostra,</strong></span> <span class='ocrx_word' id='word_1_688' title='bbox 1541 4840 1647 4895; x_wconf 88' lang='lat' dir='ltr'><strong>qua</strong></span> <span class='ocrx_word' id='word_1_689' title='bbox 1698 4825 2066 4881; x_wconf 87' lang='lat' dir='ltr'><strong>credebatnus</strong></span> 
     </span>
    </p>
   </div>
   <div class='ocr_carea' id='block_1_93' title="bbox 485 4918 2065 4995">
    <p class='ocr_par' dir='ltr' id='par_1_93' title="bbox 485 4918 2065 4995">
     <span class='ocr_line' id='line_1_93' title="bbox 485 4918 2065 4995; baseline -0.006 -11"><span class='ocrx_word' id='word_1_690' title='bbox 485 4930 629 4984; x_wconf 87' lang='lat' dir='ltr'><strong>hanc</strong></span> <span class='ocrx_word' id='word_1_691' title='bbox 655 4943 767 4981; x_wconf 90' lang='lat' dir='ltr'><strong>rem</strong></span> <span class='ocrx_word' id='word_1_692' title='bbox 799 4939 958 4995; x_wconf 89' lang='lat' dir='ltr'><strong>posse</strong></span> <span class='ocrx_word' id='word_1_693' title='bbox 991 4921 1231 4992; x_wconf 83' lang='lat' dir='ltr'><strong>probari,</strong></span> <span class='ocrx_word' id='word_1_694' title='bbox 1267 4920 1322 4973; x_wconf 92' lang='lat' dir='ltr'><strong>in</strong></span> <span class='ocrx_word' id='word_1_695' title='bbox 1358 4918 1524 4975; x_wconf 90' lang='lat' dir='ltr'><strong>dictis</strong></span> <span class='ocrx_word' id='word_1_696' title='bbox 1554 4919 1698 4974; x_wconf 87' lang='lat' dir='ltr'><strong>tertii</strong></span> <span class='ocrx_word' id='word_1_697' title='bbox 1732 4922 2065 4976; x_wconf 72' lang='lat' dir='ltr'><strong>meumenici</strong></span> 
     </span>
    </p>
   </div>
   <div class='ocr_carea' id='block_1_94' title="bbox 480 5013 2068 5086">
    <p class='ocr_par' dir='ltr' id='par_1_94' title="bbox 480 5013 2068 5086">
     <span class='ocr_line' id='line_1_94' title="bbox 480 5013 2068 5086; baseline -0.007 -9"><span class='ocrx_word' id='word_1_698' title='bbox 480 5020 703 5078; x_wconf 90' lang='lat' dir='ltr'><strong>concilii</strong></span> <span class='ocrx_word' id='word_1_699' title='bbox 731 5017 989 5086; x_wconf 87' lang='lat' dir='ltr'><strong>Ephesiui</strong></span> <span class='ocrx_word' id='word_1_700' title='bbox 1024 5013 1390 5079; x_wconf 85' lang='lat' dir='ltr'><strong>consistebat;</strong></span> <span class='ocrx_word' id='word_1_701' title='bbox 1441 5027 1566 5066; x_wconf 91' lang='lat' dir='ltr'><strong>cum</strong></span> <span class='ocrx_word' id='word_1_702' title='bbox 1623 5027 2068 5066; x_wconf 84' lang='lat' dir='ltr'><strong>asseveraremus</strong></span> 
     </span>
    </p>
   </div>
   <div class='ocr_carea' id='block_1_95' title="bbox 484 5105 2064 5182">
    <p class='ocr_par' dir='ltr' id='par_1_95' title="bbox 484 5105 2064 5182">
     <span class='ocr_line' id='line_1_95' title="bbox 484 5105 2064 5182; baseline -0.006 -13"><span class='ocrx_word' id='word_1_703' title='bbox 484 5117 633 5169; x_wconf 88' lang='lat' dir='ltr'><strong>illam</strong></span> <span class='ocrx_word' id='word_1_704' title='bbox 698 5114 929 5182; x_wconf 90' lang='lat' dir='ltr'><strong>primam</strong></span> <span class='ocrx_word' id='word_1_705' title='bbox 960 5111 1011 5162; x_wconf 93' lang='lat' dir='ltr'><strong>iu</strong></span> <span class='ocrx_word' id='word_1_706' title='bbox 1066 5108 1174 5161; x_wconf 90' lang='lat' dir='ltr'><strong>ﬁne</strong></span> <span class='ocrx_word' id='word_1_707' title='bbox 1229 5107 1316 5160; x_wconf 91' lang='lat' dir='ltr'><strong>sui</strong></span> <span class='ocrx_word' id='word_1_708' title='bbox 1345 5106 1557 5160; x_wconf 89' lang='lat' dir='ltr'><strong>decreti</strong></span> <span class='ocrx_word' id='word_1_709' title='bbox 1593 5105 1737 5160; x_wconf 85' lang='lat' dir='ltr'><strong>hanc</strong></span> <span class='ocrx_word' id='word_1_710' title='bbox 1767 5105 2064 5161; x_wconf 84' lang='lat' dir='ltr'><strong>inhibitio-</strong></span> 
     </span>
    </p>
   </div>
   <div class='ocr_carea' id='block_1_96' title="bbox 482 5199 2060 5274">
    <p class='ocr_par' dir='ltr' id='par_1_96' title="bbox 482 5199 2060 5274">
     <span class='ocr_line' id='line_1_96' title="bbox 482 5199 2060 5274; baseline -0.004 -11"><span class='ocrx_word' id='word_1_711' title='bbox 482 5222 611 5263; x_wconf 88' lang='lat' dir='ltr'><strong>nem</strong></span> <span class='ocrx_word' id='word_1_712' title='bbox 671 5207 738 5261; x_wconf 87' lang='lat' dir='ltr'><strong>de</strong></span> <span class='ocrx_word' id='word_1_713' title='bbox 788 5217 1118 5274; x_wconf 87' lang='lat' dir='ltr'><strong>quacunque</strong></span> <span class='ocrx_word' id='word_1_714' title='bbox 1170 5200 1424 5256; x_wconf 89' lang='lat' dir='ltr'><strong>videlicet</strong></span> <span class='ocrx_word' id='word_1_715' title='bbox 1456 5199 1746 5254; x_wconf 84' lang='lat' dir='ltr'><strong>additionc</strong></span> <span class='ocrx_word' id='word_1_716' title='bbox 1790 5200 2060 5256; x_wconf 88' lang='lat' dir='ltr'><strong>edidisse.</strong></span> 
     </span>
    </p>
   </div>
   <div class='ocr_carea' id='block_1_97' title="bbox 483 5292 2065 5357">
    <p class='ocr_par' dir='ltr' id='par_1_97' title="bbox 483 5292 2065 5357">
     <span class='ocr_line' id='line_1_97' title="bbox 483 5292 2065 5357; baseline -0.006 -1"><span class='ocrx_word' id='word_1_717' title='bbox 483 5301 618 5357; x_wconf 78' lang='lat' dir='ltr'><strong>Nam</strong></span> <span class='ocrx_word' id='word_1_718' title='bbox 668 5299 774 5353; x_wconf 90' lang='lat' dir='ltr'><strong>etsi</strong></span> <span class='ocrx_word' id='word_1_719' title='bbox 811 5311 920 5350; x_wconf 89' lang='lat' dir='ltr'><strong>non</strong></span> <span class='ocrx_word' id='word_1_720' title='bbox 961 5296 1033 5350; x_wconf 86' lang='lat' dir='ltr'><strong>sit</strong></span> <span class='ocrx_word' id='word_1_721' title='bbox 1061 5309 1249 5348; x_wconf 87' lang='lat' dir='ltr'><strong>verum</strong></span> <span class='ocrx_word' id='word_1_722' title='bbox 1287 5294 1449 5347; x_wconf 85' lang='lat' dir='ltr'><strong>talem</strong></span> <span class='ocrx_word' id='word_1_723' title='bbox 1508 5292 1895 5348; x_wconf 87' lang='lat' dir='ltr'><strong>inbibitiouem</strong></span> <span class='ocrx_word' id='word_1_724' title='bbox 1932 5293 2065 5348; x_wconf 91' lang='lat' dir='ltr'><strong>illud</strong></span> 
     </span>
    </p>
   </div>
   <div class='ocr_carea' id='block_1_98' title="bbox 482 5387 2059 5458">
    <p class='ocr_par' dir='ltr' id='par_1_98' title="bbox 482 5387 2059 5458">
     <span class='ocr_line' id='line_1_98' title="bbox 482 5387 2059 5458; baseline -0.004 -9"><span class='ocrx_word' id='word_1_725' title='bbox 482 5393 777 5449; x_wconf 86' lang='lat' dir='ltr'><strong>concilium</strong></span> <span class='ocrx_word' id='word_1_726' title='bbox 819 5392 1036 5454; x_wconf 81' lang='lat' dir='ltr'><strong>fecisse,</strong></span> <span class='ocrx_word' id='word_1_727' title='bbox 1073 5389 1167 5458; x_wconf 92' lang='lat' dir='ltr'><strong>qui</strong></span> <span class='ocrx_word' id='word_1_728' title='bbox 1223 5396 1404 5441; x_wconf 88' lang='lat' dir='ltr'><strong>tamen</strong></span> <span class='ocrx_word' id='word_1_729' title='bbox 1462 5387 1799 5442; x_wconf 82' lang='lat' dir='ltr'><strong>contendere</strong></span> <span class='ocrx_word' id='word_1_730' title='bbox 1843 5387 2059 5455; x_wconf 92' lang='lat' dir='ltr'><strong>volunt,</strong></span> 
     </span>
    </p>
   </div>
   <div class='ocr_carea' id='block_1_99' title="bbox 484 5480 2066 5559">
    <p class='ocr_par' dir='ltr' id='par_1_99' title="bbox 484 5480 2066 5559">
     <span class='ocr_line' id='line_1_99' title="bbox 484 5480 2066 5559; baseline -0.003 -18"><span class='ocrx_word' id='word_1_731' title='bbox 484 5494 717 5559; x_wconf 85' lang='lat' dir='ltr'><strong>possunt</strong></span> <span class='ocrx_word' id='word_1_732' title='bbox 761 5483 972 5555; x_wconf 90' lang='lat' dir='ltr'><strong>aliquid</strong></span> <span class='ocrx_word' id='word_1_733' title='bbox 1019 5481 1324 5552; x_wconf 84' lang='lat' dir='ltr'><strong>adjumenti</strong></span> <span class='ocrx_word' id='word_1_734' title='bbox 1386 5480 1518 5535; x_wconf 90' lang='lat' dir='ltr'><strong>hinc</strong></span> <span class='ocrx_word' id='word_1_735' title='bbox 1584 5480 1789 5535; x_wconf 86' lang='lat' dir='ltr'><strong>habere</strong></span> <span class='ocrx_word' id='word_1_736' title='bbox 1843 5493 2066 5550; x_wconf 89' lang='lat' dir='ltr'><strong>propter</strong></span> 
     </span>
    </p>
   </div>
   <div class='ocr_carea' id='block_1_100' title="bbox 480 5571 2064 5650">
    <p class='ocr_par' dir='ltr' id='par_1_100' title="bbox 480 5571 2064 5650">
     <span class='ocr_line' id='line_1_100' title="bbox 480 5571 2064 5650; baseline -0.005 -15"><span class='ocrx_word' id='word_1_737' title='bbox 480 5578 973 5650; x_wconf 69' lang='lat' dir='ltr'><strong>mqulvocatiouem</strong></span> <span class='ocrx_word' id='word_1_738' title='bbox 999 5583 1056 5629; x_wconf 90' lang='lat' dir='ltr'><strong>et</strong></span> <span class='ocrx_word' id='word_1_739' title='bbox 1080 5572 1498 5644; x_wconf 74' lang='lat' dir='ltr'><strong>ambiguitatem</strong></span> <span class='ocrx_word' id='word_1_740' title='bbox 1533 5574 1854 5627; x_wconf 86' lang='lat' dir='ltr'><strong>verborum.</strong></span> <span class='ocrx_word' id='word_1_741' title='bbox 1887 5571 2064 5627; x_wconf 87' lang='lat' dir='ltr'><strong>Causa</strong></span> 
     </span>
    </p>
   </div>
   <div class='ocr_carea' id='block_1_101' title="bbox 486 5663 2066 5734">
    <p class='ocr_par' dir='ltr' id='par_1_101' title="bbox 486 5663 2066 5734">
     <span class='ocr_line' id='line_1_101' title="bbox 486 5663 2066 5734; baseline -0.005 -9"><span class='ocrx_word' id='word_1_742' title='bbox 486 5685 616 5725; x_wconf 88' lang='lat' dir='ltr'><strong>vero</strong></span> <span class='ocrx_word' id='word_1_743' title='bbox 647 5683 748 5724; x_wconf 86' lang='lat' dir='ltr'><strong>cur</strong></span> <span class='ocrx_word' id='word_1_744' title='bbox 788 5668 1009 5722; x_wconf 87' lang='lat' dir='ltr'><strong>tertium</strong></span> <span class='ocrx_word' id='word_1_745' title='bbox 1044 5666 1340 5722; x_wconf 89' lang='lat' dir='ltr'><strong>concilium</strong></span> <span class='ocrx_word' id='word_1_746' title='bbox 1393 5664 1634 5734; x_wconf 90' lang='lat' dir='ltr'><strong>primum</strong></span> <span class='ocrx_word' id='word_1_747' title='bbox 1672 5665 1812 5717; x_wconf 91' lang='lat' dir='ltr'><strong>hanc</strong></span> <span class='ocrx_word' id='word_1_748' title='bbox 1855 5663 2066 5719; x_wconf 86' lang='lat' dir='ltr'><strong>inhibi-</strong></span> 
     </span>
    </p>
   </div>
   <div class='ocr_carea' id='block_1_102' title="bbox 483 5753 2065 5828">
    <p class='ocr_par' dir='ltr' id='par_1_102' title="bbox 483 5753 2065 5828">
     <span class='ocr_line' id='line_1_102' title="bbox 483 5753 2065 5828; baseline -0.004 -14"><span class='ocrx_word' id='word_1_749' title='bbox 483 5761 689 5814; x_wconf 86' lang='lat' dir='ltr'><strong>tionem</strong></span> <span class='ocrx_word' id='word_1_750' title='bbox 726 5759 920 5814; x_wconf 83' lang='lat' dir='ltr'><strong>fecisse</strong></span> <span class='ocrx_word' id='word_1_751' title='bbox 943 5758 1201 5822; x_wconf 88' lang='lat' dir='ltr'><strong>dicimus,</strong></span> <span class='ocrx_word' id='word_1_752' title='bbox 1228 5766 1315 5811; x_wconf 90' lang='lat' dir='ltr'><strong>est</strong></span> <span class='ocrx_word' id='word_1_753' title='bbox 1345 5757 1542 5828; x_wconf 89' lang='lat' dir='ltr'><strong>primo,</strong></span> <span class='ocrx_word' id='word_1_754' title='bbox 1559 5754 1702 5823; x_wconf 89' lang='lat' dir='ltr'><strong>quod</strong></span> <span class='ocrx_word' id='word_1_755' title='bbox 1734 5753 1869 5808; x_wconf 87' lang='lat' dir='ltr'><strong>Acta</strong></span> <span class='ocrx_word' id='word_1_756' title='bbox 1901 5753 2065 5822; x_wconf 85' lang='lat' dir='ltr'><strong>primi</strong></span> 
     </span>
    </p>
   </div>
   <div class='ocr_carea' id='block_1_103' title="bbox 493 5847 2066 5922">
    <p class='ocr_par' dir='ltr' id='par_1_103' title="bbox 493 5847 2066 5922">
     <span class='ocr_line' id='line_1_103' title="bbox 493 5847 2066 5922; baseline -0.003 -15"><span class='ocrx_word' id='word_1_757' title='bbox 493 5850 715 5907; x_wconf 82' lang='lat' dir='ltr'><strong>concilii</strong></span> <span class='ocrx_word' id='word_1_758' title='bbox 742 5864 1015 5922; x_wconf 77' lang='lat' dir='ltr'><strong>nusquam</strong></span> <span class='ocrx_word' id='word_1_759' title='bbox 1049 5848 1432 5921; x_wconf 82' lang='lat' dir='ltr'><strong>reperiuntur;</strong></span> <span class='ocrx_word' id='word_1_760' title='bbox 1466 5847 1712 5904; x_wconf 88' lang='lat' dir='ltr'><strong>secundo</strong></span> <span class='ocrx_word' id='word_1_761' title='bbox 1741 5861 1866 5902; x_wconf 80' lang='lat' dir='ltr'><strong>cum</strong></span> <span class='ocrx_word' id='word_1_762' title='bbox 1895 5847 2066 5903; x_wconf 85' lang='lat' dir='ltr'><strong>scire-</strong></span> 
     </span>
    </p>
   </div>
   <div class='ocr_carea' id='block_1_104' title="bbox 2179 4637 3760 4711">
    <p class='ocr_par' dir='ltr' id='par_1_104' title="bbox 2179 4637 3760 4711">
     <span class='ocr_line' id='line_1_104' title="bbox 2179 4637 3760 4711; baseline 0.004 -17"><span class='ocrx_word' id='word_1_763' title='bbox 2179 4640 2242 4695; x_wconf 89' lang='lat' dir='ltr'><strong>E.</strong></span> <span class='ocrx_word' id='word_1_764' title='bbox 2279 4637 2583 4696; x_wconf 67' lang='lat' dir='ltr'><strong>.cardinalis</strong></span> <span class='ocrx_word' id='word_1_765' title='bbox 2606 4637 2783 4694; x_wconf 81' lang='lat' dir='ltr'><strong>sancti</strong></span> <span class='ocrx_word' id='word_1_766' title='bbox 2829 4638 3021 4708; x_wconf 81' lang='lat' dir='ltr'><strong>Angeli</strong></span> <span class='ocrx_word' id='word_1_767' title='bbox 3051 4638 3432 4711; x_wconf 86' lang='lat' dir='ltr'><strong>dignissimus,</strong></span> <span class='ocrx_word' id='word_1_768' title='bbox 3488 4645 3658 4698; x_wconf 88' lang='lat' dir='ltr'><strong>multa</strong></span> <span class='ocrx_word' id='word_1_769' title='bbox 3703 4659 3760 4700; x_wconf 84' lang='lat' dir='ltr'><strong>et</strong></span> 
     </span>
    </p>
   </div>
   <div class='ocr_carea' id='block_1_105' title="bbox 2178 4730 3760 4806">
    <p class='ocr_par' dir='ltr' id='par_1_105' title="bbox 2178 4730 3760 4806">
     <span class='ocr_line' id='line_1_105' title="bbox 2178 4730 3760 4806; baseline 0.003 -21"><span class='ocrx_word' id='word_1_770' title='bbox 2178 4732 2404 4803; x_wconf 89' lang='lat' dir='ltr'><strong>quidem</strong></span> <span class='ocrx_word' id='word_1_771' title='bbox 2444 4731 2731 4801; x_wconf 87' lang='lat' dir='ltr'><strong>potissima</strong></span> <span class='ocrx_word' id='word_1_772' title='bbox 2754 4730 2812 4786; x_wconf 87' lang='lat' dir='ltr'><strong>in</strong></span> <span class='ocrx_word' id='word_1_773' title='bbox 2846 4733 3090 4795; x_wconf 85' lang='lat' dir='ltr'><strong>medium</strong></span> <span class='ocrx_word' id='word_1_774' title='bbox 3117 4731 3374 4798; x_wconf 72' lang='lat' dir='ltr'><strong>adduxit,</strong></span> <span class='ocrx_word' id='word_1_775' title='bbox 3398 4734 3606 4804; x_wconf 89' lang='lat' dir='ltr'><strong>quibus</strong></span> <span class='ocrx_word' id='word_1_776' title='bbox 3633 4751 3760 4806; x_wconf 88' lang='lat' dir='ltr'><strong>pro-</strong></span> 
     </span>
    </p>
   </div>
   <div class='ocr_carea' id='block_1_106' title="bbox 2179 4821 3758 4897">
    <p class='ocr_par' dir='ltr' id='par_1_106' title="bbox 2179 4821 3758 4897">
     <span class='ocr_line' id='line_1_106' title="bbox 2179 4821 3758 4897; baseline 0.003 -19"><span class='ocrx_word' id='word_1_777' title='bbox 2179 4823 2412 4893; x_wconf 83' lang='lat' dir='ltr'><strong>positam</strong></span> <span class='ocrx_word' id='word_1_778' title='bbox 2441 4821 2804 4892; x_wconf 82' lang='lat' dir='ltr'><strong>quaestionem</strong></span> <span class='ocrx_word' id='word_1_779' title='bbox 2828 4822 2902 4878; x_wconf 87' lang='lat' dir='ltr'><strong>ita</strong></span> <span class='ocrx_word' id='word_1_780' title='bbox 2926 4823 3093 4879; x_wconf 80' lang='lat' dir='ltr'><strong>clare</strong></span> <span class='ocrx_word' id='word_1_781' title='bbox 3121 4833 3178 4879; x_wconf 85' lang='lat' dir='ltr'><strong>et</strong></span> <span class='ocrx_word' id='word_1_782' title='bbox 3200 4824 3539 4881; x_wconf 72' lang='lat' dir='ltr'><strong>sufﬁcienter</strong></span> <span class='ocrx_word' id='word_1_783' title='bbox 3561 4828 3758 4897; x_wconf 89' lang='lat' dir='ltr'><strong>proba-</strong></span> 
     </span>
    </p>
   </div>
   <div class='ocr_carea' id='block_1_107' title="bbox 2177 4915 3753 4990">
    <p class='ocr_par' dir='ltr' id='par_1_107' title="bbox 2177 4915 3753 4990">
     <span class='ocr_line' id='line_1_107' title="bbox 2177 4915 3753 4990; baseline 0.004 -21"><span class='ocrx_word' id='word_1_784' title='bbox 2177 4917 2276 4981; x_wconf 90' lang='lat' dir='ltr'><strong>vit,</strong></span> <span class='ocrx_word' id='word_1_785' title='bbox 2304 4915 2739 4971; x_wconf 86' lang='lat' dir='ltr'><strong>demonstrando</strong></span> <span class='ocrx_word' id='word_1_786' title='bbox 2776 4915 2947 4971; x_wconf 88' lang='lat' dir='ltr'><strong>licere</strong></span> <span class='ocrx_word' id='word_1_787' title='bbox 2973 4915 3263 4971; x_wconf 86' lang='lat' dir='ltr'><strong>veritatem</strong></span> <span class='ocrx_word' id='word_1_788' title='bbox 3295 4933 3518 4990; x_wconf 79' lang='lat' dir='ltr'><strong>semper</strong></span> <span class='ocrx_word' id='word_1_789' title='bbox 3543 4920 3753 4976; x_wconf 86' lang='lat' dir='ltr'><strong>addere</strong></span> 
     </span>
    </p>
   </div>
   <div class='ocr_carea' id='block_1_108' title="bbox 2179 5007 3761 5082">
    <p class='ocr_par' dir='ltr' id='par_1_108' title="bbox 2179 5007 3761 5082">
     <span class='ocr_line' id='line_1_108' title="bbox 2179 5007 3761 5082; baseline 0.005 -21"><span class='ocrx_word' id='word_1_790' title='bbox 2179 5007 2306 5063; x_wconf 83' lang='lat' dir='ltr'><strong>ﬁdei</strong></span> <span class='ocrx_word' id='word_1_791' title='bbox 2342 5008 2603 5080; x_wconf 82' lang='lat' dir='ltr'><strong>Symbolo</strong></span> <span class='ocrx_word' id='word_1_792' title='bbox 2631 5046 2646 5071; x_wconf 88' lang='lat'><strong>,</strong></span> <span class='ocrx_word' id='word_1_793' title='bbox 2674 5009 2979 5077; x_wconf 75' lang='lat' dir='ltr'><strong>pra-sertim</strong></span> <span class='ocrx_word' id='word_1_794' title='bbox 3003 5022 3129 5061; x_wconf 88' lang='lat' dir='ltr'><strong>cum</strong></span> <span class='ocrx_word' id='word_1_795' title='bbox 3155 5010 3453 5064; x_wconf 85' lang='lat' dir='ltr'><strong>necessitas</strong></span> <span class='ocrx_word' id='word_1_796' title='bbox 3486 5023 3668 5082; x_wconf 81' lang='lat' dir='ltr'><strong>cogat,</strong></span> <span class='ocrx_word' id='word_1_797' title='bbox 3703 5023 3761 5069; x_wconf 89' lang='lat' dir='ltr'><strong>et</strong></span> 
     </span>
    </p>
   </div>
   <div class='ocr_carea' id='block_1_109' title="bbox 2177 5099 3757 5174">
    <p class='ocr_par' dir='ltr' id='par_1_109' title="bbox 2177 5099 3757 5174">
     <span class='ocr_line' id='line_1_109' title="bbox 2177 5099 3757 5174; baseline 0.004 -18"><span class='ocrx_word' id='word_1_798' title='bbox 2177 5102 2486 5156; x_wconf 87' lang='lat' dir='ltr'><strong>auctoritas</strong></span> <span class='ocrx_word' id='word_1_799' title='bbox 2516 5101 2719 5156; x_wconf 91' lang='lat' dir='ltr'><strong>summi</strong></span> <span class='ocrx_word' id='word_1_800' title='bbox 2768 5099 3046 5170; x_wconf 87' lang='lat' dir='ltr'><strong>pontiﬁcis</strong></span> <span class='ocrx_word' id='word_1_801' title='bbox 3080 5101 3328 5169; x_wconf 84' lang='lat' dir='ltr'><strong>accedat,</strong></span> <span class='ocrx_word' id='word_1_802' title='bbox 3378 5114 3438 5158; x_wconf 91' lang='lat' dir='ltr'><strong>ut</strong></span> <span class='ocrx_word' id='word_1_803' title='bbox 3465 5105 3599 5160; x_wconf 89' lang='lat' dir='ltr'><strong>nihil</strong></span> <span class='ocrx_word' id='word_1_804' title='bbox 3631 5122 3757 5174; x_wconf 86' lang='lat' dir='ltr'><strong>nos,</strong></span> 
     </span>
    </p>
   </div>
   <div class='ocr_carea' id='block_1_110' title="bbox 2177 5195 3743 5267">
    <p class='ocr_par' dir='ltr' id='par_1_110' title="bbox 2177 5195 3743 5267">
     <span class='ocr_line' id='line_1_110' title="bbox 2177 5195 3743 5267; baseline 0.005 -18"><span class='ocrx_word' id='word_1_805' title='bbox 2177 5212 2490 5266; x_wconf 89' lang='lat' dir='ltr'><strong>quanquam</strong></span> <span class='ocrx_word' id='word_1_806' title='bbox 2517 5195 2612 5249; x_wconf 91' lang='lat' dir='ltr'><strong>diu</strong></span> <span class='ocrx_word' id='word_1_807' title='bbox 2646 5196 2990 5266; x_wconf 90' lang='lat' dir='ltr'><strong>multumque</strong></span> <span class='ocrx_word' id='word_1_808' title='bbox 3023 5197 3474 5267; x_wconf 88' lang='lat' dir='ltr'><strong>cogitaverimus,</strong></span> <span class='ocrx_word' id='word_1_809' title='bbox 3511 5214 3743 5258; x_wconf 85' lang='lat' dir='ltr'><strong>contra-</strong></span> 
     </span>
    </p>
   </div>
   <div class='ocr_carea' id='block_1_111' title="bbox 2177 5280 3757 5360">
    <p class='ocr_par' dir='ltr' id='par_1_111' title="bbox 2177 5280 3757 5360">
     <span class='ocr_line' id='line_1_111' title="bbox 2177 5280 3757 5360; baseline 0.004 -16"><span class='ocrx_word' id='word_1_810' title='bbox 2177 5280 2364 5345; x_wconf 88' lang='lat' dir='ltr'><strong>dicere</strong></span> <span class='ocrx_word' id='word_1_811' title='bbox 2430 5289 2795 5358; x_wconf 87' lang='lat' dir='ltr'><strong>potuerimus.</strong></span> <span class='ocrx_word' id='word_1_812' title='bbox 2845 5286 2979 5355; x_wconf 68' lang='lat' dir='ltr'><strong>Qua:</strong></span> <span class='ocrx_word' id='word_1_813' title='bbox 3032 5303 3158 5344; x_wconf 88' lang='lat' dir='ltr'><strong>cum</strong></span> <span class='ocrx_word' id='word_1_814' title='bbox 3194 5292 3367 5346; x_wconf 89' lang='lat' dir='ltr'><strong>multa</strong></span> <span class='ocrx_word' id='word_1_815' title='bbox 3407 5291 3633 5360; x_wconf 81' lang='lat' dir='ltr'><strong>fuerint,</strong></span> <span class='ocrx_word' id='word_1_816' title='bbox 3667 5295 3757 5350; x_wconf 85' lang='lat' dir='ltr'><strong>illa</strong></span> 
     </span>
    </p>
   </div>
   <div class='ocr_carea' id='block_1_112' title="bbox 2178 5383 3756 5457">
    <p class='ocr_par' dir='ltr' id='par_1_112' title="bbox 2178 5383 3756 5457">
     <span class='ocr_line' id='line_1_112' title="bbox 2178 5383 3756 5457; baseline 0.003 -18"><span class='ocrx_word' id='word_1_817' title='bbox 2178 5395 2382 5446; x_wconf 85' lang='lat' dir='ltr'><strong>tamen,</strong></span> <span class='ocrx_word' id='word_1_818' title='bbox 2402 5399 2524 5453; x_wconf 69' lang='lat' dir='ltr'><strong>quae</strong></span> <span class='ocrx_word' id='word_1_819' title='bbox 2538 5383 2800 5437; x_wconf 86' lang='lat' dir='ltr'><strong>memoria</strong></span> <span class='ocrx_word' id='word_1_820' title='bbox 2833 5391 3017 5448; x_wconf 88' lang='lat' dir='ltr'><strong>teneo,</strong></span> <span class='ocrx_word' id='word_1_821' title='bbox 3044 5383 3137 5440; x_wconf 87' lang='lat' dir='ltr'><strong>hic</strong></span> <span class='ocrx_word' id='word_1_822' title='bbox 3167 5400 3462 5457; x_wconf 83' lang='lat' dir='ltr'><strong>exponam,</strong></span> <span class='ocrx_word' id='word_1_823' title='bbox 3498 5398 3559 5442; x_wconf 89' lang='lat' dir='ltr'><strong>ut</strong></span> <span class='ocrx_word' id='word_1_824' title='bbox 3589 5390 3756 5445; x_wconf 90' lang='lat' dir='ltr'><strong>etiam</strong></span> 
     </span>
    </p>
   </div>
   <div class='ocr_carea' id='block_1_113' title="bbox 2177 5477 3757 5549">
    <p class='ocr_par' dir='ltr' id='par_1_113' title="bbox 2177 5477 3757 5549">
     <span class='ocr_line' id='line_1_113' title="bbox 2177 5477 3757 5549; baseline 0.003 -17"><span class='ocrx_word' id='word_1_825' title='bbox 2177 5478 2341 5549; x_wconf 85' lang='lat' dir='ltr'><strong>hujus</strong></span> <span class='ocrx_word' id='word_1_826' title='bbox 2373 5478 2453 5532; x_wconf 88' lang='lat' dir='ltr'><strong>rei</strong></span> <span class='ocrx_word' id='word_1_827' title='bbox 2486 5477 2775 5532; x_wconf 83' lang='lat' dir='ltr'><strong>veritatem</strong></span> <span class='ocrx_word' id='word_1_828' title='bbox 2808 5477 3106 5548; x_wconf 83' lang='lat' dir='ltr'><strong>intelligas.</strong></span> <span class='ocrx_word' id='word_1_829' title='bbox 3141 5478 3248 5534; x_wconf 88' lang='lat' dir='ltr'><strong>Sed</strong></span> <span class='ocrx_word' id='word_1_830' title='bbox 3285 5490 3417 5537; x_wconf 78' lang='lat' dir='ltr'><strong>ante</strong></span> <span class='ocrx_word' id='word_1_831' title='bbox 3456 5483 3574 5537; x_wconf 76' lang='lat' dir='ltr'><strong>haec</strong></span> <span class='ocrx_word' id='word_1_832' title='bbox 3599 5497 3757 5537; x_wconf 85' lang='lat' dir='ltr'><strong>sum-</strong></span> 
     </span>
    </p>
   </div>
   <div class='ocr_carea' id='block_1_114' title="bbox 2178 5570 3756 5642">
    <p class='ocr_par' dir='ltr' id='par_1_114' title="bbox 2178 5570 3756 5642">
     <span class='ocr_line' id='line_1_114' title="bbox 2178 5570 3756 5642; baseline 0.005 -18"><span class='ocrx_word' id='word_1_833' title='bbox 2178 5585 2323 5626; x_wconf 87' lang='lat' dir='ltr'><strong>mam</strong></span> <span class='ocrx_word' id='word_1_834' title='bbox 2365 5579 2674 5625; x_wconf 88' lang='lat' dir='ltr'><strong>nostratum</strong></span> <span class='ocrx_word' id='word_1_835' title='bbox 2727 5570 3029 5638; x_wconf 83' lang='lat' dir='ltr'><strong>rationum,</strong></span> <span class='ocrx_word' id='word_1_836' title='bbox 3075 5581 3133 5627; x_wconf 89' lang='lat' dir='ltr'><strong>et</strong></span> <span class='ocrx_word' id='word_1_837' title='bbox 3178 5573 3525 5642; x_wconf 80' lang='lat' dir='ltr'><strong>potissimam</strong></span> <span class='ocrx_word' id='word_1_838' title='bbox 3579 5577 3756 5638; x_wconf 80' lang='lat' dir='ltr'><strong>audi:</strong></span> 
     </span>
    </p>
   </div>
   <div class='ocr_carea' id='block_1_115' title="bbox 2179 5663 3754 5737">
    <p class='ocr_par' dir='ltr' id='par_1_115' title="bbox 2179 5663 3754 5737">
     <span class='ocr_line' id='line_1_115' title="bbox 2179 5663 3754 5737; baseline 0.005 -20"><span class='ocrx_word' id='word_1_839' title='bbox 2179 5663 2231 5717; x_wconf 92' lang='lat' dir='ltr'><strong>in</strong></span> <span class='ocrx_word' id='word_1_840' title='bbox 2297 5664 2402 5718; x_wconf 82' lang='lat' dir='ltr'><strong>tlue</strong></span> <span class='ocrx_word' id='word_1_841' title='bbox 2460 5663 2812 5718; x_wconf 87' lang='lat' dir='ltr'><strong>decretorum</strong></span> <span class='ocrx_word' id='word_1_842' title='bbox 2870 5665 3170 5737; x_wconf 80' lang='lat' dir='ltr'><strong>cujuslibet</strong></span> <span class='ocrx_word' id='word_1_843' title='bbox 3223 5670 3365 5724; x_wconf 82' lang='lat' dir='ltr'><strong>sacri</strong></span> <span class='ocrx_word' id='word_1_844' title='bbox 3421 5670 3754 5727; x_wconf 73' lang='lat' dir='ltr'><strong>mcutnenici</strong></span> 
     </span>
    </p>
   </div>
   <div class='ocr_carea' id='block_1_116' title="bbox 2177 5754 3752 5816">
    <p class='ocr_par' dir='ltr' id='par_1_116' title="bbox 2177 5754 3752 5816">
     <span class='ocr_line' id='line_1_116' title="bbox 2177 5754 3752 5816; baseline 0.005 -8"><span class='ocrx_word' id='word_1_845' title='bbox 2177 5754 2397 5808; x_wconf 85' lang='lat' dir='ltr'><strong>concilii</strong></span> <span class='ocrx_word' id='word_1_846' title='bbox 2437 5770 2467 5808; x_wconf 87' lang='lat' dir='ltr'><strong>a</strong></span> <span class='ocrx_word' id='word_1_847' title='bbox 2504 5756 2666 5809; x_wconf 85' lang='lat' dir='ltr'><strong>tertio</strong></span> <span class='ocrx_word' id='word_1_848' title='bbox 2719 5756 3034 5811; x_wconf 87' lang='lat' dir='ltr'><strong>inchoando</strong></span> <span class='ocrx_word' id='word_1_849' title='bbox 3090 5758 3159 5813; x_wconf 91' lang='lat' dir='ltr'><strong>de</strong></span> <span class='ocrx_word' id='word_1_850' title='bbox 3225 5763 3396 5815; x_wconf 79' lang='lat' dir='ltr'><strong>verbo</strong></span> <span class='ocrx_word' id='word_1_851' title='bbox 3422 5762 3491 5815; x_wconf 78' lang='lat' dir='ltr'><strong>ad</strong></span> <span class='ocrx_word' id='word_1_852' title='bbox 3519 5761 3752 5816; x_wconf 83' lang='lat' dir='ltr'><strong>verbum</strong></span> 
     </span>
    </p>
   </div>
   <div class='ocr_carea' id='block_1_117' title="bbox 2178 5845 3752 5919">
    <p class='ocr_par' dir='ltr' id='par_1_117' title="bbox 2178 5845 3752 5919">
     <span class='ocr_line' id='line_1_117' title="bbox 2178 5845 3752 5919; baseline 0.005 -16"><span class='ocrx_word' id='word_1_853' title='bbox 2178 5848 2253 5903; x_wconf 87' lang='lat' dir='ltr'><strong>sic</strong></span> <span class='ocrx_word' id='word_1_854' title='bbox 2288 5849 2556 5904; x_wconf 84' lang='lat' dir='ltr'><strong>habetur:</strong></span> <span class='ocrx_word' id='word_1_855' title='bbox 2584 5847 2679 5904; x_wconf 84' lang='lat' dir='ltr'><strong>His</strong></span> <span class='ocrx_word' id='word_1_856' title='bbox 2711 5849 2868 5905; x_wconf 84' lang='lat' dir='ltr'><strong>lectis</strong></span> <span class='ocrx_word' id='word_1_857' title='bbox 2890 5845 3223 5909; x_wconf 80' lang='lat' dir='ltr'><strong>determinat</strong></span> <span class='ocrx_word' id='word_1_858' title='bbox 3261 5864 3453 5912; x_wconf 71' lang='lat' dir='ltr'><strong>sant-ta</strong></span> <span class='ocrx_word' id='word_1_859' title='bbox 3489 5853 3752 5919; x_wconf 72' lang='lat' dir='ltr'><strong>synodus.</strong></span> 
     </span>
    </p>
   </div>
  </div>
