4140 6140
347 244 442 311 ιιπ

1282 240 1381 302 DE
1411 235 1937 300 PBOCESSIONE
1969 233 2090 295 SP1
2103 232 2339 294 RITUS
2383 229 2688 293 SANCTI.

3512 223 3623 288 £18

343 360 472 416 nulli
503 357 671 413 licere
698 354 858 411 aliam
915 351 947 408 ﬁ
970 351 1076 407 lem
1112 349 1379 420 proferre,
1431 363 1528 404 aut
1565 360 1923 417 componere,
1950 353 2004 410 Α
2033 344 2220 400 omnia
2257 342 2519 415 Symbolo
2554 341 2763 398 Nicaeni
2811 339 3032 396 concilii
3057 380 3073 404 ,
3119 339 3429 410 eademque
3483 340 3621 396 ﬁde.

342 460 434 505 aut
464 463 683 519 sapere,
710 454 806 500 aut
829 443 1032 498 docere
1058 442 1243 496 aliter.
1268 440 1373 507 Qui
1406 452 1536 493 vero
1568 438 1675 492 hoc
1691 435 1932 491 audeant

343 543 548 608 facere,
585 538 774 595 clerici
806 539 1124 607 priventur,
1183 535 1307 589 laici
1360 529 1928 586 annthematizentur.

346 633 520 705 Hujus
553 631 849 687 sententia:
878 639 933 683 et
991 629 1191 685 horum
1256 626 1368 679 fere
1410 624 1703 679 verborum
1736 632 1935 675 omnes

344 727 463 782 alia:
494 725 869 781 inhibitiones
896 732 1050 777 sunt.
1074 720 1169 774 His
1221 735 1323 774 nos
1352 713 1782 771 auctoritatibus
1815 721 1936 766 tan-

345 832 511 889 quam
597 810 1077 885 irrel'ragahilibus
1138 805 1479 873 nitebamur,
1536 807 1785 873 dicentes
1833 817 1936 857 nec

349 911 523 981 ipsam
558 908 847 963 veritatem
876 906 1044 961 licere
1076 900 1306 969 addere,
1353 916 1477 954 eum
1532 915 1600 954 ex
1622 896 1785 954 dictis
1808 910 1936 948 sau-

347 1016 563 1061 ctorum
603 1002 899 1058 inhibitum
928 1001 1017 1061 sit,
1066 1012 1168 1053 nec
1214 996 1396 1050 liceat.
1441 994 1647 1049 Contra
1696 1001 1938 1045 noStram

350 1098 681 1168 positionem
715 1095 859 1148 inter
881 1092 1114 1149 .multas
1147 1092 1391 1144 rationes
1420 1102 1487 1140 ex
1514 1096 1666 1155 parte
1713 1081 1942 1137 Latino-

351 1210 476 1251 rum
517 1188 862 1248 introductus
889 1188 1004 1244 haec
1027 1198 1249 1257 quoque
1278 1183 1524 1237 fuerunt.

460 1352 717 1409 Rationes
760 1348 1072 1403 Latinorum
1102 1386 1115 1407 ,
1161 1343 1352 1415 quibus
1389 1340 1648 1415 probatur
1688 1338 1832 1411 quod

650 1424 769 1475 licet
819 1423 1094 1475 veritatem
1148 1410 1343 1469 addere
1379 1410 1658 1483 Symbolo.

430 1564 737 1634 Quodlibet
777 1560 1076 1616 concilium
1120 1570 1229 1609 non
1269 1553 1447 1608 solunt
1493 1550 1748 1621 proferre
1776 1546 1943 1603 aliam

359 1661 527 1717 ﬁdem
583 1654 835 1718 inhibet,
880 1651 977 1708 sed
1032 1660 1089 1704 et
1136 1658 1493 1715 componere.
1536 1641 1593 1696 Si
1634 1640 1805 1711 igitur
1846 1653 1945 1709 per

2036 442 2092 494 in
2127 449 2364 507 utroque
2392 438 2734 501 continetur,
2772 435 2877 489 nisi
2909 433 3204 489 manifeste
3235 442 3463 504 apparet
3497 448 3620 489 ver-

2037 533 2125 587 bis
2169 549 2278 588 non
2320 546 2443 587 esse
2488 530 2655 587 idem.
2692 531 2786 585 His
2814 529 2962 584 enim
2997 530 3235 583 maxime
3269 527 3460 583 differt
3498 527 3623 597 plu-

2038 642 2130 681 res
2159 625 2474 681 additioncs
2497 666 2510 689 ,
2543 626 2734 696 plures
2764 628 2931 677 etiam
2960 622 3362 677 diminutiones
3383 619 3619 678 habens.

2040 717 2141 773 Est
2172 718 2343 789 igitur
2372 718 2520 773 idem
2552 718 2887 781 sententiis,
2917 732 3022 785 qua
3051 716 3121 772 de
3150 730 3318 770 causa
3343 720 3400 768 et
3458 713 3622 784 primi

2040 821 2098 865 ct
2125 810 2359 866 secundi
2395 809 2618 865 concilii
2652 804 2973 877 Symbolum
3014 818 3277 873 tanquam
3314 819 3485 858 unum
3527 818 3628 871 pu-

2046 914 2235 959 tarunt
2286 902 2431 959 tertii
2480 900 2702 957 concilii
2750 900 2985 956 Patres:
3037 912 3211 968 quare
3248 912 3413 953 omne
3457 897 3626 951 etiam

2046 995 2367 1069 Symbolum
2392 996 2823 1064 quibuscunque
2857 992 3231 1060 compositum
3270 990 3453 1045 verbis
3481 1001 3625 1043 cam~

2046 1086 2173 1145 dem
2212 1089 2591 1153 sententiam,
2638 1101 2804 1159 quam
2857 1094 2913 1138 et
2959 1081 3250 1140 Nicaeuum
3299 1083 3629 1144 continens,

2049 1184 2193 1240 idem
2232 1193 2313 1236 est
2351 1181 2471 1237 illi:
2508 1179 2763 1247 nihilque
2799 1185 3003 1235 contra
3034 1174 3141 1232 hoc
3178 1174 3346 1239 facit,
3381 1189 3504 1231 cum
3542 1170 3626 1227 di—

2048 1276 2196 1332 citur
2228 1291 2338 1331 non
2374 1273 2578 1329 audere
2612 1271 2833 1328 tradere
2865 1267 3016 1325 aliud
3067 1265 3390 1339 Symbolum
3425 1283 3439 1321 :
3480 1265 3628 1321 aliud

2048 1371 2194 1426 enim
2242 1367 2663 1438 intelligendum
2713 1376 2832 1430 est,
2886 1361 3033 1433 quod
3086 1363 3423 1416 contrariam
3476 1363 3627 1417 veri-

2052 1461 2178 1515 tatis
2214 1460 2549 1514 sentcntiam
2587 1457 2848 1513 continet
2904 1450 3198 1524 Siquidem
3229 1448 3463 1507 secundi
3499 1466 3632 1506 con-

2051 1556 2163 1610 cilii
2200 1554 2522 1626 Symbolum
2562 1562 2776 1608 tantum
2818 1566 2846 1605 a
2887 1553 3115 1607 Niceno
3145 1550 3418 1607 did‘erens
3445 1550 3630 1621 quoad

2056 1650 2254 1714 verba,
2284 1646 2429 1704 idem
2465 1660 2645 1703 tamen
2676 1661 2801 1702 cum
2846 1645 3028 1715 primo
3060 1660 3171 1700 non
3203 1642 3355 1700 aliud
3397 1642 3625 1717 judica-

362 1758 471 1811 boc
508 1748 657 1825 quod
696 1746 869 1814 dicit,
910 1746 1073 1801 aliam
1118 1740 1283 1795 ﬁdem
1307 1781 1323 1805 ,
1355 1732 1621 1808 intelligit
1662 1734 1787 1789 aliis
1823 1748 1945 1787 vcr-

2060 1745 2168 1798 tum
2212 1756 2297 1797 est
2329 1761 2358 1796 τι
2393 1737 2676 1800 Patribus.

358 1852 470 1917 bis,
530 1847 713 1904 cidem
766 1854 951 1899 tamen
1004 1840 1301 1896 sententiae
1349 1833 1733 1904 compositam.
1780 1827 1944 1882 tidem

359 1961 458 2001 seu
496 1939 838 2015 Symbolum,
876 1935 1088 1992 accidet
1120 1931 1266 2005 quod
1291 1945 1488 1989 omnes
1526 1926 1749 1999 quidem
1785 1921 1948 1992 Sym.

364 2038 555 2093 bolum
598 2033 836 2090 diversis
875 2029 1101 2101 quidem
1160 2026 1382 2092 verbis,
1435 2018 1712 2079 sententia
1765 2026 1947 2069 tamen

362 2129 597 2192 eadem,
638 2130 1112 2194 composuerunt.
1155 2118 1302 2190 quod
1343 2116 1474 2187 quia
1517 2125 1714 2168 omnes
1756 2109 1947 2164 docto-

370 2236 465 2274 rcs
502 2217 716 2279 sancti,
760 2215 856 2286 qui
893 2214 1057 2269 ﬁdem
1106 2210 1437 2269 catholicam
1482 2205 1833 2277 proﬁtentur,
1876 2197 1954 2253 [e-

365 2322 601 2377 cernnt,
630 2311 735 2367 sub
767 2309 1121 2365 anathemate
1155 2314 1345 2361 erunt.
1378 2305 1448 2357 At
1479 2299 1585 2356 hoc
1618 2313 1731 2354 non
1768 2297 1948 2354 solum

365 2407 569 2464 falsum
597 2446 613 2470 ,
653 2404 748 2460 sed
789 2404 959 2457 etiam
1000 2398 1342 2468 blasphemia
1383 2404 1468 2452 cst
1505 2392 1717 2448 dicere.
1779 2387 1953 2457 Igitur

370 2517 481 2557 non
516 2495 844 2571 prohibetur
870 2495 993 2551 aliis
1023 2491 1208 2547 verbis
1245 2488 1511 2546 consonis
1541 2484 1764 2542 veritati
1795 2495 1952 2536 eatu-

368 2600 497 2654 dem
531 2607 814 2665 exponere
848 2584 1008 2646 ﬁdem
1032 2627 1047 2653 ,
1078 2585 1172 2643 sed
1208 2580 1552 2639 contrariam
1585 2587 1644 2633 et
1667 2576 1951 2639 diversam

369 2674 747 2759 componere,
793 2683 900 2738 hoc
947 2676 1298 2753 prohibitum
1344 2683 1448 2729 est.
1507 2670 1645 2727 Item
1687 2673 1948 2739 quartum

368 2758 670 2840 concilium
714 2778 893 2847 ipsum
933 2770 1100 2828 etiam
1146 2784 1380 2840 sapere,
1415 2774 1471 2823 et
1515 2765 1718 2818 docere
1760 2758 1947 2822 aliter,

310 2882 315 2885 ’
368 2871 709 2931 anathemati
752 2866 995 2939 subjicit.
1038 2862 1094 2920 Si
1136 2864 1303 2935 igitur
1337 2874 1573 2930 sapere,
1631 2856 1716 2911 vel
1748 2854 1951 2909 docere

371 2966 660 3023 vocabulis
692 2962 916 3034 quidem
953 2958 1191 3014 diversis
1214 2996 1230 3023 ,
1268 2953 1533 3011 consonis
1576 2962 1764 3006 tamen
1805 2949 1953 3003 veri-

370 3062 474 3116 tati
518 3055 815 3132 prohihet,
855 3054 959 3110 sub
1002 3048 1361 3107 anathemate
1400 3056 1533 3100 sunt
1573 3058 1808 3111 omnes,
1860 3040 1955 3112 qui

374 3152 540 3212 ﬁdem
600 3148 1005 3213 orthodoxam,
1057 3144 1263 3216 quibus
1326 3141 1509 3212 potuit
1568 3139 1952 3208 unusquisque

371 3250 559 3305 verbis
615 3251 947 3302 docuerunt.
1003 3235 1407 3308 Unusquisque
1445 3232 1595 3289 enim
1632 3240 1953 3285 sanctorum

372 3342 614 3400 diversis
662 3334 947 3393 vocabulis
994 3328 1247 3387 eamdem
1289 3323 1454 3382 fidem
1498 3321 1846 3395 praedicavit.
1888 3324 1961 3374 At

372 3452 503 3495 cum
544 3435 649 3489 hoc
693 3426 1097 3486 inconveniens
1132 3422 1203 3478 sit
1240 3418 1468 3487 dicere,
1506 3426 1619 3472 non
1657 3412 1959 3469 diversita-

374 3539 489 3583 tem
530 3522 924 3580 vocabulorum
956 3557 971 3583 ,
1014 3515 1112 3571 sed
1151 3511 1554 3569 sententiarum
1594 3507 1960 3563 contrarietate

376 3631 488 3675 teni
528 3615 833 3688 prohibet:
889 3607 1203 3684 praesertim
1243 3619 1369 3659 cum
1410 3605 1593 3674 ipsum
1646 3615 1840 3671 sapere
1891 3596 1959 3651 ad

374 3710 720 3771 sententias,
761 3721 868 3761 non
908 3704 975 3760 ad
1014 3700 1292 3757 vocabula
1327 3696 1625 3753 referatur.

450 3804 728 3861 Praeterea
757 3806 977 3855 sextum
1011 3789 1314 3857 concilium
1348 3786 1540 3842 eadem
1577 3788 1723 3856 ipsa,
1755 3797 1877 3851 qua:
1906 3788 1963 3836 et

381 3908 679 3972 quartum,
713 3894 885 3956 dicit,
921 3899 978 3945 et
1018 3892 1249 3957 insuper
1292 3882 1507 3938 inhibet
1549 3896 1617 3935 ne
1657 3892 1821 3949 quam
1863 3891 1964 3930 vo-

380 3971 503 4049 cem
540 3993 759 4046 inanem
806 3994 902 4041 aut
937 3996 1145 4038 vanam
1176 3978 1413 4048 alicujus
1443 3974 1712 4030 dictionis
1765 3971 1964 4026 inven-

380 4090 587 4145 tionem
619 4084 747 4153 quis
774 4078 1094 4135 introducat
1124 4074 1191 4129 ad
1222 4067 1658 4145 pervertendum
1689 4079 1814 4137 quae
1844 4082 1872 4119 a
1904 4078 1963 4119 se

382 4180 753 4237 determinata
795 4179 948 4229 sunt.
989 4170 1069 4224 Ex
1120 4166 1326 4237 quibus
1380 4161 1677 4217 manileste
1735 4163 1965 4228 apparet

384 4275 475 4330 illa
510 4266 779 4326 vocabula
817 4261 1056 4319 inhibita
1089 4274 1249 4324 esse,
1284 4272 1405 4327 qua:
1433 4255 1500 4308 ad
1530 4249 1964 4324 pervertendum

384 4363 903 4439 dogmata‘Patrum
938 4353 1399 4415 introducuntur,
1438 4362 1549 4403 non
1585 4360 1707 4415 qua:
1738 4343 1805 4398 ad
1842 4359 1965 4398 cor-

381 4436 783 4517 roboraﬁdum.
819 4451 1071 4520 Amplius
1115 4447 1338 4503 tertium
1390 4439 1689 4497 concilium
1733 4436 1961 4501 statuit,
1998 4464 2040 4519 υ

384 4567 487 4610 nec
519 4552 691 4607 licere
724 4547 890 4603 aliam
923 4543 1086 4597 ﬁdem
1142 4538 1397 4612 prolerrc
1451 4541 1655 4605 praeter
1687 4543 1811 4585 eam
1839 4540 1965 4596 quae

384 4650 443 4705 in
484 4647 703 4702 Nicatno
738 4639 978 4698 concilio
1010 4636 1160 4691 edita
1196 4633 1302 4688 l‘uit
1327 4672 1341 4697 ,
1375 4638 1433 4685 ct
1464 4642 1561 4683 eos
1597 4624 1690 4696 qui
1724 4623 1834 4677 hoc
1867 4637 1966 4676 au-

386 4742 588 4797 derent
606 4778 623 4805 ,
653 4731 997 4790 anathemati
1025 4726 1287 4800 subjecit.
1312 4725 1388 4779 De
1420 4719 1684 4790 Symbolo
1710 4732 1842 4771 vero
1871 4729 1968 4785 per

384 4832 690 4892 secundum
723 4828 1024 4886 concilium
1057 4823 1245 4887 edito,
1276 4835 1386 4891 quo
1425 4826 1536 4872 tota
1569 4812 1819 4869 Ecclesia
1856 4810 1969 4864 uti-

387 4939 505 4996 tur,
542 4926 750 4983 nullam
783 4923 915 4978 facit
958 4925 1324 4977 mentionem.
1358 4914 1414 4971 Si
1462 4915 1630 4984 igitur
1680 4910 1806 4966 ideo
1853 4922 1965 4962 non

387 5023 638 5078 fecerant
671 5020 737 5073 de
769 5031 837 5071 eo
894 5014 1234 5068 mentionem
1260 5051 1275 5074 ,
1316 5009 1442 5078 quia
1482 5006 1633 5059 aliud
1683 5016 1739 5058 et
1776 5003 1964 5057 diver-

387 5132 512 5175 sum
545 5131 577 5170 a
608 5114 716 5169 ﬁde
747 5109 955 5168 Nicaeni
987 5107 1213 5162 concilii
1252 5104 1384 5158 illud
1419 5108 1696 5172 putarunt
1725 5115 1742 5152 ς
1774 5111 1970 5167 pecca—

387 5225 516 5268 mus
553 5223 693 5274 nos,
733 5214 792 5260 et
832 5203 1060 5273 quidem
1092 5196 1426 5258 mortaliter,
1455 5195 1549 5265 qui
1584 5191 1791 5246 omisso
1828 5199 1970 5244 tota-

390 5303 518 5359 liter
552 5298 814 5372 Symbolo
846 5296 1105 5357 Niceno,
1144 5300 1346 5361 praeter
1378 5285 1529 5356 quod
1563 5284 1772 5339 nullam
1804 5283 1968 5337 aliam

396 5396 558 5450 ﬁdem
588 5371 845 5463 proferre
877 5394 1199 5442 statuerunt
1226 5381 1455 5445 Patres,
1482 5375 1712 5433 secundi
1744 5371 1970 5429 concilii

396 5485 606 5540 utimur
636 5477 901 5552 Symbolo
920 5515 935 5541 ,
973 5473 1110 5530 illud
1140 5474 1392 5547 legentes
1415 5510 1430 5537 ,
1476 5466 1635 5543 illud
1663 5470 1930 5521 docentes
1955 5502 1972 5529 ,

392 5575 529 5634 illud
571 5583 629 5629 et
670 5569 931 5643 privatim
978 5575 1035 5621 et
1068 5566 1288 5638 publice
1318 5563 1669 5634 proferentes
1695 5596 1713 5623 ,
1777 5568 1831 5612 et
1867 5558 1973 5612 hac

398 5666 613 5722 ratione
658 5664 764 5721 sub
805 5662 1161 5717 anathemate
1206 5672 1422 5716 sumus.
1472 5652 1632 5722 Quod
1663 5652 1710 5708 si
1744 5649 1870 5706 ideo
1898 5648 1973 5704 si-

397 5758 569 5818 lantio
601 5758 733 5817 illud
765 5756 1187 5828 pmterierunt,
1237 5750 1503 5821 quoniam
1554 5747 1701 5806 idem
1743 5752 1830 5803 est
1871 5758 1973 5817 per

720 5856 1001 5922 ΡΛΤιιοι..
1030 5850 1149 5915 Gtt.
1179 5844 1359 5912 CLXI

2129 1857 2262 1911 ltem
2309 1851 2746 1926 unumquodque
2803 1852 3105 1912 concilium
3164 1865 3289 1926 post
3336 1856 3637 1912 lectionem

2056 1952 2231 2005 totius
2263 1948 2349 2004 sui
2374 1949 2584 2008 decreti
2611 1964 2719 2005 non
2770 1945 3018 2022 Symboli
3065 1945 3269 2011 solius.
3317 1947 3413 2005 sed
3468 1942 3639 2006 ιοιὶυὲ

2056 2047 2305 2113 decreti,
2343 2047 2441 2111 ait,
2475 2046 2571 2098 His
2604 2044 2763 2105 lectis
2786 2041 3179 2099 determinavit
3200 2059 3353 2099 sacra
3389 2040 3639 2116 synodus

2059 2141 2196 2197 nulli
2245 2139 2418 2196 licere
2458 2139 2622 2198 aliam
2675 2136 2837 2195 ﬁdem
2878 2139 3174 2208 proferre;
3220 2147 3371 2208 petet
3410 2146 3595 2194 autem
3624 2180 3638 2200 .

2056 2231 2207 2306 quod
2238 2246 2363 2291 curn
2397 2230 2579 2296 dicat,
2604 2231 2694 2289 bis
2719 2229 2880 2290 lectis
2904 2273 2918 2297 ,
2952 2237 3125 2289 totum
3157 2231 3442 2289 decretum
3474 2231 3642 2287 tutel-

2056 2329 2197 2399 ligit.
2238 2328 2405 2400 Igitur
2436 2336 2493 2381 et
2527 2326 2677 2397 quod
2715 2329 2994 2398 sequitur,
3031 2325 3192 2381 alium
3228 2325 3388 2382 ﬁdem
3426 2341 3538 2382 non
3571 2324 3637 2378 li-

2061 2437 2188 2493 cere
2223 2421 2482 2491 proferre
2527 2421 2591 2474 ad
2643 2428 2818 2474 totum
2861 2418 3153 2477 decretum
3201 2418 3382 2488 ipsum
3418 2433 3642 2487 quoque

2064 2514 2333 2579 refertur,
2361 2513 2626 2569 videlicet
2660 2528 2770 2568 non
2806 2514 2976 2569 licere
3005 2506 3259 2583 proferre
3284 2513 3449 2569 aliam
3481 2512 3641 2571 ﬁdem

2061 2620 2263 2684 praeter
2310 2625 2430 2664 cam
2480 2624 2605 2678 qua:
2650 2608 2706 2662 in
2760 2613 2873 2662 toto
2922 2607 3170 2672 decreto,
3204 2620 3313 2662 non
3367 2607 3543 2663 solum
3584 2608 3642 2663 in

2061 2704 2322 2778 Syniliolo
2379 2704 2722 2759 continetur.
2778 2700 2847 2755 At
2909 2698 3088 2769 quoad
3149 2701 3318 2757 verba
3371 2714 3632 2772 quartum

2059 2800 2356 2856 concilium
2383 2797 2529 2853 aliud
2557 2809 2722 2866 quam
2752 2796 2996 2858 tertium.
3023 2796 3274 2863 quintum
3308 2795 3457 2851 aliud
3475 2810 3642 2865 quam

2060 2900 2354 2964 quartum,
2383 2900 2437 2945 et
2466 2890 2539 2943 ita
2566 2899 2762 2944 cetera
2795 2890 3263 2958 conscripserunt.
3294 2889 3369 2947 Dc
3403 2896 3511 2945 tota
3543 2890 3647 2963 igi-

2067 2998 2156 3042 tur
2187 2985 2289 3040 ﬁde
2324 2997 2379 3041 ct
2407 2983 2716 3051 sententiis,
2768 2998 2881 3038 non
2912 2982 3098 3040 verbis
3126 2982 3218 3040 hic
3251 2983 3390 3038 ratio
3420 2992 3528 3039 est.

2136 3081 2271 3136 ltem
2307 3079 2603 3147 septimum
2637 3074 2933 3132 concilium
2971 3091 3077 3131 non
3113 3076 3340 3132 omnino
3378 3077 3507 3133 facit
3537 3078 3637 3135 ali~

2062 3189 2225 3244 quam
2255 3172 2501 3245 Symboli
2530 3172 2615 3226 vel
2649 3169 2811 3240 primi
2863 3169 2945 3226 vel
2996 3168 3221 3226 secundi
3256 3173 3594 3228 mentionem
3619 3215 3633 3237 ,

2060 3262 2156 3321 sed
2204 3266 2536 3335 simpliciter
2572 3265 2798 3321 decreto
2830 3267 2952 3336 ejus
2987 3266 3139 3319 edito
3183 3266 3238 3320 in
3287 3267 3395 3322 ﬁne
3440 3266 3631 3326 addit:

2062 3357 2157 3411 llis
2188 3358 2326 3414 nihil
2358 3368 2444 3414 est
2476 3358 2792 3414 addendum
2822 3403 2834 3423 ,
2869 3356 3007 3413 nihil
3037 3358 3105 3413 ab
3136 3358 3219 3415 eis
3250 3362 3641 3423 auferendum.

2062 3450 2211 3521 quod
2265 3452 2311 3505 si
2362 3454 2489 3522 quis
2519 3451 2605 3505 vel
2637 3448 2839 3513 addat,
2882 3448 2961 3504 vel
2998 3449 3216 3504 auferat
3265 3448 3535 3520 quidquid
3574 3447 3645 3506 ab

2064 3550 2167 3600 bac
2193 3544 2323 3609 ﬁde,
2346 3546 2641 3599 anathema
2674 3544 2764 3598 sit.
2800 3544 3332 3614 Manifestumigitur
3359 3556 3463 3613 est,
3497 3548 3643 3619 quod

2064 3638 2131 3693 dc
2165 3637 2269 3693 ﬁde
2302 3641 2579 3694 contraria
2617 3649 2672 3693 et
2705 3638 2840 3693 falsa
2873 3638 3121 3697 inhibet:
3191 3654 3300 3693 non
3335 3642 3483 3695 enim
3520 3654 3650 3711 pro~

2067 3732 2223 3791 hibet
2247 3774 2260 3799 ,
2292 3733 2634 3790 ne'Ecclesia
2666 3731 2892 3787 decreta
2924 3774 2935 3795 ,
2975 3746 3104 3785 cum
3136 3747 3225 3788 res
3249 3734 3451 3807 exigit,
3480 3736 3648 3793 edero

2066 3830 2259 3901 possit.

2141 3945 2417 4001 Praeterea
2452 3957 2573 4013 quae
2606 3942 2774 3999 corde
2806 3944 3088 3998 credimus
3127 3945 3177 3996 in
3212 3944 3483 4015 juStitiam
3509 3988 3522 4009 ,
3554 3962 3652 4003 ea-

2069 4035 2193 4095 dem
2244 4055 2340 4094 orc
2392 4054 2614 4108 quoque
2661 4037 2917 4093 cunlileri
2965 4035 3031 4091 ad
3073 4038 3305 4091 salutem
3343 4018 3655 4105 debemus,

2071 4134 2231 4187 aliter
2280 4132 2600 4201 imperfecta
2658 4128 2822 4184 nobis
2872 4128 3011 4185 ﬁdes
3060 4145 3229 4187 esset.
3281 4132 3614 4189 Couﬁtenda

2069 4227 2340 4281 cnim’cst
2372 4240 2559 4279 coram
2596 4222 2920 4278 hominibus
2954 4222 3125 4288 ﬁdes,
3171 4225 3217 4280 si
3256 4224 3643 4284 desideramus

2071 4319 2342 4390 promissa
2374 4318 2624 4389 prtetnia.
2675 4321 2745 4371 At
2771 4332 2961 4373 verum
3009 4334 3239 4374 necesse
3284 4331 3367 4374 est
3416 4336 3645 4391 sapere,

2073 4415 2246 4486 igitur
2273 4422 2329 4468 et
2360 4412 2618 4469 conﬁteri
2649 4413 2792 4468 idem
2823 4428 3051 4468 necesse
3080 4424 3186 4468 est.

2140 4530 2391 4601 Amplius
2436 4530 2493 4585 in
2538 4531 2675 4586 actis
2720 4533 2905 4601 quarti
2953 4530 3178 4584 concilii
3228 4528 3285 4585 in
3320 4531 3498 4600 prima
3534 4548 3652 4588 ses-

2070 4626 2263 4692 sione,
2321 4626 2503 4695 primo
2560 4625 2784 4695 quidem
2840 4624 2975 4694 legit
3028 4623 3310 4693 Eutycth
3363 4625 3647 4681 Nicaenum

2070 4719 2435 4790 Symbolum,
2478 4719 2678 4786 deinde
2722 4716 2867 4771 idem
2917 4718 3212 4772 haereticus
3258 4717 3465 4780 infert,
3494 4716 3644 4788 quod

2072 4814 2141 4867 de
2175 4812 2279 4866 hac
2330 4811 2439 4865 ﬁde
2491 4812 2711 4865 Nicena
2765 4809 3024 4865 videlicet
3070 4807 3321 4864 decrevit
3370 4810 3648 4880 Ephesina

2071 4904 2316 4977 synodus
2359 4920 2488 4981 eum
2532 4906 2628 4974 qui
2675 4913 2872 4973 tinetur
2918 4904 3064 4957 hanc
3106 4903 3411 4973 quidquam
3443 4904 3650 4971 addat,

2073 4995 2280 5065 cogitet
2341 5004 2437 5049 aut
2478 4995 2704 5056 doceat,
2755 5009 2909 5047 reum
2956 5009 3078 5048 esse
3115 4994 3339 5061 pinnis,
3395 5010 3518 5064 quae
3569 4996 3645 5051 ibi

2074 5088 2200 5143 dem
2251 5089 2628 5143 continentur.
2684 5092 2752 5139 At
2798 5085 3113 5146 Eusebius.
3148 5087 3451 5156 episc0pus
3481 5088 3650 5160 Dory-

2076 5182 2245 5237 lensis
2266 5220 2281 5243 .
2313 5182 2406 5251 qui
2437 5196 2494 5234 se
2526 5182 2645 5235 zelo
2677 5178 2804 5235 ﬁdei
2842 5190 3223 5234 accusatorem
3263 5181 3434 5250 huius
3472 5183 3651 5237 haere-

2078 5275 2168 5328 tici
2226 5274 2617 5338 constituerat,
2657 5289 2781 5325 cum
2844 5273 2962 5327 haec
3002 5272 3284 5341 audisset,
3324 5275 3653 5331 exclamavit

2075 5369 2267 5422 dicens
2290 5408 2305 5432 ,
2338 5365 2455 5420 Non
2489 5380 2573 5421 est
2604 5365 2709 5419 tale
2740 5366 3049 5432 decretum,
3087 5380 3195 5419 non
3229 5373 3315 5420 est
3347 5380 3523 5419 canon
3553 5368 3648 5436 qui

2078 5460 2181 5514 hoc
2206 5458 2423 5530 iubeat,
2456 5459 2722 5514 mentitus
2750 5467 2854 5511 est.
2894 5457 3083 5511 Patres
3106 5472 3237 5512 vero
3267 5458 3491 5512 concilii
3526 5472 3653 5512 sex-

2075 5551 2222 5607 centi
2274 5560 2331 5603 et
2380 5550 2605 5621 triginta
2664 5565 2899 5607 numero
2945 5551 3032 5605 bis
3072 5550 3313 5615 auditis,
3360 5551 3648 5618 Eutychen

2075 5644 2553 5707 condemnarunt,
2614 5644 2893 5699 nolentem
2962 5660 3156 5714 sapere
3205 5654 3370 5714 atque
3417 5642 3651 5699 credere

2077 5736 2265 5809 aliqua
2308 5738 2442 5799 alia,
2485 5754 2607 5810 quae
2645 5736 2699 5793 in
2732 5737 2958 5795 Nicaeae
3017 5737 3282 5809 Symbolo
3330 5752 3436 5795 non
3466 5737 3647 5793 conti-

3178 5829 3248 5893 Ut
