  <div class='ocr_page' id='page_1' title='image "/cluster/home/n/w/nwhite01/storage/ocr_20150623/161/mdp.39015078384685/301.png"; bbox 0 0 4140 6140; ppageno 0'>
   <div class='ocr_carea' id='block_1_1' title="bbox 487 288 601 395">
    <p class='ocr_par' dir='ltr' id='par_1_1' title="bbox 487 288 601 395">
     <span class='ocr_line' id='line_1_1' title="bbox 487 288 601 395; baseline -0.009 -2"><span class='ocrx_word' id='word_1_1' title='bbox 487 288 601 395; x_wconf 64' lang='lat' dir='ltr'><strong>ﬁli</strong></span> 
     </span>
    </p>
   </div>
   <div class='ocr_carea' id='block_1_2' title="bbox 1492 306 2799 385">
    <p class='ocr_par' dir='ltr' id='par_1_2' title="bbox 1492 306 2799 385">
     <span class='ocr_line' id='line_1_2' title="bbox 1492 306 2799 385; baseline -0.001 -1"><span class='ocrx_word' id='word_1_2' title='bbox 1492 306 2001 385; x_wconf 62' lang='lat' dir='ltr'><strong>BESSA’IHOMS</strong></span> <span class='ocrx_word' id='word_1_3' title='bbox 2021 333 2025 336; x_wconf 52' lang='grc' dir='ltr'>ν</span> <span class='ocrx_word' id='word_1_4' title='bbox 2043 320 2100 381; x_wconf 78' lang='lat' dir='ltr'><strong>s.</strong></span> <span class='ocrx_word' id='word_1_5' title='bbox 2134 320 2204 379; x_wconf 83' lang='lat' dir='ltr'><strong>n.</strong></span> <span class='ocrx_word' id='word_1_6' title='bbox 2241 321 2301 381; x_wconf 88' lang='lat' dir='ltr'><strong>E.</strong></span> <span class='ocrx_word' id='word_1_7' title='bbox 2326 320 2411 378; x_wconf 61' lang='lat' dir='ltr'><strong>ea</strong></span> <span class='ocrx_word' id='word_1_8' title='bbox 2426 320 2552 384; x_wconf 82' lang='lat' dir='ltr'><strong>RD]</strong></span> <span class='ocrx_word' id='word_1_9' title='bbox 2567 313 2799 383; x_wconf 74' lang='lat' dir='ltr'><strong>NALts</strong></span> 
     </span>
    </p>
   </div>
   <div class='ocr_carea' id='block_1_3' title="bbox 3634 305 3761 386">
    <p class='ocr_par' dir='ltr' id='par_1_3' title="bbox 3634 305 3761 386">
     <span class='ocr_line' id='line_1_3' title="bbox 3634 305 3761 386; baseline -0.008 -47"><span class='ocrx_word' id='word_1_10' title='bbox 3634 305 3761 386; x_wconf 38' lang='grc' dir='ltr'><strong>,βου</strong></span> 
     </span>
    </p>
   </div>
   <div class='ocr_carea' id='block_1_4' title="bbox 483 414 3751 523">
    <p class='ocr_par' dir='ltr' id='par_1_4' title="bbox 483 414 3751 523">
     <span class='ocr_line' id='line_1_4' title="bbox 483 414 3751 523; baseline -0.007 -12"><span class='ocrx_word' id='word_1_11' title='bbox 483 464 730 511; x_wconf 67' lang='lat' dir='ltr'><strong>metantur</strong></span> <span class='ocrx_word' id='word_1_12' title='bbox 767 451 1052 523; x_wconf 75' lang='lat' dir='ltr'><strong>explicite.</strong></span> <span class='ocrx_word' id='word_1_13' title='bbox 1090 447 1231 505; x_wconf 79' lang='lat' dir='ltr'><strong>&#39;Alia</strong></span> <span class='ocrx_word' id='word_1_14' title='bbox 1293 462 1424 504; x_wconf 79' lang='lat' dir='ltr'><strong>vero</strong></span> <span class='ocrx_word' id='word_1_15' title='bbox 1469 445 1598 503; x_wconf 83' lang='lat' dir='ltr'><strong>dico</strong></span> <span class='ocrx_word' id='word_1_16' title='bbox 1652 457 1888 497; x_wconf 89' lang='lat' dir='ltr'><strong>numero</strong></span> <span class='ocrx_word' id='word_1_17' title='bbox 1912 483 1926 502; x_wconf 94' lang='lat'><strong>,</strong></span> <span class='ocrx_word' id='word_1_18' title='bbox 1962 455 2072 493; x_wconf 88' lang='lat' dir='ltr'><strong>non</strong></span> <span class='ocrx_word' id='word_1_19' title='bbox 2107 452 2147 505; x_wconf 70' lang='grc' dir='ltr'>Α</span> <span class='ocrx_word' id='word_1_20' title='bbox 2182 454 2277 495; x_wconf 72' lang='lat' dir='ltr'><strong>ires</strong></span> <span class='ocrx_word' id='word_1_21' title='bbox 2317 456 2347 494; x_wconf 65' lang='grc' dir='ltr'><strong>ει</strong></span> <span class='ocrx_word' id='word_1_22' title='bbox 2386 439 2666 510; x_wconf 82' lang='lat' dir='ltr'><strong>praedictis</strong></span> <span class='ocrx_word' id='word_1_23' title='bbox 2704 438 2911 493; x_wconf 86' lang='lat' dir='ltr'><strong>sanctis</strong></span> <span class='ocrx_word' id='word_1_24' title='bbox 2953 435 3211 491; x_wconf 85' lang='lat' dir='ltr'><strong>Patribus</strong></span> <span class='ocrx_word' id='word_1_25' title='bbox 3242 436 3352 503; x_wconf 73' lang='lat' dir='ltr'><strong>iam</strong></span> <span class='ocrx_word' id='word_1_26' title='bbox 3395 414 3601 500; x_wconf 68' lang='lat' dir='ltr'><strong>editos,</strong></span> <span class='ocrx_word' id='word_1_27' title='bbox 3630 446 3695 495; x_wconf 82' lang='lat' dir='ltr'><strong>et</strong></span> <span class='ocrx_word' id='word_1_28' title='bbox 3720 451 3751 491; x_wconf 89' lang='lat' dir='ltr'><strong>a</strong></span> 
     </span>
    </p>
   </div>
   <div class='ocr_carea' id='block_1_5' title="bbox 490 532 2070 608">
    <p class='ocr_par' dir='ltr' id='par_1_5' title="bbox 490 532 2070 608">
     <span class='ocr_line' id='line_1_5' title="bbox 490 532 2070 608; baseline -0.014 -4"><span class='ocrx_word' id='word_1_29' title='bbox 490 557 556 604; x_wconf 90' lang='lat' dir='ltr'><strong>ut</strong></span> <span class='ocrx_word' id='word_1_30' title='bbox 609 543 1046 601; x_wconf 82' lang='lat' dir='ltr'><strong>contradictoria</strong></span> <span class='ocrx_word' id='word_1_31' title='bbox 1087 540 1172 595; x_wconf 90' lang='lat' dir='ltr'><strong>vel</strong></span> <span class='ocrx_word' id='word_1_32' title='bbox 1205 537 1485 594; x_wconf 82' lang='lat' dir='ltr'><strong>contraria</strong></span> <span class='ocrx_word' id='word_1_33' title='bbox 1510 579 1522 602; x_wconf 91' lang='lat'><strong>,</strong></span> <span class='ocrx_word' id='word_1_34' title='bbox 1554 550 1666 608; x_wconf 83' lang='lat' dir='ltr'><strong>quo</strong></span> <span class='ocrx_word' id='word_1_35' title='bbox 1724 534 1821 605; x_wconf 75' lang='lat' dir='ltr'><strong>lit,</strong></span> <span class='ocrx_word' id='word_1_36' title='bbox 1858 541 1915 589; x_wconf 90' lang='lat' dir='ltr'><strong>ut</strong></span> <span class='ocrx_word' id='word_1_37' title='bbox 1950 532 2070 584; x_wconf 83' lang='lat' dir='ltr'><strong>illas</strong></span> 
     </span>
    </p>
   </div>
   <div class='ocr_carea' id='block_1_6' title="bbox 488 632 2062 709">
    <p class='ocr_par' dir='ltr' id='par_1_6' title="bbox 488 632 2062 709">
     <span class='ocr_line' id='line_1_6' title="bbox 488 632 2062 709; baseline -0.014 -8"><span class='ocrx_word' id='word_1_38' title='bbox 488 643 801 700; x_wconf 68' lang='lat' dir='ltr'><strong>additioncs</strong></span> <span class='ocrx_word' id='word_1_39' title='bbox 852 634 1171 709; x_wconf 73' lang='lat' dir='ltr'><strong>putaverint</strong></span> <span class='ocrx_word' id='word_1_40' title='bbox 1213 632 1546 688; x_wconf 84' lang='lat' dir='ltr'><strong>inbibendas</strong></span> <span class='ocrx_word' id='word_1_41' title='bbox 1575 644 1701 685; x_wconf 86' lang='lat' dir='ltr'><strong>esse</strong></span> <span class='ocrx_word' id='word_1_42' title='bbox 1724 671 1739 695; x_wconf 97' lang='lat'><strong>,</strong></span> <span class='ocrx_word' id='word_1_43' title='bbox 1768 643 1894 697; x_wconf 61' lang='lat' dir='ltr'><strong>qua</strong></span> <span class='ocrx_word' id='word_1_44' title='bbox 1929 640 2062 687; x_wconf 61' lang='lat' dir='ltr'><strong>conv</strong></span> 
     </span>
    </p>
   </div>
   <div class='ocr_carea' id='block_1_7' title="bbox 491 721 2071 802">
    <p class='ocr_par' dir='ltr' id='par_1_7' title="bbox 491 721 2071 802">
     <span class='ocr_line' id='line_1_7' title="bbox 491 721 2071 802; baseline -0.013 -10"><span class='ocrx_word' id='word_1_45' title='bbox 491 737 677 792; x_wconf 65' lang='lat' dir='ltr'><strong>traria</strong></span> <span class='ocrx_word' id='word_1_46' title='bbox 722 742 781 790; x_wconf 87' lang='lat' dir='ltr'><strong>et</strong></span> <span class='ocrx_word' id='word_1_47' title='bbox 832 731 1104 802; x_wconf 80' lang='lat' dir='ltr'><strong>appositae</strong></span> <span class='ocrx_word' id='word_1_48' title='bbox 1153 725 1374 783; x_wconf 71' lang='lat' dir='ltr'><strong>veritati</strong></span> <span class='ocrx_word' id='word_1_49' title='bbox 1426 732 1594 787; x_wconf 90' lang='lat' dir='ltr'><strong>sunt,</strong></span> <span class='ocrx_word' id='word_1_50' title='bbox 1640 737 1751 777; x_wconf 91' lang='lat' dir='ltr'><strong>non</strong></span> <span class='ocrx_word' id='word_1_51' title='bbox 1798 721 1917 774; x_wconf 85' lang='lat' dir='ltr'><strong>illas</strong></span> <span class='ocrx_word' id='word_1_52' title='bbox 1948 733 2071 788; x_wconf 77' lang='lat' dir='ltr'><strong>quae</strong></span> 
     </span>
    </p>
   </div>
   <div class='ocr_carea' id='block_1_8' title="bbox 490 812 2071 888">
    <p class='ocr_par' dir='ltr' id='par_1_8' title="bbox 490 812 2071 888">
     <span class='ocr_line' id='line_1_8' title="bbox 490 812 2071 888; baseline -0.016 -1"><span class='ocrx_word' id='word_1_53' title='bbox 490 838 622 887; x_wconf 82' lang='lat' dir='ltr'><strong>sunt</strong></span> <span class='ocrx_word' id='word_1_54' title='bbox 651 835 1061 883; x_wconf 72' lang='lat' dir='ltr'><strong>consentaneae.</strong></span> <span class='ocrx_word' id='word_1_55' title='bbox 1088 821 1243 888; x_wconf 82' lang='lat' dir='ltr'><strong>Quod</strong></span> <span class='ocrx_word' id='word_1_56' title='bbox 1272 818 1421 875; x_wconf 88' lang='lat' dir='ltr'><strong>enim</strong></span> <span class='ocrx_word' id='word_1_57' title='bbox 1448 816 1703 873; x_wconf 84' lang='lat' dir='ltr'><strong>Christus</strong></span> <span class='ocrx_word' id='word_1_58' title='bbox 1731 814 1785 868; x_wconf 88' lang='lat' dir='ltr'><strong>in</strong></span> <span class='ocrx_word' id='word_1_59' title='bbox 1857 812 2071 865; x_wconf 82' lang='lat' dir='ltr'><strong>duabus</strong></span> 
     </span>
    </p>
   </div>
   <div class='ocr_carea' id='block_1_9' title="bbox 490 910 2072 982">
    <p class='ocr_par' dir='ltr' id='par_1_9' title="bbox 490 910 2072 982">
     <span class='ocr_line' id='line_1_9' title="bbox 490 910 2072 982; baseline -0.014 -2"><span class='ocrx_word' id='word_1_60' title='bbox 490 936 548 981; x_wconf 91' lang='lat' dir='ltr'><strong>et</strong></span> <span class='ocrx_word' id='word_1_61' title='bbox 576 939 643 978; x_wconf 77' lang='lat' dir='ltr'><strong>ex</strong></span> <span class='ocrx_word' id='word_1_62' title='bbox 680 920 901 977; x_wconf 78' lang='lat' dir='ltr'><strong>duabus</strong></span> <span class='ocrx_word' id='word_1_63' title='bbox 933 918 1155 975; x_wconf 82' lang='lat' dir='ltr'><strong>naturis</strong></span> <span class='ocrx_word' id='word_1_64' title='bbox 1190 916 1403 982; x_wconf 77' lang='lat' dir='ltr'><strong>absque</strong></span> <span class='ocrx_word' id='word_1_65' title='bbox 1437 910 1769 966; x_wconf 80' lang='lat' dir='ltr'><strong>confusione</strong></span> <span class='ocrx_word' id='word_1_66' title='bbox 1806 922 2072 976; x_wconf 79' lang='lat' dir='ltr'><strong>perinan-</strong></span> 
     </span>
    </p>
   </div>
   <div class='ocr_carea' id='block_1_10' title="bbox 490 1000 2068 1087">
    <p class='ocr_par' dir='ltr' id='par_1_10' title="bbox 490 1000 2068 1087">
     <span class='ocr_line' id='line_1_10' title="bbox 490 1000 2068 1087; baseline -0.014 -13"><span class='ocrx_word' id='word_1_67' title='bbox 490 1017 628 1074; x_wconf 88' lang='lat' dir='ltr'><strong>serit</strong></span> <span class='ocrx_word' id='word_1_68' title='bbox 670 1023 793 1087; x_wconf 89' lang='lat' dir='ltr'><strong>post</strong></span> <span class='ocrx_word' id='word_1_69' title='bbox 843 1012 1028 1068; x_wconf 81' lang='lat' dir='ltr'><strong>carnis</strong></span> <span class='ocrx_word' id='word_1_70' title='bbox 1078 1007 1517 1079; x_wconf 80' lang='lat' dir='ltr'><strong>assumptionem</strong></span> <span class='ocrx_word' id='word_1_71' title='bbox 1544 1044 1558 1067; x_wconf 98' lang='lat'><strong>,</strong></span> <span class='ocrx_word' id='word_1_72' title='bbox 1592 1000 1740 1072; x_wconf 84' lang='lat' dir='ltr'><strong>quod</strong></span> <span class='ocrx_word' id='word_1_73' title='bbox 1788 1000 2068 1068; x_wconf 57' lang='lat' dir='ltr'><strong>Eutyches</strong></span> 
     </span>
    </p>
   </div>
   <div class='ocr_carea' id='block_1_11' title="bbox 489 1092 2070 1182">
    <p class='ocr_par' dir='ltr' id='par_1_11' title="bbox 489 1092 2070 1182">
     <span class='ocr_line' id='line_1_11' title="bbox 489 1092 2070 1182; baseline -0.016 -14"><span class='ocrx_word' id='word_1_74' title='bbox 489 1110 755 1182; x_wconf 77' lang='lat' dir='ltr'><strong>negabat,</strong></span> <span class='ocrx_word' id='word_1_75' title='bbox 806 1116 1127 1176; x_wconf 83' lang='lat' dir='ltr'><strong>quanquam</strong></span> <span class='ocrx_word' id='word_1_76' title='bbox 1177 1096 1327 1156; x_wconf 84' lang='lat' dir='ltr'><strong>aliud</strong></span> <span class='ocrx_word' id='word_1_77' title='bbox 1375 1109 1525 1157; x_wconf 74' lang='lat' dir='ltr'><strong>esset</strong></span> <span class='ocrx_word' id='word_1_78' title='bbox 1568 1111 1598 1149; x_wconf 84' lang='lat' dir='ltr'><strong>a</strong></span> <span class='ocrx_word' id='word_1_79' title='bbox 1641 1093 1868 1149; x_wconf 77' lang='lat' dir='ltr'><strong>Niczeno</strong></span> <span class='ocrx_word' id='word_1_80' title='bbox 1906 1092 2070 1162; x_wconf 78' lang='lat' dir='ltr'><strong>Sym-</strong></span> 
     </span>
    </p>
   </div>
   <div class='ocr_carea' id='block_1_12' title="bbox 488 1184 2070 1265">
    <p class='ocr_par' dir='ltr' id='par_1_12' title="bbox 488 1184 2070 1265">
     <span class='ocr_line' id='line_1_12' title="bbox 488 1184 2070 1265; baseline -0.015 -5"><span class='ocrx_word' id='word_1_81' title='bbox 488 1204 618 1260; x_wconf 77' lang='lat' dir='ltr'><strong>bolo</strong></span> <span class='ocrx_word' id='word_1_82' title='bbox 639 1245 654 1265; x_wconf 91' lang='lat'><strong>,</strong></span> <span class='ocrx_word' id='word_1_83' title='bbox 684 1198 835 1257; x_wconf 82' lang='lat' dir='ltr'><strong>aliud</strong></span> <span class='ocrx_word' id='word_1_84' title='bbox 864 1211 1002 1251; x_wconf 29' lang='lat' dir='ltr'><strong>vero.</strong></span> <span class='ocrx_word' id='word_1_85' title='bbox 1022 1210 1131 1249; x_wconf 90' lang='lat' dir='ltr'><strong>non</strong></span> <span class='ocrx_word' id='word_1_86' title='bbox 1167 1190 1442 1247; x_wconf 83' lang='lat' dir='ltr'><strong>sententia</strong></span> <span class='ocrx_word' id='word_1_87' title='bbox 1469 1228 1483 1253; x_wconf 81' lang='lat'><strong>.</strong></span> <span class='ocrx_word' id='word_1_88' title='bbox 1513 1187 1609 1246; x_wconf 83' lang='lat' dir='ltr'><strong>sed</strong></span> <span class='ocrx_word' id='word_1_89' title='bbox 1637 1184 1823 1249; x_wconf 77' lang='lat' dir='ltr'><strong>verbis</strong></span> <span class='ocrx_word' id='word_1_90' title='bbox 1846 1227 1858 1249; x_wconf 95' lang='lat'><strong>,</strong></span> <span class='ocrx_word' id='word_1_91' title='bbox 1891 1194 2070 1237; x_wconf 80' lang='lat' dir='ltr'><strong>tamen</strong></span> 
     </span>
    </p>
   </div>
   <div class='ocr_carea' id='block_1_13' title="bbox 487 1276 2077 1367">
    <p class='ocr_par' dir='ltr' id='par_1_13' title="bbox 487 1276 2077 1367">
     <span class='ocr_line' id='line_1_13' title="bbox 487 1276 2077 1367; baseline -0.009 -18"><span class='ocrx_word' id='word_1_92' title='bbox 487 1296 764 1367; x_wconf 67' lang='lat' dir='ltr'><strong>cogebant</strong></span> <span class='ocrx_word' id='word_1_93' title='bbox 797 1289 1088 1361; x_wconf 80' lang='lat' dir='ltr'><strong>Eutychen</strong></span> <span class='ocrx_word' id='word_1_94' title='bbox 1110 1326 1125 1352; x_wconf 93' lang='lat'><strong>,</strong></span> <span class='ocrx_word' id='word_1_95' title='bbox 1160 1292 1227 1359; x_wconf 83' lang='lat' dir='ltr'><strong>ut</strong></span> <span class='ocrx_word' id='word_1_96' title='bbox 1254 1283 1362 1341; x_wconf 88' lang='lat' dir='ltr'><strong>hoc</strong></span> <span class='ocrx_word' id='word_1_97' title='bbox 1389 1283 1662 1337; x_wconf 84' lang='lat' dir='ltr'><strong>crederet.</strong></span> <span class='ocrx_word' id='word_1_98' title='bbox 1704 1279 1875 1348; x_wconf 79' lang='lat' dir='ltr'><strong>Igitur</strong></span> <span class='ocrx_word' id='word_1_99' title='bbox 1898 1276 2077 1339; x_wconf 74' lang='lat' dir='ltr'><strong>mani-</strong></span> 
     </span>
    </p>
   </div>
   <div class='ocr_carea' id='block_1_14' title="bbox 490 1371 2073 1459">
    <p class='ocr_par' dir='ltr' id='par_1_14' title="bbox 490 1371 2073 1459">
     <span class='ocr_line' id='line_1_14' title="bbox 490 1371 2073 1459; baseline -0.014 -15"><span class='ocrx_word' id='word_1_100' title='bbox 490 1392 628 1446; x_wconf 79' lang='lat' dir='ltr'><strong>l’este</strong></span> <span class='ocrx_word' id='word_1_101' title='bbox 654 1396 908 1459; x_wconf 65' lang='lat' dir='ltr'><strong>apparet</strong></span> <span class='ocrx_word' id='word_1_102' title='bbox 944 1398 1059 1437; x_wconf 83' lang='lat' dir='ltr'><strong>non</strong></span> <span class='ocrx_word' id='word_1_103' title='bbox 1103 1378 1437 1449; x_wconf 79' lang='lat' dir='ltr'><strong>simpliciter</strong></span> <span class='ocrx_word' id='word_1_104' title='bbox 1470 1376 1618 1429; x_wconf 81' lang='lat' dir='ltr'><strong>aliud</strong></span> <span class='ocrx_word' id='word_1_105' title='bbox 1648 1416 1662 1436; x_wconf 93' lang='lat'><strong>,</strong></span> <span class='ocrx_word' id='word_1_106' title='bbox 1710 1371 1807 1427; x_wconf 87' lang='lat' dir='ltr'><strong>sed</strong></span> <span class='ocrx_word' id='word_1_107' title='bbox 1847 1379 2073 1426; x_wconf 73' lang='lat' dir='ltr'><strong>contra-</strong></span> 
     </span>
    </p>
   </div>
   <div class='ocr_carea' id='block_1_15' title="bbox 490 1459 2075 1537">
    <p class='ocr_par' dir='ltr' id='par_1_15' title="bbox 490 1459 2075 1537">
     <span class='ocr_line' id='line_1_15' title="bbox 490 1459 2075 1537; baseline -0.014 0"><span class='ocrx_word' id='word_1_108' title='bbox 490 1485 635 1537; x_wconf 86' lang='lat' dir='ltr'><strong>rium</strong></span> <span class='ocrx_word' id='word_1_109' title='bbox 691 1476 1011 1537; x_wconf 85' lang='lat' dir='ltr'><strong>inbibuisse</strong></span> <span class='ocrx_word' id='word_1_110' title='bbox 1066 1481 1287 1529; x_wconf 88' lang='lat' dir='ltr'><strong>sanctos</strong></span> <span class='ocrx_word' id='word_1_111' title='bbox 1339 1472 1621 1524; x_wconf 89' lang='lat' dir='ltr'><strong>doctores.</strong></span> <span class='ocrx_word' id='word_1_112' title='bbox 1682 1459 2075 1520; x_wconf 75' lang='lat' dir='ltr'><strong>Anintachrte</strong></span> 
     </span>
    </p>
   </div>
   <div class='ocr_carea' id='block_1_16' title="bbox 488 1554 2078 1641">
    <p class='ocr_par' dir='ltr' id='par_1_16' title="bbox 488 1554 2078 1641">
     <span class='ocr_line' id='line_1_16' title="bbox 488 1554 2078 1641; baseline -0.013 -16"><span class='ocrx_word' id='word_1_113' title='bbox 488 1585 727 1641; x_wconf 66' lang='lat' dir='ltr'><strong>namque.</strong></span> <span class='ocrx_word' id='word_1_114' title='bbox 760 1567 911 1638; x_wconf 83' lang='lat' dir='ltr'><strong>quod</strong></span> <span class='ocrx_word' id='word_1_115' title='bbox 954 1566 1194 1637; x_wconf 72' lang='lat' dir='ltr'><strong>ipsemet</strong></span> <span class='ocrx_word' id='word_1_116' title='bbox 1242 1560 1409 1631; x_wconf 82' lang='lat' dir='ltr'><strong>verba</strong></span> <span class='ocrx_word' id='word_1_117' title='bbox 1459 1558 1609 1612; x_wconf 85' lang='lat' dir='ltr'><strong>tertii</strong></span> <span class='ocrx_word' id='word_1_118' title='bbox 1655 1554 1921 1619; x_wconf 85' lang='lat' dir='ltr'><strong>concilii,</strong></span> <span class='ocrx_word' id='word_1_119' title='bbox 1954 1566 2078 1622; x_wconf 64' lang='lat' dir='ltr'><strong>qua</strong></span> 
     </span>
    </p>
   </div>
   <div class='ocr_carea' id='block_1_17' title="bbox 503 1645 2076 1735">
    <p class='ocr_par' dir='ltr' id='par_1_17' title="bbox 503 1645 2076 1735">
     <span class='ocr_line' id='line_1_17' title="bbox 503 1645 2076 1735; baseline -0.015 -15"><span class='ocrx_word' id='word_1_120' title='bbox 503 1682 605 1721; x_wconf 90' lang='lat' dir='ltr'><strong>nos</strong></span> <span class='ocrx_word' id='word_1_121' title='bbox 640 1663 1014 1735; x_wconf 81' lang='lat' dir='ltr'><strong>proferimus,</strong></span> <span class='ocrx_word' id='word_1_122' title='bbox 1051 1658 1188 1713; x_wconf 80' lang='lat' dir='ltr'><strong>nulli</strong></span> <span class='ocrx_word' id='word_1_123' title='bbox 1215 1653 1473 1715; x_wconf 79' lang='lat' dir='ltr'><strong>videlicet</strong></span> <span class='ocrx_word' id='word_1_124' title='bbox 1505 1651 1675 1706; x_wconf 80' lang='lat' dir='ltr'><strong>licere</strong></span> <span class='ocrx_word' id='word_1_125' title='bbox 1709 1649 1872 1702; x_wconf 85' lang='lat' dir='ltr'><strong>aliam</strong></span> <span class='ocrx_word' id='word_1_126' title='bbox 1909 1645 2076 1699; x_wconf 82' lang='lat' dir='ltr'><strong>fidem</strong></span> 
     </span>
    </p>
   </div>
   <div class='ocr_carea' id='block_1_18' title="bbox 496 1738 2079 1830">
    <p class='ocr_par' dir='ltr' id='par_1_18' title="bbox 496 1738 2079 1830">
     <span class='ocr_line' id='line_1_18' title="bbox 496 1738 2079 1830; baseline -0.016 -15"><span class='ocrx_word' id='word_1_127' title='bbox 496 1759 775 1830; x_wconf 87' lang='lat' dir='ltr'><strong>proferre,</strong></span> <span class='ocrx_word' id='word_1_128' title='bbox 837 1755 956 1810; x_wconf 65' lang='lat' dir='ltr'><strong>haec</strong></span> <span class='ocrx_word' id='word_1_129' title='bbox 980 1752 1176 1807; x_wconf 82' lang='lat' dir='ltr'><strong>eadem</strong></span> <span class='ocrx_word' id='word_1_130' title='bbox 1227 1749 1505 1819; x_wconf 75' lang='lat' dir='ltr'><strong>Eutychos</strong></span> <span class='ocrx_word' id='word_1_131' title='bbox 1554 1758 1657 1821; x_wconf 85' lang='lat' dir='ltr'><strong>pro</strong></span> <span class='ocrx_word' id='word_1_132' title='bbox 1706 1758 1765 1798; x_wconf 87' lang='lat' dir='ltr'><strong>se</strong></span> <span class='ocrx_word' id='word_1_133' title='bbox 1810 1738 2079 1811; x_wconf 83' lang='lat' dir='ltr'><strong>produce-</strong></span> 
     </span>
    </p>
   </div>
   <div class='ocr_carea' id='block_1_19' title="bbox 492 1832 2151 1926">
    <p class='ocr_par' dir='ltr' id='par_1_19' title="bbox 492 1832 2151 1926">
     <span class='ocr_line' id='line_1_19' title="bbox 492 1832 2151 1926; baseline -0.016 -17"><span class='ocrx_word' id='word_1_134' title='bbox 492 1857 611 1909; x_wconf 88' lang='lat' dir='ltr'><strong>hat.</strong></span> <span class='ocrx_word' id='word_1_135' title='bbox 660 1853 967 1922; x_wconf 78' lang='lat' dir='ltr'><strong>Episcopus</strong></span> <span class='ocrx_word' id='word_1_136' title='bbox 1007 1860 1139 1901; x_wconf 73' lang='lat' dir='ltr'><strong>vero</strong></span> <span class='ocrx_word' id='word_1_137' title='bbox 1184 1842 1537 1914; x_wconf 82' lang='lat' dir='ltr'><strong>Dorylensis,</strong></span> <span class='ocrx_word' id='word_1_138' title='bbox 1570 1850 1625 1893; x_wconf 84' lang='lat' dir='ltr'><strong>et</strong></span> <span class='ocrx_word' id='word_1_139' title='bbox 1670 1846 1849 1897; x_wconf 76' lang='lat' dir='ltr'><strong>totum</strong></span> <span class='ocrx_word' id='word_1_140' title='bbox 1897 1832 2080 1887; x_wconf 86' lang='lat' dir='ltr'><strong>conci-</strong></span> <span class='ocrx_word' id='word_1_141' title='bbox 2113 1872 2151 1926; x_wconf 75' lang='grc' dir='ltr'>Β</span> 
     </span>
    </p>
   </div>
   <div class='ocr_carea' id='block_1_20' title="bbox 492 1928 2080 2009">
    <p class='ocr_par' dir='ltr' id='par_1_20' title="bbox 492 1928 2080 2009">
     <span class='ocr_line' id='line_1_20' title="bbox 492 1928 2080 2009; baseline -0.016 -2"><span class='ocrx_word' id='word_1_142' title='bbox 492 1951 629 2007; x_wconf 89' lang='lat' dir='ltr'><strong>lium</strong></span> <span class='ocrx_word' id='word_1_143' title='bbox 660 1987 674 2009; x_wconf 94' lang='lat'><strong>,</strong></span> <span class='ocrx_word' id='word_1_144' title='bbox 706 1938 824 2000; x_wconf 74' lang='lat' dir='ltr'><strong>Non</strong></span> <span class='ocrx_word' id='word_1_145' title='bbox 849 1936 1093 1997; x_wconf 47' lang='lat' dir='ltr'><strong>&#39;est‘talis</strong></span> <span class='ocrx_word' id='word_1_146' title='bbox 1141 1934 1346 1999; x_wconf 88' lang='lat' dir='ltr'><strong>canon,</strong></span> <span class='ocrx_word' id='word_1_147' title='bbox 1372 1934 1790 1992; x_wconf 75' lang='lat' dir='ltr'><strong>exclamarunt,</strong></span> <span class='ocrx_word' id='word_1_148' title='bbox 1831 1928 1926 1997; x_wconf 87' lang='lat' dir='ltr'><strong>qui</strong></span> <span class='ocrx_word' id='word_1_149' title='bbox 1968 1928 2080 1981; x_wconf 85' lang='lat' dir='ltr'><strong>hoc</strong></span> 
     </span>
    </p>
   </div>
   <div class='ocr_carea' id='block_1_21' title="bbox 491 2024 2078 2114">
    <p class='ocr_par' dir='ltr' id='par_1_21' title="bbox 491 2024 2078 2114">
     <span class='ocr_line' id='line_1_21' title="bbox 491 2024 2078 2114; baseline -0.018 -16"><span class='ocrx_word' id='word_1_150' title='bbox 491 2045 683 2114; x_wconf 64' lang='lat' dir='ltr'><strong>lubeat</strong></span> <span class='ocrx_word' id='word_1_151' title='bbox 705 2081 719 2106; x_wconf 86' lang='lat'><strong>,</strong></span> <span class='ocrx_word' id='word_1_152' title='bbox 754 2046 809 2094; x_wconf 81' lang='lat' dir='ltr'><strong>et</strong></span> <span class='ocrx_word' id='word_1_153' title='bbox 836 2036 990 2091; x_wconf 89' lang='lat' dir='ltr'><strong>illum</strong></span> <span class='ocrx_word' id='word_1_154' title='bbox 1020 2029 1466 2087; x_wconf 77' lang='lat' dir='ltr'><strong>condemnarunt</strong></span> <span class='ocrx_word' id='word_1_155' title='bbox 1492 2037 1753 2093; x_wconf 80' lang='lat' dir='ltr'><strong>tauquam</strong></span> <span class='ocrx_word' id='word_1_156' title='bbox 1781 2024 1890 2074; x_wconf 85' lang='lat' dir='ltr'><strong>&#39;nen</strong></span> <span class='ocrx_word' id='word_1_157' title='bbox 1926 2026 2078 2074; x_wconf 88' lang='lat' dir='ltr'><strong>recte</strong></span> 
     </span>
    </p>
   </div>
   <div class='ocr_carea' id='block_1_22' title="bbox 495 2114 2078 2200">
    <p class='ocr_par' dir='ltr' id='par_1_22' title="bbox 495 2114 2078 2200">
     <span class='ocr_line' id='line_1_22' title="bbox 495 2114 2078 2200; baseline -0.018 -8"><span class='ocrx_word' id='word_1_158' title='bbox 495 2135 891 2200; x_wconf 71' lang='lat' dir='ltr'><strong>intelligentem</strong></span> <span class='ocrx_word' id='word_1_159' title='bbox 923 2129 1071 2183; x_wconf 88' lang='lat' dir='ltr'><strong>hunc</strong></span> <span class='ocrx_word' id='word_1_160' title='bbox 1100 2137 1393 2181; x_wconf 81' lang='lat' dir='ltr'><strong>canonem.</strong></span> <span class='ocrx_word' id='word_1_161' title='bbox 1419 2117 1740 2187; x_wconf 76' lang='lat' dir='ltr'><strong>Exponeliat</strong></span> <span class='ocrx_word' id='word_1_162' title='bbox 1765 2114 2078 2169; x_wconf 87' lang='lat' dir='ltr'><strong>enimeum</strong></span> 
     </span>
    </p>
   </div>
   <div class='ocr_carea' id='block_1_23' title="bbox 494 2207 2077 2303">
    <p class='ocr_par' dir='ltr' id='par_1_23' title="bbox 494 2207 2077 2303">
     <span class='ocr_line' id='line_1_23' title="bbox 494 2207 2077 2303; baseline -0.016 -19"><span class='ocrx_word' id='word_1_163' title='bbox 494 2225 965 2303; x_wconf 82' lang='lat' dir='ltr'><strong>quemadmodum</strong></span> <span class='ocrx_word' id='word_1_164' title='bbox 1003 2232 1061 2279; x_wconf 88' lang='lat' dir='ltr'><strong>et</strong></span> <span class='ocrx_word' id='word_1_165' title='bbox 1108 2217 1284 2274; x_wconf 83' lang='lat' dir='ltr'><strong>nostri</strong></span> <span class='ocrx_word' id='word_1_166' title='bbox 1336 2229 1503 2270; x_wconf 86' lang='lat' dir='ltr'><strong>omne</strong></span> <span class='ocrx_word' id='word_1_167' title='bbox 1547 2210 1698 2266; x_wconf 83' lang='lat' dir='ltr'><strong>aliud</strong></span> <span class='ocrx_word' id='word_1_168' title='bbox 1727 2207 2077 2280; x_wconf 79' lang='lat' dir='ltr'><strong>simpliciter,</strong></span> 
     </span>
    </p>
   </div>
   <div class='ocr_carea' id='block_1_24' title="bbox 494 2299 2071 2382">
    <p class='ocr_par' dir='ltr' id='par_1_24' title="bbox 494 2299 2071 2382">
     <span class='ocr_line' id='line_1_24' title="bbox 494 2299 2071 2382; baseline -0.017 -2"><span class='ocrx_word' id='word_1_169' title='bbox 494 2299 663 2382; x_wconf 81' lang='lat' dir='ltr'><strong>etiam</strong></span> <span class='ocrx_word' id='word_1_170' title='bbox 692 2319 737 2376; x_wconf 87' lang='lat' dir='ltr'><strong>si</strong></span> <span class='ocrx_word' id='word_1_171' title='bbox 768 2326 918 2375; x_wconf 85' lang='lat' dir='ltr'><strong>esset</strong></span> <span class='ocrx_word' id='word_1_172' title='bbox 944 2313 1262 2370; x_wconf 83' lang='lat' dir='ltr'><strong>differentia</strong></span> <span class='ocrx_word' id='word_1_173' title='bbox 1295 2305 1541 2365; x_wconf 77' lang='lat' dir='ltr'><strong>verbalis</strong></span> <span class='ocrx_word' id='word_1_174' title='bbox 1565 2345 1579 2371; x_wconf 92' lang='lat'><strong>,</strong></span> <span class='ocrx_word' id='word_1_175' title='bbox 1608 2313 1815 2376; x_wconf 86' lang='lat' dir='ltr'><strong>putans</strong></span> <span class='ocrx_word' id='word_1_176' title='bbox 1858 2299 2071 2355; x_wconf 73' lang='lat' dir='ltr'><strong>inhibi-</strong></span> 
     </span>
    </p>
   </div>
   <div class='ocr_carea' id='block_1_25' title="bbox 499 2391 2081 2475">
    <p class='ocr_par' dir='ltr' id='par_1_25' title="bbox 499 2391 2081 2475">
     <span class='ocr_line' id='line_1_25' title="bbox 499 2391 2081 2475; baseline -0.019 -2"><span class='ocrx_word' id='word_1_177' title='bbox 499 2427 617 2473; x_wconf 88' lang='lat' dir='ltr'><strong>tum</strong></span> <span class='ocrx_word' id='word_1_178' title='bbox 663 2428 808 2470; x_wconf 88' lang='lat' dir='ltr'><strong>esse.</strong></span> <span class='ocrx_word' id='word_1_179' title='bbox 856 2409 1035 2475; x_wconf 82' lang='lat' dir='ltr'><strong>Quam</strong></span> <span class='ocrx_word' id='word_1_180' title='bbox 1078 2404 1487 2475; x_wconf 80' lang='lat' dir='ltr'><strong>expositionem</strong></span> <span class='ocrx_word' id='word_1_181' title='bbox 1536 2396 1782 2475; x_wconf 78' lang='lat' dir='ltr'><strong>Synodus</strong></span> <span class='ocrx_word' id='word_1_182' title='bbox 1833 2391 2081 2456; x_wconf 89' lang='lat' dir='ltr'><strong>refellit,</strong></span> 
     </span>
    </p>
   </div>
   <div class='ocr_carea' id='block_1_26' title="bbox 496 2483 2079 2576">
    <p class='ocr_par' dir='ltr' id='par_1_26' title="bbox 496 2483 2079 2576">
     <span class='ocr_line' id='line_1_26' title="bbox 496 2483 2079 2576; baseline -0.018 -11"><span class='ocrx_word' id='word_1_183' title='bbox 496 2524 612 2565; x_wconf 88' lang='lat' dir='ltr'><strong>non</strong></span> <span class='ocrx_word' id='word_1_184' title='bbox 640 2490 851 2576; x_wconf 80' lang='lat' dir='ltr'><strong>negans</strong></span> <span class='ocrx_word' id='word_1_185' title='bbox 882 2502 1000 2557; x_wconf 70' lang='lat' dir='ltr'><strong>haec</strong></span> <span class='ocrx_word' id='word_1_186' title='bbox 1029 2499 1196 2554; x_wconf 84' lang='lat' dir='ltr'><strong>verba</strong></span> <span class='ocrx_word' id='word_1_187' title='bbox 1237 2496 1294 2550; x_wconf 88' lang='lat' dir='ltr'><strong>in</strong></span> <span class='ocrx_word' id='word_1_188' title='bbox 1328 2497 1547 2549; x_wconf 87' lang='lat' dir='ltr'><strong>cano‘ne</strong></span> <span class='ocrx_word' id='word_1_189' title='bbox 1576 2487 1866 2560; x_wconf 77' lang='lat' dir='ltr'><strong>Epltesioo</strong></span> <span class='ocrx_word' id='word_1_190' title='bbox 1898 2483 2079 2539; x_wconf 87' lang='lat' dir='ltr'><strong>conti-</strong></span> 
     </span>
    </p>
   </div>
   <div class='ocr_carea' id='block_1_27' title="bbox 497 2579 2080 2661">
    <p class='ocr_par' dir='ltr' id='par_1_27' title="bbox 497 2579 2080 2661">
     <span class='ocr_line' id='line_1_27' title="bbox 497 2579 2080 2661; baseline -0.015 -1"><span class='ocrx_word' id='word_1_191' title='bbox 497 2602 661 2661; x_wconf 87' lang='lat' dir='ltr'><strong>neri:</strong></span> <span class='ocrx_word' id='word_1_192' title='bbox 704 2599 872 2654; x_wconf 88' lang='lat' dir='ltr'><strong>aliam</strong></span> <span class='ocrx_word' id='word_1_193' title='bbox 922 2602 1101 2649; x_wconf 87' lang='lat' dir='ltr'><strong>tamen</strong></span> <span class='ocrx_word' id='word_1_194' title='bbox 1132 2592 1293 2645; x_wconf 75' lang='lat' dir='ltr'><strong>[item</strong></span> <span class='ocrx_word' id='word_1_195' title='bbox 1342 2592 1583 2658; x_wconf 85' lang='lat' dir='ltr'><strong>putans,</strong></span> <span class='ocrx_word' id='word_1_196' title='bbox 1632 2598 1754 2653; x_wconf 83' lang='lat' dir='ltr'><strong>quae</strong></span> <span class='ocrx_word' id='word_1_197' title='bbox 1802 2579 2080 2639; x_wconf 74' lang='lat' dir='ltr'><strong>contraria</strong></span> 
     </span>
    </p>
   </div>
   <div class='ocr_carea' id='block_1_28' title="bbox 413 2668 2079 2759">
    <p class='ocr_par' dir='ltr' id='par_1_28' title="bbox 413 2668 2079 2759">
     <span class='ocr_line' id='line_1_28' title="bbox 413 2668 2079 2759; baseline -0.018 -6"><span class='ocrx_word' id='word_1_198' title='bbox 413 2718 415 2720; x_wconf 88' lang='grc'>·</span> <span class='ocrx_word' id='word_1_199' title='bbox 482 2694 771 2759; x_wconf 64' lang='grc' dir='ltr'><strong>’ταωῑῇ</strong></span> <span class='ocrx_word' id='word_1_200' title='bbox 830 2685 941 2745; x_wconf 68' lang='lat' dir='ltr'><strong>non</strong></span> <span class='ocrx_word' id='word_1_201' title='bbox 994 2693 1119 2756; x_wconf 70' lang='lat' dir='ltr'><strong>qua:</strong></span> <span class='ocrx_word' id='word_1_202' title='bbox 1162 2681 1357 2738; x_wconf 82' lang='lat' dir='ltr'><strong>verbis</strong></span> <span class='ocrx_word' id='word_1_203' title='bbox 1413 2677 1725 2743; x_wconf 66' lang='lat' dir='ltr'><strong>diderens,</strong></span> <span class='ocrx_word' id='word_1_204' title='bbox 1783 2668 2079 2727; x_wconf 77' lang='lat' dir='ltr'><strong>sententiis</strong></span> 
     </span>
    </p>
   </div>
   <div class='ocr_carea' id='block_1_29' title="bbox 499 2762 1341 2844">
    <p class='ocr_par' dir='ltr' id='par_1_29' title="bbox 499 2762 1341 2844">
     <span class='ocr_line' id='line_1_29' title="bbox 499 2762 1341 2844; baseline -0.023 1"><span class='ocrx_word' id='word_1_205' title='bbox 499 2776 818 2844; x_wconf 75' lang='lat' dir='ltr'><strong>concors-et</strong></span> <span class='ocrx_word' id='word_1_206' title='bbox 846 2762 1217 2838; x_wconf 69' lang='lat' dir='ltr'><strong>consentanea</strong></span> <span class='ocrx_word' id='word_1_207' title='bbox 1247 2775 1341 2829; x_wconf 85' lang='lat' dir='ltr'><strong>sit.</strong></span> 
     </span>
    </p>
   </div>
   <div class='ocr_carea' id='block_1_30' title="bbox 570 2863 2087 2933">
    <p class='ocr_par' dir='ltr' id='par_1_30' title="bbox 570 2863 2087 2933">
     <span class='ocr_line' id='line_1_30' title="bbox 570 2863 2087 2933; baseline -0.018 0"><span class='ocrx_word' id='word_1_208' title='bbox 570 2876 713 2933; x_wconf 80' lang='lat' dir='ltr'><strong>item</strong></span> <span class='ocrx_word' id='word_1_209' title='bbox 755 2868 811 2928; x_wconf 76' lang='lat' dir='ltr'><strong>iit</strong></span> <span class='ocrx_word' id='word_1_210' title='bbox 853 2872 997 2929; x_wconf 86' lang='lat' dir='ltr'><strong>libro</strong></span> <span class='ocrx_word' id='word_1_211' title='bbox 1025 2875 1302 2928; x_wconf 86' lang='lat' dir='ltr'><strong>canonum</strong></span> <span class='ocrx_word' id='word_1_212' title='bbox 1338 2863 1705 2919; x_wconf 79' lang='lat' dir='ltr'><strong>conciliorum</strong></span> <span class='ocrx_word' id='word_1_213' title='bbox 1732 2900 1748 2925; x_wconf 92' lang='lat'><strong>,</strong></span> <span class='ocrx_word' id='word_1_214' title='bbox 1777 2870 1919 2927; x_wconf 87' lang='lat' dir='ltr'><strong>quos</strong></span> <span class='ocrx_word' id='word_1_215' title='bbox 1977 2867 2087 2907; x_wconf 85' lang='lat' dir='ltr'><strong>no-</strong></span> 
     </span>
    </p>
   </div>
   <div class='ocr_carea' id='block_1_31' title="bbox 504 2949 2092 3034">
    <p class='ocr_par' dir='ltr' id='par_1_31' title="bbox 504 2949 2092 3034">
     <span class='ocr_line' id='line_1_31' title="bbox 504 2949 2092 3034; baseline -0.018 -7"><span class='ocrx_word' id='word_1_216' title='bbox 504 2970 622 3027; x_wconf 85' lang='lat' dir='ltr'><strong>ster</strong></span> <span class='ocrx_word' id='word_1_217' title='bbox 654 2966 901 3024; x_wconf 73' lang='lat' dir='ltr'><strong>Zdnaras</strong></span> <span class='ocrx_word' id='word_1_218' title='bbox 950 2963 1213 3034; x_wconf 77' lang='lat' dir='ltr'><strong>exponit,</strong></span> <span class='ocrx_word' id='word_1_219' title='bbox 1271 2958 1324 3014; x_wconf 88' lang='lat' dir='ltr'><strong>in</strong></span> <span class='ocrx_word' id='word_1_220' title='bbox 1372 2972 1477 3021; x_wconf 87' lang='lat' dir='ltr'><strong>eo,</strong></span> <span class='ocrx_word' id='word_1_221' title='bbox 1527 2956 1787 3024; x_wconf 86' lang='lat' dir='ltr'><strong>inquam,</strong></span> <span class='ocrx_word' id='word_1_222' title='bbox 1822 2949 1967 3003; x_wconf 84' lang='lat' dir='ltr'><strong>libro</strong></span> <span class='ocrx_word' id='word_1_223' title='bbox 2004 2952 2092 3000; x_wconf 86' lang='lat' dir='ltr'><strong>est</strong></span> 
     </span>
    </p>
   </div>
   <div class='ocr_carea' id='block_1_32' title="bbox 494 3039 2089 3129">
    <p class='ocr_par' dir='ltr' id='par_1_32' title="bbox 494 3039 2089 3129">
     <span class='ocr_line' id='line_1_32' title="bbox 494 3039 2089 3129; baseline -0.018 -7"><span class='ocrx_word' id='word_1_224' title='bbox 494 3069 623 3129; x_wconf 69' lang='lat' dir='ltr'><strong>‘Jttnc</strong></span> <span class='ocrx_word' id='word_1_225' title='bbox 671 3061 930 3121; x_wconf 67' lang='lat' dir='ltr'><strong>iuhibi‘tio</strong></span> <span class='ocrx_word' id='word_1_226' title='bbox 982 3058 1129 3113; x_wconf 81' lang='lat' dir='ltr'><strong>tertii</strong></span> <span class='ocrx_word' id='word_1_227' title='bbox 1179 3042 1452 3113; x_wconf 82' lang='lat' dir='ltr'><strong>concilii.</strong></span> <span class='ocrx_word' id='word_1_228' title='bbox 1485 3051 1573 3109; x_wconf 81' lang='lat' dir='ltr'><strong>bis</strong></span> <span class='ocrx_word' id='word_1_229' title='bbox 1620 3046 1876 3101; x_wconf 81' lang='lat' dir='ltr'><strong>videlicet</strong></span> <span class='ocrx_word' id='word_1_230' title='bbox 1928 3039 2089 3097; x_wconf 87' lang='lat' dir='ltr'><strong>lectis</strong></span> 
     </span>
    </p>
   </div>
   <div class='ocr_carea' id='block_1_33' title="bbox 502 3132 2082 3219">
    <p class='ocr_par' dir='ltr' id='par_1_33' title="bbox 502 3132 2082 3219">
     <span class='ocr_line' id='line_1_33' title="bbox 502 3132 2082 3219; baseline -0.02 -4"><span class='ocrx_word' id='word_1_231' title='bbox 502 3155 895 3215; x_wconf 74' lang='lat' dir='ltr'><strong>determinavit</strong></span> <span class='ocrx_word' id='word_1_232' title='bbox 923 3152 1111 3207; x_wconf 73' lang='lat' dir='ltr'><strong>sancta</strong></span> <span class='ocrx_word' id='word_1_233' title='bbox 1146 3147 1412 3219; x_wconf 72' lang='lat' dir='ltr'><strong>synodus,</strong></span> <span class='ocrx_word' id='word_1_234' title='bbox 1448 3152 1502 3196; x_wconf 88' lang='lat' dir='ltr'><strong>et</strong></span> <span class='ocrx_word' id='word_1_235' title='bbox 1530 3151 1616 3197; x_wconf 76' lang='lat' dir='ltr'><strong>est</strong></span> <span class='ocrx_word' id='word_1_236' title='bbox 1644 3142 1793 3195; x_wconf 86' lang='lat' dir='ltr'><strong>inter</strong></span> <span class='ocrx_word' id='word_1_237' title='bbox 1823 3132 2082 3207; x_wconf 75' lang='lat' dir='ltr'><strong>ejusdem</strong></span> 
     </span>
    </p>
   </div>
   <div class='ocr_carea' id='block_1_34' title="bbox 2171 524 3753 595">
    <p class='ocr_par' dir='ltr' id='par_1_34' title="bbox 2171 524 3753 595">
     <span class='ocr_line' id='line_1_34' title="bbox 2171 524 3753 595; baseline -0.003 -11"><span class='ocrx_word' id='word_1_238' title='bbox 2171 528 2491 584; x_wconf 77' lang='lat' dir='ltr'><strong>Christiano</strong></span> <span class='ocrx_word' id='word_1_239' title='bbox 2533 529 2816 583; x_wconf 86' lang='lat' dir='ltr'><strong>consortio</strong></span> <span class='ocrx_word' id='word_1_240' title='bbox 2863 536 3122 595; x_wconf 85' lang='lat' dir='ltr'><strong>tauquam</strong></span> <span class='ocrx_word' id='word_1_241' title='bbox 3165 524 3378 578; x_wconf 83' lang='lat' dir='ltr'><strong>alienus</strong></span> <span class='ocrx_word' id='word_1_242' title='bbox 3421 524 3665 594; x_wconf 79' lang='lat' dir='ltr'><strong>pellatur</strong></span> <span class='ocrx_word' id='word_1_243' title='bbox 3694 532 3753 581; x_wconf 82' lang='lat' dir='ltr'><strong>et</strong></span> 
     </span>
    </p>
   </div>
   <div class='ocr_carea' id='block_1_35' title="bbox 2173 616 3753 697">
    <p class='ocr_par' dir='ltr' id='par_1_35' title="bbox 2173 616 3753 697">
     <span class='ocr_line' id='line_1_35' title="bbox 2173 616 3753 697; baseline -0.003 -22"><span class='ocrx_word' id='word_1_244' title='bbox 2173 620 2521 697; x_wconf 57' lang='lat' dir='ltr'><strong>proficiatur.</strong></span> <span class='ocrx_word' id='word_1_245' title='bbox 2558 620 2670 675; x_wconf 86' lang='lat' dir='ltr'><strong>Nos</strong></span> <span class='ocrx_word' id='word_1_246' title='bbox 2697 620 2846 674; x_wconf 87' lang='lat' dir='ltr'><strong>enim</strong></span> <span class='ocrx_word' id='word_1_247' title='bbox 2902 633 3005 672; x_wconf 88' lang='lat' dir='ltr'><strong>nec</strong></span> <span class='ocrx_word' id='word_1_248' title='bbox 3052 616 3258 671; x_wconf 76' lang='lat' dir='ltr'><strong>addere</strong></span> <span class='ocrx_word' id='word_1_249' title='bbox 3324 630 3505 684; x_wconf 78' lang='lat' dir='ltr'><strong>neque</strong></span> <span class='ocrx_word' id='word_1_250' title='bbox 3536 616 3753 671; x_wconf 78' lang='lat' dir='ltr'><strong>auferre</strong></span> 
     </span>
    </p>
   </div>
   <div class='ocr_carea' id='block_1_36' title="bbox 2175 708 3755 789">
    <p class='ocr_par' dir='ltr' id='par_1_36' title="bbox 2175 708 3755 789">
     <span class='ocr_line' id='line_1_36' title="bbox 2175 708 3755 789; baseline -0.005 -20"><span class='ocrx_word' id='word_1_251' title='bbox 2175 715 2476 787; x_wconf 67' lang='lat' dir='ltr'><strong>quidquam</strong></span> <span class='ocrx_word' id='word_1_252' title='bbox 2530 714 2759 789; x_wconf 84' lang='lat' dir='ltr'><strong>omnino</strong></span> <span class='ocrx_word' id='word_1_253' title='bbox 2810 711 2889 766; x_wconf 82' lang='lat' dir='ltr'><strong>\el</strong></span> <span class='ocrx_word' id='word_1_254' title='bbox 2946 714 3289 778; x_wconf 66' lang='lat' dir='ltr'><strong>cogitamus,</strong></span> <span class='ocrx_word' id='word_1_255' title='bbox 3338 708 3420 761; x_wconf 80' lang='lat' dir='ltr'><strong>vel</strong></span> <span class='ocrx_word' id='word_1_256' title='bbox 3459 722 3755 777; x_wconf 79' lang='lat' dir='ltr'><strong>possumus</strong></span> 
     </span>
    </p>
   </div>
   <div class='ocr_carea' id='block_1_37' title="bbox 2165 800 3751 877">
    <p class='ocr_par' dir='ltr' id='par_1_37' title="bbox 2165 800 3751 877">
     <span class='ocr_line' id='line_1_37' title="bbox 2165 800 3751 877; baseline -0.008 -14"><span class='ocrx_word' id='word_1_257' title='bbox 2165 824 2421 864; x_wconf 77' lang='lat' dir='ltr'><strong>canones</strong></span> <span class='ocrx_word' id='word_1_258' title='bbox 2468 807 2767 877; x_wconf 68' lang='lat' dir='ltr'><strong>prmdictos</strong></span> <span class='ocrx_word' id='word_1_259' title='bbox 2804 814 3133 877; x_wconf 72' lang='lat' dir='ltr'><strong>sequentes.</strong></span> <span class='ocrx_word' id='word_1_260' title='bbox 3188 801 3287 856; x_wconf 90' lang='lat' dir='ltr'><strong>llic</strong></span> <span class='ocrx_word' id='word_1_261' title='bbox 3336 816 3516 856; x_wconf 84' lang='lat' dir='ltr'><strong>canon</strong></span> <span class='ocrx_word' id='word_1_262' title='bbox 3569 800 3751 854; x_wconf 82' lang='lat' dir='ltr'><strong>mani—</strong></span> 
     </span>
    </p>
   </div>
   <div class='ocr_carea' id='block_1_38' title="bbox 2177 892 3750 956">
    <p class='ocr_par' dir='ltr' id='par_1_38' title="bbox 2177 892 3750 956">
     <span class='ocr_line' id='line_1_38' title="bbox 2177 892 3750 956; baseline -0.007 -1"><span class='ocrx_word' id='word_1_263' title='bbox 2177 903 2315 955; x_wconf 84' lang='lat' dir='ltr'><strong>feste</strong></span> <span class='ocrx_word' id='word_1_264' title='bbox 2345 898 2593 954; x_wconf 79' lang='lat' dir='ltr'><strong>declarat</strong></span> <span class='ocrx_word' id='word_1_265' title='bbox 2620 896 2765 951; x_wconf 85' lang='lat' dir='ltr'><strong>tertii</strong></span> <span class='ocrx_word' id='word_1_266' title='bbox 2795 895 3017 951; x_wconf 83' lang='lat' dir='ltr'><strong>concilii</strong></span> <span class='ocrx_word' id='word_1_267' title='bbox 3050 895 3335 951; x_wconf 87' lang='lat' dir='ltr'><strong>decretum</strong></span> <span class='ocrx_word' id='word_1_268' title='bbox 3363 932 3377 955; x_wconf 85' lang='lat'><em>.</em></span> <span class='ocrx_word' id='word_1_269' title='bbox 3409 902 3464 955; x_wconf 83' lang='lat' dir='ltr'><strong>et</strong></span> <span class='ocrx_word' id='word_1_270' title='bbox 3490 892 3750 956; x_wconf 77' lang='lat' dir='ltr'><strong>aliorum,</strong></span> 
     </span>
    </p>
   </div>
   <div class='ocr_carea' id='block_1_39' title="bbox 2175 982 3754 1063">
    <p class='ocr_par' dir='ltr' id='par_1_39' title="bbox 2175 982 3754 1063">
     <span class='ocr_line' id='line_1_39' title="bbox 2175 982 3754 1063; baseline -0.007 -16"><span class='ocrx_word' id='word_1_271' title='bbox 2175 1008 2296 1063; x_wconf 64' lang='lat' dir='ltr'><strong>qua</strong></span> <span class='ocrx_word' id='word_1_272' title='bbox 2331 992 2618 1053; x_wconf 88' lang='lat' dir='ltr'><strong>inhibent,</strong></span> <span class='ocrx_word' id='word_1_273' title='bbox 2650 1006 2719 1045; x_wconf 88' lang='lat' dir='ltr'><strong>ne</strong></span> <span class='ocrx_word' id='word_1_274' title='bbox 2754 984 2879 1059; x_wconf 79' lang='lat' dir='ltr'><strong>quis</strong></span> <span class='ocrx_word' id='word_1_275' title='bbox 2908 988 3071 1041; x_wconf 74' lang='lat' dir='ltr'><strong>al’am</strong></span> <span class='ocrx_word' id='word_1_276' title='bbox 3110 984 3366 1057; x_wconf 62' lang='lat' dir='ltr'><strong>prxfcrat</strong></span> <span class='ocrx_word' id='word_1_277' title='bbox 3404 982 3591 1048; x_wconf 78' lang='lat' dir='ltr'><strong>ﬁdem,</strong></span> <span class='ocrx_word' id='word_1_278' title='bbox 3627 987 3754 1043; x_wconf 82' lang='lat' dir='ltr'><strong>cuni</strong></span> 
     </span>
    </p>
   </div>
   <div class='ocr_carea' id='block_1_40' title="bbox 2175 1068 3756 1155">
    <p class='ocr_par' dir='ltr' id='par_1_40' title="bbox 2175 1068 3756 1155">
     <span class='ocr_line' id='line_1_40' title="bbox 2175 1068 3756 1155; baseline -0.008 -15"><span class='ocrx_word' id='word_1_279' title='bbox 2175 1086 2361 1150; x_wconf 88' lang='lat' dir='ltr'><strong>dicat,</strong></span> <span class='ocrx_word' id='word_1_280' title='bbox 2393 1085 2543 1155; x_wconf 89' lang='lat' dir='ltr'><strong>quod</strong></span> <span class='ocrx_word' id='word_1_281' title='bbox 2581 1085 2627 1138; x_wconf 70' lang='lat' dir='ltr'><strong>si</strong></span> <span class='ocrx_word' id='word_1_282' title='bbox 2662 1083 2786 1152; x_wconf 90' lang='lat' dir='ltr'><strong>quis</strong></span> <span class='ocrx_word' id='word_1_283' title='bbox 2823 1068 3110 1136; x_wconf 80' lang='lat' dir='ltr'><strong>contraire</strong></span> <span class='ocrx_word' id='word_1_284' title='bbox 3138 1070 3366 1135; x_wconf 82' lang='lat' dir='ltr'><strong>Patrum</strong></span> <span class='ocrx_word' id='word_1_285' title='bbox 3403 1076 3756 1149; x_wconf 74' lang='lat' dir='ltr'><strong>dogmatibus</strong></span> 
     </span>
    </p>
   </div>
   <div class='ocr_carea' id='block_1_41' title="bbox 2177 1168 3754 1242">
    <p class='ocr_par' dir='ltr' id='par_1_41' title="bbox 2177 1168 3754 1242">
     <span class='ocr_line' id='line_1_41' title="bbox 2177 1168 3754 1242; baseline -0.009 -7"><span class='ocrx_word' id='word_1_286' title='bbox 2177 1189 2435 1242; x_wconf 86' lang='lat' dir='ltr'><strong>conetur,</strong></span> <span class='ocrx_word' id='word_1_287' title='bbox 2474 1180 2770 1233; x_wconf 90' lang='lat' dir='ltr'><strong>anathema</strong></span> <span class='ocrx_word' id='word_1_288' title='bbox 2812 1177 2883 1231; x_wconf 86' lang='lat' dir='ltr'><strong>sit</strong></span> <span class='ocrx_word' id='word_1_289' title='bbox 2919 1173 3226 1232; x_wconf 85' lang='lat' dir='ltr'><strong>secundum</strong></span> <span class='ocrx_word' id='word_1_290' title='bbox 3262 1186 3505 1227; x_wconf 79' lang='lat' dir='ltr'><strong>canones</strong></span> <span class='ocrx_word' id='word_1_291' title='bbox 3533 1173 3648 1238; x_wconf 83' lang='lat' dir='ltr'><strong>jam</strong></span> <span class='ocrx_word' id='word_1_292' title='bbox 3684 1168 3754 1223; x_wconf 84' lang='lat' dir='ltr'><strong>ab</strong></span> 
     </span>
    </p>
   </div>
   <div class='ocr_carea' id='block_1_42' title="bbox 2176 1256 3755 1339">
    <p class='ocr_par' dir='ltr' id='par_1_42' title="bbox 2176 1256 3755 1339">
     <span class='ocr_line' id='line_1_42' title="bbox 2176 1256 3755 1339; baseline -0.008 -11"><span class='ocrx_word' id='word_1_293' title='bbox 2176 1272 2259 1328; x_wconf 88' lang='lat' dir='ltr'><strong>eis</strong></span> <span class='ocrx_word' id='word_1_294' title='bbox 2292 1272 2490 1337; x_wconf 88' lang='lat' dir='ltr'><strong>editos,</strong></span> <span class='ocrx_word' id='word_1_295' title='bbox 2524 1256 2625 1325; x_wconf 88' lang='lat' dir='ltr'><strong>hos</strong></span> <span class='ocrx_word' id='word_1_296' title='bbox 2652 1270 2930 1334; x_wconf 79' lang='lat' dir='ltr'><strong>videlicet,</strong></span> <span class='ocrx_word' id='word_1_297' title='bbox 2960 1269 3053 1339; x_wconf 86' lang='lat' dir='ltr'><strong>qui</strong></span> <span class='ocrx_word' id='word_1_298' title='bbox 3091 1265 3345 1321; x_wconf 78' lang='lat' dir='ltr'><strong>inhibent</strong></span> <span class='ocrx_word' id='word_1_299' title='bbox 3374 1264 3536 1319; x_wconf 76' lang='lat' dir='ltr'><strong>aliam</strong></span> <span class='ocrx_word' id='word_1_300' title='bbox 3565 1258 3755 1317; x_wconf 78' lang='lat' dir='ltr'><strong>fidem.</strong></span> 
     </span>
    </p>
   </div>
   <div class='ocr_carea' id='block_1_43' title="bbox 2175 1355 3757 1439">
    <p class='ocr_par' dir='ltr' id='par_1_43' title="bbox 2175 1355 3757 1439">
     <span class='ocr_line' id='line_1_43' title="bbox 2175 1355 3757 1439; baseline -0.008 -17"><span class='ocrx_word' id='word_1_301' title='bbox 2175 1365 2303 1426; x_wconf 62' lang='lat' dir='ltr'><strong>Haec</strong></span> <span class='ocrx_word' id='word_1_302' title='bbox 2346 1365 2519 1439; x_wconf 76' lang='lat' dir='ltr'><strong>igitur</strong></span> <span class='ocrx_word' id='word_1_303' title='bbox 2552 1364 2784 1418; x_wconf 71' lang='lat' dir='ltr'><strong>decreta</strong></span> <span class='ocrx_word' id='word_1_304' title='bbox 2827 1360 3165 1416; x_wconf 72' lang='lat' dir='ltr'><strong>contrariam</strong></span> <span class='ocrx_word' id='word_1_305' title='bbox 3208 1358 3372 1411; x_wconf 81' lang='lat' dir='ltr'><strong>fidem</strong></span> <span class='ocrx_word' id='word_1_306' title='bbox 3411 1355 3757 1426; x_wconf 82' lang='lat' dir='ltr'><strong>prohibent,</strong></span> 
     </span>
    </p>
   </div>
   <div class='ocr_carea' id='block_1_44' title="bbox 2178 1454 3759 1530">
    <p class='ocr_par' dir='ltr' id='par_1_44' title="bbox 2178 1454 3759 1530">
     <span class='ocr_line' id='line_1_44' title="bbox 2178 1454 3759 1530; baseline -0.008 -15"><span class='ocrx_word' id='word_1_307' title='bbox 2178 1470 2234 1515; x_wconf 89' lang='lat' dir='ltr'><strong>et</strong></span> <span class='ocrx_word' id='word_1_308' title='bbox 2259 1462 2404 1530; x_wconf 87' lang='lat' dir='ltr'><strong>quod</strong></span> <span class='ocrx_word' id='word_1_309' title='bbox 2440 1460 2685 1515; x_wconf 56' lang='lat' dir='ltr'><strong>inierunt</strong></span> <span class='ocrx_word' id='word_1_310' title='bbox 2710 1500 2723 1523; x_wconf 90' lang='lat'><strong>,</strong></span> <span class='ocrx_word' id='word_1_311' title='bbox 2762 1474 2862 1512; x_wconf 86' lang='lat' dir='ltr'><strong>nos</strong></span> <span class='ocrx_word' id='word_1_312' title='bbox 2888 1457 3037 1512; x_wconf 86' lang='lat' dir='ltr'><strong>enim</strong></span> <span class='ocrx_word' id='word_1_313' title='bbox 3068 1471 3167 1510; x_wconf 92' lang='lat' dir='ltr'><strong>nec</strong></span> <span class='ocrx_word' id='word_1_314' title='bbox 3194 1454 3485 1517; x_wconf 56' lang='lat' dir='ltr'><strong>addimus,</strong></span> <span class='ocrx_word' id='word_1_315' title='bbox 3522 1464 3624 1505; x_wconf 89' lang='lat' dir='ltr'><strong>nec</strong></span> <span class='ocrx_word' id='word_1_316' title='bbox 3657 1465 3759 1503; x_wconf 88' lang='lat' dir='ltr'><strong>au-</strong></span> 
     </span>
    </p>
   </div>
   <div class='ocr_carea' id='block_1_45' title="bbox 2178 1541 3796 1622">
    <p class='ocr_par' dir='ltr' id='par_1_45' title="bbox 2178 1541 3796 1622">
     <span class='ocr_line' id='line_1_45' title="bbox 2178 1541 3796 1622; baseline -0.007 -15"><span class='ocrx_word' id='word_1_317' title='bbox 2178 1553 2406 1608; x_wconf 82' lang='lat' dir='ltr'><strong>ferimus</strong></span> <span class='ocrx_word' id='word_1_318' title='bbox 2441 1553 2646 1622; x_wconf 87' lang='lat' dir='ltr'><strong>aliquid</strong></span> <span class='ocrx_word' id='word_1_319' title='bbox 2672 1594 2685 1615; x_wconf 96' lang='lat'><strong>,</strong></span> <span class='ocrx_word' id='word_1_320' title='bbox 2722 1552 2776 1604; x_wconf 90' lang='lat' dir='ltr'><strong>in</strong></span> <span class='ocrx_word' id='word_1_321' title='bbox 2813 1551 2919 1606; x_wconf 79' lang='lat' dir='ltr'><strong>[ide</strong></span> <span class='ocrx_word' id='word_1_322' title='bbox 2942 1549 3208 1605; x_wconf 65' lang='lat' dir='ltr'><strong>videlicet</strong></span> <span class='ocrx_word' id='word_1_323' title='bbox 3239 1548 3591 1614; x_wconf 78' lang='lat' dir='ltr'><strong>intelligunt,</strong></span> <span class='ocrx_word' id='word_1_324' title='bbox 3649 1558 3761 1597; x_wconf 87' lang='lat' dir='ltr'><strong>non</strong></span> <span class='ocrx_word' id='word_1_325' title='bbox 3793 1541 3796 1544; x_wconf 74' lang='grc'><strong>’</strong></span> 
     </span>
    </p>
   </div>
   <div class='ocr_carea' id='block_1_46' title="bbox 2182 1639 3761 1717">
    <p class='ocr_par' dir='ltr' id='par_1_46' title="bbox 2182 1639 3761 1717">
     <span class='ocr_line' id='line_1_46' title="bbox 2182 1639 3761 1717; baseline -0.003 -16"><span class='ocrx_word' id='word_1_326' title='bbox 2182 1648 2235 1701; x_wconf 86' lang='lat' dir='ltr'><strong>in</strong></span> <span class='ocrx_word' id='word_1_327' title='bbox 2280 1646 2589 1717; x_wconf 81' lang='lat' dir='ltr'><strong>Symbolo;</strong></span> <span class='ocrx_word' id='word_1_328' title='bbox 2634 1645 2962 1709; x_wconf 69' lang='lat' dir='ltr'><strong>Symbolum</strong></span> <span class='ocrx_word' id='word_1_329' title='bbox 3008 1644 3154 1698; x_wconf 80' lang='lat' dir='ltr'><strong>enim</strong></span> <span class='ocrx_word' id='word_1_330' title='bbox 3204 1642 3320 1707; x_wconf 70' lang='lat' dir='ltr'><strong>haec</strong></span> <span class='ocrx_word' id='word_1_331' title='bbox 3362 1639 3607 1713; x_wconf 77' lang='lat' dir='ltr'><strong>synodus</strong></span> <span class='ocrx_word' id='word_1_332' title='bbox 3648 1650 3761 1697; x_wconf 82' lang='lat' dir='ltr'><strong>non</strong></span> 
     </span>
    </p>
   </div>
   <div class='ocr_carea' id='block_1_47' title="bbox 2178 1732 3763 1803">
    <p class='ocr_par' dir='ltr' id='par_1_47' title="bbox 2178 1732 3763 1803">
     <span class='ocr_line' id='line_1_47' title="bbox 2178 1732 3763 1803; baseline -0.006 -10"><span class='ocrx_word' id='word_1_333' title='bbox 2178 1740 2419 1794; x_wconf 86' lang='lat' dir='ltr'><strong>inseruit</strong></span> <span class='ocrx_word' id='word_1_334' title='bbox 2459 1742 2513 1793; x_wconf 92' lang='lat' dir='ltr'><strong>in</strong></span> <span class='ocrx_word' id='word_1_335' title='bbox 2555 1755 2656 1794; x_wconf 89' lang='lat' dir='ltr'><strong>suo</strong></span> <span class='ocrx_word' id='word_1_336' title='bbox 2691 1732 2958 1803; x_wconf 67' lang='lat' dir='ltr'><strong>decreto,</strong></span> <span class='ocrx_word' id='word_1_337' title='bbox 3003 1738 3097 1791; x_wconf 86' lang='lat' dir='ltr'><strong>sed</strong></span> <span class='ocrx_word' id='word_1_338' title='bbox 3141 1736 3304 1789; x_wconf 80' lang='lat' dir='ltr'><strong>fidem</strong></span> <span class='ocrx_word' id='word_1_339' title='bbox 3343 1747 3668 1803; x_wconf 82' lang='lat' dir='ltr'><strong>exponens,</strong></span> <span class='ocrx_word' id='word_1_340' title='bbox 3707 1739 3763 1784; x_wconf 89' lang='lat' dir='ltr'><strong>et</strong></span> 
     </span>
    </p>
   </div>
   <div class='ocr_carea' id='block_1_48' title="bbox 2182 1824 3761 1904">
    <p class='ocr_par' dir='ltr' id='par_1_48' title="bbox 2182 1824 3761 1904">
     <span class='ocr_line' id='line_1_48' title="bbox 2182 1824 3761 1904; baseline -0.005 -17"><span class='ocrx_word' id='word_1_341' title='bbox 2182 1838 2435 1904; x_wconf 79' lang='lat' dir='ltr'><strong>dogmata</strong></span> <span class='ocrx_word' id='word_1_342' title='bbox 2470 1843 2786 1888; x_wconf 83' lang='lat' dir='ltr'><strong>sanctorum</strong></span> <span class='ocrx_word' id='word_1_343' title='bbox 2810 1833 3047 1888; x_wconf 77' lang='lat' dir='ltr'><strong>Patrum</strong></span> <span class='ocrx_word' id='word_1_344' title='bbox 3076 1871 3091 1897; x_wconf 93' lang='lat'><strong>,</strong></span> <span class='ocrx_word' id='word_1_345' title='bbox 3123 1838 3182 1885; x_wconf 85' lang='lat' dir='ltr'><strong>et</strong></span> <span class='ocrx_word' id='word_1_346' title='bbox 3210 1829 3458 1884; x_wconf 89' lang='lat' dir='ltr'><strong>omnium</strong></span> <span class='ocrx_word' id='word_1_347' title='bbox 3491 1824 3761 1881; x_wconf 84' lang='lat' dir='ltr'><strong>concilio-</strong></span> 
     </span>
    </p>
   </div>
   <div class='ocr_carea' id='block_1_49' title="bbox 2181 1917 3765 1991">
    <p class='ocr_par' dir='ltr' id='par_1_49' title="bbox 2181 1917 3765 1991">
     <span class='ocr_line' id='line_1_49' title="bbox 2181 1917 3765 1991; baseline -0.01 -4"><span class='ocrx_word' id='word_1_348' title='bbox 2181 1947 2302 1987; x_wconf 86' lang='lat' dir='ltr'><strong>rum</strong></span> <span class='ocrx_word' id='word_1_349' title='bbox 2348 1929 2547 1991; x_wconf 84' lang='lat' dir='ltr'><strong>infert,</strong></span> <span class='ocrx_word' id='word_1_350' title='bbox 2597 1930 2707 1984; x_wconf 79' lang='lat' dir='ltr'><strong>Nec</strong></span> <span class='ocrx_word' id='word_1_351' title='bbox 2747 1926 3137 1991; x_wconf 45' lang='lat' dir='ltr'><strong>addereynec</strong></span> <span class='ocrx_word' id='word_1_352' title='bbox 3194 1923 3416 1977; x_wconf 86' lang='lat' dir='ltr'><strong>auferre</strong></span> <span class='ocrx_word' id='word_1_353' title='bbox 3464 1917 3765 1990; x_wconf 86' lang='lat' dir='ltr'><strong>quidquam</strong></span> 
     </span>
    </p>
   </div>
   <div class='ocr_carea' id='block_1_50' title="bbox 2178 2010 3765 2097">
    <p class='ocr_par' dir='ltr' id='par_1_50' title="bbox 2178 2010 3765 2097">
     <span class='ocr_line' id='line_1_50' title="bbox 2178 2010 3765 2097; baseline -0.009 -17"><span class='ocrx_word' id='word_1_354' title='bbox 2178 2010 2535 2097; x_wconf 73' lang='lat' dir='ltr'><strong>cogitamus:</strong></span> <span class='ocrx_word' id='word_1_355' title='bbox 2572 2034 2626 2077; x_wconf 89' lang='lat' dir='ltr'><strong>et</strong></span> <span class='ocrx_word' id='word_1_356' title='bbox 2671 2023 2848 2086; x_wconf 87' lang='lat' dir='ltr'><strong>ratio,</strong></span> <span class='ocrx_word' id='word_1_357' title='bbox 2896 2020 3025 2090; x_wconf 86' lang='lat' dir='ltr'><strong>quia</strong></span> <span class='ocrx_word' id='word_1_358' title='bbox 3069 2032 3315 2073; x_wconf 83' lang='lat' dir='ltr'><strong>canones</strong></span> <span class='ocrx_word' id='word_1_359' title='bbox 3346 2013 3639 2084; x_wconf 68' lang='grc' dir='ltr'><strong>ιιι-λ’όὶειοε</strong></span> <span class='ocrx_word' id='word_1_360' title='bbox 3673 2027 3765 2066; x_wconf 86' lang='lat' dir='ltr'><strong>se-</strong></span> 
     </span>
    </p>
   </div>
   <div class='ocr_carea' id='block_1_51' title="bbox 2182 2111 3770 2187">
    <p class='ocr_par' dir='ltr' id='par_1_51' title="bbox 2182 2111 3770 2187">
     <span class='ocr_line' id='line_1_51' title="bbox 2182 2111 3770 2187; baseline -0.006 -16"><span class='ocrx_word' id='word_1_361' title='bbox 2182 2119 2450 2187; x_wconf 86' lang='lat' dir='ltr'><strong>quimur;</strong></span> <span class='ocrx_word' id='word_1_362' title='bbox 2481 2118 2555 2170; x_wconf 81' lang='lat' dir='ltr'><strong>ita</strong></span> <span class='ocrx_word' id='word_1_363' title='bbox 2586 2128 2643 2174; x_wconf 88' lang='lat' dir='ltr'><strong>ut</strong></span> <span class='ocrx_word' id='word_1_364' title='bbox 2671 2117 2821 2177; x_wconf 67' lang='lat' dir='ltr'><strong>clare</strong></span> <span class='ocrx_word' id='word_1_365' title='bbox 2848 2121 3073 2184; x_wconf 82' lang='lat' dir='ltr'><strong>pateat,</strong></span> <span class='ocrx_word' id='word_1_366' title='bbox 3102 2128 3229 2167; x_wconf 89' lang='lat' dir='ltr'><strong>cum</strong></span> <span class='ocrx_word' id='word_1_367' title='bbox 3260 2112 3409 2165; x_wconf 88' lang='lat' dir='ltr'><strong>dicat</strong></span> <span class='ocrx_word' id='word_1_368' title='bbox 3438 2111 3635 2163; x_wconf 80' lang='lat' dir='ltr'><strong>Patres</strong></span> <span class='ocrx_word' id='word_1_369' title='bbox 3665 2122 3770 2161; x_wconf 78' lang='lat' dir='ltr'><strong>nec</strong></span> 
     </span>
    </p>
   </div>
   <div class='ocr_carea' id='block_1_52' title="bbox 2185 2202 3767 2274">
    <p class='ocr_par' dir='ltr' id='par_1_52' title="bbox 2185 2202 3767 2274">
     <span class='ocr_line' id='line_1_52' title="bbox 2185 2202 3767 2274; baseline -0.007 -8"><span class='ocrx_word' id='word_1_370' title='bbox 2185 2212 2391 2266; x_wconf 85' lang='lat' dir='ltr'><strong>addere</strong></span> <span class='ocrx_word' id='word_1_371' title='bbox 2425 2224 2525 2264; x_wconf 85' lang='lat' dir='ltr'><strong>nec</strong></span> <span class='ocrx_word' id='word_1_372' title='bbox 2556 2211 2777 2263; x_wconf 85' lang='lat' dir='ltr'><strong>auferre</strong></span> <span class='ocrx_word' id='word_1_373' title='bbox 2826 2208 2999 2265; x_wconf 83' lang='lat' dir='ltr'><strong>licere</strong></span> <span class='ocrx_word' id='word_1_374' title='bbox 3022 2249 3037 2274; x_wconf 95' lang='lat'><strong>,</strong></span> <span class='ocrx_word' id='word_1_375' title='bbox 3088 2223 3198 2261; x_wconf 91' lang='lat' dir='ltr'><strong>non</strong></span> <span class='ocrx_word' id='word_1_376' title='bbox 3234 2206 3490 2262; x_wconf 84' lang='lat' dir='ltr'><strong>verbales</strong></span> <span class='ocrx_word' id='word_1_377' title='bbox 3524 2202 3767 2256; x_wconf 82' lang='lat' dir='ltr'><strong>additio-</strong></span> 
     </span>
    </p>
   </div>
   <div class='ocr_carea' id='block_1_53' title="bbox 2189 2285 3766 2365">
    <p class='ocr_par' dir='ltr' id='par_1_53' title="bbox 2189 2285 3766 2365">
     <span class='ocr_line' id='line_1_53' title="bbox 2189 2285 3766 2365; baseline -0.008 -5"><span class='ocrx_word' id='word_1_378' title='bbox 2189 2318 2288 2360; x_wconf 90' lang='lat' dir='ltr'><strong>nes</strong></span> <span class='ocrx_word' id='word_1_379' title='bbox 2316 2314 2371 2358; x_wconf 88' lang='lat' dir='ltr'><strong>et</strong></span> <span class='ocrx_word' id='word_1_380' title='bbox 2394 2303 2720 2365; x_wconf 81' lang='lat' dir='ltr'><strong>aldationes,</strong></span> <span class='ocrx_word' id='word_1_381' title='bbox 2782 2301 2875 2357; x_wconf 88' lang='lat' dir='ltr'><strong>sed</strong></span> <span class='ocrx_word' id='word_1_382' title='bbox 2923 2285 3323 2356; x_wconf 84' lang='lat' dir='ltr'><strong>contrariarum</strong></span> <span class='ocrx_word' id='word_1_383' title='bbox 3360 2298 3766 2354; x_wconf 78' lang='lat' dir='ltr'><strong>sententiarum</strong></span> 
     </span>
    </p>
   </div>
   <div class='ocr_carea' id='block_1_54' title="bbox 2184 2390 3767 2461">
    <p class='ocr_par' dir='ltr' id='par_1_54' title="bbox 2184 2390 3767 2461">
     <span class='ocr_line' id='line_1_54' title="bbox 2184 2390 3767 2461; baseline -0.005 -10"><span class='ocrx_word' id='word_1_384' title='bbox 2184 2403 2241 2451; x_wconf 86' lang='lat' dir='ltr'><strong>et</strong></span> <span class='ocrx_word' id='word_1_385' title='bbox 2288 2394 2409 2450; x_wconf 80' lang='lat' dir='ltr'><strong>falsi</strong></span> <span class='ocrx_word' id='word_1_386' title='bbox 2454 2410 2657 2449; x_wconf 81' lang='lat' dir='ltr'><strong>sensus</strong></span> <span class='ocrx_word' id='word_1_387' title='bbox 2706 2395 2981 2449; x_wconf 87' lang='lat' dir='ltr'><strong>inhibere.</strong></span> <span class='ocrx_word' id='word_1_388' title='bbox 3033 2393 3137 2448; x_wconf 86' lang='lat' dir='ltr'><strong>Per</strong></span> <span class='ocrx_word' id='word_1_389' title='bbox 3176 2392 3349 2461; x_wconf 25' lang='lat' dir='ltr'><strong>hunc,</strong></span> <span class='ocrx_word' id='word_1_390' title='bbox 3380 2390 3545 2458; x_wconf 72' lang='lat' dir='ltr'><strong>igitur</strong></span> <span class='ocrx_word' id='word_1_391' title='bbox 3589 2403 3767 2444; x_wconf 82' lang='lat' dir='ltr'><strong>unum</strong></span> 
     </span>
    </p>
   </div>
   <div class='ocr_carea' id='block_1_55' title="bbox 2176 2484 3765 2556">
    <p class='ocr_par' dir='ltr' id='par_1_55' title="bbox 2176 2484 3765 2556">
     <span class='ocr_line' id='line_1_55' title="bbox 2176 2484 3765 2556; baseline -0.004 -13"><span class='ocrx_word' id='word_1_392' title='bbox 2176 2503 2457 2543; x_wconf 78' lang='lat' dir='ltr'><strong>canonem</strong></span> <span class='ocrx_word' id='word_1_393' title='bbox 2503 2487 2682 2541; x_wconf 84' lang='lat' dir='ltr'><strong>solum</strong></span> <span class='ocrx_word' id='word_1_394' title='bbox 2708 2529 2721 2550; x_wconf 92' lang='lat'><strong>,</strong></span> <span class='ocrx_word' id='word_1_395' title='bbox 2757 2499 2922 2556; x_wconf 82' lang='lat' dir='ltr'><strong>quem</strong></span> <span class='ocrx_word' id='word_1_396' title='bbox 2968 2501 3079 2539; x_wconf 86' lang='lat' dir='ltr'><strong>non</strong></span> <span class='ocrx_word' id='word_1_397' title='bbox 3112 2486 3256 2540; x_wconf 82' lang='lat' dir='ltr'><strong>ratio</strong></span> <span class='ocrx_word' id='word_1_398' title='bbox 3288 2494 3472 2539; x_wconf 87' lang='lat' dir='ltr'><strong>nostra</strong></span> <span class='ocrx_word' id='word_1_399' title='bbox 3511 2484 3765 2548; x_wconf 81' lang='lat' dir='ltr'><strong>inducit,</strong></span> 
     </span>
    </p>
   </div>
   <div class='ocr_carea' id='block_1_56' title="bbox 2186 2575 3774 2649">
    <p class='ocr_par' dir='ltr' id='par_1_56' title="bbox 2186 2575 3774 2649">
     <span class='ocr_line' id='line_1_56' title="bbox 2186 2575 3774 2649; baseline -0.004 -14"><span class='ocrx_word' id='word_1_400' title='bbox 2186 2596 2299 2637; x_wconf 87' lang='lat' dir='ltr'><strong>non</strong></span> <span class='ocrx_word' id='word_1_401' title='bbox 2333 2580 2535 2649; x_wconf 80' lang='lat' dir='ltr'><strong>aliquis</strong></span> <span class='ocrx_word' id='word_1_402' title='bbox 2580 2581 2827 2649; x_wconf 75' lang='lat' dir='ltr'><strong>privatus</strong></span> <span class='ocrx_word' id='word_1_403' title='bbox 2864 2580 3032 2633; x_wconf 89' lang='lat' dir='ltr'><strong>homo</strong></span> <span class='ocrx_word' id='word_1_404' title='bbox 3064 2588 3473 2633; x_wconf 85' lang='lat' dir='ltr'><strong>commentatur</strong></span> <span class='ocrx_word' id='word_1_405' title='bbox 3502 2575 3774 2645; x_wconf 82' lang='lat' dir='ltr'><strong>simplici-</strong></span> 
     </span>
    </p>
   </div>
   <div class='ocr_carea' id='block_1_57' title="bbox 2190 2673 3773 2744">
    <p class='ocr_par' dir='ltr' id='par_1_57' title="bbox 2190 2673 3773 2744">
     <span class='ocr_line' id='line_1_57' title="bbox 2190 2673 3773 2744; baseline -0.003 -14"><span class='ocrx_word' id='word_1_406' title='bbox 2190 2682 2298 2742; x_wconf 82' lang='lat' dir='ltr'><strong>ter,</strong></span> <span class='ocrx_word' id='word_1_407' title='bbox 2326 2673 2422 2737; x_wconf 76' lang='lat' dir='ltr'><strong>sed</strong></span> <span class='ocrx_word' id='word_1_408' title='bbox 2456 2690 2619 2742; x_wconf 84' lang='lat' dir='ltr'><strong>quem</strong></span> <span class='ocrx_word' id='word_1_409' title='bbox 2656 2690 2762 2727; x_wconf 85' lang='lat' dir='ltr'><strong>una</strong></span> <span class='ocrx_word' id='word_1_410' title='bbox 2790 2674 3059 2744; x_wconf 76' lang='lat' dir='ltr'><strong>synodus,</strong></span> <span class='ocrx_word' id='word_1_411' title='bbox 3093 2684 3174 2727; x_wconf 86' lang='lat' dir='ltr'><strong>tot</strong></span> <span class='ocrx_word' id='word_1_412' title='bbox 3204 2674 3428 2728; x_wconf 73' lang='lat' dir='ltr'><strong>Parrum</strong></span> <span class='ocrx_word' id='word_1_413' title='bbox 3459 2681 3773 2726; x_wconf 75' lang='lat' dir='ltr'><strong>conventus</strong></span> 
     </span>
    </p>
   </div>
   <div class='ocr_carea' id='block_1_58' title="bbox 2182 2757 3775 2841">
    <p class='ocr_par' dir='ltr' id='par_1_58' title="bbox 2182 2757 3775 2841">
     <span class='ocr_line' id='line_1_58' title="bbox 2182 2757 3775 2841; baseline -0.004 -14"><span class='ocrx_word' id='word_1_414' title='bbox 2182 2770 2555 2841; x_wconf 41' lang='lat' dir='ltr'><strong>scomposuit,</strong></span> <span class='ocrx_word' id='word_1_415' title='bbox 2604 2784 2714 2838; x_wconf 74' lang='lat' dir='ltr'><strong>quo</strong></span> <span class='ocrx_word' id='word_1_416' title='bbox 2767 2770 2933 2823; x_wconf 84' lang='lat' dir='ltr'><strong>etiam</strong></span> <span class='ocrx_word' id='word_1_417' title='bbox 2976 2776 3033 2822; x_wconf 90' lang='lat' dir='ltr'><strong>et</strong></span> <span class='ocrx_word' id='word_1_418' title='bbox 3068 2769 3303 2824; x_wconf 88' lang='lat' dir='ltr'><strong>aliorum</strong></span> <span class='ocrx_word' id='word_1_419' title='bbox 3352 2767 3615 2824; x_wconf 81' lang='lat' dir='ltr'><strong>similium</strong></span> <span class='ocrx_word' id='word_1_420' title='bbox 3654 2757 3775 2820; x_wconf 71' lang='grc' dir='ltr'><strong>Ῥει-</strong></span> 
     </span>
    </p>
   </div>
   <div class='ocr_carea' id='block_1_59' title="bbox 2200 2866 3774 2939">
    <p class='ocr_par' dir='ltr' id='par_1_59' title="bbox 2200 2866 3774 2939">
     <span class='ocr_line' id='line_1_59' title="bbox 2200 2866 3774 2939; baseline -0.001 -18"><span class='ocrx_word' id='word_1_421' title='bbox 2200 2877 2345 2921; x_wconf 89' lang='lat' dir='ltr'><strong>trum</strong></span> <span class='ocrx_word' id='word_1_422' title='bbox 2390 2878 2632 2922; x_wconf 88' lang='lat' dir='ltr'><strong>mentem</strong></span> <span class='ocrx_word' id='word_1_423' title='bbox 2679 2877 3007 2939; x_wconf 75' lang='lat' dir='ltr'><strong>exponunt,</strong></span> <span class='ocrx_word' id='word_1_424' title='bbox 3087 2866 3435 2937; x_wconf 85' lang='lat' dir='ltr'><strong>apertissime</strong></span> <span class='ocrx_word' id='word_1_425' title='bbox 3498 2874 3555 2922; x_wconf 89' lang='lat' dir='ltr'><strong>et</strong></span> <span class='ocrx_word' id='word_1_426' title='bbox 3597 2866 3774 2920; x_wconf 85' lang='lat' dir='ltr'><strong>mani-</strong></span> 
     </span>
    </p>
   </div>
   <div class='ocr_carea' id='block_1_60' title="bbox 2198 2960 3777 3031">
    <p class='ocr_par' dir='ltr' id='par_1_60' title="bbox 2198 2960 3777 3031">
     <span class='ocr_line' id='line_1_60' title="bbox 2198 2960 3777 3031; baseline 0.001 -17"><span class='ocrx_word' id='word_1_427' title='bbox 2198 2960 2500 3016; x_wconf 87' lang='lat' dir='ltr'><strong>festissime</strong></span> <span class='ocrx_word' id='word_1_428' title='bbox 2532 2960 2769 3015; x_wconf 78' lang='lat' dir='ltr'><strong>solvitur</strong></span> <span class='ocrx_word' id='word_1_429' title='bbox 2801 2961 3037 3029; x_wconf 70' lang='lat' dir='ltr'><strong>quaestio</strong></span> <span class='ocrx_word' id='word_1_430' title='bbox 3067 2976 3177 3015; x_wconf 89' lang='lat' dir='ltr'><strong>non</strong></span> <span class='ocrx_word' id='word_1_431' title='bbox 3211 2962 3549 3017; x_wconf 84' lang='lat' dir='ltr'><strong>contendere</strong></span> <span class='ocrx_word' id='word_1_432' title='bbox 3584 2962 3777 3031; x_wconf 80' lang='lat' dir='ltr'><strong>volen-</strong></span> 
     </span>
    </p>
   </div>
   <div class='ocr_carea' id='block_1_61' title="bbox 2199 3052 3777 3126">
    <p class='ocr_par' dir='ltr' id='par_1_61' title="bbox 2199 3052 3777 3126">
     <span class='ocr_line' id='line_1_61' title="bbox 2199 3052 3777 3126; baseline 0 -17"><span class='ocrx_word' id='word_1_433' title='bbox 2199 3055 2369 3109; x_wconf 87' lang='lat' dir='ltr'><strong>tibus.</strong></span> <span class='ocrx_word' id='word_1_434' title='bbox 2407 3053 2717 3111; x_wconf 83' lang='lat' dir='ltr'><strong>Voluissem</strong></span> <span class='ocrx_word' id='word_1_435' title='bbox 2750 3054 2947 3108; x_wconf 88' lang='lat' dir='ltr'><strong>liceret</strong></span> <span class='ocrx_word' id='word_1_436' title='bbox 2982 3052 3204 3121; x_wconf 72' lang='lat' dir='ltr'><strong>longius</strong></span> <span class='ocrx_word' id='word_1_437' title='bbox 3227 3054 3494 3126; x_wconf 75' lang='lat' dir='ltr'><strong>evagari;</strong></span> <span class='ocrx_word' id='word_1_438' title='bbox 3527 3055 3777 3111; x_wconf 77' lang='lat' dir='ltr'><strong>vidisses</strong></span> 
     </span>
    </p>
   </div>
   <div class='ocr_carea' id='block_1_62' title="bbox 2203 3148 3780 3219">
    <p class='ocr_par' dir='ltr' id='par_1_62' title="bbox 2203 3148 3780 3219">
     <span class='ocr_line' id='line_1_62' title="bbox 2203 3148 3780 3219; baseline -0.003 -16"><span class='ocrx_word' id='word_1_439' title='bbox 2203 3149 2456 3219; x_wconf 87' lang='lat' dir='ltr'><strong>profecto</strong></span> <span class='ocrx_word' id='word_1_440' title='bbox 2488 3149 2693 3203; x_wconf 86' lang='lat' dir='ltr'><strong>multas</strong></span> <span class='ocrx_word' id='word_1_441' title='bbox 2721 3148 2934 3203; x_wconf 85' lang='lat' dir='ltr'><strong>similes</strong></span> <span class='ocrx_word' id='word_1_442' title='bbox 2972 3149 3237 3211; x_wconf 82' lang='lat' dir='ltr'><strong>rationes,</strong></span> <span class='ocrx_word' id='word_1_443' title='bbox 3296 3160 3349 3201; x_wconf 89' lang='lat' dir='ltr'><strong>ct</strong></span> <span class='ocrx_word' id='word_1_444' title='bbox 3399 3148 3623 3217; x_wconf 66' lang='lat' dir='ltr'><strong>quidem</strong></span> <span class='ocrx_word' id='word_1_445' title='bbox 3676 3164 3780 3213; x_wconf 83' lang='lat' dir='ltr'><strong>po-</strong></span> 
     </span>
    </p>
   </div>
   <div class='ocr_carea' id='block_1_63' title="bbox 504 3212 3781 3313">
    <p class='ocr_par' dir='ltr' id='par_1_63' title="bbox 504 3212 3781 3313">
     <span class='ocr_line' id='line_1_63' title="bbox 504 3212 3781 3313; baseline -0.004 -3"><span class='ocrx_word' id='word_1_446' title='bbox 504 3249 735 3310; x_wconf 70' lang='lat' dir='ltr'><strong>’con(&#39;ilii</strong></span> <span class='ocrx_word' id='word_1_447' title='bbox 771 3255 1014 3305; x_wconf 82' lang='lat' dir='ltr'><strong>canones</strong></span> <span class='ocrx_word' id='word_1_448' title='bbox 1049 3241 1324 3313; x_wconf 82' lang='lat' dir='ltr'><strong>Septimus</strong></span> <span class='ocrx_word' id='word_1_449' title='bbox 1361 3252 1633 3301; x_wconf 74' lang='lat' dir='ltr'><strong>IttmIC‘I‘O;</strong></span> <span class='ocrx_word' id='word_1_450' title='bbox 1667 3243 1792 3287; x_wconf 59' lang='lat' dir='ltr'><strong>ante</strong></span> <span class='ocrx_word' id='word_1_451' title='bbox 1819 3233 1973 3287; x_wconf 64' lang='grc' dir='ltr'><strong>Ἳιυιια</strong></span> <span class='ocrx_word' id='word_1_452' title='bbox 2007 3212 2164 3287; x_wconf 52' lang='grc' dir='ltr'><strong>θείς</strong></span> <span class='ocrx_word' id='word_1_453' title='bbox 2202 3244 2466 3309; x_wconf 81' lang='lat' dir='ltr'><strong>tissimas.</strong></span> <span class='ocrx_word' id='word_1_454' title='bbox 2508 3243 2646 3298; x_wconf 88' lang='lat' dir='ltr'><strong>Cum</strong></span> <span class='ocrx_word' id='word_1_455' title='bbox 2685 3259 2816 3297; x_wconf 83' lang='lat' dir='ltr'><strong>vero</strong></span> <span class='ocrx_word' id='word_1_456' title='bbox 2851 3254 2905 3297; x_wconf 87' lang='lat' dir='ltr'><strong>ct</strong></span> <span class='ocrx_word' id='word_1_457' title='bbox 2947 3258 3070 3312; x_wconf 74' lang='lat' dir='ltr'><strong>qua:</strong></span> <span class='ocrx_word' id='word_1_458' title='bbox 3123 3244 3269 3297; x_wconf 83' lang='lat' dir='ltr'><strong>dicta</strong></span> <span class='ocrx_word' id='word_1_459' title='bbox 3318 3212 3449 3297; x_wconf 71' lang='lat' dir='ltr'><strong>sunt</strong></span> <span class='ocrx_word' id='word_1_460' title='bbox 3500 3243 3573 3297; x_wconf 70' lang='lat' dir='ltr'><strong>ita</strong></span> <span class='ocrx_word' id='word_1_461' title='bbox 3628 3241 3781 3298; x_wconf 67' lang='lat' dir='ltr'><strong>clare</strong></span> 
     </span>
    </p>
   </div>
   <div class='ocr_carea' id='block_1_64' title="bbox 503 3319 2086 3415">
    <p class='ocr_par' dir='ltr' id='par_1_64' title="bbox 503 3319 2086 3415">
     <span class='ocr_line' id='line_1_64' title="bbox 503 3319 2086 3415; baseline -0.016 -12"><span class='ocrx_word' id='word_1_462' title='bbox 503 3346 650 3403; x_wconf 77' lang='lat' dir='ltr'><strong>alius</strong></span> <span class='ocrx_word' id='word_1_463' title='bbox 681 3329 930 3415; x_wconf 75' lang='lat' dir='ltr'><strong>ejusdem</strong></span> <span class='ocrx_word' id='word_1_464' title='bbox 966 3326 1193 3393; x_wconf 71' lang='lat' dir='ltr'><strong>concilii</strong></span> <span class='ocrx_word' id='word_1_465' title='bbox 1231 3344 1407 3389; x_wconf 75' lang='lat' dir='ltr'><strong>canon</strong></span> <span class='ocrx_word' id='word_1_466' title='bbox 1442 3345 1686 3384; x_wconf 79' lang='lat' dir='ltr'><strong>nuntcro</strong></span> <span class='ocrx_word' id='word_1_467' title='bbox 1721 3331 1947 3387; x_wconf 78' lang='lat' dir='ltr'><strong>sextus,</strong></span> <span class='ocrx_word' id='word_1_468' title='bbox 1983 3319 2086 3392; x_wconf 76' lang='lat' dir='ltr'><strong>qui</strong></span> 
     </span>
    </p>
   </div>
   <div class='ocr_carea' id='block_1_65' title="bbox 506 3416 2092 3504">
    <p class='ocr_par' dir='ltr' id='par_1_65' title="bbox 506 3416 2092 3504">
     <span class='ocr_line' id='line_1_65' title="bbox 506 3416 2092 3504; baseline -0.016 -9"><span class='ocrx_word' id='word_1_469' title='bbox 506 3428 901 3496; x_wconf 82' lang='lat' dir='ltr'><strong>communione</strong></span> <span class='ocrx_word' id='word_1_470' title='bbox 943 3433 1124 3504; x_wconf 77' lang='lat' dir='ltr'><strong>privat</strong></span> <span class='ocrx_word' id='word_1_471' title='bbox 1162 3430 1261 3484; x_wconf 71' lang='lat' dir='ltr'><strong>eos</strong></span> <span class='ocrx_word' id='word_1_472' title='bbox 1299 3427 1395 3496; x_wconf 78' lang='lat' dir='ltr'><strong>qui</strong></span> <span class='ocrx_word' id='word_1_473' title='bbox 1438 3424 1709 3478; x_wconf 74' lang='lat' dir='ltr'><strong>auderent</strong></span> <span class='ocrx_word' id='word_1_474' title='bbox 1748 3416 1958 3488; x_wconf 85' lang='lat' dir='ltr'><strong>aliquid</strong></span> <span class='ocrx_word' id='word_1_475' title='bbox 1993 3430 2092 3471; x_wconf 88' lang='lat' dir='ltr'><strong>eo-</strong></span> 
     </span>
    </p>
   </div>
   <div class='ocr_carea' id='block_1_66' title="bbox 508 3514 2093 3602">
    <p class='ocr_par' dir='ltr' id='par_1_66' title="bbox 508 3514 2093 3602">
     <span class='ocr_line' id='line_1_66' title="bbox 508 3514 2093 3602; baseline -0.017 -13"><span class='ocrx_word' id='word_1_476' title='bbox 508 3549 633 3589; x_wconf 86' lang='lat' dir='ltr'><strong>rum</strong></span> <span class='ocrx_word' id='word_1_477' title='bbox 663 3538 983 3602; x_wconf 83' lang='lat' dir='ltr'><strong>permutare</strong></span> <span class='ocrx_word' id='word_1_478' title='bbox 1008 3567 1022 3592; x_wconf 91' lang='lat'><strong>,</strong></span> <span class='ocrx_word' id='word_1_479' title='bbox 1059 3530 1181 3595; x_wconf 72' lang='lat' dir='ltr'><strong>qua:</strong></span> <span class='ocrx_word' id='word_1_480' title='bbox 1206 3520 1246 3577; x_wconf 71' lang='lat' dir='ltr'><strong>’a</strong></span> <span class='ocrx_word' id='word_1_481' title='bbox 1280 3518 1494 3589; x_wconf 62' lang='lat' dir='ltr'><strong>Sy’nodo</strong></span> <span class='ocrx_word' id='word_1_482' title='bbox 1529 3515 1652 3572; x_wconf 69' lang='lat' dir='ltr'><strong>acta</strong></span> <span class='ocrx_word' id='word_1_483' title='bbox 1684 3526 1840 3569; x_wconf 84' lang='lat' dir='ltr'><strong>sunt.</strong></span> <span class='ocrx_word' id='word_1_484' title='bbox 1876 3514 1936 3565; x_wconf 93' lang='lat' dir='ltr'><strong>1n</strong></span> <span class='ocrx_word' id='word_1_485' title='bbox 1959 3518 2093 3579; x_wconf 70' lang='lat' dir='ltr'><strong>‘sep—</strong></span> 
     </span>
    </p>
   </div>
   <div class='ocr_carea' id='block_1_67' title="bbox 508 3601 2096 3680">
    <p class='ocr_par' dir='ltr' id='par_1_67' title="bbox 508 3601 2096 3680">
     <span class='ocr_line' id='line_1_67' title="bbox 508 3601 2096 3680; baseline -0.018 0"><span class='ocrx_word' id='word_1_486' title='bbox 508 3625 645 3680; x_wconf 86' lang='lat' dir='ltr'><strong>timo</strong></span> <span class='ocrx_word' id='word_1_487' title='bbox 668 3601 878 3675; x_wconf 71' lang='lat' dir='ltr'><strong>autem</strong></span> <span class='ocrx_word' id='word_1_488' title='bbox 911 3629 1120 3672; x_wconf 85' lang='lat' dir='ltr'><strong>canone</strong></span> <span class='ocrx_word' id='word_1_489' title='bbox 1153 3606 1414 3669; x_wconf 83' lang='lat' dir='ltr'><strong>videlicet</strong></span> <span class='ocrx_word' id='word_1_490' title='bbox 1452 3602 1822 3662; x_wconf 68' lang='lat' dir='ltr'><strong>’itihfbitionis</strong></span> <span class='ocrx_word' id='word_1_491' title='bbox 1866 3601 2096 3654; x_wconf 86' lang='lat' dir='ltr'><strong>anathe-</strong></span> 
     </span>
    </p>
   </div>
   <div class='ocr_carea' id='block_1_68' title="bbox 510 3694 2097 3785">
    <p class='ocr_par' dir='ltr' id='par_1_68' title="bbox 510 3694 2097 3785">
     <span class='ocr_line' id='line_1_68' title="bbox 510 3694 2097 3785; baseline -0.016 -12"><span class='ocrx_word' id='word_1_492' title='bbox 510 3716 851 3777; x_wconf 59' lang='lat' dir='ltr'><strong>m‘ati‘za&#39;ntur</strong></span> <span class='ocrx_word' id='word_1_493' title='bbox 873 3711 969 3781; x_wconf 71' lang='lat' dir='ltr'><strong>Qui</strong></span> <span class='ocrx_word' id='word_1_494' title='bbox 992 3698 1475 3785; x_wconf 64' lang='lat' dir='ltr'><strong>transgrediuntur</strong></span> <span class='ocrx_word' id='word_1_495' title='bbox 1501 3702 1774 3756; x_wconf 69' lang='lat' dir='ltr'><strong>tationem</strong></span> <span class='ocrx_word' id='word_1_496' title='bbox 1802 3738 1817 3762; x_wconf 95' lang='lat'><strong>,</strong></span> <span class='ocrx_word' id='word_1_497' title='bbox 1847 3704 1904 3751; x_wconf 90' lang='lat' dir='ltr'><strong>et</strong></span> <span class='ocrx_word' id='word_1_498' title='bbox 1933 3694 2097 3749; x_wconf 83' lang='lat' dir='ltr'><strong>aliam</strong></span> 
     </span>
    </p>
   </div>
   <div class='ocr_carea' id='block_1_69' title="bbox 506 3796 2103 3887">
    <p class='ocr_par' dir='ltr' id='par_1_69' title="bbox 506 3796 2103 3887">
     <span class='ocr_line' id='line_1_69' title="bbox 506 3796 2103 3887; baseline -0.014 -22"><span class='ocrx_word' id='word_1_499' title='bbox 506 3804 1027 3887; x_wconf 65' lang='lat' dir='ltr'><strong>praidicent‘t‘rdem.</strong></span> <span class='ocrx_word' id='word_1_500' title='bbox 1047 3800 1265 3868; x_wconf 78' lang='lat' dir='ltr'><strong>Quaerit</strong></span> <span class='ocrx_word' id='word_1_501' title='bbox 1282 3799 1468 3869; x_wconf 68' lang='lat' dir='ltr'><strong>igitur</strong></span> <span class='ocrx_word' id='word_1_502' title='bbox 1493 3796 1742 3853; x_wconf 73' lang='lat' dir='ltr'><strong>lon‘aras</strong></span> <span class='ocrx_word' id='word_1_503' title='bbox 1767 3804 1938 3863; x_wconf 87' lang='lat' dir='ltr'><strong>quare</strong></span> <span class='ocrx_word' id='word_1_504' title='bbox 1971 3804 2103 3845; x_wconf 79' lang='lat' dir='ltr'><strong>san-</strong></span> 
     </span>
    </p>
   </div>
   <div class='ocr_carea' id='block_1_70' title="bbox 514 3886 2098 3962">
    <p class='ocr_par' dir='ltr' id='par_1_70' title="bbox 514 3886 2098 3962">
     <span class='ocr_line' id='line_1_70' title="bbox 514 3886 2098 3962; baseline -0.016 0"><span class='ocrx_word' id='word_1_505' title='bbox 514 3908 590 3962; x_wconf 87' lang='lat' dir='ltr'><strong>cti</strong></span> <span class='ocrx_word' id='word_1_506' title='bbox 622 3905 818 3960; x_wconf 84' lang='lat' dir='ltr'><strong>Patres</strong></span> <span class='ocrx_word' id='word_1_507' title='bbox 852 3902 908 3956; x_wconf 92' lang='lat' dir='ltr'><strong>in</strong></span> <span class='ocrx_word' id='word_1_508' title='bbox 941 3906 1097 3956; x_wconf 79' lang='lat' dir='ltr'><strong>sexto</strong></span> <span class='ocrx_word' id='word_1_509' title='bbox 1135 3910 1351 3952; x_wconf 84' lang='lat' dir='ltr'><strong>canone</strong></span> <span class='ocrx_word' id='word_1_510' title='bbox 1388 3889 1786 3946; x_wconf 88' lang='lat' dir='ltr'><strong>communione</strong></span> <span class='ocrx_word' id='word_1_511' title='bbox 1824 3886 2098 3944; x_wconf 77' lang='lat' dir='ltr'><strong>duntaxat</strong></span> 
     </span>
    </p>
   </div>
   <div class='ocr_carea' id='block_1_71' title="bbox 511 3977 2098 4072">
    <p class='ocr_par' dir='ltr' id='par_1_71' title="bbox 511 3977 2098 4072">
     <span class='ocr_line' id='line_1_71' title="bbox 511 3977 2098 4072; baseline -0.014 -18"><span class='ocrx_word' id='word_1_512' title='bbox 511 4000 731 4072; x_wconf 75' lang='lat' dir='ltr'><strong>privarit</strong></span> <span class='ocrx_word' id='word_1_513' title='bbox 761 3998 1220 4065; x_wconf 73' lang='lat' dir='ltr'><strong>transigressores,</strong></span> <span class='ocrx_word' id='word_1_514' title='bbox 1248 3988 1303 4042; x_wconf 89' lang='lat' dir='ltr'><strong>in</strong></span> <span class='ocrx_word' id='word_1_515' title='bbox 1330 3985 1567 4056; x_wconf 88' lang='lat' dir='ltr'><strong>septimo</strong></span> <span class='ocrx_word' id='word_1_516' title='bbox 1597 3996 1731 4038; x_wconf 84' lang='lat' dir='ltr'><strong>vero</strong></span> <span class='ocrx_word' id='word_1_517' title='bbox 1758 3977 2098 4036; x_wconf 82' lang='lat' dir='ltr'><strong>anathemati</strong></span> 
     </span>
    </p>
   </div>
   <div class='ocr_carea' id='block_1_72' title="bbox 509 4071 2103 4161">
    <p class='ocr_par' dir='ltr' id='par_1_72' title="bbox 509 4071 2103 4161">
     <span class='ocr_line' id='line_1_72' title="bbox 509 4071 2103 4161; baseline -0.013 -13"><span class='ocrx_word' id='word_1_518' title='bbox 509 4071 611 4148; x_wconf 79' lang='lat' dir='ltr'><strong>eos</strong></span> <span class='ocrx_word' id='word_1_519' title='bbox 629 4088 980 4161; x_wconf 80' lang='lat' dir='ltr'><strong>subjiciunt;</strong></span> <span class='ocrx_word' id='word_1_520' title='bbox 1006 4086 1165 4139; x_wconf 49' lang='lat' dir='ltr'><strong>-haue</strong></span> <span class='ocrx_word' id='word_1_521' title='bbox 1202 4095 1337 4136; x_wconf 82' lang='lat' dir='ltr'><strong>vero</strong></span> <span class='ocrx_word' id='word_1_522' title='bbox 1378 4078 1745 4150; x_wconf 64' lang='lat' dir='ltr'><strong>quaestionem</strong></span> <span class='ocrx_word' id='word_1_523' title='bbox 1787 4074 1877 4130; x_wconf 88' lang='lat' dir='ltr'><strong>his</strong></span> <span class='ocrx_word' id='word_1_524' title='bbox 1914 4071 2103 4128; x_wconf 83' lang='lat' dir='ltr'><strong>verbis</strong></span> 
     </span>
    </p>
   </div>
   <div class='ocr_carea' id='block_1_73' title="bbox 510 4163 2102 4243">
    <p class='ocr_par' dir='ltr' id='par_1_73' title="bbox 510 4163 2102 4243">
     <span class='ocr_line' id='line_1_73' title="bbox 510 4163 2102 4243; baseline -0.015 -1"><span class='ocrx_word' id='word_1_525' title='bbox 510 4187 676 4243; x_wconf 82' lang='lat' dir='ltr'><strong>solvit</strong></span> <span class='ocrx_word' id='word_1_526' title='bbox 710 4202 724 4239; x_wconf 92' lang='lat'><strong>:</strong></span> <span class='ocrx_word' id='word_1_527' title='bbox 764 4180 996 4238; x_wconf 77' lang='lat' dir='ltr'><strong>Multum</strong></span> <span class='ocrx_word' id='word_1_528' title='bbox 1039 4177 1315 4241; x_wconf 87' lang='lat' dir='ltr'><strong>interest,</strong></span> <span class='ocrx_word' id='word_1_529' title='bbox 1356 4164 1575 4241; x_wconf 84' lang='lat' dir='ltr'><strong>inquit,</strong></span> <span class='ocrx_word' id='word_1_530' title='bbox 1614 4172 1765 4224; x_wconf 87' lang='lat' dir='ltr'><strong>inter</strong></span> <span class='ocrx_word' id='word_1_531' title='bbox 1817 4163 2102 4222; x_wconf 85' lang='lat' dir='ltr'><strong>contradi-</strong></span> 
     </span>
    </p>
   </div>
   <div class='ocr_carea' id='block_1_74' title="bbox 506 4259 2102 4346">
    <p class='ocr_par' dir='ltr' id='par_1_74' title="bbox 506 4259 2102 4346">
     <span class='ocr_line' id='line_1_74' title="bbox 506 4259 2102 4346; baseline -0.016 -10"><span class='ocrx_word' id='word_1_532' title='bbox 506 4293 669 4346; x_wconf 76' lang='lat' dir='ltr'><strong>cere,</strong></span> <span class='ocrx_word' id='word_1_533' title='bbox 708 4288 766 4334; x_wconf 91' lang='lat' dir='ltr'><strong>et</strong></span> <span class='ocrx_word' id='word_1_534' title='bbox 797 4276 1060 4331; x_wconf 85' lang='lat' dir='ltr'><strong>dubitare</strong></span> <span class='ocrx_word' id='word_1_535' title='bbox 1094 4271 1163 4327; x_wconf 87' lang='lat' dir='ltr'><strong>de</strong></span> <span class='ocrx_word' id='word_1_536' title='bbox 1203 4269 1387 4337; x_wconf 80' lang='lat' dir='ltr'><strong>aliqua</strong></span> <span class='ocrx_word' id='word_1_537' title='bbox 1420 4282 1525 4334; x_wconf 78' lang='lat' dir='ltr'><strong>re;</strong></span> <span class='ocrx_word' id='word_1_538' title='bbox 1594 4263 1722 4321; x_wconf 87' lang='lat' dir='ltr'><strong>ideo</strong></span> <span class='ocrx_word' id='word_1_539' title='bbox 1739 4262 1845 4333; x_wconf 75' lang='lat' dir='ltr'><strong>qui</strong></span> <span class='ocrx_word' id='word_1_540' title='bbox 1877 4259 2102 4315; x_wconf 87' lang='lat' dir='ltr'><strong>dubitat</strong></span> 
     </span>
    </p>
   </div>
   <div class='ocr_carea' id='block_1_75' title="bbox 512 4361 2105 4442">
    <p class='ocr_par' dir='ltr' id='par_1_75' title="bbox 512 4361 2105 4442">
     <span class='ocr_line' id='line_1_75' title="bbox 512 4361 2105 4442; baseline -0.017 -12"><span class='ocrx_word' id='word_1_541' title='bbox 512 4375 585 4429; x_wconf 88' lang='lat' dir='ltr'><strong>de</strong></span> <span class='ocrx_word' id='word_1_542' title='bbox 632 4373 719 4428; x_wconf 88' lang='lat' dir='ltr'><strong>his</strong></span> <span class='ocrx_word' id='word_1_543' title='bbox 749 4384 873 4442; x_wconf 75' lang='lat' dir='ltr'><strong>qua:</strong></span> <span class='ocrx_word' id='word_1_544' title='bbox 898 4369 1008 4440; x_wconf 82' lang='lat' dir='ltr'><strong>jam</strong></span> <span class='ocrx_word' id='word_1_545' title='bbox 1044 4374 1193 4422; x_wconf 83' lang='lat' dir='ltr'><strong>recte</strong></span> <span class='ocrx_word' id='word_1_546' title='bbox 1214 4380 1255 4419; x_wconf 53' lang='lat' dir='ltr'><strong>&#39;a</strong></span> <span class='ocrx_word' id='word_1_547' title='bbox 1288 4362 1547 4417; x_wconf 86' lang='lat' dir='ltr'><strong>Patribus</strong></span> <span class='ocrx_word' id='word_1_548' title='bbox 1578 4364 1790 4414; x_wconf 71' lang='lat' dir='ltr'><strong>‘statuta</strong></span> <span class='ocrx_word' id='word_1_549' title='bbox 1818 4361 1973 4420; x_wconf 87' lang='lat' dir='ltr'><strong>sunt,</strong></span> <span class='ocrx_word' id='word_1_550' title='bbox 2011 4365 2105 4407; x_wconf 83' lang='lat' dir='ltr'><strong>ex-</strong></span> 
     </span>
    </p>
   </div>
   <div class='ocr_carea' id='block_1_76' title="bbox 511 4444 2102 4523">
    <p class='ocr_par' dir='ltr' id='par_1_76' title="bbox 511 4444 2102 4523">
     <span class='ocr_line' id='line_1_76' title="bbox 511 4444 2102 4523; baseline -0.016 0"><span class='ocrx_word' id='word_1_551' title='bbox 511 4464 1028 4523; x_wconf 82' lang='lat' dir='ltr'><strong>eommunicatione</strong></span> <span class='ocrx_word' id='word_1_552' title='bbox 1077 4458 1402 4518; x_wconf 76' lang='lat' dir='ltr'><strong>inundatur,</strong></span> <span class='ocrx_word' id='word_1_553' title='bbox 1450 4462 1507 4508; x_wconf 85' lang='lat' dir='ltr'><strong>et</strong></span> <span class='ocrx_word' id='word_1_554' title='bbox 1547 4449 1938 4507; x_wconf 82' lang='lat' dir='ltr'><strong>communione</strong></span> <span class='ocrx_word' id='word_1_555' title='bbox 1986 4444 2102 4516; x_wconf 83' lang='lat' dir='ltr'><strong>pri—</strong></span> 
     </span>
    </p>
   </div>
   <div class='ocr_carea' id='block_1_77' title="bbox 514 4536 2104 4628">
    <p class='ocr_par' dir='ltr' id='par_1_77' title="bbox 514 4536 2104 4628">
     <span class='ocr_line' id='line_1_77' title="bbox 514 4536 2104 4628; baseline -0.013 -17"><span class='ocrx_word' id='word_1_556' title='bbox 514 4557 832 4628; x_wconf 77' lang='lat' dir='ltr'><strong>vaturzqui</strong></span> <span class='ocrx_word' id='word_1_557' title='bbox 875 4568 1010 4610; x_wconf 80' lang='lat' dir='ltr'><strong>vero</strong></span> <span class='ocrx_word' id='word_1_558' title='bbox 1040 4553 1121 4607; x_wconf 89' lang='lat' dir='ltr'><strong>eis</strong></span> <span class='ocrx_word' id='word_1_559' title='bbox 1150 4547 1492 4606; x_wconf 82' lang='lat' dir='ltr'><strong>contradicit</strong></span> <span class='ocrx_word' id='word_1_560' title='bbox 1516 4555 1778 4616; x_wconf 78' lang='lat' dir='ltr'><strong>tanquam</strong></span> <span class='ocrx_word' id='word_1_561' title='bbox 1824 4536 2104 4597; x_wconf 84' lang='lat' dir='ltr'><strong>contraria</strong></span> 
     </span>
    </p>
   </div>
   <div class='ocr_carea' id='block_1_78' title="bbox 517 4628 2106 4724">
    <p class='ocr_par' dir='ltr' id='par_1_78' title="bbox 517 4628 2106 4724">
     <span class='ocr_line' id='line_1_78' title="bbox 517 4628 2106 4724; baseline -0.015 -14"><span class='ocrx_word' id='word_1_562' title='bbox 517 4646 771 4724; x_wconf 80' lang='lat' dir='ltr'><strong>sapiens,</strong></span> <span class='ocrx_word' id='word_1_563' title='bbox 806 4633 1349 4719; x_wconf 80' lang='lat' dir='ltr'><strong>anathematizatur.</strong></span> <span class='ocrx_word' id='word_1_564' title='bbox 1382 4628 1567 4708; x_wconf 72' lang='lat' dir='ltr'><strong>Quare</strong></span> <span class='ocrx_word' id='word_1_565' title='bbox 1608 4640 1715 4699; x_wconf 84' lang='lat' dir='ltr'><strong>iste</strong></span> <span class='ocrx_word' id='word_1_566' title='bbox 1747 4636 1917 4693; x_wconf 85' lang='lat' dir='ltr'><strong>etiam</strong></span> <span class='ocrx_word' id='word_1_567' title='bbox 1948 4647 2106 4701; x_wconf 78' lang='lat' dir='ltr'><strong>com—</strong></span> 
     </span>
    </p>
   </div>
   <div class='ocr_carea' id='block_1_79' title="bbox 520 4728 2106 4804">
    <p class='ocr_par' dir='ltr' id='par_1_79' title="bbox 520 4728 2106 4804">
     <span class='ocr_line' id='line_1_79' title="bbox 520 4728 2106 4804; baseline -0.015 0"><span class='ocrx_word' id='word_1_568' title='bbox 520 4755 799 4804; x_wconf 85' lang='lat' dir='ltr'><strong>mentator</strong></span> <span class='ocrx_word' id='word_1_569' title='bbox 828 4744 993 4799; x_wconf 89' lang='lat' dir='ltr'><strong>aliam</strong></span> <span class='ocrx_word' id='word_1_570' title='bbox 1043 4731 1321 4794; x_wconf 45' lang='lat' dir='ltr'><strong>fidem&#39;hic</strong></span> <span class='ocrx_word' id='word_1_571' title='bbox 1352 4728 1838 4791; x_wconf 83' lang='lat' dir='ltr'><strong>contradictoriam</strong></span> <span class='ocrx_word' id='word_1_572' title='bbox 1882 4736 2106 4789; x_wconf 78' lang='lat' dir='ltr'><strong>contra—</strong></span> 
     </span>
    </p>
   </div>
   <div class='ocr_carea' id='block_1_80' title="bbox 519 4826 1963 4909">
    <p class='ocr_par' dir='ltr' id='par_1_80' title="bbox 519 4826 1963 4909">
     <span class='ocr_line' id='line_1_80' title="bbox 519 4826 1963 4909; baseline -0.01 -15"><span class='ocrx_word' id='word_1_573' title='bbox 519 4839 772 4909; x_wconf 84' lang='lat' dir='ltr'><strong>riamque</strong></span> <span class='ocrx_word' id='word_1_574' title='bbox 820 4831 1171 4905; x_wconf 84' lang='lat' dir='ltr'><strong>apertissime</strong></span> <span class='ocrx_word' id='word_1_575' title='bbox 1227 4839 1285 4907; x_wconf 83' lang='lat' dir='ltr'><strong>et</strong></span> <span class='ocrx_word' id='word_1_576' title='bbox 1333 4826 1629 4883; x_wconf 82' lang='lat' dir='ltr'><strong>manifeste</strong></span> <span class='ocrx_word' id='word_1_577' title='bbox 1691 4826 1963 4881; x_wconf 83' lang='lat' dir='ltr'><strong>nominat.</strong></span> 
     </span>
    </p>
   </div>
   <div class='ocr_carea' id='block_1_81' title="bbox 593 4914 2111 4991">
    <p class='ocr_par' dir='ltr' id='par_1_81' title="bbox 593 4914 2111 4991">
     <span class='ocr_line' id='line_1_81' title="bbox 593 4914 2111 4991; baseline -0.012 -3"><span class='ocrx_word' id='word_1_578' title='bbox 593 4935 731 4989; x_wconf 79' lang='lat' dir='ltr'><strong>item</strong></span> <span class='ocrx_word' id='word_1_579' title='bbox 782 4928 1085 4985; x_wconf 88' lang='lat' dir='ltr'><strong>concilium</strong></span> <span class='ocrx_word' id='word_1_580' title='bbox 1132 4928 1191 4980; x_wconf 89' lang='lat' dir='ltr'><strong>in</strong></span> <span class='ocrx_word' id='word_1_581' title='bbox 1234 4914 1426 4979; x_wconf 84' lang='lat' dir='ltr'><strong>Troilo</strong></span> <span class='ocrx_word' id='word_1_582' title='bbox 1456 4922 1795 4979; x_wconf 85' lang='lat' dir='ltr'><strong>celebratum</strong></span> <span class='ocrx_word' id='word_1_583' title='bbox 1828 4920 1883 4976; x_wconf 92' lang='lat' dir='ltr'><strong>in</strong></span> <span class='ocrx_word' id='word_1_584' title='bbox 1931 4918 2111 4991; x_wconf 86' lang='lat' dir='ltr'><strong>primo</strong></span> 
     </span>
    </p>
   </div>
   <div class='ocr_carea' id='block_1_82' title="bbox 521 5015 2111 5085">
    <p class='ocr_par' dir='ltr' id='par_1_82' title="bbox 521 5015 2111 5085">
     <span class='ocr_line' id='line_1_82' title="bbox 521 5015 2111 5085; baseline -0.01 0"><span class='ocrx_word' id='word_1_585' title='bbox 521 5045 624 5085; x_wconf 89' lang='lat' dir='ltr'><strong>suo</strong></span> <span class='ocrx_word' id='word_1_586' title='bbox 651 5041 864 5083; x_wconf 86' lang='lat' dir='ltr'><strong>canone</strong></span> <span class='ocrx_word' id='word_1_587' title='bbox 889 5024 1063 5079; x_wconf 86' lang='lat' dir='ltr'><strong>dicit:</strong></span> <span class='ocrx_word' id='word_1_588' title='bbox 1094 5022 1402 5078; x_wconf 85' lang='lat' dir='ltr'><strong>Statuimus</strong></span> <span class='ocrx_word' id='word_1_589' title='bbox 1430 5018 1833 5074; x_wconf 85' lang='lat' dir='ltr'><strong>immutabilem</strong></span> <span class='ocrx_word' id='word_1_590' title='bbox 1857 5056 1872 5083; x_wconf 92' lang='lat'><strong>,</strong></span> <span class='ocrx_word' id='word_1_591' title='bbox 1904 5015 2111 5085; x_wconf 84' lang='lat' dir='ltr'><strong>absque</strong></span> 
     </span>
    </p>
   </div>
   <div class='ocr_carea' id='block_1_83' title="bbox 523 5109 2109 5192">
    <p class='ocr_par' dir='ltr' id='par_1_83' title="bbox 523 5109 2109 5192">
     <span class='ocr_line' id='line_1_83' title="bbox 523 5109 2109 5192; baseline -0.008 -14"><span class='ocrx_word' id='word_1_592' title='bbox 523 5123 710 5192; x_wconf 82' lang='lat' dir='ltr'><strong>aliqua</strong></span> <span class='ocrx_word' id='word_1_593' title='bbox 752 5121 1000 5175; x_wconf 86' lang='lat' dir='ltr'><strong>novitate</strong></span> <span class='ocrx_word' id='word_1_594' title='bbox 1028 5160 1042 5182; x_wconf 92' lang='lat'><strong>,</strong></span> <span class='ocrx_word' id='word_1_595' title='bbox 1087 5131 1317 5172; x_wconf 81' lang='lat' dir='ltr'><strong>servare</strong></span> <span class='ocrx_word' id='word_1_596' title='bbox 1362 5114 1623 5170; x_wconf 89' lang='lat' dir='ltr'><strong>traditam</strong></span> <span class='ocrx_word' id='word_1_597' title='bbox 1665 5111 1831 5167; x_wconf 88' lang='lat' dir='ltr'><strong>nobis</strong></span> <span class='ocrx_word' id='word_1_598' title='bbox 1864 5110 1935 5164; x_wconf 87' lang='lat' dir='ltr'><strong>ab</strong></span> <span class='ocrx_word' id='word_1_599' title='bbox 1972 5109 2109 5180; x_wconf 85' lang='lat' dir='ltr'><strong>ipsis</strong></span> 
     </span>
    </p>
   </div>
   <div class='ocr_carea' id='block_1_84' title="bbox 522 5202 2111 5283">
    <p class='ocr_par' dir='ltr' id='par_1_84' title="bbox 522 5202 2111 5283">
     <span class='ocr_line' id='line_1_84' title="bbox 522 5202 2111 5283; baseline -0.009 -12"><span class='ocrx_word' id='word_1_600' title='bbox 522 5214 795 5271; x_wconf 86' lang='lat' dir='ltr'><strong>ministris</strong></span> <span class='ocrx_word' id='word_1_601' title='bbox 825 5212 990 5268; x_wconf 85' lang='lat' dir='ltr'><strong>Verbi</strong></span> <span class='ocrx_word' id='word_1_602' title='bbox 1034 5210 1128 5283; x_wconf 89' lang='lat' dir='ltr'><strong>qui</strong></span> <span class='ocrx_word' id='word_1_603' title='bbox 1161 5209 1295 5265; x_wconf 88' lang='lat' dir='ltr'><strong>illud</strong></span> <span class='ocrx_word' id='word_1_604' title='bbox 1325 5207 1503 5263; x_wconf 86' lang='lat' dir='ltr'><strong>oculis</strong></span> <span class='ocrx_word' id='word_1_605' title='bbox 1527 5206 1809 5270; x_wconf 80' lang='lat' dir='ltr'><strong>viderunt,</strong></span> <span class='ocrx_word' id='word_1_606' title='bbox 1844 5202 2111 5275; x_wconf 83' lang='lat' dir='ltr'><strong>apostolis</strong></span> 
     </span>
    </p>
   </div>
   <div class='ocr_carea' id='block_1_85' title="bbox 523 5296 2100 5371">
    <p class='ocr_par' dir='ltr' id='par_1_85' title="bbox 523 5296 2100 5371">
     <span class='ocr_line' id='line_1_85' title="bbox 523 5296 2100 5371; baseline -0.009 -8"><span class='ocrx_word' id='word_1_607' title='bbox 523 5308 784 5363; x_wconf 75' lang='lat' dir='ltr'><strong>videlicet</strong></span> <span class='ocrx_word' id='word_1_608' title='bbox 813 5307 1053 5371; x_wconf 87' lang='lat' dir='ltr'><strong>sanctis,</strong></span> <span class='ocrx_word' id='word_1_609' title='bbox 1092 5313 1148 5360; x_wconf 87' lang='lat' dir='ltr'><strong>et</strong></span> <span class='ocrx_word' id='word_1_610' title='bbox 1177 5321 1207 5359; x_wconf 88' lang='lat' dir='ltr'><strong>a</strong></span> <span class='ocrx_word' id='word_1_611' title='bbox 1235 5303 1345 5359; x_wconf 72' lang='lat'><strong>318</strong></span> <span class='ocrx_word' id='word_1_612' title='bbox 1381 5303 1590 5358; x_wconf 86' lang='lat' dir='ltr'><strong>sanctis</strong></span> <span class='ocrx_word' id='word_1_613' title='bbox 1619 5300 1881 5354; x_wconf 78' lang='lat' dir='ltr'><strong>Patribus</strong></span> <span class='ocrx_word' id='word_1_614' title='bbox 1917 5298 1971 5350; x_wconf 89' lang='lat' dir='ltr'><strong>in</strong></span> <span class='ocrx_word' id='word_1_615' title='bbox 2008 5296 2100 5351; x_wconf 82' lang='lat' dir='ltr'><strong>Ni—</strong></span> 
     </span>
    </p>
   </div>
   <div class='ocr_carea' id='block_1_86' title="bbox 524 5402 2114 5473">
    <p class='ocr_par' dir='ltr' id='par_1_86' title="bbox 524 5402 2114 5473">
     <span class='ocr_line' id='line_1_86' title="bbox 524 5402 2114 5473; baseline -0.007 -16"><span class='ocrx_word' id='word_1_616' title='bbox 524 5419 637 5457; x_wconf 82' lang='lat' dir='ltr'><strong>caea</strong></span> <span class='ocrx_word' id='word_1_617' title='bbox 671 5402 1052 5473; x_wconf 73' lang='lat' dir='ltr'><strong>congregatis;</strong></span> <span class='ocrx_word' id='word_1_618' title='bbox 1091 5409 1147 5454; x_wconf 91' lang='lat' dir='ltr'><strong>et</strong></span> <span class='ocrx_word' id='word_1_619' title='bbox 1212 5408 1619 5468; x_wconf 82' lang='lat' dir='ltr'><strong>consequenter</strong></span> <span class='ocrx_word' id='word_1_620' title='bbox 1669 5402 1963 5448; x_wconf 86' lang='lat' dir='ltr'><strong>enumerat</strong></span> <span class='ocrx_word' id='word_1_621' title='bbox 1997 5406 2114 5446; x_wconf 84' lang='lat' dir='ltr'><strong>om-</strong></span> 
     </span>
    </p>
   </div>
   <div class='ocr_carea' id='block_1_87' title="bbox 520 5488 2106 5561">
    <p class='ocr_par' dir='ltr' id='par_1_87' title="bbox 520 5488 2106 5561">
     <span class='ocr_line' id='line_1_87' title="bbox 520 5488 2106 5561; baseline -0.008 -8"><span class='ocrx_word' id='word_1_622' title='bbox 520 5498 614 5553; x_wconf 83' lang='lat' dir='ltr'><strong>nia</strong></span> <span class='ocrx_word' id='word_1_623' title='bbox 646 5497 880 5551; x_wconf 87' lang='lat' dir='ltr'><strong>concilia</strong></span> <span class='ocrx_word' id='word_1_624' title='bbox 906 5535 920 5558; x_wconf 93' lang='lat'><strong>,</strong></span> <span class='ocrx_word' id='word_1_625' title='bbox 954 5505 1011 5548; x_wconf 88' lang='lat' dir='ltr'><strong>et</strong></span> <span class='ocrx_word' id='word_1_626' title='bbox 1050 5493 1213 5561; x_wconf 87' lang='lat' dir='ltr'><strong>jubet</strong></span> <span class='ocrx_word' id='word_1_627' title='bbox 1262 5493 1422 5546; x_wconf 79' lang='lat' dir='ltr'><strong>fidem</strong></span> <span class='ocrx_word' id='word_1_628' title='bbox 1457 5492 1524 5544; x_wconf 88' lang='lat' dir='ltr'><strong>ab</strong></span> <span class='ocrx_word' id='word_1_629' title='bbox 1555 5490 1816 5545; x_wconf 88' lang='lat' dir='ltr'><strong>omnibus</strong></span> <span class='ocrx_word' id='word_1_630' title='bbox 1850 5488 1961 5542; x_wconf 88' lang='lat' dir='ltr'><strong>illis</strong></span> <span class='ocrx_word' id='word_1_631' title='bbox 1997 5496 2106 5541; x_wconf 76' lang='lat' dir='ltr'><strong>tra-</strong></span> 
     </span>
    </p>
   </div>
   <div class='ocr_carea' id='block_1_88' title="bbox 527 5582 2111 5652">
    <p class='ocr_par' dir='ltr' id='par_1_88' title="bbox 527 5582 2111 5652">
     <span class='ocr_line' id='line_1_88' title="bbox 527 5582 2111 5652; baseline -0.007 -6"><span class='ocrx_word' id='word_1_632' title='bbox 527 5592 705 5646; x_wconf 82' lang='lat' dir='ltr'><strong>ditam</strong></span> <span class='ocrx_word' id='word_1_633' title='bbox 746 5585 1431 5643; x_wconf 65' lang='lat' dir='ltr'><strong>itnmutabilcm‘servari.</strong></span> <span class='ocrx_word' id='word_1_634' title='bbox 1474 5583 1682 5639; x_wconf 87' lang='lat' dir='ltr'><strong>Deinde</strong></span> <span class='ocrx_word' id='word_1_635' title='bbox 1724 5582 1934 5647; x_wconf 85' lang='lat' dir='ltr'><strong>infert,</strong></span> <span class='ocrx_word' id='word_1_636' title='bbox 1966 5582 2111 5652; x_wconf 86' lang='lat' dir='ltr'><strong>quod</strong></span> 
     </span>
    </p>
   </div>
   <div class='ocr_carea' id='block_1_89' title="bbox 524 5675 2112 5752">
    <p class='ocr_par' dir='ltr' id='par_1_89' title="bbox 524 5675 2112 5752">
     <span class='ocr_line' id='line_1_89' title="bbox 524 5675 2112 5752; baseline -0.006 -15"><span class='ocrx_word' id='word_1_637' title='bbox 524 5683 572 5737; x_wconf 82' lang='lat' dir='ltr'><strong>si</strong></span> <span class='ocrx_word' id='word_1_638' title='bbox 606 5682 733 5752; x_wconf 86' lang='lat' dir='ltr'><strong>quis</strong></span> <span class='ocrx_word' id='word_1_639' title='bbox 773 5679 1038 5751; x_wconf 67' lang='lat' dir='ltr'><strong>praedicta</strong></span> <span class='ocrx_word' id='word_1_640' title='bbox 1077 5678 1305 5748; x_wconf 88' lang='lat' dir='ltr'><strong>pietatis</strong></span> <span class='ocrx_word' id='word_1_641' title='bbox 1341 5675 1597 5747; x_wconf 81' lang='lat' dir='ltr'><strong>dogmata</strong></span> <span class='ocrx_word' id='word_1_642' title='bbox 1642 5689 1751 5729; x_wconf 88' lang='lat' dir='ltr'><strong>non</strong></span> <span class='ocrx_word' id='word_1_643' title='bbox 1792 5683 2017 5739; x_wconf 86' lang='lat' dir='ltr'><strong>teneat,</strong></span> <span class='ocrx_word' id='word_1_644' title='bbox 2055 5681 2112 5727; x_wconf 88' lang='lat' dir='ltr'><strong>et</strong></span> 
     </span>
    </p>
   </div>
   <div class='ocr_carea' id='block_1_90' title="bbox 526 5765 2113 5844">
    <p class='ocr_par' dir='ltr' id='par_1_90' title="bbox 526 5765 2113 5844">
     <span class='ocr_line' id='line_1_90' title="bbox 526 5765 2113 5844; baseline -0.005 -14"><span class='ocrx_word' id='word_1_645' title='bbox 526 5777 610 5831; x_wconf 87' lang='lat' dir='ltr'><strong>eis</strong></span> <span class='ocrx_word' id='word_1_646' title='bbox 640 5765 959 5844; x_wconf 84' lang='lat' dir='ltr'><strong>acquiescat</strong></span> <span class='ocrx_word' id='word_1_647' title='bbox 980 5814 995 5839; x_wconf 89' lang='lat'><strong>,</strong></span> <span class='ocrx_word' id='word_1_648' title='bbox 1030 5783 1088 5827; x_wconf 90' lang='lat' dir='ltr'><strong>et</strong></span> <span class='ocrx_word' id='word_1_649' title='bbox 1117 5772 1193 5826; x_wconf 88' lang='lat' dir='ltr'><strong>ita</strong></span> <span class='ocrx_word' id='word_1_650' title='bbox 1225 5772 1404 5842; x_wconf 80' lang='lat' dir='ltr'><strong>sapiat</strong></span> <span class='ocrx_word' id='word_1_651' title='bbox 1425 5811 1440 5837; x_wconf 95' lang='lat'><strong>,</strong></span> <span class='ocrx_word' id='word_1_652' title='bbox 1472 5781 1529 5825; x_wconf 86' lang='lat' dir='ltr'><strong>et</strong></span> <span class='ocrx_word' id='word_1_653' title='bbox 1558 5773 1823 5840; x_wconf 55' lang='lat' dir='ltr'><strong>praedicet</strong></span> <span class='ocrx_word' id='word_1_654' title='bbox 1849 5808 1865 5833; x_wconf 87' lang='lat'><strong>,</strong></span> <span class='ocrx_word' id='word_1_655' title='bbox 1902 5768 1997 5823; x_wconf 86' lang='lat' dir='ltr'><strong>sed</strong></span> <span class='ocrx_word' id='word_1_656' title='bbox 2032 5767 2113 5823; x_wconf 86' lang='lat' dir='ltr'><strong>eis</strong></span> 
     </span>
    </p>
   </div>
   <div class='ocr_carea' id='block_1_91' title="bbox 515 5860 2111 5937">
    <p class='ocr_par' dir='ltr' id='par_1_91' title="bbox 515 5860 2111 5937">
     <span class='ocr_line' id='line_1_91' title="bbox 515 5860 2111 5937; baseline -0.005 -13"><span class='ocrx_word' id='word_1_657' title='bbox 515 5867 812 5924; x_wconf 81' lang='lat' dir='ltr'><strong>‘contraire</strong></span> <span class='ocrx_word' id='word_1_658' title='bbox 846 5875 1119 5937; x_wconf 83' lang='lat' dir='ltr'><strong>conetur,</strong></span> <span class='ocrx_word' id='word_1_659' title='bbox 1162 5864 1456 5922; x_wconf 84' lang='lat' dir='ltr'><strong>anathema</strong></span> <span class='ocrx_word' id='word_1_660' title='bbox 1497 5863 1570 5921; x_wconf 80' lang='lat' dir='ltr'><strong>sit</strong></span> <span class='ocrx_word' id='word_1_661' title='bbox 1595 5860 1904 5921; x_wconf 80' lang='lat' dir='ltr'><strong>secundum</strong></span> <span class='ocrx_word' id='word_1_662' title='bbox 1944 5874 2111 5917; x_wconf 88' lang='lat' dir='ltr'><strong>cano-</strong></span> 
     </span>
    </p>
   </div>
   <div class='ocr_carea' id='block_1_92' title="bbox 2207 3336 3779 3414">
    <p class='ocr_par' dir='ltr' id='par_1_92' title="bbox 2207 3336 3779 3414">
     <span class='ocr_line' id='line_1_92' title="bbox 2207 3336 3779 3414; baseline -0.004 -17"><span class='ocrx_word' id='word_1_663' title='bbox 2207 3341 2353 3399; x_wconf 78' lang='lat' dir='ltr'><strong>hanc</strong></span> <span class='ocrx_word' id='word_1_664' title='bbox 2377 3340 2742 3414; x_wconf 70' lang='lat' dir='ltr'><strong>qua‘stionem</strong></span> <span class='ocrx_word' id='word_1_665' title='bbox 2789 3338 3053 3393; x_wconf 86' lang='lat' dir='ltr'><strong>decidant</strong></span> <span class='ocrx_word' id='word_1_666' title='bbox 3082 3378 3097 3405; x_wconf 92' lang='lat'><strong>,</strong></span> <span class='ocrx_word' id='word_1_667' title='bbox 3153 3348 3214 3393; x_wconf 92' lang='lat' dir='ltr'><strong>ut</strong></span> <span class='ocrx_word' id='word_1_668' title='bbox 3271 3336 3345 3391; x_wconf 90' lang='lat' dir='ltr'><strong>illi</strong></span> <span class='ocrx_word' id='word_1_669' title='bbox 3387 3337 3650 3407; x_wconf 88' lang='lat' dir='ltr'><strong>quidem,</strong></span> <span class='ocrx_word' id='word_1_670' title='bbox 3683 3336 3779 3405; x_wconf 82' lang='lat' dir='ltr'><strong>qui</strong></span> 
     </span>
    </p>
   </div>
   <div class='ocr_carea' id='block_1_93' title="bbox 2209 3433 3785 3509">
    <p class='ocr_par' dir='ltr' id='par_1_93' title="bbox 2209 3433 3785 3509">
     <span class='ocr_line' id='line_1_93' title="bbox 2209 3433 3785 3509; baseline -0.003 -20"><span class='ocrx_word' id='word_1_671' title='bbox 2209 3436 2499 3492; x_wconf 83' lang='lat' dir='ltr'><strong>veritatem</strong></span> <span class='ocrx_word' id='word_1_672' title='bbox 2562 3433 2801 3509; x_wconf 73' lang='lat' dir='ltr'><strong>diligat,</strong></span> <span class='ocrx_word' id='word_1_673' title='bbox 2864 3442 2919 3499; x_wconf 79' lang='lat' dir='ltr'><strong>et</strong></span> <span class='ocrx_word' id='word_1_674' title='bbox 2970 3433 3180 3502; x_wconf 66' lang='lat' dir='ltr'><strong>alisque</strong></span> <span class='ocrx_word' id='word_1_675' title='bbox 3235 3433 3596 3487; x_wconf 80' lang='lat' dir='ltr'><strong>contentione</strong></span> <span class='ocrx_word' id='word_1_676' title='bbox 3656 3446 3785 3501; x_wconf 65' lang='lat' dir='ltr'><strong>qua:</strong></span> 
     </span>
    </p>
   </div>
   <div class='ocr_carea' id='block_1_94' title="bbox 2201 3517 3795 3599">
    <p class='ocr_par' dir='ltr' id='par_1_94' title="bbox 2201 3517 3795 3599">
     <span class='ocr_line' id='line_1_94' title="bbox 2201 3517 3795 3599; baseline 0 -17"><span class='ocrx_word' id='word_1_677' title='bbox 2201 3527 2350 3583; x_wconf 86' lang='lat' dir='ltr'><strong>dicta</strong></span> <span class='ocrx_word' id='word_1_678' title='bbox 2413 3535 2542 3583; x_wconf 81' lang='lat' dir='ltr'><strong>sunt</strong></span> <span class='ocrx_word' id='word_1_679' title='bbox 2591 3527 2815 3599; x_wconf 83' lang='lat' dir='ltr'><strong>audiat,</strong></span> <span class='ocrx_word' id='word_1_680' title='bbox 2850 3528 2985 3589; x_wconf 80' lang='lat' dir='ltr'><strong>satis</strong></span> <span class='ocrx_word' id='word_1_681' title='bbox 3032 3541 3310 3598; x_wconf 79' lang='lat' dir='ltr'><strong>superque</strong></span> <span class='ocrx_word' id='word_1_682' title='bbox 3366 3527 3498 3590; x_wconf 87' lang='lat' dir='ltr'><strong>sint,</strong></span> <span class='ocrx_word' id='word_1_683' title='bbox 3554 3517 3795 3582; x_wconf 47' lang='lat' dir='ltr'><strong>conten;</strong></span> 
     </span>
    </p>
   </div>
   <div class='ocr_carea' id='block_1_95' title="bbox 2202 3618 3776 3690">
    <p class='ocr_par' dir='ltr' id='par_1_95' title="bbox 2202 3618 3776 3690">
     <span class='ocr_line' id='line_1_95' title="bbox 2202 3618 3776 3690; baseline -0.003 -12"><span class='ocrx_word' id='word_1_684' title='bbox 2202 3624 2333 3679; x_wconf 84' lang='lat' dir='ltr'><strong>dere</strong></span> <span class='ocrx_word' id='word_1_685' title='bbox 2376 3639 2507 3678; x_wconf 90' lang='lat' dir='ltr'><strong>vero</strong></span> <span class='ocrx_word' id='word_1_686' title='bbox 2538 3620 2744 3677; x_wconf 87' lang='lat' dir='ltr'><strong>volenti</strong></span> <span class='ocrx_word' id='word_1_687' title='bbox 2776 3635 2879 3677; x_wconf 86' lang='lat' dir='ltr'><strong>nec</strong></span> <span class='ocrx_word' id='word_1_688' title='bbox 2933 3620 3109 3679; x_wconf 86' lang='lat' dir='ltr'><strong>multo</strong></span> <span class='ocrx_word' id='word_1_689' title='bbox 3162 3621 3351 3690; x_wconf 80' lang='lat' dir='ltr'><strong>plures</strong></span> <span class='ocrx_word' id='word_1_690' title='bbox 3401 3618 3776 3675; x_wconf 76' lang='lat' dir='ltr'><strong>satisfaciant:</strong></span> 
     </span>
    </p>
   </div>
   <div class='ocr_carea' id='block_1_96' title="bbox 2203 3714 3779 3787">
    <p class='ocr_par' dir='ltr' id='par_1_96' title="bbox 2203 3714 3779 3787">
     <span class='ocr_line' id='line_1_96' title="bbox 2203 3714 3779 3787; baseline -0.003 -13"><span class='ocrx_word' id='word_1_691' title='bbox 2203 3736 2313 3774; x_wconf 89' lang='lat' dir='ltr'><strong>uno</strong></span> <span class='ocrx_word' id='word_1_692' title='bbox 2364 3719 2629 3773; x_wconf 81' lang='lat' dir='ltr'><strong>duntaxat</strong></span> <span class='ocrx_word' id='word_1_693' title='bbox 2679 3725 3006 3787; x_wconf 80' lang='lat' dir='ltr'><strong>argumento</strong></span> <span class='ocrx_word' id='word_1_694' title='bbox 3053 3715 3371 3769; x_wconf 87' lang='lat' dir='ltr'><strong>Latinorum</strong></span> <span class='ocrx_word' id='word_1_695' title='bbox 3431 3714 3616 3769; x_wconf 86' lang='lat' dir='ltr'><strong>adhuc</strong></span> <span class='ocrx_word' id='word_1_696' title='bbox 3674 3716 3779 3770; x_wconf 85' lang='lat' dir='ltr'><strong>ad-</strong></span> 
     </span>
    </p>
   </div>
   <div class='ocr_carea' id='block_1_97' title="bbox 2203 3807 3783 3878">
    <p class='ocr_par' dir='ltr' id='par_1_97' title="bbox 2203 3807 3783 3878">
     <span class='ocr_line' id='line_1_97' title="bbox 2203 3807 3783 3878; baseline -0.001 -13"><span class='ocrx_word' id='word_1_697' title='bbox 2203 3812 2345 3877; x_wconf 89' lang='lat' dir='ltr'><strong>dito,</strong></span> <span class='ocrx_word' id='word_1_698' title='bbox 2375 3809 2606 3865; x_wconf 84' lang='lat' dir='ltr'><strong>cessabo</strong></span> <span class='ocrx_word' id='word_1_699' title='bbox 2656 3808 2725 3864; x_wconf 88' lang='lat' dir='ltr'><strong>de</strong></span> <span class='ocrx_word' id='word_1_700' title='bbox 2780 3809 2879 3863; x_wconf 85' lang='lat' dir='ltr'><strong>hac</strong></span> <span class='ocrx_word' id='word_1_701' title='bbox 2927 3824 2987 3861; x_wconf 89' lang='lat' dir='ltr'><strong>re</strong></span> <span class='ocrx_word' id='word_1_702' title='bbox 3018 3808 3175 3878; x_wconf 80' lang='lat' dir='ltr'><strong>plura</strong></span> <span class='ocrx_word' id='word_1_703' title='bbox 3203 3807 3411 3862; x_wconf 89' lang='lat' dir='ltr'><strong>dicere.</strong></span> <span class='ocrx_word' id='word_1_704' title='bbox 3456 3808 3554 3864; x_wconf 86' lang='lat' dir='ltr'><strong>Est</strong></span> <span class='ocrx_word' id='word_1_705' title='bbox 3595 3819 3783 3864; x_wconf 76' lang='lat' dir='ltr'><strong>autem</strong></span> 
     </span>
    </p>
   </div>
   <div class='ocr_carea' id='block_1_98' title="bbox 2204 3900 3789 3974">
    <p class='ocr_par' dir='ltr' id='par_1_98' title="bbox 2204 3900 3789 3974">
     <span class='ocr_line' id='line_1_98' title="bbox 2204 3900 3789 3974; baseline 0 -15"><span class='ocrx_word' id='word_1_706' title='bbox 2204 3904 2311 3959; x_wconf 84' lang='lat' dir='ltr'><strong>hoc</strong></span> <span class='ocrx_word' id='word_1_707' title='bbox 2342 3904 2693 3974; x_wconf 76' lang='lat' dir='ltr'><strong>potissimum</strong></span> <span class='ocrx_word' id='word_1_708' title='bbox 2721 3944 2734 3967; x_wconf 94' lang='lat'><strong>,</strong></span> <span class='ocrx_word' id='word_1_709' title='bbox 2764 3911 2823 3959; x_wconf 83' lang='lat' dir='ltr'><strong>et</strong></span> <span class='ocrx_word' id='word_1_710' title='bbox 2849 3902 2993 3971; x_wconf 86' lang='lat' dir='ltr'><strong>quod</strong></span> <span class='ocrx_word' id='word_1_711' title='bbox 3029 3902 3205 3956; x_wconf 89' lang='lat' dir='ltr'><strong>solum</strong></span> <span class='ocrx_word' id='word_1_712' title='bbox 3236 3901 3466 3957; x_wconf 82' lang='lat' dir='ltr'><strong>suﬂiciat</strong></span> <span class='ocrx_word' id='word_1_713' title='bbox 3500 3900 3567 3957; x_wconf 89' lang='lat' dir='ltr'><strong>ad</strong></span> <span class='ocrx_word' id='word_1_714' title='bbox 3597 3903 3789 3959; x_wconf 81' lang='lat' dir='ltr'><strong>redar-</strong></span> 
     </span>
    </p>
   </div>
   <div class='ocr_carea' id='block_1_99' title="bbox 2203 3996 3786 4070">
    <p class='ocr_par' dir='ltr' id='par_1_99' title="bbox 2203 3996 3786 4070">
     <span class='ocr_line' id='line_1_99' title="bbox 2203 3996 3786 4070; baseline 0.001 -17"><span class='ocrx_word' id='word_1_715' title='bbox 2203 3997 2484 4070; x_wconf 75' lang='lat' dir='ltr'><strong>guendum</strong></span> <span class='ocrx_word' id='word_1_716' title='bbox 2554 4012 2803 4052; x_wconf 83' lang='lat' dir='ltr'><strong>errorem</strong></span> <span class='ocrx_word' id='word_1_717' title='bbox 2862 4006 3210 4053; x_wconf 81' lang='lat' dir='ltr'><strong>nostrorum.</strong></span> <span class='ocrx_word' id='word_1_718' title='bbox 3272 3996 3386 4051; x_wconf 87' lang='lat' dir='ltr'><strong>Nos</strong></span> <span class='ocrx_word' id='word_1_719' title='bbox 3445 3998 3786 4065; x_wconf 84' lang='lat' dir='ltr'><strong>asserimus,</strong></span> 
     </span>
    </p>
   </div>
   <div class='ocr_carea' id='block_1_100' title="bbox 2205 4090 3791 4163">
    <p class='ocr_par' dir='ltr' id='par_1_100' title="bbox 2205 4090 3791 4163">
     <span class='ocr_line' id='line_1_100' title="bbox 2205 4090 3791 4163; baseline 0.006 -22"><span class='ocrx_word' id='word_1_720' title='bbox 2205 4091 2351 4163; x_wconf 83' lang='lat' dir='ltr'><strong>quod</strong></span> <span class='ocrx_word' id='word_1_721' title='bbox 2400 4093 2639 4163; x_wconf 82' lang='lat' dir='ltr'><strong>primum</strong></span> <span class='ocrx_word' id='word_1_722' title='bbox 2686 4092 2912 4150; x_wconf 81' lang='lat' dir='ltr'><strong>tertium</strong></span> <span class='ocrx_word' id='word_1_723' title='bbox 2961 4090 3261 4159; x_wconf 73' lang='lat' dir='ltr'><strong>caricilium</strong></span> <span class='ocrx_word' id='word_1_724' title='bbox 3307 4091 3452 4147; x_wconf 87' lang='lat' dir='ltr'><strong>hanc</strong></span> <span class='ocrx_word' id='word_1_725' title='bbox 3500 4092 3791 4150; x_wconf 83' lang='lat' dir='ltr'><strong>inltibitio-</strong></span> 
     </span>
    </p>
   </div>
   <div class='ocr_carea' id='block_1_101' title="bbox 2206 4185 3787 4256">
    <p class='ocr_par' dir='ltr' id='par_1_101' title="bbox 2206 4185 3787 4256">
     <span class='ocr_line' id='line_1_101' title="bbox 2206 4185 3787 4256; baseline 0.001 -15"><span class='ocrx_word' id='word_1_726' title='bbox 2206 4203 2333 4241; x_wconf 88' lang='lat' dir='ltr'><strong>nem</strong></span> <span class='ocrx_word' id='word_1_727' title='bbox 2367 4185 2650 4250; x_wconf 82' lang='lat' dir='ltr'><strong>decrevit,</strong></span> <span class='ocrx_word' id='word_1_728' title='bbox 2686 4195 2747 4241; x_wconf 90' lang='lat' dir='ltr'><strong>ut</strong></span> <span class='ocrx_word' id='word_1_729' title='bbox 2777 4185 2941 4256; x_wconf 81' lang='lat' dir='ltr'><strong>paulo</strong></span> <span class='ocrx_word' id='word_1_730' title='bbox 2974 4192 3101 4239; x_wconf 83' lang='lat' dir='ltr'><strong>ante</strong></span> <span class='ocrx_word' id='word_1_731' title='bbox 3135 4185 3249 4241; x_wconf 70' lang='lat' dir='ltr'><strong>dixi</strong></span> <span class='ocrx_word' id='word_1_732' title='bbox 3280 4204 3293 4251; x_wconf 88' lang='lat'><strong>;</strong></span> <span class='ocrx_word' id='word_1_733' title='bbox 3341 4187 3565 4256; x_wconf 89' lang='lat' dir='ltr'><strong>quando</strong></span> <span class='ocrx_word' id='word_1_734' title='bbox 3610 4191 3787 4244; x_wconf 87' lang='lat' dir='ltr'><strong>etiam</strong></span> 
     </span>
    </p>
   </div>
   <div class='ocr_carea' id='block_1_102' title="bbox 2208 4279 3787 4351">
    <p class='ocr_par' dir='ltr' id='par_1_102' title="bbox 2208 4279 3787 4351">
     <span class='ocr_line' id='line_1_102' title="bbox 2208 4279 3787 4351; baseline 0.002 -14"><span class='ocrx_word' id='word_1_735' title='bbox 2208 4296 2453 4341; x_wconf 84' lang='lat' dir='ltr'><strong>causam,</strong></span> <span class='ocrx_word' id='word_1_736' title='bbox 2486 4295 2658 4351; x_wconf 85' lang='lat' dir='ltr'><strong>quare</strong></span> <span class='ocrx_word' id='word_1_737' title='bbox 2689 4279 2793 4334; x_wconf 83' lang='lat' dir='ltr'><strong>hoc</strong></span> <span class='ocrx_word' id='word_1_738' title='bbox 2822 4279 3062 4337; x_wconf 83' lang='lat' dir='ltr'><strong>dicimus</strong></span> <span class='ocrx_word' id='word_1_739' title='bbox 3092 4280 3442 4341; x_wconf 72' lang='lat' dir='ltr'><strong>manifestat-i</strong></span> <span class='ocrx_word' id='word_1_740' title='bbox 3468 4325 3481 4347; x_wconf 92' lang='lat'><strong>,</strong></span> <span class='ocrx_word' id='word_1_741' title='bbox 3509 4298 3633 4351; x_wconf 77' lang='lat' dir='ltr'><strong>quae</strong></span> <span class='ocrx_word' id='word_1_742' title='bbox 3660 4294 3746 4339; x_wconf 84' lang='lat' dir='ltr'><strong>est</strong></span> <span class='ocrx_word' id='word_1_743' title='bbox 3772 4301 3787 4339; x_wconf 93' lang='lat'><strong>:</strong></span> 
     </span>
    </p>
   </div>
   <div class='ocr_carea' id='block_1_103' title="bbox 2209 4371 3788 4446">
    <p class='ocr_par' dir='ltr' id='par_1_103' title="bbox 2209 4371 3788 4446">
     <span class='ocr_line' id='line_1_103' title="bbox 2209 4371 3788 4446; baseline 0.001 -18"><span class='ocrx_word' id='word_1_744' title='bbox 2209 4374 2357 4445; x_wconf 90' lang='lat' dir='ltr'><strong>quod</strong></span> <span class='ocrx_word' id='word_1_745' title='bbox 2388 4389 2516 4429; x_wconf 85' lang='lat' dir='ltr'><strong>cum</strong></span> <span class='ocrx_word' id='word_1_746' title='bbox 2554 4373 2792 4428; x_wconf 83' lang='lat' dir='ltr'><strong>secunda</strong></span> <span class='ocrx_word' id='word_1_747' title='bbox 2823 4371 3072 4445; x_wconf 76' lang='lat' dir='ltr'><strong>synodus</strong></span> <span class='ocrx_word' id='word_1_748' title='bbox 3100 4371 3255 4442; x_wconf 84' lang='lat' dir='ltr'><strong>plura</strong></span> <span class='ocrx_word' id='word_1_749' title='bbox 3301 4372 3614 4441; x_wconf 85' lang='lat' dir='ltr'><strong>addiderit,</strong></span> <span class='ocrx_word' id='word_1_750' title='bbox 3666 4377 3788 4446; x_wconf 84' lang='lat' dir='ltr'><strong>plu—</strong></span> 
     </span>
    </p>
   </div>
   <div class='ocr_carea' id='block_1_104' title="bbox 2212 4448 3794 4538">
    <p class='ocr_par' dir='ltr' id='par_1_104' title="bbox 2212 4448 3794 4538">
     <span class='ocr_line' id='line_1_104' title="bbox 2212 4448 3794 4538; baseline 0.004 -17"><span class='ocrx_word' id='word_1_751' title='bbox 2212 4483 2383 4538; x_wconf 87' lang='lat' dir='ltr'><strong>raque</strong></span> <span class='ocrx_word' id='word_1_752' title='bbox 2426 4465 2717 4521; x_wconf 82' lang='lat' dir='ltr'><strong>abstulerit</strong></span> <span class='ocrx_word' id='word_1_753' title='bbox 2766 4481 2793 4520; x_wconf 88' lang='lat' dir='ltr'><strong>a</strong></span> <span class='ocrx_word' id='word_1_754' title='bbox 2842 4464 3103 4536; x_wconf 79' lang='lat' dir='ltr'><strong>Symbolo</strong></span> <span class='ocrx_word' id='word_1_755' title='bbox 3135 4464 3359 4523; x_wconf 53' lang='lat' dir='ltr'><strong>Niceno</strong></span> <span class='ocrx_word' id='word_1_756' title='bbox 3384 4509 3400 4536; x_wconf 90' lang='lat'><strong>,</strong></span> <span class='ocrx_word' id='word_1_757' title='bbox 3435 4468 3477 4523; x_wconf 87' lang='lat' dir='ltr'><strong>si</strong></span> <span class='ocrx_word' id='word_1_758' title='bbox 3515 4448 3794 4531; x_wconf 68' lang='lat' dir='ltr'><strong>asserere-</strong></span> 
     </span>
    </p>
   </div>
   <div class='ocr_carea' id='block_1_105' title="bbox 2134 4558 3791 4643">
    <p class='ocr_par' dir='ltr' id='par_1_105' title="bbox 2134 4558 3791 4643">
     <span class='ocr_line' id='line_1_105' title="bbox 2134 4558 3791 4643; baseline 0.003 -29"><span class='ocrx_word' id='word_1_759' title='bbox 2134 4584 2187 4643; x_wconf 72' lang='grc' dir='ltr'><strong><em>Β</em></strong></span> <span class='ocrx_word' id='word_1_760' title='bbox 2217 4577 2339 4615; x_wconf 90' lang='lat' dir='ltr'><strong>mus</strong></span> <span class='ocrx_word' id='word_1_761' title='bbox 2369 4573 2496 4628; x_wconf 84' lang='lat' dir='ltr'><strong>ante</strong></span> <span class='ocrx_word' id='word_1_762' title='bbox 2528 4558 2835 4615; x_wconf 83' lang='lat' dir='ltr'><strong>secundum</strong></span> <span class='ocrx_word' id='word_1_763' title='bbox 2866 4560 3163 4615; x_wconf 85' lang='lat' dir='ltr'><strong>concilium</strong></span> <span class='ocrx_word' id='word_1_764' title='bbox 3212 4561 3354 4616; x_wconf 86' lang='lat' dir='ltr'><strong>hanc</strong></span> <span class='ocrx_word' id='word_1_765' title='bbox 3403 4561 3791 4623; x_wconf 83' lang='lat' dir='ltr'><strong>lnhihitionem</strong></span> 
     </span>
    </p>
   </div>
   <div class='ocr_carea' id='block_1_106' title="bbox 2216 4653 3798 4723">
    <p class='ocr_par' dir='ltr' id='par_1_106' title="bbox 2216 4653 3798 4723">
     <span class='ocr_line' id='line_1_106' title="bbox 2216 4653 3798 4723; baseline 0.003 -14"><span class='ocrx_word' id='word_1_766' title='bbox 2216 4654 2388 4710; x_wconf 84' lang='lat' dir='ltr'><strong>fuisse</strong></span> <span class='ocrx_word' id='word_1_767' title='bbox 2418 4670 2532 4718; x_wconf 78' lang='lat' dir='ltr'><strong>,ex</strong></span> <span class='ocrx_word' id='word_1_768' title='bbox 2566 4653 2783 4708; x_wconf 81' lang='lat' dir='ltr'><strong>duobus</strong></span> <span class='ocrx_word' id='word_1_769' title='bbox 2832 4668 3003 4707; x_wconf 87' lang='lat' dir='ltr'><strong>unum</strong></span> <span class='ocrx_word' id='word_1_770' title='bbox 3050 4663 3401 4723; x_wconf 86' lang='lat' dir='ltr'><strong>sequeretur,</strong></span> <span class='ocrx_word' id='word_1_771' title='bbox 3438 4670 3668 4714; x_wconf 85' lang='lat' dir='ltr'><strong>necesse</strong></span> <span class='ocrx_word' id='word_1_772' title='bbox 3710 4674 3798 4713; x_wconf 83' lang='lat' dir='ltr'><strong>cs-</strong></span> 
     </span>
    </p>
   </div>
   <div class='ocr_carea' id='block_1_107' title="bbox 2217 4748 3793 4817">
    <p class='ocr_par' dir='ltr' id='par_1_107' title="bbox 2217 4748 3793 4817">
     <span class='ocr_line' id='line_1_107' title="bbox 2217 4748 3793 4817; baseline 0.004 -14"><span class='ocrx_word' id='word_1_773' title='bbox 2217 4758 2323 4812; x_wconf 85' lang='lat' dir='ltr'><strong>set,</strong></span> <span class='ocrx_word' id='word_1_774' title='bbox 2361 4757 2457 4801; x_wconf 84' lang='lat' dir='ltr'><strong>aut</strong></span> <span class='ocrx_word' id='word_1_775' title='bbox 2514 4748 2971 4817; x_wconf 76' lang='lat' dir='ltr'><strong>transgressionis</strong></span> <span class='ocrx_word' id='word_1_776' title='bbox 3003 4764 3280 4804; x_wconf 88' lang='lat' dir='ltr'><strong>canonum</strong></span> <span class='ocrx_word' id='word_1_777' title='bbox 3312 4761 3536 4807; x_wconf 84' lang='lat' dir='ltr'><strong>sanctos</strong></span> <span class='ocrx_word' id='word_1_778' title='bbox 3565 4754 3793 4809; x_wconf 83' lang='lat' dir='ltr'><strong>secundi</strong></span> 
     </span>
    </p>
   </div>
   <div class='ocr_carea' id='block_1_108' title="bbox 2218 4841 3791 4911">
    <p class='ocr_par' dir='ltr' id='par_1_108' title="bbox 2218 4841 3791 4911">
     <span class='ocr_line' id='line_1_108' title="bbox 2218 4841 3791 4911; baseline 0.001 -11"><span class='ocrx_word' id='word_1_779' title='bbox 2218 4842 2443 4900; x_wconf 82' lang='lat' dir='ltr'><strong>concilii</strong></span> <span class='ocrx_word' id='word_1_780' title='bbox 2474 4842 2666 4897; x_wconf 82' lang='lat' dir='ltr'><strong>Patres</strong></span> <span class='ocrx_word' id='word_1_781' title='bbox 2694 4857 2977 4906; x_wconf 84' lang='lat' dir='ltr'><strong>accusare,</strong></span> <span class='ocrx_word' id='word_1_782' title='bbox 3006 4850 3061 4897; x_wconf 90' lang='lat' dir='ltr'><strong>et</strong></span> <span class='ocrx_word' id='word_1_783' title='bbox 3093 4841 3197 4897; x_wconf 82' lang='lat' dir='ltr'><strong>sub</strong></span> <span class='ocrx_word' id='word_1_784' title='bbox 3225 4844 3791 4911; x_wconf 71' lang='lat' dir='ltr'><strong>anathemale&#39;fuisse,</strong></span> 
     </span>
    </p>
   </div>
   <div class='ocr_carea' id='block_1_109' title="bbox 2215 4936 3796 5003">
    <p class='ocr_par' dir='ltr' id='par_1_109' title="bbox 2215 4936 3796 5003">
     <span class='ocr_line' id='line_1_109' title="bbox 2215 4936 3796 5003; baseline 0.004 -12"><span class='ocrx_word' id='word_1_785' title='bbox 2215 4945 2310 4992; x_wconf 88' lang='lat' dir='ltr'><strong>aut</strong></span> <span class='ocrx_word' id='word_1_786' title='bbox 2336 4950 2462 4991; x_wconf 88' lang='lat' dir='ltr'><strong>cum</strong></span> <span class='ocrx_word' id='word_1_787' title='bbox 2496 4936 2599 4991; x_wconf 89' lang='lat' dir='ltr'><strong>hoc</strong></span> <span class='ocrx_word' id='word_1_788' title='bbox 2627 4951 2735 4995; x_wconf 91' lang='lat' dir='ltr'><strong>non</strong></span> <span class='ocrx_word' id='word_1_789' title='bbox 2760 4936 2936 4993; x_wconf 86' lang='lat' dir='ltr'><strong>solum</strong></span> <span class='ocrx_word' id='word_1_790' title='bbox 2961 4936 3263 4992; x_wconf 83' lang='lat' dir='ltr'><strong>absurdum</strong></span> <span class='ocrx_word' id='word_1_791' title='bbox 3287 4979 3303 5003; x_wconf 95' lang='lat'><strong>,</strong></span> <span class='ocrx_word' id='word_1_792' title='bbox 3329 4937 3426 4993; x_wconf 86' lang='lat' dir='ltr'><strong>sed</strong></span> <span class='ocrx_word' id='word_1_793' title='bbox 3452 4941 3621 4994; x_wconf 86' lang='lat' dir='ltr'><strong>etiam</strong></span> <span class='ocrx_word' id='word_1_794' title='bbox 3651 4942 3796 4997; x_wconf 82' lang='lat' dir='ltr'><strong>blas-</strong></span> 
     </span>
    </p>
   </div>
   <div class='ocr_carea' id='block_1_110' title="bbox 2217 5029 3801 5101">
    <p class='ocr_par' dir='ltr' id='par_1_110' title="bbox 2217 5029 3801 5101">
     <span class='ocr_line' id='line_1_110' title="bbox 2217 5029 3801 5101; baseline 0.004 -19"><span class='ocrx_word' id='word_1_795' title='bbox 2217 5030 2440 5101; x_wconf 82' lang='lat' dir='ltr'><strong>phemia</strong></span> <span class='ocrx_word' id='word_1_796' title='bbox 2480 5029 2559 5085; x_wconf 91' lang='lat' dir='ltr'><strong>sit</strong></span> <span class='ocrx_word' id='word_1_797' title='bbox 2591 5030 2806 5093; x_wconf 76' lang='lat' dir='ltr'><strong>dicere,</strong></span> <span class='ocrx_word' id='word_1_798' title='bbox 2844 5045 2952 5085; x_wconf 90' lang='lat' dir='ltr'><strong>non</strong></span> <span class='ocrx_word' id='word_1_799' title='bbox 2987 5046 3211 5089; x_wconf 79' lang='lat' dir='ltr'><strong>omnem</strong></span> <span class='ocrx_word' id='word_1_800' title='bbox 3248 5032 3527 5089; x_wconf 81' lang='lat' dir='ltr'><strong>verbalem</strong></span> <span class='ocrx_word' id='word_1_801' title='bbox 3562 5033 3801 5089; x_wconf 87' lang='lat' dir='ltr'><strong>additio-</strong></span> 
     </span>
    </p>
   </div>
   <div class='ocr_carea' id='block_1_111' title="bbox 2216 5119 3799 5192">
    <p class='ocr_par' dir='ltr' id='par_1_111' title="bbox 2216 5119 3799 5192">
     <span class='ocr_line' id='line_1_111' title="bbox 2216 5119 3799 5192; baseline 0.005 -18"><span class='ocrx_word' id='word_1_802' title='bbox 2216 5135 2379 5183; x_wconf 87' lang='lat' dir='ltr'><strong>nem,</strong></span> <span class='ocrx_word' id='word_1_803' title='bbox 2447 5121 2543 5175; x_wconf 84' lang='lat' dir='ltr'><strong>sed</strong></span> <span class='ocrx_word' id='word_1_804' title='bbox 2584 5122 2892 5176; x_wconf 85' lang='lat' dir='ltr'><strong>sententias</strong></span> <span class='ocrx_word' id='word_1_805' title='bbox 2936 5119 3103 5177; x_wconf 74' lang='lat' dir='ltr'><strong>falsas</strong></span> <span class='ocrx_word' id='word_1_806' title='bbox 3149 5131 3313 5192; x_wconf 86' lang='lat' dir='ltr'><strong>atque</strong></span> <span class='ocrx_word' id='word_1_807' title='bbox 3355 5124 3696 5192; x_wconf 82' lang='lat' dir='ltr'><strong>contrarias,</strong></span> <span class='ocrx_word' id='word_1_808' title='bbox 3728 5142 3799 5182; x_wconf 85' lang='lat' dir='ltr'><strong>ne</strong></span> 
     </span>
    </p>
   </div>
   <div class='ocr_carea' id='block_1_112' title="bbox 2217 5210 3798 5287">
    <p class='ocr_par' dir='ltr' id='par_1_112' title="bbox 2217 5210 3798 5287">
     <span class='ocr_line' id='line_1_112' title="bbox 2217 5210 3798 5287; baseline 0.006 -24"><span class='ocrx_word' id='word_1_809' title='bbox 2217 5210 2492 5265; x_wconf 87' lang='lat' dir='ltr'><strong>addantur</strong></span> <span class='ocrx_word' id='word_1_810' title='bbox 2534 5210 2865 5271; x_wconf 79' lang='lat' dir='ltr'><strong>inhibuisse.</strong></span> <span class='ocrx_word' id='word_1_811' title='bbox 2906 5210 3089 5278; x_wconf 75' lang='lat' dir='ltr'><strong>Quare</strong></span> <span class='ocrx_word' id='word_1_812' title='bbox 3138 5215 3387 5281; x_wconf 68' lang='lat' dir='ltr'><strong>cogimur</strong></span> <span class='ocrx_word' id='word_1_813' title='bbox 3439 5214 3625 5279; x_wconf 82' lang='lat' dir='ltr'><strong>dicere</strong></span> <span class='ocrx_word' id='word_1_814' title='bbox 3674 5227 3798 5287; x_wconf 87' lang='lat' dir='ltr'><strong>post</strong></span> 
     </span>
    </p>
   </div>
   <div class='ocr_carea' id='block_1_113' title="bbox 2218 5304 3795 5375">
    <p class='ocr_par' dir='ltr' id='par_1_113' title="bbox 2218 5304 3795 5375">
     <span class='ocr_line' id='line_1_113' title="bbox 2218 5304 3795 5375; baseline 0.004 -16"><span class='ocrx_word' id='word_1_815' title='bbox 2218 5304 2518 5359; x_wconf 84' lang='lat' dir='ltr'><strong>secundam</strong></span> <span class='ocrx_word' id='word_1_816' title='bbox 2594 5305 2860 5375; x_wconf 76' lang='lat' dir='ltr'><strong>synodum</strong></span> <span class='ocrx_word' id='word_1_817' title='bbox 2924 5306 3067 5361; x_wconf 88' lang='lat' dir='ltr'><strong>hanc</strong></span> <span class='ocrx_word' id='word_1_818' title='bbox 3128 5306 3516 5369; x_wconf 85' lang='lat' dir='ltr'><strong>inhibitionem</strong></span> <span class='ocrx_word' id='word_1_819' title='bbox 3597 5310 3795 5366; x_wconf 89' lang='lat' dir='ltr'><strong>factam</strong></span> 
     </span>
    </p>
   </div>
   <div class='ocr_carea' id='block_1_114' title="bbox 2219 5397 3798 5471">
    <p class='ocr_par' dir='ltr' id='par_1_114' title="bbox 2219 5397 3798 5471">
     <span class='ocr_line' id='line_1_114' title="bbox 2219 5397 3798 5471; baseline 0.004 -20"><span class='ocrx_word' id='word_1_820' title='bbox 2219 5397 2422 5461; x_wconf 73' lang='lat' dir='ltr'><strong>fuisse,</strong></span> <span class='ocrx_word' id='word_1_821' title='bbox 2456 5413 2567 5451; x_wconf 86' lang='lat' dir='ltr'><strong>non</strong></span> <span class='ocrx_word' id='word_1_822' title='bbox 2599 5407 2781 5454; x_wconf 84' lang='lat' dir='ltr'><strong>antea.</strong></span> <span class='ocrx_word' id='word_1_823' title='bbox 2814 5397 2988 5471; x_wconf 84' lang='lat' dir='ltr'><strong>Igitur</strong></span> <span class='ocrx_word' id='word_1_824' title='bbox 3014 5400 3059 5453; x_wconf 89' lang='lat' dir='ltr'><strong>si</strong></span> <span class='ocrx_word' id='word_1_825' title='bbox 3087 5399 3211 5469; x_wconf 87' lang='lat' dir='ltr'><strong>quis</strong></span> <span class='ocrx_word' id='word_1_826' title='bbox 3243 5415 3274 5455; x_wconf 87' lang='lat' dir='ltr'><strong>e</strong></span> <span class='ocrx_word' id='word_1_827' title='bbox 3306 5416 3580 5461; x_wconf 82' lang='lat' dir='ltr'><strong>converso</strong></span> <span class='ocrx_word' id='word_1_828' title='bbox 3614 5414 3798 5458; x_wconf 78' lang='lat' dir='ltr'><strong>osten-</strong></span> 
     </span>
    </p>
   </div>
   <div class='ocr_carea' id='block_1_115' title="bbox 2219 5490 3796 5565">
    <p class='ocr_par' dir='ltr' id='par_1_115' title="bbox 2219 5490 3796 5565">
     <span class='ocr_line' id='line_1_115' title="bbox 2219 5490 3796 5565; baseline 0.005 -22"><span class='ocrx_word' id='word_1_829' title='bbox 2219 5494 2314 5543; x_wconf 86' lang='lat' dir='ltr'><strong>dat</strong></span> <span class='ocrx_word' id='word_1_830' title='bbox 2361 5492 2505 5559; x_wconf 86' lang='lat' dir='ltr'><strong>quod</strong></span> <span class='ocrx_word' id='word_1_831' title='bbox 2551 5498 2676 5545; x_wconf 78' lang='lat' dir='ltr'><strong>ante</strong></span> <span class='ocrx_word' id='word_1_832' title='bbox 2720 5490 3017 5547; x_wconf 85' lang='lat' dir='ltr'><strong>secundam</strong></span> <span class='ocrx_word' id='word_1_833' title='bbox 3064 5494 3337 5565; x_wconf 77' lang='lat' dir='ltr'><strong>synodum</strong></span> <span class='ocrx_word' id='word_1_834' title='bbox 3386 5498 3501 5553; x_wconf 71' lang='lat' dir='ltr'><strong>hmo</strong></span> <span class='ocrx_word' id='word_1_835' title='bbox 3537 5498 3796 5552; x_wconf 83' lang='lat' dir='ltr'><strong>inhibitio</strong></span> 
     </span>
    </p>
   </div>
   <div class='ocr_carea' id='block_1_116' title="bbox 2217 5582 3795 5659">
    <p class='ocr_par' dir='ltr' id='par_1_116' title="bbox 2217 5582 3795 5659">
     <span class='ocr_line' id='line_1_116' title="bbox 2217 5582 3795 5659; baseline 0.007 -24"><span class='ocrx_word' id='word_1_836' title='bbox 2217 5582 2389 5637; x_wconf 83' lang='lat' dir='ltr'><strong>fuerit</strong></span> <span class='ocrx_word' id='word_1_837' title='bbox 2420 5625 2433 5649; x_wconf 95' lang='lat'><strong>,</strong></span> <span class='ocrx_word' id='word_1_838' title='bbox 2463 5594 2519 5638; x_wconf 90' lang='lat' dir='ltr'><strong>et</strong></span> <span class='ocrx_word' id='word_1_839' title='bbox 2549 5584 2744 5638; x_wconf 79' lang='lat' dir='ltr'><strong>iisdem</strong></span> <span class='ocrx_word' id='word_1_840' title='bbox 2775 5583 2891 5639; x_wconf 88' lang='lat' dir='ltr'><strong>fere</strong></span> <span class='ocrx_word' id='word_1_841' title='bbox 2918 5588 3104 5643; x_wconf 85' lang='lat' dir='ltr'><strong>verbis</strong></span> <span class='ocrx_word' id='word_1_842' title='bbox 3125 5626 3139 5655; x_wconf 92' lang='lat'><strong>,</strong></span> <span class='ocrx_word' id='word_1_843' title='bbox 3175 5589 3376 5659; x_wconf 80' lang='lat' dir='ltr'><strong>quibus</strong></span> <span class='ocrx_word' id='word_1_844' title='bbox 3410 5590 3632 5646; x_wconf 88' lang='lat' dir='ltr'><strong>tertium</strong></span> <span class='ocrx_word' id='word_1_845' title='bbox 3665 5606 3795 5646; x_wconf 87' lang='lat' dir='ltr'><strong>eon-</strong></span> 
     </span>
    </p>
   </div>
   <div class='ocr_carea' id='block_1_117' title="bbox 2218 5677 3798 5755">
    <p class='ocr_par' dir='ltr' id='par_1_117' title="bbox 2218 5677 3798 5755">
     <span class='ocr_line' id='line_1_117' title="bbox 2218 5677 3798 5755; baseline 0.004 -24"><span class='ocrx_word' id='word_1_846' title='bbox 2218 5677 2406 5731; x_wconf 89' lang='lat' dir='ltr'><strong>cilium</strong></span> <span class='ocrx_word' id='word_1_847' title='bbox 2466 5693 2625 5731; x_wconf 88' lang='lat' dir='ltr'><strong>usum</strong></span> <span class='ocrx_word' id='word_1_848' title='bbox 2677 5689 2797 5743; x_wconf 85' lang='lat' dir='ltr'><strong>est,</strong></span> <span class='ocrx_word' id='word_1_849' title='bbox 2843 5679 3138 5749; x_wconf 81' lang='lat' dir='ltr'><strong>colligetur</strong></span> <span class='ocrx_word' id='word_1_850' title='bbox 3182 5682 3421 5737; x_wconf 89' lang='lat' dir='ltr'><strong>duorum</strong></span> <span class='ocrx_word' id='word_1_851' title='bbox 3454 5684 3798 5755; x_wconf 82' lang='lat' dir='ltr'><strong>supradicto-</strong></span> 
     </span>
    </p>
   </div>
   <div class='ocr_carea' id='block_1_118' title="bbox 2218 5768 3802 5837">
    <p class='ocr_par' dir='ltr' id='par_1_118' title="bbox 2218 5768 3802 5837">
     <span class='ocr_line' id='line_1_118' title="bbox 2218 5768 3802 5837; baseline 0.004 -14"><span class='ocrx_word' id='word_1_852' title='bbox 2218 5784 2341 5823; x_wconf 88' lang='lat' dir='ltr'><strong>rum</strong></span> <span class='ocrx_word' id='word_1_853' title='bbox 2367 5768 2602 5825; x_wconf 88' lang='lat' dir='ltr'><strong>alterum</strong></span> <span class='ocrx_word' id='word_1_854' title='bbox 2627 5811 2642 5837; x_wconf 97' lang='lat'><strong>,</strong></span> <span class='ocrx_word' id='word_1_855' title='bbox 2669 5781 2721 5825; x_wconf 88' lang='lat' dir='ltr'><strong>et</strong></span> <span class='ocrx_word' id='word_1_856' title='bbox 2751 5787 2874 5827; x_wconf 80' lang='lat' dir='ltr'><strong>cum</strong></span> <span class='ocrx_word' id='word_1_857' title='bbox 2902 5773 3130 5828; x_wconf 87' lang='lat' dir='ltr'><strong>secundi</strong></span> <span class='ocrx_word' id='word_1_858' title='bbox 3164 5774 3383 5830; x_wconf 89' lang='lat' dir='ltr'><strong>concilii</strong></span> <span class='ocrx_word' id='word_1_859' title='bbox 3408 5775 3598 5831; x_wconf 80' lang='lat' dir='ltr'><strong>Patres</strong></span> <span class='ocrx_word' id='word_1_860' title='bbox 3625 5783 3802 5831; x_wconf 84' lang='lat' dir='ltr'><strong>trans-</strong></span> 
     </span>
    </p>
   </div>
   <div class='ocr_carea' id='block_1_119' title="bbox 2222 5865 3802 5941">
    <p class='ocr_par' dir='ltr' id='par_1_119' title="bbox 2222 5865 3802 5941">
     <span class='ocr_line' id='line_1_119' title="bbox 2222 5865 3802 5941; baseline 0.003 -25"><span class='ocrx_word' id='word_1_861' title='bbox 2222 5877 2504 5935; x_wconf 78' lang='lat' dir='ltr'><strong>gressores</strong></span> <span class='ocrx_word' id='word_1_862' title='bbox 2531 5878 2810 5924; x_wconf 84' lang='lat' dir='ltr'><strong>canonum</strong></span> <span class='ocrx_word' id='word_1_863' title='bbox 2837 5865 3045 5937; x_wconf 82' lang='lat' dir='ltr'><strong>dicere,</strong></span> <span class='ocrx_word' id='word_1_864' title='bbox 3079 5866 3429 5941; x_wconf 82' lang='lat' dir='ltr'><strong>blasphemia</strong></span> <span class='ocrx_word' id='word_1_865' title='bbox 3459 5868 3532 5926; x_wconf 86' lang='lat' dir='ltr'><strong>sit</strong></span> <span class='ocrx_word' id='word_1_866' title='bbox 3557 5908 3572 5939; x_wconf 86' lang='lat'><strong>,</strong></span> <span class='ocrx_word' id='word_1_867' title='bbox 3604 5874 3802 5941; x_wconf 79' lang='lat' dir='ltr'><strong>restat,</strong></span> 
     </span>
    </p>
   </div>
  </div>
