4140 6140
559 261 663 330 423

1531 267 2039 331 BESSARIONIS
2082 268 2145 331 S.
2180 268 2257 331 Β.
2286 266 2354 328 Ε.
2398 265 2864 329 CARDINALIS

3722 268 3839 334 424

558 376 830 435 Abierunt
880 380 1046 451 igitur
1091 379 1297 446 Latini,
1340 383 1673 440 recessimus
1720 389 1888 441 etiam
1922 401 2048 447 nos.
2077 392 2133 439 et
2164 394 2203 447 Α
2235 390 2479 449 apparet.
2513 380 2828 434 Attuleruut
2852 393 2983 433 vero
3007 393 3117 432 non
3166 379 3345 435 solum
3366 379 3837 449 occidentalium,

558 486 685 525 cum
717 487 907 526 omnes
932 474 1043 541 jam
1082 474 1483 545 appulissemus
1510 475 1867 540 Florentiam,
1915 478 2133 531 decreta

560 561 664 616 fuit
711 562 853 627 dics,
908 564 962 616 in
1003 578 1110 633 qua
1163 564 1538 633 incipiendum
1602 574 1768 635 atque
1803 567 2133 619 continuan-

559 655 689 709 dum
739 664 858 709 erat
894 656 1211 717 concilium,
1247 664 1305 711 et
1352 656 1591 710 termino
1644 656 1976 710 adveniente
2014 669 2133 706 rur-

558 763 653 802 sus
689 763 789 802 nos
830 762 1088 803 accusare
1120 747 1353 805 Latinos
1394 749 1725 817 incepimus.
1761 748 2134 814 Quemadmo-

558 840 688 892 dum
747 840 894 893 enim
950 840 1003 893 in
1066 836 1158 897 illa
1218 840 1546 909 quaestione,
1580 856 1647 895 an
1713 840 1878 895 liccat
1927 841 2132 894 addere

554 932 877 1001 quidquam,
910 947 1013 987 nos
1060 941 1471 995 accusatorum,
1510 931 1690 987 Latini
1732 947 1864 987 vero
1900 948 2133 1002 respon-

555 1023 803 1077 dentium
836 1032 1142 1077 tenuerunt
1166 1024 1373 1090 locum,
1409 1034 1462 1079 et
1501 1025 1575 1079 ita
1611 1025 2043 1095 responderunt,
2070 1033 2131 1079 ut

553 1118 629 1170 nil
663 1131 760 1171 nos
792 1117 859 1171 ad
906 1117 998 1171 illa
1038 1118 1311 1187 replicare
1347 1117 1725 1189 potuerimus,
1756 1119 1832 1173 ita
1868 1119 2034 1175 etiam
2074 1118 2128 1172 in

553 1209 672 1275 ipso
725 1208 1133 1278 dogmatenos
1185 1212 1408 1281 quidem
1480 1219 1741 1282 tanquam
1805 1222 2130 1267 accusantes

553 1303 987 1369 proposuimus;
1022 1303 1102 1356 illi
1134 1318 1265 1356 vero
1299 1302 1729 1372 respondebant.
1773 1301 1831 1357 In
1867 1302 2130 1357 omnibus

553 1392 701 1447 enim
733 1392 1051 1447 ad'libitum
1088 1402 1363 1456 nostrum,
1396 1404 1451 1447 et
1478 1404 1641 1461 prout
1675 1393 2023 1457 volebamus,
2053 1393 2129 1447 ita

554 1482 739 1537 facere
770 1484 929 1537 nobis
957 1484 1200 1548 licebat;
1250 1494 1309 1538 et
1358 1494 1537 1538 tamen
1569 1499 1679 1539 non
1712 1486 1880 1555 pudet
1913 1482 2131 1555 aliquos

554 1577 739 1630 dicere
779 1578 888 1630 vim
940 1578 1101 1631 nobis
1146 1578 1349 1632 illatam
1399 1577 1569 1632 fuisse
1600 1596 1612 1629 :
1647 1577 1794 1646 quod
1842 1591 2126 1646 nunquam

551 1668 655 1722 fuit
692 1678 829 1723 teste
874 1670 1105 1723 veritate
1145 1670 1239 1739 qui
1270 1669 1415 1723 Deus
1452 1680 1556 1724 est.
1590 1666 1999 1737 Proposuimus
2030 1669 2130 1739 igi-

2240 488 2431 527 verum
2494 472 2662 526 etiam
2746 471 3105 526 orientalium
3165 472 3388 528 Patrum
3461 476 3839 541 testimonia,

2237 578 2472 631 quorum
2505 564 2708 633 aliqua,
2749 578 2875 633 quae
2920 563 3055 617 mihi
3095 564 3209 618 visa
3247 564 3473 620 luerunt
3526 568 3709 636 magis
3766 567 3836 622 ad

2235 662 2487 708 nostrum
2521 656 2864 725 propositum
2905 656 3111 723 facere,
3151 656 3248 710 tibi
3273 673 3397 711 cum
3438 658 3527 712 his
3558 659 3627 713 ad
3682 674 3837 727 pras-

2236 760 2363 800 sens
2396 745 2576 810 mitto,
2614 757 2672 801 ut
2703 747 2980 817 intelligas
3012 747 3145 818 quid
3178 748 3246 803 de
3271 748 3370 804 hac
3409 764 3469 804 re
3522 750 3627 819 ipsi
3650 752 3832 804 etiam

2237 837 2611 894 occidentales
2660 839 2914 894 doctores
2948 840 3191 909 sapiunt.
3239 841 3320 895 Ad
3370 856 3492 911 qua;
3526 858 3625 897 nos
3679 843 3835 897 nihil

2236 930 2574 1000 respondere
2610 928 2973 999 habebamus,
3028 932 3135 987 nisi
3172 933 3319 1003 quod
3369 944 3632 1004 corrupta
3685 936 3835 999 sint,

2233 1030 2290 1076 et
2338 1036 2368 1075 a
2410 1021 2621 1076 Latinis
2653 1034 2916 1092 corrupta
2974 1023 3225 1080 luerunt.
3282 1026 3682 1081 Produxerunt
3730 1042 3842 1081 no-

2234 1117 2411 1166 strum
2465 1113 2836 1183 Epiphaniam
2888 1114 3082 1171 multis
3132 1114 3187 1169 in
3246 1115 3389 1172 locis
3437 1131 3504 1171 ex
3553 1117 3721 1172 Patre
3774 1126 3857 1171 et

2236 1203 2376 1259 Filio
2412 1205 2558 1259 clare
2606 1205 2879 1261 dicentem
2909 1222 3033 1261 esse
3067 1207 3336 1277 Spiritum
3380 1218 3657 1274 sanctum,
3701 1225 3836 1264 cor-

2235 1304 2457 1365 ruptum
2493 1296 2665 1351 fuisse
2698 1298 3046 1353 dicebamus.
3096 1300 3419 1369 Allegarunt
3451 1301 3640 1373 Cyrilli
3684 1317 3847 1356 none

2236 1389 2408 1451 nulla,
2451 1400 2507 1443 et
2563 1390 2823 1454 aliorum,
2881 1390 3026 1445 idem
3091 1392 3395 1448 aiebamus.
3454 1392 3837 1448 Adduxcrunt

2238 1479 2665 1535 Occidentalium
2721 1483 3014 1537 doctorum
3064 1485 3449 1551 auctoritates,
3486 1486 3672 1541 omnis
3731 1501 3837 1539 no-

2236 1582 2346 1626 stra
2390 1574 2679 1643 responsio
2733 1562 2926 1628 eadem
2990 1584 3043 1629 et
3089 1560 3237 1629 nulla
3290 1576 3395 1630 alia
3449 1587 3593 1630 erat.
3678 1576 3826 1632 Cum

2238 1662 2404 1733 igitur
2440 1665 2627 1719 multis
2669 1666 2864 1721 diebus
2914 1666 3060 1721 inter
3098 1683 3200 1723 nos
3229 1668 3381 1738 ipsos
3427 1668 3832 1722 considerare-

553 1772 643 1813 tur
667 1761 735 1816 ab
762 1761 897 1829 ipsis
920 1762 1186 1831 apostolis
1213 1769 1265 1816 et
1315 1761 1490 1815 sacris
1512 1761 1746 1835 synodis
1769 1761 2123 1831 incipientes,
2162 1760 2199 1815 Β
2233 1770 2354 1809 mus
2382 1754 2648 1827 quidnam
2676 1760 2743 1812 ad
2780 1759 2896 1815 hate
2920 1760 3371 1830 respondendmn
3401 1769 3568 1827 esset,
3607 1762 3829 1815 nullam

551 1866 860 1921 eorumque
914 1866 1080 1922 atque
1131 1853 1375 1906 omnium
1423 1854 1779 1908 orientalium
1832 1856 2125 1908 doctorum

553 1946 987 2000 auctoritatibus
1020 1946 1125 2010 usi,
1154 1947 1357 2016 quibus
1388 1946 1653 2016 probatur
1688 1945 1955 2015 Spiritum
1993 1962 2127 2000 san-

550 2048 699 2093 ctum
747 2054 854 2093 non
897 2040 1118 2110 quidem
1158 2054 1267 2093 non
1301 2040 1604 2110 procedere
1634 2056 1699 2093 ex
1737 2040 1899 2105 Filio,
1964 2041 2128 2095 talem

550 2151 786 2207 namque
820 2136 1026 2189 nullam
1063 2135 1449 2190 auctoritatem
1501 2135 1804 2199 habemus;
1860 2144 2127 2204 prout‘tu

547 2228 713 2283 etiam
760 2229 892 2290 scis,
930 2238 1128 2296 praatcr
1172 2227 1320 2281 illam
1348 2226 1592 2281 Joannis
1628 2227 1981 2289 Damasceni.
2025 2228 2126 2297 'qui

548 2318 701 2383 dicit,
742 2320 1008 2388 Spiritum
1036 2320 1157 2375 Filii
1182 2320 1438 2384 dicimus,
1465 2334 1529 2373 ex
1561 2319 1700 2374 Filio
1731 2334 1862 2374 vero
1893 2335 2001 2373 non
2039 2320 2128 2374 di-

546 2414 748 2469 cimus.
781 2414 913 2468 Alize
948 2428 1074 2467 vero
1109 2413 1466 2467 auctoritates
1489 2428 1683 2467 omnes
1717 2412 1821 2466 hoc
1866 2410 2125 2481 probant,

549 2508 816 2560 duntaxat
846 2506 992 2575 quod
1033 2505 1274 2575 Spiritus
1306 2514 1529 2559 sanctus
1555 2521 1620 2559 es
1653 2502 1811 2559 Patre
1857 2503 2125 2573 procedit.

549 2597 659 2654 Has
702 2599 866 2670 igitur
908 2614 1011 2653 nos
1051 2598 1346 2653 alTerentes
1397 2598 1451 2650 in
1504 2597 1746 2650 medium
1797 2596 2127 2666 putabamus

549 2692 833 2760 probasse,
868 2690 1066 2744 falsum
1107 2705 1251 2755 esse,
1282 2689 1429 2759 quod
1460 2704 1526 2744 ex
1560 2687 1697 2742 Filio
1728 2687 1897 2741 etiam
1930 2702 2125 2756 proce-

548 2775 643 2835 dat
690 2782 929 2851 Spiritus
962 2791 1223 2835 sanctus:
1260 2779 1439 2835 Latini
1481 2795 1612 2835 vero
1648 2778 1715 2833 ad
1771 2778 1868 2832 has
1901 2777 2124 2847 quidem

547 2887 742 2927 omnes
766 2872 1126 2927 auctoritates
1157 2888 1321 2927 unam
1358 2872 1498 2925 hanc
1531 2869 1945 2939 responsionem
1977 2884 2129 2923 com-

544 2981 770 3020 munem
800 2964 1097 3030 dederunt,
1130 2963 1275 3034 quod
1302 2978 1495 3019 omnes
1521 2962 1777 3017 videlicet
1807 2976 1950 3015 verte
1972 2958 2123 3025 sunt,

545 3070 602 3116 ct
640 3060 715 3113 ita
749 3059 1026 3114 etiam‘eis
1069 3057 1283 3113 videri:
1317 3055 1414 3111 sed
1450 3056 1619 3109 etiam
1665 3055 1772 3109 hoc
1798 3052 1962 3108 idem
2005 3068 2125 3108 crc-

545 3153 678 3208 dere
712 3150 977 3222 Spiritum
1000 3158 1252 3206 sanctum
1277 3144 1573 3203 scilicetcx
1601 3146 1763 3201 Patre
1794 3146 2120 3216 procedere:

542 3246 652 3303 hoc
688 3256 866 3301 tamen
923 3260 1035 3300 non
1090 3250 1151 3298 ut
1188 3242 1552 3305 contrarium,
1595 3256 1697 3296 nec
1748 3250 1806 3295 ut
1844 3238 2127 3295 contradi-

546 3339 783 3393 ctorium
812 3333 1146 3406 appositioni
1177 3333 1606 3389 auctoritatibus
1633 3331 1949 3386 dicentibus
1992 3346 2122 3386 eum

545 3432 715 3485 etiam
756 3445 821 3484 ex
856 3427 997 3483 Filio
1020 3425 1348 3497 procedere.
1378 3424 1450 3479 "Si
1482 3425 1630 3479 enim
1672 3424 1850 3478 altero
1895 3424 2120 3479 illorum

543 3511 972 3577 modoruurillis
1002 3526 1397 3591 apponeretur,
1431 3528 1569 3571 tunc
1598 3531 1711 3571 uno
1751 3517 1952 3586 posito,
1980 3505 2114 3573 alte-

547 3632 669 3670 rum
696 3615 1065 3685 peritneretur
1092 3614 1361 3670 omnino:
1405 3626 1557 3668 nunc
1589 3624 1721 3667 vero
1756 3610 1831 3665 nil
1863 3609 2124 3677 prohibet

548 3722 846 3780 utrumque
896 3724 1085 3765 verum
1136 3722 1282 3776 esse,
1318 3705 1579 3763 videlicet
1628 3704 1779 3778 quod
1831 3719 1899 3760 ex
1962 3704 2123 3760 Patre

546 3804 827 3875 procedat,
869 3815 925 3858 ct
956 3802 1103 3874 quod
1149 3817 1219 3857 ex
1249 3802 1407 3858 Filio.
1442 3798 1921 3869 Quemadmodum
1956 3800 2003 3854 si
2037 3800 2123 3854 di-

544 3914 735 3954 camus
788 3898 1051 3968 Spiritum
1106 3905 1358 3952 sanctum
1411 3894 1556 3948 mitti
1607 3910 1673 3949 ex
1731 3895 1925 3959 Patre,
1977 3893 2120 3948 alius

541 4008 676 4049 vero
704 3993 853 4049 dicat
890 4006 1017 4047 eum
1048 4005 1116 4045 ex
1143 3989 1304 4044 Patre
1329 3998 1385 4043 et
1416 3983 1554 4043 Filio
1584 3987 1750 4041 mitti.
1809 3986 2120 4054 Utrumque

543 4102 741 4141 verum
781 4084 1017 4149 dicetur,
1069 4093 1126 4138 et
1176 4082 1412 4135 alterum
1468 4093 1575 4134 non
1616 4088 1891 4149 repugnat
1937 4075 2119 4131 alteri.

546 4179 605 4233 Si
646 4178 811 4249 igitur
841 4176 1017 4231 sancti
1046 4174 1245 4228 Patres
1268 4172 1541 4236 dicereut,
1588 4170 1668 4224 vel
1697 4169 1846 4239 quod
1882 4168 2123 4239 Spiritus

545 4281 773 4329 sanctus
815 4284 883 4325 ex
928 4268 1048 4323 solo
1084 4268 1245 4321 Patre
1277 4263 1551 4335 procedit,
1584 4264 1669 4317 vel
1702 4262 1849 4333 quod
1881 4277 1947 4318 ex
1986 4262 2123 4317 Filio

542 4381 656 4420 non
709 4361 983 4432 procedit,
1022 4371 1152 4413 tunc
1193 4356 1328 4410 falsa
1382 4366 1571 4410 nostra
1606 4364 1755 4410 esset
1789 4354 1945 4409 ﬁdes.
1981 4353 2119 4408 Cum

2233 1848 2394 1903 aliam
2450 1850 2868 1919 reperiebamus
2923 1852 3374 1922 responsionem,
3432 1863 3633 1924 praeter
3683 1867 3831 1924 prm-

2232 1940 2457 2007 dictam,
2490 1943 2638 1998 illam
2682 1959 2813 1999 vero
2866 1956 3127 2016 tauquam
3161 1947 3362 2007 levem.
3420 1955 3475 2003 ct
3521 1962 3550 2001 a
3596 1947 3829 2001 cunctis

2231 2032 2589 2089 deridendam
2642 2034 2696 2089 in
2757 2036 3000 2091 medium
3051 2036 3253 2093 alTerre
3316 2053 3432 2093 non
3494 2034 3827 2093 videbatur.

2232 2125 2438 2191 Primo,
2497 2128 2628 2195 quia
2702 2142 2770 2183 ex
2826 2130 3289 2186 antecedentibus
3341 2140 3398 2187 et
3450 2132 3832 2202 sequentibus

2233 2215 2348 2269 hazc
2392 2217 2583 2285 opinio
2618 2219 2916 2274 videbatur
2962 2222 3031 2276 de
3069 2234 3255 2279 mente
3302 2236 3427 2278 esse
3466 2232 3828 2279 sanctorum.

2233 2310 2439 2367 Deinde
2486 2312 2740 2381 plurimis
2778 2313 2961 2379 libris,
2989 2322 3045 2368 et
3079 2314 3487 2384 antiquissimis
3516 2314 3682 2370 idem
3717 2316 3827 2370 ha-

2231 2403 2492 2459 bentibus
2529 2420 2637 2460 non
2672 2415 2791 2461 crat
2816 2406 2981 2461 facile
2998 2422 3071 2462 ea
3106 2407 3473 2475 calumniari;
3506 2408 3827 2479 praesertim

2230 2510 2356 2551 cum
2416 2498 2627 2552 nullum
2678 2514 2779 2554 nos
2832 2499 3038 2553 librqu
3090 2500 3264 2555 alium
3320 2500 3659 2558 haberemus
3706 2516 3825 2558 non

2230 2587 2447 2651 Latine.
2483 2606 2593 2645 non
2620 2591 2812 2647 Graece
2848 2593 3149 2662 scriptum,
3187 2594 3285 2665 qui
3326 2594 3485 2650 aliter
3517 2597 3828 2651 auctorita-

2231 2688 2313 2733 tes
2338 2670 2645 2748 praedictas
2691 2684 2927 2754 scriptas
2961 2684 3213 2752 haberet,
3244 2701 3412 2756 quam
3442 2686 3627 2742 Latini
3661 2689 3827 2744 dice-

2232 2772 2381 2828 bant.
2452 2775 2724 2831 Prazterea
2783 2793 2886 2833 nos
2962 2780 3103 2836 alios
3148 2782 3405 2839 doctores
3470 2785 3827 2840 contrarium

2230 2866 2480 2922 dicentes
2514 2870 2818 2938 producere
2848 2886 2959 2927 non
3008 2874 3371 2943 habebamus,
3412 2874 3636 2933 eosdem
3663 2881 3825 2935 oeci.

2230 2960 2479 3015 dentales
2507 2962 2669 3017 aliter
2711 2964 2840 3017 alibi
2886 2966 3142 3022 dicentes
3175 2966 3413 3039 probare
3447 2971 3677 3026 minime
3717 2987 3829 3043 po-

2233 3063 2476 3110 teramus
2523 3073 2536 3110 :
2594 3058 2945 3115 naturalibus
3000 3060 3313 3118 rationibus
3361 3078 3458 3119 eos
3511 3065 3822 3122 ostendere

2230 3145 2366 3201 falsa
2413 3148 2620 3214 dicere,
2668 3152 2896 3207 minime
2935 3161 3059 3208 erat
3102 3155 3394 3223 possibile.
3445 3156 3584 3212 Cum
3642 3161 3823 3230 igitur

2228 3239 2432 3295 nullam
2466 3240 2626 3297 nobis
2660 3244 3110 3313 responsionem,
3150 3262 3273 3317 qua:
3310 3248 3475 3319 digna
3512 3261 3681 3316 esset,
3716 3268 3816 3306 rc—

2228 3329 2411 3386 lictam
2442 3332 2784 3397 videremus,
2836 3336 3136 3403 tacuitnus,
3168 3352 3267 3409 per
3324 3343 3636 3413 multosque
3682 3344 3822 3400 dies

2228 3439 2337 3478 non
2370 3429 2735 3485 convenimus
2764 3445 2891 3485 cum
2924 3430 3157 3487 Latinis.
3192 3433 3396 3489 Verum
3446 3436 3672 3493 fuerunt
3715 3440 3818 3509 qui

2230 3519 2535 3576 subtilitate
2567 3522 2771 3592 ingenii
2795 3525 2957 3579 aliam
2983 3525 3318 3583 invenerunt
3348 3531 3769 3599 reaponsionetn
3792 3550 3817 3591 τ

2227 3627 2337 3668 non
2378 3628 2500 3671 esse
2550 3615 2750 3671 mirum
2778 3618 3015 3685 scilicet,
3058 3622 3105 3675 si
3147 3621 3203 3675 in
3235 3623 3423 3692 aliquo
3456 3626 3632 3681 sancti
3692 3636 3822 3682 tan-

2228 3722 2394 3778 quam
2449 3708 2703 3764 homines
2753 3722 3036 3767 errassent
3077 3729 3093 3767 :
3131 3721 3190 3769 et
3264 3715 3390 3770 ideo
3437 3718 3819 3776 occidentales

2227 3800 2394 3854 etiam
2443 3801 2704 3858 doctores
2758 3804 2815 3858 in
2869 3806 2978 3861 hoc
3029 3808 3271 3863 articulo
3323 3810 3392 3865 de
3455 3814 3816 3881 processione

2228 3891 2469 3960 Spiritus
2510 3896 2689 3951 sancti
2734 3912 2974 3962 errasse,
3024 3901 3398 3973 mentitasque
3441 3904 3635 3961 fuisse.
3690 3907 3816 3964 Hoc

2226 3996 2415 4040 autem
2456 3987 2603 4056 quod
2652 3998 2819 4043 totam
2874 3991 3037 4046 iidem
3073 4003 3320 4048 nostram
3374 4008 3608 4064 evertat,
3660 4000 3816 4056 clare

2228 4088 2396 4148 patet.
2434 4079 2491 4135 Si
2528 4081 2675 4136 enim
2704 4082 2842 4137 lich
2885 4092 3071 4139 nostra
3100 4102 3129 4139 a
3166 4085 3329 4142 dictis
3364 4088 3635 4145 docuina:
3683 4107 3818 4147 san-

2227 4178 2443 4227 ctorum
2480 4172 2703 4241 pendet,
2728 4174 2762 4227 ii
2792 4190 2921 4229 vero
2952 4176 3097 4231 circa
3127 4180 3420 4234 veritatem
3447 4192 3667 4247 errant,
3696 4192 3811 4240 tota

2228 4269 2418 4317 nostra
2456 4262 2590 4319 ﬁdes
2623 4265 2918 4321 evertitur.
2955 4266 3189 4337 Propter
3216 4269 3561 4325 becomnia
3613 4276 3814 4332 merito

2225 4359 2411 4405 secuta
2456 4360 2542 4405 cst
2584 4352 2741 4416 unio,
2770 4365 2826 4408 et
2859 4370 3055 4410 omnes
3084 4359 3294 4427 absque
3322 4374 3661 4431 quacunque
3691 4365 3813 4419 vio-

544 4468 729 4515 autem
774 4465 1033 4510 neutrum
1076 4451 1286 4506 "horum
1340 4448 1594 4503 nondum
1635 4448 1838 4517 aliquis
1893 4457 2119 4501 sanctus
2148 4463 2200 4524 Β
2228 4440 2421 4509 lentia,
2450 4453 2645 4513 sponte
2694 4453 2751 4499 et
2780 4445 3093 4503 voluntarie
3123 4448 3256 4505 huic
3282 4452 3361 4505 rei
3391 4466 3811 4514 concesserunt.

546 4550 749 4606 dixerit
772 4547 943 4612 istud,
971 4543 1117 4615 quod
1152 4544 1340 4598 dicunt
1359 4556 1429 4596 ex
1454 4541 1617 4595 Patre
1644 4555 1770 4594 eum
1795 4540 2118 4609 procedere,

545 4658 657 4697 non
694 4639 915 4709 perimit
946 4636 1093 4708 quod
1134 4649 1236 4690 nos
1266 4633 1504 4688 dicimus
1537 4648 1604 4687 ex
1626 4631 1777 4685 ‘Filio
1800 4632 1965 4685 etiam
1991 4647 2120 4685 eum

545 4731 869 4802 procedere.
900 4728 969 4784 Et
991 4729 1105 4781 hazc
1128 4725 1348 4795 quidem
1377 4721 1445 4777 ad
1473 4721 2123 4789 nostrasrespondcrunt

546 4824 925 4880 auctoritates.
988 4819 1069 4873 Ad
1118 4818 1268 4872 illam
1323 4830 1453 4871 vero
1504 4816 1736 4871 Joannis
1794 4813 2119 4868 Damasceni

543 4917 932 4974 auctoritatem
968 4912 1108 4966 nihil
1142 4909 1564 4978 reSponderunt,
1594 4923 1717 4962 cum
1748 4922 1846 4961 nec
1870 4922 1972 4961 nos
1999 4922 2119 4959 eam

547 5006 1024 5079 proposuerimus.
1049 5002 1112 5056 'ln
1142 5002 1255 5056 line
1289 5010 1468 5056 tamen
1501 5000 1667 5069 huius
1713 4998 1924 5069 aperis,
1968 4999 2119 5054 illius

543 5114 766 5171 quoque
798 5096 1127 5152 solutionem
1153 5104 1244 5148 tua
1267 5094 1439 5163 gratia
1466 5093 1550 5147 his
1580 5107 1853 5162 apponam
1878 5108 1891 5157 ;
1918 5090 2120 5148 deinde

548 5197 726 5249 Latini
756 5202 1039 5259 'tanquam
1073 5204 1103 5243 a
1135 5187 1407 5256 principio
1441 5186 1790 5255 incipientes,
1830 5185 1987 5254 plura
2053 5200 2118 5240 ac

546 5288 698 5345 varia
732 5283 991 5355 pluribus
1026 5283 1079 5337 in
1114 5282 1457 5335 sessionibus
1486 5289 1808 5349 argumenta
1858 5279 2121 5335 dixerunt

540 5396 575 5438 ἣ
596 5388 779 5437 sancta
806 5377 1089 5444 Scriptura
1118 5384 1172 5427 et
1202 5372 1459 5427 Ecclesia:
1492 5370 1840 5436 doctoribus,
1874 5372 2118 5426 minores

543 5474 605 5522 ut
629 5471 925 5538 plurimum
970 5464 1383 5535 propositiones
1415 5464 1686 5519 habentes
1715 5480 1730 5516 :
1762 5464 1965 5532 quibus
1994 5481 2115 5533 pro-

546 5563 751 5614 barunt
799 5558 1064 5627 Spiritum
1101 5564 1354 5610 sanctum
1383 5568 1450 5607 ex
1484 5554 1641 5608 Patre
1698 5555 1949 5624 Filioque
1990 5570 2116 5624 pro-

541 5653 762 5703 cedere.
786 5648 854 5702 Fit
888 5646 1106 5700 tandem
1139 5644 1493 5699 auctoritates
1525 5645 1749 5700 Patrum
1785 5646 2112 5710 attulerunt,

547 5740 749 5811 quibus
799 5739 945 5793 clare
1002 5746 1057 5792 et
1099 5736 1289 5805 .palain
1340 5735 1503 5806 hujus
1569 5734 1842 5807 dogmatis
1904 5738 2113 5793 veritas

2227 4533 2331 4600 Qui
2360 4549 2490 4589 vero
2514 4536 2825 4592 concedere
2848 4539 3151 4595 noluerunt
3183 4542 3432 4611 (fuerunt
3460 4553 3643 4601 autem
3674 4547 3810 4614 duo,

2226 4638 2284 4683 et
2336 4642 2446 4682 non
2500 4629 2731 4698 plures),
2768 4646 2895 4686 cum
2939 4634 3090 4687 oruni
3133 4632 3410 4703 libertate,
3448 4637 3570 4694 sine
3622 4642 3810 4712 aliqua

2226 4722 2589 4789 oppressione
2634 4724 2688 4777 in
2741 4739 2845 4778 suo
2874 4724 3111 4781 arbitrio
3155 4728 3357 4793 relicti,
3394 4746 3521 4785 cum
3569 4733 3808 4801 honore,

2224 4825 2282 4871 et
2318 4815 2609 4882 charitate,
2644 4820 2959 4887 sumptibus
2987 4820 3243 4876 Ecclesia:
3277 4822 3541 4879 Romane
3567 4825 3635 4880 ad
3674 4842 3806 4897 pro-

2225 4910 2341 4979 pria
2372 4921 2712 4965 remearunt.
2752 4912 2809 4966 Si
2842 4929 2970 4966 vero
2997 4918 3144 4984 juste
3177 4924 3235 4970 et
3259 4926 3410 4972 recte
3462 4930 3652 4975 secuta
3682 4921 3807 4976 iue-

2230 5006 2307 5055 rit
2338 5003 2492 5069 unio,
2541 5020 2668 5057 cum
2718 5006 2924 5060 videris
2967 5016 3023 5061 et
3085 5009 3389 5077 perlegeris
3442 5013 3807 5071 auctoritates

2225 5102 2571 5156 sanctorum,
2627 5111 2765 5165 quas
2810 5098 2907 5152 tibi
2942 5114 3090 5155 nunc
3127 5103 3306 5161 mitto.
3344 5104 3461 5172 ipse
3504 5105 3805 5174 iudicabis.

2222 5186 2359 5254 Quis
2409 5204 2648 5258 namque
2697 5192 3015 5246 Christiano
3064 5191 3366 5264 insignitus
3410 5197 3636 5252 nomine
3693 5214 3801 5255 non

2224 5293 2559 5347 sequeretur
2594 5298 2710 5340 eos.
2759 5293 2815 5336 et
2852 5283 3020 5339 dictis
3054 5302 3275 5354 eorum,
3315 5300 3576 5357 tanquam
3611 5306 3639 5343 a
3682 5290 3807 5361 Spi-

2225 5374 2337 5426 ritn
2368 5382 2563 5426 sancto
2602 5375 2792 5439 editis,
2829 5376 3122 5432 crederet?
3152 5380 3277 5433 dico
3328 5390 3436 5434 tam
3483 5382 3809 5440 occidenta-

2205 5463 2386 5527 lium,
2438 5479 2603 5531 quam
2658 5467 3015 5521 orientalium
3075 5470 3321 5531 Patrum,
3371 5486 3510 5541 quos
3558 5489 3802 5531 consona

2225 5556 2449 5617 dicere,
2490 5558 2855 5629 eamdemque
2905 5564 3192 5617 veritatem
3242 5565 3559 5633 exprimere
3614 5567 3804 5625 verbis

2222 5646 2618 5701 differentibus
2647 5650 2881 5704 ﬁrmiter
2913 5654 3210 5708 tenendum
3236 5665 3347 5721 est,
3385 5667 3550 5726 prout
3576 5659 3631 5713 in
3664 5660 3802 5733 dog-

2220 5740 2421 5795 matico
2456 5740 2590 5798 satis
2628 5742 2882 5811 probavi.
2914 5745 3048 5814 ipsa:
3077 5747 3244 5817 igitur
3280 5750 3638 5811 auctoritates
3672 5752 3803 5809 sola
