4062 6146
286 270 396 338 λεδ

1216 286 1314 347 DE
1354 287 1888 352 PROCESSIONE
1923 289 2290 352 SPIRITUS
2332 289 2623 351 SANCTI.

3445 290 3557 356 4‘26

289 404 388 462 per
415 406 475 444 se
517 391 664 462 ipsas
695 393 833 451 satis
872 396 968 452 tibi
1026 404 1080 453 et
1116 398 1245 454 aliis
1276 410 1463 465 erunt,
1497 404 1870 459 clementissi-
1901 414 1943 472 Α
1978 406 2233 478 sequitur
2255 404 2365 475 jam
2388 406 2749 461 constitutam
2782 404 2905 475 ejus
2938 417 3255 473 personam.
3279 398 3555 466 Secundo,

287 496 377 537 me
420 484 527 549 vir,
574 484 640 539 ad
696 502 919 542 onmem
966 489 1384 561 ambiguitatem
1434 495 1758 558 tollendam,
1814 506 1870 553 et

286 589 454 631 omne
507 576 741 633 dubium
792 580 1160 637 auferendum
1212 600 1243 639 a
1290 601 1626 657 quacunque
1683 591 1866 647 anima

288 684 399 724 non
430 673 803 729 contentiosa.
834 675 1051 729 Etenim
1080 693 1166 732 me
1194 681 1361 734 etiam
1388 697 1498 735 non
1540 683 1869 754 syllogismi,

287 775 393 816 nec
424 761 967 821 demonstrationum
1012 771 1340 835 necessitas,
1378 788 1485 827 non
1519 788 1874 845 argumenta-

289 854 503 908 tionum
539 856 647 920 vis,
680 857 785 912 sed
810 859 941 928 ipsae
976 862 1136 915 nudae
1186 865 1549 921 auctoritates
1585 868 1872 923 doctorum

287 942 363 999 ad
401 946 738 1002 credendam
790 951 933 1006 hanc
982 954 1271 1009 veritatem
1322 956 1685 1013 induxerunt.
1735 958 1873 1014 Cum

286 1038 435 1091 enim
482 1038 750 1095 vidissem
797 1051 856 1096 et
908 1044 1252 1100 audivissem
1307 1063 1437 1113 eas,
1487 1050 1673 1105 subito
1725 1054 1877 1107 omni

287 1131 643 1188 contentione
676 1144 731 1189 ct
774 1136 1213 1192 contradictione
1272 1143 1597 1209 postposita,
1626 1144 1876 1214 acquievi

287 1224 611 1278 auctoritati
664 1222 1001 1281 dicentium.
1052 1229 1305 1285 iudicavi
1363 1249 1603 1304 namque
1655 1248 1881 1293 sanctos

289 1310 485 1369 Patres
542 1314 758 1383 Spiritu
806 1330 999 1386 sancto
1042 1319 1363 1391 quuentes,
1415 1340 1525 1378 non
1566 1328 1812 1395 potuisse
1850 1343 1881 1382 a

288 1403 529 1459 veritate
579 1405 923 1465 discessisse.
973 1410 1158 1476 Quare
1232 1429 1345 1468 non
1401 1415 1577 1468 solum
1610 1417 1881 1485 acquievi,

287 1508 486 1550 verum
518 1498 685 1553 etiam
713 1501 919 1570 gratias
946 1504 1031 1573 egi
1059 1503 1334 1560 Salvatori
1365 1518 1576 1572 nostro,
1609 1510 1701 1577 qui
1740 1510 1874 1565 mihi

286 1587 541 1655 donavit,
569 1601 625 1646 et
653 1592 950 1659 audivisse,
974 1605 1029 1649 et
1055 1596 1414 1662 intellexisse,
1444 1615 1564 1669 quae
1588 1615 1869 1670 nunquam

295 1693 433 1737 ante
473 1685 685 1740 audivi.
723 1687 921 1744 Nullus
951 1690 1099 1744 enim
1132 1701 1449 1745 nostrorum
1487 1708 1725 1761 unquam
1758 1708 1873 1747 cre-

289 1775 430 1830 didit
461 1786 540 1832 tot
568 1780 995 1836 auctoritatibus
1018 1781 1308 1838 doctorum
1338 1785 1675 1855 propositam
1717 1802 1868 1856 qure-
1905 1767 1943 1821 Β

287 1868 530 1922 stionem
562 1885 723 1939 posse
754 1872 1002 1943 probari.
1038 1875 1108 1930 Et
1143 1875 1237 1930 tibi
1285 1876 1478 1949 igitur,
1509 1877 1598 1932 cui
1629 1879 1725 1933 cor
1757 1878 1864 1932 hu-

295 1960 451 2025 mile,
506 1972 564 2018 et
614 1964 794 2019 anima
844 1968 959 2021 veri
1014 1978 1281 2038 appetens
1321 1980 1425 2032 est.
1474 1970 1598 2025 aliis
1648 1986 1870 2042 quoque

289 2053 632 2111 Christianis
666 2057 765 2113 tibi
792 2059 1091 2127 similibus,
1126 2064 1208 2117 hae
1240 2064 1371 2118 solae
1398 2064 1783 2129 auctoritates,
1812 2072 1875 2119 ut

292 2151 462 2222 paulo
497 2160 628 2207 ante
659 2153 796 2219 dixi,
828 2153 964 2210 satis
1016 2166 1205 2211 erunt.
1234 2156 1373 2211 Cum
1405 2173 1541 2213 vero
1572 2158 1741 2213 etiam
1778 2158 1881 2212 ali-

288 2262 436 2317 quas
501 2248 748 2303 rationes
796 2259 853 2305 et
903 2250 1264 2320 probationes
1302 2268 1329 2305 a
1372 2268 1459 2306 me
1488 2252 1743 2323 petieris,
1785 2263 1878 2306 tua

289 2339 472 2409 gratia
500 2340 621 2397 haec
645 2357 892 2411 quoque,
921 2346 1103 2412 quoad
1134 2353 1355 2414 potero,
1381 2345 1629 2400 breviter
1659 2345 1877 2411 faciam,

292 2447 323 2489 ε
353 2448 514 2490 saera
543 2435 830 2506 Scriptura
892 2446 948 2494 et
986 2439 1273 2494 doctorum
1316 2440 1743 2495 auctoritatibus
1776 2454 1873 2493 ar-

292 2544 495 2600 guens,
538 2532 683 2601 quod
728 2539 786 2588 et
832 2534 877 2590 si
930 2533 985 2589 in
1033 2549 1311 2598 sermone,
1343 2550 1507 2605 quem
1551 2535 1627 2591 de
1676 2535 1880 2590 unione

296 2622 582 2681 edidimus
627 2625 835 2681 factum
878 2627 971 2693 sit,
1016 2627 1152 2683 satis
1189 2636 1373 2682 tamen
1406 2626 1497 2682 hic
1525 2626 1690 2683 etiam
1722 2627 1869 2683 idem

293 2714 523 2779 faciam.
569 2717 900 2790 aliquasque
954 2722 1197 2775 rationes
1247 2721 1302 2775 in
1343 2719 1586 2775 medium
1631 2719 1878 2775 atl'eram.

295 2805 406 2864 Sed
438 2819 734 2879 antequam
758 2811 825 2867 ad
848 2827 944 2867 eas
964 2811 1320 2877 descendam,
1351 2827 1583 2869 necesse
1605 2826 1726 2867 esse
1750 2822 1883 2882 puto

297 2898 488 2969 aliqua
522 2915 978 2972 praesuppouere,
1009 2911 1069 2959 ut
1095 2917 1161 2962 ea
1182 2919 1306 2975 qua:
1329 2912 1657 2974 sequentur,
1681 2902 1881 2960 clarius

304 2991 717 3064 intelligantur.

289 3106 719 3182 Presupposita_
764 3108 836 3163 ad
896 3118 1218 3182 argumenta
1282 3110 1561 3182 probantia
1619 3108 1881 3182 Spiritum

371 3190 618 3260 cunctum
649 3179 809 3233 etiam
838 3195 903 3233 ea:
928 3178 1075 3235 Filio
1113 3178 1414 3260 procedere.
1454 3180 1519 3235 Et
1552 3178 1723 3253 primo
1755 3180 1882 3250 quid

371 3250 436 3302 ait
469 3257 709 3319 paterna
736 3266 977 3321 persona
1003 3250 1424 3307 comtitutivum.

374 3361 515 3419 Cum
566 3362 871 3435 unicuique
900 3364 1014 3420 enti
1043 3365 1116 3420 sit
1146 3364 1399 3436 quaedam
1426 3364 1603 3421 forma
1630 3380 1885 3422 commu-

300 3457 417 3520 nis,
456 3457 526 3511 sit
559 3457 692 3512 item
725 3457 833 3513 alia
865 3460 1112 3530 prepria,
1138 3474 1248 3530 qua
1274 3459 1689 3525 constituimur,
1723 3469 1780 3515 et
1805 3468 1891 3514 est

302 3551 414 3607 hoc
465 3551 702 3623 aliquid,
757 3554 1227 3625 quemadmodum
1281 3554 1448 3625 hujus
1503 3553 1772 3620 hominis,
1830 3561 1893 3608 ut

303 3657 442 3719 puta
471 3645 644 3713 Petri,
680 3663 787 3702 una
824 3664 950 3704 cum
980 3647 1157 3702 l'Orma
1186 3647 1491 3711 communi,
1519 3663 1644 3717 quae
1673 3657 1757 3701 est
1792 3647 1893 3700 hu-

307 3740 572 3807 manitas,
605 3741 911 3812 secundum
949 3757 1113 3812 quam
1146 3741 1354 3797 dicitur
1397 3740 1583 3794 homo.
1612 3749 1698 3794 est
1724 3738 1889 3793 etiam

305 3837 416 3891 alia
446 3836 669 3907 propria
706 3834 907 3899 forma,
958 3851 1057 3905 per
1102 3849 1265 3904 quam
1302 3833 1528 3896 dicitur,
1565 3832 1655 3887 hic
1705 3833 1891 3895 homo,

308 3931 516 3987 Petrus
567 3929 850 3992 videlicet,
882 3929 970 3983 vel
1000 3927 1226 3992 Paulus,
1259 3926 1407 3996 quod
1436 3934 1491 3979 et
1526 3923 1895 3979 incommuni-

307 4023 493 4080 cabile
520 4022 678 4077 alteri
714 4032 801 4077 est
842 4029 1071 4090 propter
1099 4019 1284 4074 varias
1319 4018 1615 4089 Opiniones
1646 4018 1714 4071 de
1746 4017 1900 4085 prin-

308 4115 477 4185 cipiis
511 4113 994 4177 individuatiouis,
1044 4113 1211 4167 etiam
1248 4111 1341 4166 hic
1372 4112 1528 4165 varia
1569 4118 1896 4179 ponuntur;

307 4218 523 4265 etcum
570 4206 832 4272 dicimus,
881 4215 976 4261 aut
1021 4218 1224 4274 corpus
1256 4218 1379 4258 esse
1413 4202 1695 4273 propriam
1728 4200 1901 4255 alicu-

303 4302 403 4373 jus
440 4302 695 4363 formam,
741 4297 844 4351 hoc
869 4311 980 4351 non
1018 4296 1388 4365 intelligimus
1421 4293 1775 4362 simpliciter,
1803 4288 1898 4346 sed

312 4392 495 4447 solum
552 4388 863 4445 secundum
922 4386 1215 4457 quamdam
1270 4382 1713 4441 similitudinem.
1776 4381 1903 4437 Haec

1973 514 2044 553 an
2104 500 2180 555 sit
2234 499 2361 563 hoc,
2399 498 2547 568 quod
2599 498 2806 552 dicitur
2841 512 3004 551 causa
3042 496 3155 552 sive
3202 498 3553 570 principium.

1976 591 2088 647 Nec
2121 602 2301 645 tamen
2337 591 2442 646 hoc
2475 606 2661 645 verum
2700 597 2808 645 est.
2844 589 2980 644 Nam
3011 590 3057 644 si
3098 589 3218 645 haec
3252 600 3400 646 esset
3426 604 3560 646 con.-

1975 684 2221 739 stitutiva
2263 684 2382 753 ejus
2416 685 2611 751 forma,
2643 699 2808 739 causa
2841 683 2957 739 sive
2998 683 3324 753 principium
3354 686 3558 751 potius.

1977 792 2142 858 quam
2178 777 2341 831 Pater
2370 774 2672 832 diceretur.
2726 778 2791 831 At
2839 777 2907 831 ab
2944 777 3204 830 omnibus
3234 774 3558 829 doctoribus

1977 869 2347 923 communiter
2398 868 2561 924 Pater
2636 870 2974 923 nominatur.
3028 867 3165 922 item
3214 881 3336 921 cum
3391 880 3555 925 causa

1979 961 2094 1016 sive
2141 962 2479 1037 principium
2523 962 2831 1016 universale
2872 960 3136 1029 quiddam
3191 959 3283 1019 sit,
3330 959 3435 1012 hoc
3471 958 3559 1011 di-

1982 1061 2131 1109 ctum
2172 1064 2259 1109 est
2308 1054 2613 1108 secundum
2667 1052 2793 1107 illos
2824 1052 3202 1122 philosophos,
3240 1050 3332 1119 qui
3372 1060 3561 1104 tenent

1984 1145 2457 1200 universalitatem
2490 1143 2606 1199 fieri
2647 1160 2743 1214 per
2774 1142 3115 1199 intellectum
3144 1159 3158 1197 :
3185 1143 3226 1197 si
3264 1152 3445 1197 tamen
3476 1139 3562 1195 di-

1983 1246 2204 1293 ceretur
2252 1237 2608 1302 universalia,
2652 1239 2802 1292 nullo
2848 1235 3011 1291 modo
3046 1236 3116 1290 ab
3149 1234 3429 1289 intellectu
3461 1234 3563 1289 de-

1983 1328 2248 1399 pendere,
2295 1324 2635 1383 adhuc'uon
2684 1343 2809 1382 esse
2862 1324 3185 1392 dicendum,
3226 1323 3368 1394 quod
3425 1322 3562 1376 illud

1985 1432 2279 1472 commune
2328 1416 2663 1487 principium
2700 1427 2849 1471 esset
2886 1416 3120 1484 alicujus
3162 1427 3413 1485 persona:
3455 1411 3566 1466 for-

1986 1511 2202 1564 maliter
2257 1511 2703 1571 constitutivum,
2756 1523 2881 1565 cum
2930 1502 3393 1561 communicabile
3429 1503 3564 1561 nulli

1987 1603 2081 1656 det
2128 1600 2437 1654 formaliter
2486 1615 2607 1655 esse
2660 1597 3209 1662 incommunicahile,
3241 1597 3385 1666 quod
3432 1596 3568 1651 facit

1990 1708 2118 1764 erga
2171 1708 2462 1761 personam
2515 1691 2743 1747 formale
2792 1690 2967 1761 ipsius
3020 1687 3462 1750 constitutivum,
3513 1695 3568 1741 et

1985 1794 2093 1840 tam
2118 1785 2185 1841 de
2218 1786 2400 1849 Patre,
2435 1800 2599 1857 quam
2633 1774 2705 1838 de
2736 1782 2981 1853 spirante
3011 1782 3361 1852 praedicetur,
3384 1781 3566 1834 inten—

1986 1881 2063 1935 tio
2116 1876 2363 1949 quaedam
2412 1886 2517 1943 est,
2567 1894 2675 1931 non
2729 1890 2860 1930 res:
2896 1874 3041 1945 quod
3076 1884 3259 1930 autem
3296 1884 3403 1938 est,
3459 1873 3568 1927 tale

1984 1983 2067 2028 est
2099 1988 2207 2025 non
2236 1986 2369 2035 ens;
2399 1986 2506 2024 non
2539 1985 2639 2025 ens
2664 1978 2847 2024 autem
2887 1984 2996 2023 non
3025 1978 3109 2024 est
3142 1968 3565 2025 constitutivum

1984 2064 2125 2134 ejus,
2153 2064 2246 2132 qui
2279 2077 2445 2131 super
2470 2077 2556 2115 om
2577 2077 2647 2115 ne
2680 2077 2801 2116 ens.
2849 2062 3037 2118 Restat
3070 2061 3237 2130 igitur
3266 2071 3361 2116 aut
3386 2070 3568 2130 pater-

1986 2154 2217 2209 nitatem
2256 2152 2447 2231 solam,
2480 2162 2587 2207 aut“
2620 2153 2976 2224 Spirationem
3019 2154 3216 2220 solam,
3248 2163 3344 2206 aut
3378 2151 3569 2206 ambas

1988 2248 2375 2305 constitutivas
2409 2263 2530 2303 esse
2561 2231 2814 2318 persona
2841 2256 3105 2316 paternae.
3138 2246 3204 2299 At
3250 2243 3437 2297 ambas
3465 2246 3570 2297 im-

1987 2340 2253 2413 possibile
2298 2351 2383 2397 est
2432 2356 2565 2398 esse
2608 2342 2676 2395 iis
2728 2339 3053 2397 rationibus.
3105 2337 3161 2393 Si
3212 2337 3358 2392 enim
3391 2336 3566 2392 ambae

1987 2434 2392 2489 constituerent
2425 2434 2602 2489 Patris
2624 2447 2938 2503 personam,
2963 2440 3059 2485 aut
3080 2432 3154 2485 ita
3181 2430 3353 2484 ambae
3378 2429 3567 2495 simul,

1989 2535 2047 2580 et
2107 2524 2385 2594 siquidem
2440 2534 2674 2594 utraque
2725 2539 2823 2595 per
2866 2539 2925 2579 se
2979 2522 3379 2588 constitueret,
3433 2522 3573 2577 duas

1994 2617 2200 2673 formas
2232 2618 2396 2673 Pater
2451 2617 2702 2681 haberet,
2737 2626 2795 2672 et
2845 2626 3250 2686 consequenter
3280 2613 3403 2669 dure
3440 2628 3572 2683 per-

1988 2725 2138 2766 sonae
2180 2718 2389 2766 essent.
2433 2709 2545 2764 Hoc
2581 2709 2727 2782 quod
2760 2708 3003 2780 divimus
3032 2716 3222 2778 patet;
3252 2721 3377 2761 cum
3418 2705 3577 2761 enim

1992 2802 2100 2858 illa:
2159 2802 2269 2859 sint
2316 2802 2561 2859 rationes
2603 2802 2927 2868 distinctae,
2968 2788 3013 2858 si
3070 2802 3332 2872 quaelibet
3376 2815 3567 2855 earum

1990 2905 2140 2950 esset
2172 2910 2421 2964 personae
2463 2894 2861 2959 constitutivae,
2894 2908 3018 2948 cum
3050 2892 3425 2951 constitutivze
3456 2891 3570 2948 fos-

1992 2989 2213 3044 maliter
2242 2990 2475 3045 diversae
2503 2992 2614 3044 sint
2643 3000 2897 3067 respectu
2933 2988 3277 3057 diversorum
3304 2986 3577 3043 constitu-

1993 3089 2202 3145 torum,
2239 3081 2493 3151 sequitur
2524 3082 2602 3147 id,
2632 3080 2780 3151 quod
2826 3077 3092 3145 diximus,
3123 3087 3384 3147 tanquam
3432 3076 3572 3132 duas

1994 3171 2316 3242 personaies
2350 3170 2560 3227 formas
2586 3171 2834 3237 habens;
2869 3168 3336 3240 quemadmodum
3373 3170 3419 3223 si
3447 3167 3577 3238 quis

1989 3261 2157 3319 homo
2189 3264 2328 3320 duas
2391 3265 2623 3320 haberet
2655 3265 2888 3326 animas.
2931 3262 3076 3334 quod
3113 3260 3414 3320 absurdum
3467 3268 3577 3317 est.

1988 3355 2147 3423 Quod
2203 3357 2249 3413 si
2296 3373 2407 3412 non
2442 3369 2676 3427 utraque
2731 3373 2829 3425 per
2880 3371 2962 3422 se,
3014 3355 3110 3411 sed
3152 3354 3327 3410 amba:
3378 3352 3571 3418 simul,

1992 3464 2174 3520 neque
2200 3450 2296 3519 qui
2330 3449 2544 3505 diceret
2582 3450 2801 3504 Patrem
2838 3448 3041 3514 solum,
3078 3447 3415 3518 significaret
3445 3462 3574 3516 per-

1994 3555 2187 3595 sonam
2238 3549 2566 3611 paternam,
2603 3557 2783 3613 neque
2829 3542 2925 3612 qui
2983 3540 3196 3598 diceret
3247 3541 3577 3607 spirantem,

1993 3630 2163 3701 hujus
2192 3641 2371 3689 tamen
2408 3642 2582 3688 totum
2612 3635 2955 3690 contrarium
2992 3644 3078 3689 est
3108 3636 3160 3688 in
3194 3650 3333 3699 usu;
3378 3646 3577 3688 omnes

1994 3720 2142 3775 enim
2192 3720 2471 3788 doctores,
2523 3734 2581 3779 et
2646 3725 2829 3779 omnis
2872 3723 3162 3793 Scriptura
3212 3739 3336 3779 cum
3387 3724 3584 3785 dicunt

1997 3815 2241 3882 Patrem,
2276 3816 2524 3873 divinam
2556 3818 2675 3889 ejus
2709 3830 3004 3887 personam
3033 3816 3379 3888 signiﬁcant;
3404 3818 3580 3872 nostri

1998 3910 2191 3972 etiam,
2226 3926 2351 3967 cum
2389 3910 2587 3966 dicunt
2618 3912 2948 3981 spirantem,
2997 3912 3177 3981 ipsum
3225 3911 3443 3966 Patrem
3492 3926 3582 3965 so-

2000 4002 2113 4058 lum
2152 4012 2348 4073 putant
2380 4002 2716 4073 signiﬁcare.
2750 4003 2925 4074 igitur
2956 4017 3061 4058 nec
3102 4006 3175 4057 ita
3209 4002 3386 4057 ambae
3416 4002 3584 4057 simul

2001 4101 2133 4148 sunt
2159 4094 2533 4149 ronstitutiva:
2552 4108 2822 4164 personas,
2850 4102 2909 4147 ut
2933 4104 3172 4163 utroque
3196 4092 3351 4148 nullo
3395 4092 3584 4158 modo,

2001 4182 2095 4238 sed
2114 4183 2289 4239 ambae
2317 4184 2483 4240 simul
2505 4184 2866 4250 constituant,
2901 4198 3003 4239 nec
3030 4190 3090 4237 nt
3123 4195 3356 4253 utraque
3392 4198 3490 4254 per
3524 4199 3586 4238 se

2003 4279 2331 4335 constituat.
2379 4277 2489 4333 Sed
2518 4276 2837 4333 necessario
2866 4275 3103 4330 alterum
3150 4273 3375 4344 quidem
3406 4274 3586 4330 solum

2005 4371 2293 4427 constituit
2338 4386 2656 4442 personam,
2706 4370 2942 4425 alterum
2991 4385 3125 4425 vero
3179 4369 3432 4439 sequitur
3472 4368 3587 4439 jam

312 4495 502 4539 autem
554 4492 640 4538 est
696 4482 879 4536 anima
928 4481 1071 4551 ejus,
1129 4479 1211 4533 vel
1267 4494 1492 4546 corpus,
1542 4484 1639 4531 aut
1690 4472 1902 4545 aliquid
1934 4480 1977 4534 D
2007 4465 2365 4521 constitutam
2402 4478 2713 4535 personam.
2743 4462 2936 4524 Restat
2958 4460 3131 4533 igitur
3159 4470 3253 4517 aut
3287 4463 3589 4531 paternita-

314 4578 511 4641 aliud,
570 4576 719 4648 quod
772 4582 859 4631 est
908 4574 957 4629 ei
1020 4572 1355 4641 principium
1410 4567 1897 4629 individualionis.

313 4670 796 4741 Quemadmodum
825 4676 909 4723 est
936 4667 1105 4722 etiam
1134 4665 1200 4721 de
1238 4666 1349 4719 Deo
1411 4672 1470 4719 et
1503 4664 1689 4728 Patre,
1740 4677 1895 4732 quae-

315 4779 445 4819 nam
470 4762 546 4818 sit
578 4761 808 4832 propria
836 4760 957 4830 ejus
998 4758 1178 4813 forma
1215 4771 1507 4827 personam
1538 4757 1659 4828 ejus
1690 4754 1903 4810 consti-

316 4869 481 4915 tuens
510 4876 522 4909 :
557 4866 638 4910 est
672 4856 819 4909 enim
854 4854 905 4909 ei
930 4853 1244 4907 communis
1267 4851 1331 4905 ad
1363 4850 1560 4905 Filium
1631 4859 1685 4905 et
1722 4848 1904 4918 Spiri-

319 4963 439 5009 tum
492 4950 679 5005 divina
731 4964 796 5004 ac
868 4946 1179 5002 essentialis
1232 4945 1429 5011 forma,
1502 4959 1625 5013 quae
1679 4958 1789 4997 una
1838 4954 1895 4997 et

318 5045 515 5103 eadem
549 5054 785 5097 numero
814 5040 869 5095 in
898 5039 980 5094 eis
1014 5050 1120 5103 est,
1158 5038 1343 5092 Deitas
1392 5035 1673 5100 videlicet,
1707 5049 1908 5091 secun-

320 5141 455 5196 dum
493 5151 658 5206 quam
692 5148 837 5189 unus
874 5142 960 5187 est
1004 5147 1130 5186 cum
1174 5132 1257 5184 eis
1284 5131 1432 5185 Deus
1463 5146 1476 5183 :
1512 5128 1681 5183 habet
1708 5126 1923 5203 nihilo-7

320 5235 511 5290 minus
536 5231 699 5285 aliam
732 5228 901 5282 etiam
932 5225 1217 5296 prepriam
1247 5223 1480 5277 formam
1506 5221 1630 5276 aliis
1655 5222 1908 5291 personis

322 5320 938 5383 incommunicabilem,
988 5318 1295 5373 secundum
1347 5330 1510 5385 quam
1549 5314 1655 5369 hoc
1695 5312 1905 5383 aliquid

322 5430 383 5477 et
412 5432 650 5490 persona
688 5416 743 5469 in
787 5420 985 5470 saneta
1017 5411 1291 5465 Trinitate
1324 5418 1444 5462 est:
1483 5409 1765 5477 quodnam
1805 5408 1908 5479 igi-

326 5511 426 5567 tur'
460 5510 553 5574 sit,
600 5504 962 5577 querendum
1015 5510 1125 5557 est.
1162 5501 1229 5554 Et
1275 5499 1479 5570 primo,
1513 5515 1581 5553 an
1621 5498 1692 5552 sit
1729 5499 1909 5569 ipsum

330 5603 634 5674 ingenitum
663 5613 810 5662 esse,
848 5606 903 5651 at
942 5611 1054 5651 non
1100 5594 1351 5659 videtur;
1382 5592 1487 5648 hoc
1520 5580 1667 5646 enim
1698 5601 1787 5647 est
1815 5608 1914 5647 ne-

330 5704 496 5773 gatio,
528 5697 668 5753 nihil
701 5705 885 5750 autem
913 5690 1303 5748 exsisteutium
1336 5686 1641 5743 secundum
1670 5686 1915 5754 negatio-

336 5808 461 5851 nem
496 5793 601 5849 hoc
630 5785 844 5858 aliquid
871 5795 955 5842 est
986 5803 999 5844 ;
1031 5782 1126 5840 sed
1161 5789 1247 5838 est
1275 5781 1397 5855 ejus
1426 5776 1761 5851 proprietas,
1788 5792 1911 5848 quae

2010 4569 2123 4615 tem
2166 4573 2292 4615 esse
2341 4557 2760 4613 constitutivam
2810 4565 2867 4611 et
2915 4557 3200 4626 propriam
3247 4556 3425 4612 Patris
3480 4555 3591 4611 for-

2005 4670 2178 4721 mam,
2208 4653 2573 4726 spirationem
2604 4668 2738 4708 vero
2786 4652 2943 4721 sequi
2991 4666 3120 4706 eum
3162 4650 3276 4721 jam
3321 4651 3589 4706 constitue

2008 4758 2156 4817 tum;
2180 4757 2274 4804 aut
2295 4763 2325 4803 e
2350 4760 2621 4803 converso
2641 4744 3003 4814 spirationem
3029 4758 3151 4798 esse
3172 4741 3589 4797 eonstitutivam

2007 4856 2261 4914 personte
2316 4847 2587 4909 paternae,
2634 4836 3030 4908 paternitatem
3083 4834 3242 4904 sequi
3298 4849 3589 4903 personam

2003 4937 2116 5007 jam
2151 4935 2535 4990 constitutam.
2586 4935 2656 4988 At
2688 4931 2735 4985 si
2769 4931 2984 5000 spirare
3017 4928 3241 4997 quidem
3275 4928 3588 4987 constituit.

2007 5030 2319 5101 patet-nitas
2366 5041 2501 5081 vero
2553 5035 2610 5080 et
2641 5024 2823 5094 ipsum
2867 5037 3135 5094 generare
3181 5020 3455 5091 sequitur,
3492 5021 3593 5075 ab-

2009 5124 2237 5178 surdum
2270 5120 2425 5191 quid,
2476 5128 2533 5173 et
2565 5118 2713 5189 quod
2763 5124 2966 5186 praeter
3016 5113 3265 5167 omnium
3298 5114 3591 5167 doctorum

2009 5213 2367 5269 traditionem
2410 5220 2516 5275 est,
2586 5208 2844 5279 sequitur
2890 5224 2904 5261 :
2953 5205 3099 5276 quod
3150 5204 3256 5259 tale
3303 5205 3435 5275 quid
3483 5214 3589 5269 est,

2010 5307 2307 5378 principia,
2338 5313 2396 5360 et
2432 5303 2756 5358 immediata
2793 5300 3065 5369 cujusque
3091 5300 3347 5369 Operatio
3377 5298 3445 5352 ab
3470 5298 3592 5367 ejus

2011 5399 2377 5457 constitutiva
2415 5398 2590 5452 forma
2620 5394 2840 5463 prodit;
2876 5407 3071 5447 omnes
3100 5398 3282 5446 autem
3315 5392 3434 5445 aliae
3458 5406 3594 5458 ope-

2015 5495 2261 5549 rationes
2292 5508 2391 5561 per
2428 5490 2569 5545 hanc
2604 5489 2841 5559 primam
2879 5486 3136 5541 videlicet
3183 5484 3589 5554 operationem,
3660 5518 3663 5519 ν

2012 5596 2071 5641 ut
2095 5592 2225 5655 puta
2249 5599 2317 5638 ex
2339 5582 2543 5643 anima,
2576 5594 2700 5649 quae
2720 5587 2803 5632 est
2829 5576 3189 5632 censtitutlva
3217 5575 3363 5630 Petri
3389 5574 3589 5640 forma,

2015 5679 2192 5750 prima
2223 5684 2280 5733 et
2307 5674 2626 5730 immediata
2658 5670 2909 5742 operatio
2938 5669 3057 5740 ejus
3087 5668 3294 5739 prodit,
3334 5666 3482 5737 quod
3507 5676 3593 5722 est

2014 5771 2198 5828 vivere
2227 5787 2243 5826 :
2275 5767 2476 5829 deinde
2500 5782 2598 5838 per
2625 5779 2745 5821 eam
2756 5804 2770 5834 ,
2793 5763 3004 5819 scilicet
3030 5772 3292 5834 tanquam
3322 5774 3423 5833 per
3454 5773 3590 5816 cau-
