4140 6140
587 236 694 306 427

1560 239 2068 308 BESSARIONIS
2108 246 2172 305 S’.
2215 239 2284 310 lt.
2325 249 2390 312 E.
2426 247 2895 312 CARDTNA'LIS

3751 250 3857 320 £23

577 367 694 410 satu
746 355 867 409 sine
913 370 1019 426 qua
1063 370 1170 410 non
1223 365 1417 412 omnes
1463 357 1584 414 alite
1631 361 1992 430 operationes
2026 371 2155 430 pro-
2185 366 2231 424 Α
2264 351 2590 431 Argumenm
2641 365 2924 433 proban‘tia
2967 362 3222 429 Spiritum
3274 370 3524 420 sanctum
3563 376 3628 421 ex
3687 363 3857 422 Patre

574 443 770 510 dcunt,
803 446 1081 515 speculari
1107 434 1392 510 videlicet,
1430 443 1659 514 docere,
1698 457 1882 506 texere
1912 465 2025 508 etc.
2055 445 2158 508 P‘e'r‘

573 538 760 592 vivere
794 552 1054 608 namque,
1087 553 1210 609 qum
1240 550 1324 594 est
1370 541 1547 610 prima
1602 551 1658 596 et
1691 544 2010 601 intmediata
2037 547 2158 616 ejus

573 634 843 700 Operatio,
887 647 1082 688 omnes
1114 634 1237 688 alite
1276 635 1614 692 clliciuntur.
1653 626 1709 693 Si
1755 639 1922 710 igitur
1948 643 2003 695 et
2032 644 2158 712 per-

575 741 722 779 sonte
781 726 1026 794 paternae
1087 728 1269 798 ipsum
1327 730 1542 801 Spirare
1593 740 1740 787 esset
1796 736 2156 791 constitutiva

573 816 949 898 lorma.esset
1002 807 1234 892 spiratio
1269 824 1494 894 quidem
1533 826 1708 894 prima
1773 826 1895 894 ejus
1947 835 2000 883 et
2051 828 2158 884 im-

573 911 816 966 m'mliat'a
867 915 1166 983 operatio:
1215 932 1313 987 per
1362 918 1504 972 ha‘nc
1560 929 1743 974 autem
1795 930 2160 989 generaretur

572 1002 770 1072 Filius,
801 1023 912 1078 quo
946 1008 1100 1064 lieret
1142 1013 1203 1064 ut
1253 1028 1360 1067 non
1398 1012 1641 1082 Spiritus
1671 1030 1768 1084 per
1799 1014 1998 1069 Filium
2031 1030 2158 1085 pro-

569 1101 816 1175 cederet".
863 1110 921 1155 ut
959 1102 1200 1173 theologi
1232 1109 1516 1170 asserunt,
1549 1109 1645 1161 sed
1679 1106 1852 1161 Filius
1887 1124 1985 1176 per
2027 1107 2153 1178 Spi-

574 1192 738 1245 rituzn
765 1193 1164 1262 generaretur.
1206 1195 1340 1262 Qua:
1371 1206 1568 1252 cuncta
1603 1199 1820 1253 veritati
1856 1201 2153 1262 contraria,

568 1296 624 1338 et
659 1285 885 1341 Patrum
937 1286 1361 1357 traditionibus,
1393 1298 1448 1345 et
1479 1293 1761 1346 Communi
1797 1308 1991 1347 eorum
2030 1293 2156 1348 usui

570 1389 723 1430 sunt.
765 1373 830 1432 Et
860 1378 987 1434 cum
1019 1378 1138 1436 hac
1181 1380 1425 1436 absurda
1455 1383 1588 1447 sint,
1635 1373 1808 1439 restat
1849 1385 2155 1454 paternita-

573 1481 681 1526 tem
708 1473 1055 1530 constituere
1083 1492 1380 1545 personam
1432 1475 1744 1547 paternam,
1780 1489 1832 1534 et
1869 1481 2009 1534 hanc
2035 1480 2158 1551 ejus

569 1581 694 1620 esse
727 1567 1304 1624 incommunicabilem
1329 1570 1588 1639 formam,
1614 1571 1974 1641 spirationcm
1997 1574 2156 1646 sequi

572 1658 680 1744 iam
709 1659 1068 1716 constitutam
1102 1663 1224 1733 ejus
1252 1679 1571 1733 personam.

643 1736 764 1808 Non
790 1753 1017 1823 quidem
1047 1720 1324 1826 accipitur
1351 1757 1445 1813 hic
1474 1760 1736 1818 accidens
1758 1765 1981 1833 praprie
2013 1763 2161 1834 quod
2195 1720 2235 1786 Β

573 1846 796 1902 realiter
828 1849 894 1902 ab
919 1864 1010 1912 eo,
1039 1850 1126 1905 cui
1159 1835 1382 1919 accidit,
1406 1853 1769 1924 distinguitur
1794 1866 1847 1910 ut
1871 1857 2154 1924 accidens,

571 1953 696 1993 cum
732 1939 872 1995 nihil
905 1941 959 1995 in
991 1931 1265 2001 Trinitate
1295 1945 1369 2000 sit
1395 1945 1675 2002 accidens.
1714 1948 1916 2002 Verum
1963 1965 2162 2004 secun-

573 2025 704 2082 dum
751 2038 1032 2095 naturam,
1073 2041 1130 2088 et
1166 2027 1566 2103 essentialitcr,
1600 2038 1654 2090 id
1693 2039 1776 2092 est
1826 2040 2161 2107 necessario,

572 2129 629 2176 et
656 2134 754 2191 per
781 2138 840 2178 se
873 2131 1130 2194 tanquam
1162 2127 1438 2196 quoddam
1473 2124 1560 2182 sui
1589 2139 1842 2184 naturam
1894 2140 1948 2184 et
1972 2145 2163 2186 essen-

573 2213 702 2268 tiam
758 2217 813 2269 in
856 2231 922 2271 eo
965 2209 1277 2273 necessario
1320 2233 1696 2291 consequens,
1728 2231 1784 2277 et
1813 2221 1993 2292 ipsum
2040 2213 2161 2294 qni-

571 2305 696 2363 dem
732 2322 1000 2376 generare
1028 2309 1262 2379 primam
1293 2322 1345 2368 et
1375 2307 1747 2369 immediatam
1780 2313 2162 2385 operationem

573 2413 824 2467 personae
849 2393 1094 2469 paternae
1119 2403 1266 2468 esse,
1295 2400 1476 2475 ipsum
1500 2422 1632 2462 vero
1661 2407 1876 2478 spirare
1917 2398 2031 2463 liet-i
2065 2425 2163 2478 per

570 2507 859 2564 generare,
897 2509 1005 2548 non
1031 2488 1287 2564 tanquam
1314 2505 1414 2566 per
1444 2499 1795 2568 principium,
1818 2501 1914 2556 sed
1943 2517 2041 2570 per
2063 2501 2160 2556 ali-

571 2583 702 2653 quid
726 2586 1124 2652 neccssarium,
1142 2587 1288 2654 quod
1312 2588 1691 2658 praesigitur.
1715 2588 1783 2646 Et
1804 2589 1918 2647 haec
1936 2592 2161 2661 quidem

572 2676 829 2759 praedicta
854 2677 966 2732 sint
984 2688 1240 2748 tanquam
1257 2680 1321 2734 ad
1361 2695 1482 2748 qua:
1502 2694 1812 2751 sequuntur
1830 2685 2159 2739 necessaria.

646 2765 782 2823 Item
826 2772 947 2829 haec
977 2766 1147 2827 etiam
1177 2782 1440 2844 tanquam
1492 2781 1808 2834 communia
1839 2795 2162 2852 prtesuppo-

574 2873 820 2931 nantur;
857 2881 1050 2921 eorum
1081 2883 1206 2936 quae
1230 2869 1287 2922 in
1314 2867 1426 2924 Deo
1456 2870 1720 2926 dicuntur
1751 2874 2003 2942 qumdam
2033 2883 2164 2930 sunt

572 2944 888 3013 communia
910 2960 1170 3015 omnibus
1204 2963 1480 3031 personis,
1507 2972 1568 3018 ιιι
1600 2965 1804 3031 bonus,
1832 2968 2076 3039 sapiens,
2107 2977 2164 3024 et

2395 441 2487 504 per
2513 433 2730 501 Filium,
2765 442 2813 490 c‘t
2848 450 2914 488 ex
2957 434 3124 488 Patre
3174 433 3409 506 Filioque
3439 439 3742 507 procedere.

2334 548 2441 605 Per
2469 550 2700 619 primam
2747 558 2803 605 et
2830 537 3208 606 imtne'diatam
3233 551 3673 622 uniuscujusque
3721 568 3853 622 ope-

2263 642 2552 704 rationem.
2584 651 2776 698 omnes
2796 642 2913 699 aliae
2947 645 3297 715 oper‘ationes
3324 644 3448 716 ejus
3481 643 3644 710 ﬁunt,
3672 645 3853 715 prima

2263 748 2396 788 vero
2449 745 2508 789 et
2541 734 2860 791 immediata
2911 732 3091 792 Patris
3140 731 3388 806 operatio
3435 743 3850 808 estgenerare:

2263 843 2361 896 per
2387 837 2656 895 generare
2697 828 2864 898 igitur
2900 828 3149 899 spirandi
3180 830 3326 885 actio
3380 830 3470 894 lit,
3499 836 3554 885 et
3581 845 3650 885 ex
3691 832 3854 886 Patre

2261 931 2362 989 per
2398 918 2597 974 Filiam
2628 909 2872 990 Spiritus
2906 928 3134 978 sanctus
3159 922 3438 990 procedit.
3464 922 3621 990 Quod
3664 935 3852 979 autem

2262 1011 2394 1068 velit
2426 1013 2548 1076 hac,
2581 1011 2726 1084 quod
2761 1005 3000 1070 dicimus
3031 1027 3130 1080 per
3165 1001 3388 1079 Filium,
3416 1005 3641 1084 etquod
3670 1015 3850 1085 ipsum

2259 1119 2358 1176 per
2416 1117 2636 1162 cauSam
2696 1105 2813 1161 sive
2864 1104 3202 1178 principium
3254 1106 3505 1162 medians
3554 1107 3851 1178 signiticet,

2261 1213 2328 1254 ex
2360 1199 2463 1254 ltoc
2497 1214 2606 1254 non
2632 1196 3011 1270 intelligimus,
3035 1197 3182 1270 quod
3212 1196 3382 1253 Filius
3414 1187 3489 1252 sit
3512 1199 3851 1268 principium

2261 1293 2510 1348 medians
2549 1301 2816 1362 quantum
2847 1293 2914 1348 ad
2948 1294 3186 1364 spirare,
3225 1292 3301 1348 ita“
3347 1291 3497 1364 quod
3535 1294 3704 1348 Pater
3741 1309 3850 1347 non

2261 1383 2578 1440 immediate
2598 1386 2774 1453 spiret
2801 1385 3073 1456 Spiritum
3097 1388 3381 1452 sanetum;
3407 1375 3504 1440 sed
3527 1384 3701 1455 spirct
3725 1401 3853 1438 cum

2261 1460 2540 1530 mediante
2576 1460 2737 1540 Filio,
2792 1479 3054 1544 tanquam
3091 1476 3258 1529 causa
3299 1471 3655 1535 secundaria,
3706 1472 3856 1525 sient

2260 1565 2408 1624 Deus
2454 1572 2636 1623 tnov‘et
2670 1565 2874 1622 uelum
2911 1559 3277 1636 intelligentia
3317 1563 3621 1620 mediante.
3658 1563 3853 1618 Tene-

2266 1677 2390 1716 mus
2422 1661 2570 1717 enim
2603 1677 2728 1716 cum
2748 1657 3082 1730 Augustino,
3108 1645 3253 1730 quod
3281 1656 3855 1727 Spirittrsimmediate

2267 1753 2336 1808 ab
2365 1764 2602 1823 utroque
2635 1739 2891 1820 procedit
2926 1766 2940 1804 :
2975 1749 3073 1806 sed
3099 1748 3466 1820 intelligimus
3497 1744 3644 1815 quod
3685 1743 3854 1797 Filius

2267 1849 2358 1918 qui
2383 1859 2468 1901 cst
2498 1849 2743 1917 Spiritus
2775 1842 3112 1916 principium
3153 1858 3168 1896 :
3200 1845 3284 1896 est
3313 1839 3562 1896 medians
3584 1848 3853 1908 quantum

2267 1941 2334 1996 ad
2364 1948 2485 1995 esse
2516 1934 2662 1993 inter
2703 1936 2923 1992 Patrem
2983 1940 3042 1990 et
3087 1933 3350 2006 Spiritum
3398 1938 3674 1994 sanctum,
3727 1936 3852 1982 cum

2265 2035 2424 2105 prius
2485 2031 2818 2087 naturaliter
2875 2029 3219 2098 intelligatur
3248 2039 3279 2082 a
3315 2017 3475 2082 Patre
3507 2013 3852 2105 productus,

2265 2104 2429 2199 quam
2483 2107 2724 2198 Spiritus
2755 2130 2982 2180 sanetus
3013 2123 3081 2179 ab
3116 2117 3377 2192 utroque,
3410 2104 3751 2175 S‘ulﬁtlenter
3797 2107 3854 2170 in

2265 2235 2522 2275 sermone
2555 2223 2622 2274 de
2653 2218 2861 2273 unione
2885 2212 3274 2287 probavimus.

2339 2330 2468 2385 ltem
2496 2312 2734 2400 Spiritus
2762 2333 2987 2384 sanctus
3022 2336 3119 2383 aut
3141 2343 3204 2382 ex
3233 2326 3348 2381 sold
3379 2315 3541 2380 Patre
3573 2305 3849 2394 procedit,

2267 2435 2361 2482 aut
2391 2443 2501 2482 non
2547 2441 2612 2481 ex
2647 2427 2766 2481 solo
2799 2427 2957 2481 Patre
2990 2440 3004 2476 :
3039 2419 3185 2478 inter
3231 2413 3663 2476 contradictoria
3701 2433 3854 2471 nam-

2265 2536 2374 2590 que
2400 2513 2542 2574 nihil
2577 2528 2664 2574 est
2700 2517 2965 2574 medium.
2999 2513 3069 2572 At
3099 2531 3208 2570 non
3242 2508 3427 2585 potest
3461 2510 3572 2567 dici
3608 2508 3754 2580 q'uo‘d
3785 2523 3852 2564 ex

2266 2614 2383 2669 solo
2443 2612 2605 2667 Patre
2673 2610 2936 2682 procedat
3001 2608 3211 2680 :igitur
3245 2609 3353 2660 non
3409 2619 3475 2660 ex
3507 2602 3626 2660 solo
3666 2602 3849 2658 Patre.

2265 2707 2420 2773 Quod
2484 2707 2527 2760 si
2597 2721 2707 2761 non
2774 2721 2840 2759 ex
2905 2704 3024 2759 solo
3089 2703 3278 2766 Patre,
3340 2698 3510 2774 igitur
3556 2697 3725 2752 etiam
3785 2710 3850 2750 ex

2264 2794 2425 2856 Filio.
2482 2786 2636 2867 Quod
2698 2807 2882 2854 autem
2941 2813 3053 2853 non
3125 2809 3196 2850 ex
3261 2782 3381 2851 solo
3440 2788 3603 2848 Patre
3655 2795 3849 2860 proce‘

2265 2895 2380 2960 dat,
2444 2893 2714 2964 probatur
2776 2881 2976 2962 primo.
3012 2881 3288 2961 quidem:
3344 2888 3620 2955 nusquam
3691 2898 3841 2953 repe-

2269 2988 2415 3043 ritur
2453 2985 2559 3040 hoc
2587 2985 2818 3048 dictum,
2857 2998 3036 3053 neque
3069 2980 3216 3052 apud
3254 2979 3593 3050 scripturam
3621 2975 3851 3031 canoni-

573 3051 758 3148 omnia
795 3049 1066 3148 absoluta,
1093 3051 2052 3148 similiteromnesnegationes,quae
2068 3073 2236 3134 perc
2268 3084 2414 3145 eam,
2449 3083 2632 3148 neque
2659 3061 2801 3147 3pm}
2838 3049 3122 3130 (iaciat-es:
3150 3070 3309 3139 Quod
3339 3049 3472 3126 vero
3505 3068 3619 3124 neu
3645 3065 3747 3121 fuit
3780 3065 3849 3119 ab

570 3143 955 3198 excellentiam
973 3151 1224 3213 respectu
1255 3145 1322 3199 ad
1351 3155 1660 3201 creaturam
1693 3147 1762 3204 de
1787 3164 1855 3204 eo
1879 3143 2157 3214 dicuntur,

573 3225 636 3289 ut
667 3235 972 3301 invisibile,
1028 3225 1623 3306 incomprehensibile,
1653 3250 1711 3293 et
1757 3240 2158 3311 hujuscemodi.

647 3329 780 3382 Item
808 3342 1153 3398 quacunque
1183 3328 1521 3383 relationem
1559 3329 1625 3383 ad
1660 3326 1972 3386 creaturam
1996 3316 2162 3403 signi-

574 3422 764 3486 ﬁcant,
829 3432 890 3475 ut
935 3415 1177 3486 creator,
1205 3415 1401 3490 judex,
1433 3433 1483 3476 et
1521 3423 1724 3478 similia
1761 3443 1775 3478 :
1812 3413 1928 3479 haec
1978 3425 2164 3496 itaque

577 3503 894 3570 communia
952 3524 1081 3570 sunt
1127 3514 1391 3570 omnibus
1430 3515 1719 3594 personis;
1753 3517 2001 3586 quaedam
2032 3533 2164 3574 vero

577 3619 710 3666 sunt
741 3609 984 3680 propria,
1027 3618 1084 3663 et
1124 3609 1322 3685 horum
1351 3597 1598 3680 quaedam
1633 3619 1760 3664 sunt
1785 3614 2006 3682 propria
2028 3613 2164 3667 'dua-

576 3707 683 3758 bus
717 3703 970 3783 personis
1000 3697 1416 3780 comparatione
1445 3703 1512 3758 ad
1545 3702 1836 3774 reliquam,
1887 3705 2161 3783 quemado

577 3782 802 3850 modum
835 3781 977 3851 Filio
1032 3803 1089 3850 et
1149 3793 1386 3866 Spiritui
1418 3811 1450 3849 a
1505 3784 1784 3866 principio
1827 3811 1974 3861 esse,
2013 3781 2162 3853 Patri

575 3897 632 3943 et
665 3886 808 3942 Filio
839 3887 1061 3942 mittere
1099 3887 1369 3956 Spiritum
1403 3903 1417 3942 :
1452 3888 1543 3942 hic
1564 3879 1786 3958 capitur
1819 3892 2062 3955 mittere,
2103 3900 2163 3946 ut

510 4005 513 4007 -
575 3982 839 4047 importat
901 3963 1249 4033 relationem
1300 3966 1538 4050 originis
1579 3977 1727 4032 inter
1756 3980 2068 4036 mittentem
2104 3993 2163 4038 et

574 4071 832 4134 missum,
865 4081 920 4126 et
955 4074 1054 4142 per
1084 4087 1437 4142 consequens
1467 4055 1885 4130 diStinctionmn
1919 4078 2160 4142 rcaletn;

576 4175 673 4218 aut
699 4163 846 4236 quod
876 4163 1116 4232 Spiritus
1170 4151 1388 4218 dicatur
1419 4151 1599 4220 Patris
1625 4175 1679 4220 et
1714 4166 1863 4220 Filii.
1895 4166 2152 4232 Quaedam

580 4260 802 4327 propria
840 4254 1004 4314 unius
1052 4272 1327 4328 personas,
1356 4266 1412 4313 et
1450 4258 1648 4313 borum
1688 4274 1880 4315 rursus
1907 4251 2159 4330 quaedam

579 4355 652 4406 ita
685 4354 906 4420 propria
947 4350 1258 4420 personalia
1287 4360 1436 4414 sunt,
1493 4361 1552 4404 ut
1583 4351 1751 4405 etiam
1797 4345 2157 4406 constitutiva

578 4539 702 4591 dant
770 4536 872 4591 etsi
918 4519 1011 4589 uni
1049 4535 1150 4589 soli
1198 4536 1411 4597 insunt.
1439 4552 1556 4603 non
1583 4545 1765 4590 tamen
1796 4537 2156 4592 constitutiva

580 4645 947 4700 personarum
979 4642 1130 4694 sunt,
1169 4628 1262 4684 sed
1293 4627 1539 4698 quaedam
1577 4620 1852 4697 notiones,
1899 4633 2162 4701 quemad-

580 4720 805 4776 modum
853 4722 1001 4776 Patri
1030 4711 1310 4776 notionale
1341 4715 1646 4793 ingenitum
1684 4739 1828 4789 esse,
1857 4719 2160 4794 ingenitum

579 4816 801 4885 capitur
825 4815 917 4870 hic
959 4829 1060 4884 pro
1085 4815 1456 4884 improducto.
1491 4803 1617 4870 [iure
1653 4816 1818 4886 igitur
1848 4819 2012 4872 trium
2038 4825 2162 4887 per-

578 4925 838 4966 soitarum
875 4892 1190 4963 communia
1226 4909 1538 4976 personalia
1576 4907 1726 4975 sunt,
1759 4926 1860 4966 nec
1895 4913 2010 4977 illa,
2041 4914 2162 4982 Quae

584 5001 800 5055 duabus
829 5000 1244 5070 comparatione
1271 5001 1336 5054 ad
1374 5002 1593 5057 tertiam
1615 5003 1833 5071 propria
1865 5013 2028 5069 sunt;
2061 5013 2164 5058 nec

579 5096 700 5161 illa,
730 5110 852 5164 quae
877 5096 971 5149 uni
1000 5094 1222 5163 quidem
1255 5098 1476 5165 pr0pria
1500 5107 1654 5162 sunt,
1693 5097 1787 5152 sed
1822 5097 1892 5150 ita
1933 5097 2158 5166 propria

582 5199 645 5244 nt
689 5189 1013 5253 notionalia,
1059 5197 1115 5243 et
1170 5188 1502 5260 sequentia:
1545 5189 1636 5243 illa
1688 5206 1822 5245 vero
1875 5193 1990 5247 sola
2033 5202 2164 5246 sunt

580 5281 914 5353 personalia.
953 5292 1010 5337 et
1042 5285 1402 5351 personarum
1439 5285 1795 5339 constitutiva
1824 5287 2045 5355 prepria
2072 5303 2165 5356 pa-

579 5375 832 5450 ternitas,
854 5377 1062 5431 scilicet
1080 5375 1291 5437 liliatio.
1306 5386 1362 5431 et
1387 5377 1601 5446 passiva
1620 5378 1851 5448 spiratio
1865 5397 1880 5445 ;
1896 5395 2018 5450 quae
2031 5396 2162 5434 vero

578 5468 792 5524 duabus
821 5469 1043 5538 pr0pria
1075 5470 1485 5539 comparatione
1517 5472 1584 5526 ad
1613 5473 1830 5527 tertiam
1869 5485 2017 5538 sunt,
2041 5471 2163 5530 hazc

581 5561 884 5616 notionalia
907 5573 1035 5616 sunt
1055 5546 1287 5616 duarum
1313 5579 1697 5632 personarum.
1719 5555 1816 5621 llis
1836 5583 2163 5638 praesuppo-

581 5651 706 5711 sitis
733 5657 1087 5723 probabimus
1119 5653 1383 5723 Spiritum
1408 5646 1659 5713 sanctum
1695 5673 1764 5713 ex
1789 5660 1948 5714 Patre
1969 5658 2164 5729 perFi-

585 5747 744 5813 tium,
776 5749 896 5819 ipso
918 5744 1172 5816 iuvante,
1195 5737 1249 5803 et
1272 5764 1335 5804 ex
1357 5747 1524 5806 Patre
1568 5742 2153 5826 Filioqueprocedere

2265 3170 2450 3240 aliquo
2478 3170 2712 3225 isterum
2751 3167 2984 3230 dictum,
3013 3183 3125 3222 non
3167 3160 3255 3222 est
3287 3163 3604 3220 audendum
3639 3159 3845 3239 dicere.

2263 3264 2476 3319 Deinde
2507 3277 2633 3319 cum
2661 3261 2875 3331 spirare
2913 3276 3024 3316 non
3056 3260 3258 3328 prima,
3294 3273 3399 3313 nec
3427 3255 3744 3312 immediata
3777 3255 3849 3310 sit

2262 3343 2580 3412 essentialis
2610 3356 2756 3410 actio
2799 3339 3000 3418 Patris,
3032 3354 3106 3409 sit
3133 3368 3231 3423 per
3257 3351 3522 3422 primam,
3553 3358 3614 3404 ut
3641 3348 3849 3402 dictum

2264 3458 2370 3508 est.
2407 3439 2697 3520 Accipitur
2763 3448 2855 3503 hic
2884 3453 2979 3518 per
3049 3439 3218 3518 prout
3259 3443 3528 3514 importat
3568 3440 3847 3497 habitudi-

2264 3556 2392 3597 nem
2423 3554 2627 3607 causaa,
2655 3538 2776 3594 sine
2814 3553 2923 3609 qua
2951 3553 3063 3593 non
3094 3528 3264 3607 :quia
3298 3535 3512 3606 spirare
3535 3530 3848 3590 necessario

2263 3631 2644 3704 praesupponit
2675 3645 2964 3701 generare,
3002 3627 3113 3686 non
3137 3618 3304 3700 prout
3326 3618 3596 3698 importat
3627 3615 3850 3682 habitu-

2264 3727 2454 3784 dinem
2495 3725 2794 3797 principii;
2833 3725 2964 3795 quia
3019 3722 3304 3799 generatio
3335 3725 3447 3778 non
3499 3726 3588 3778 εει
3638 3720 3850 3791 princi-

2265 3820 2415 3892 pium
2445 3808 2804 3889 spiratinnis;
2833 3831 2958 3872 cum
2985 3813 3216 3885 spiratio
3245 3800 3384 3870 Filio
3415 3811 3732 3876 cenveniat,
3759 3811 3848 3866 cui

2263 3926 2376 3969 non
2407 3911 2669 3968 convenit
2702 3915 2894 3965 aculra
2937 3907 3251 3979 generatio,
3284 3912 3408 3977 quz'e
3435 3911 3520 3962 cs’t
3544 3906 3727 3976 ipsum
3755 3920 3849 3974 κει
3908 3905 3913 3909 ’

2263 4000 2491 4072 nerare,
2528 4015 2587 4059 et
2631 4003 2920 4075 generatio
2951 4019 2965 4057 :
2996 4015 3170 4072 quare
3199 4007 3430 4056 neceSse
3461 4009 3548 4055 est
3583 4007 3643 4054 ut
3672 3995 3850 4054 Filius

2262 4113 2329 4152 ex
2372 4099 2478 4153 bac
2506 4088 2831 4167 operatione
2881 4093 3196 4164 participet,
3233 4089 3289 4147 et
3317 4107 3414 4163 per
3445 4107 3572 4146 eum
3607 4089 3849 4158 Spiritus

2263 4198 2493 4243 sanctus
2531 4181 2838 4257 procedat;
2875 4199 3000 4239 cum
3037 4185 3188 4239 enim
3223 4184 3410 4237 omnia
3439 4182 3553 4238 sint
3599 4191 3851 4236 commu-

2262 4279 2354 4335 nia
2378 4277 2524 4335 Patri
2574 4286 2631 4333 et
2653 4270 2793 4331 Filio
2821 4287 3023 4346 praeter
3052 4275 3447 4331 constituti'va's
3481 4281 3847 4346 personarum

579 4378 652 4406 ΙιὶΙ
685 4378 906 4420 μιυνιίιᾰι
948 4378 1258 4420 ιιῠῐδυιιδιιᾶ
1287 4378 1436 4414 δυιιι,
1493 4378 1552 4404 ut
1583 4378 1751 4405 ειηιιιι
1797 4378 2157 4433 cpnatuuuvu
2207 4418 2217 4428 .

578 4445 712 4509 Sim.
753 4434 814 4496 υἱ
837 4441 1169 4512 Ρθιεηιίιεὶδν
1203 4443 1418 4509 “nullo.
1448 4442 1680 4512 ερίτίιιῖο
1713 4444 1950 4514 νεεδίνθο
1989 4438 2156 4511 QUiB'
2195 4434 2237 4489 θ
2264 4479 2387 4514 nua:
2413 4453 2690 4514 naturalis
2715 4449 2937 4514 quidem
2982 4459 3156 4514 Patri;
3209 4475 3321 4514 non
3363 4459 3545 4514 tamen
3573 4460 3846 4514 constitu-

2264 4479 2387 4533 qua:
2413 4453 2690 4518 naturalis
2715 4449 2937 4531 Quidem
2982 4459 3156 4525 Patri,
3209 4475 3321 4515 non
3363 4459 3545 4515 tamen
3573 4460 3849 4517 constitu-

2267 4541 2375 4610 tiva
2405 4569 2656 4625 persona:
2681 4554 2804 4626 ejus
2831 4564 2945 4618 est,
2985 4562 3046 4609 ut
3071 4551 3286 4608 dictum
3311 4549 3420 4635 est.
3447 4553 3635 4619 Quare
3672 4553 3848 4623 Spiri-

2263 4652 2352 4704 tus
2399 4663 2466 4703 ex
2517 4646 2681 4702 Patre
2739 4645 2796 4701 e't
2833 4640 3000 4712 Filio,
3064 4647 3152 4702 vel
3196 4647 3266 4706 'e‘x,
3296 4637 3458 4701 Patre
3493 4649 3592 4714 per
3640 4638 3846 4701 Filium

2263 4739 2539 4813 procedit.
2589 4738 2649 4794 In
2693 4731 2973 4809 theolo‘gia
3004 4741 3244 4809 namque
3272 4740 3365 4809 per
3389 4736 3447 4792 'et
3477 4747 3546 4792 ea
3577 4738 3714 4792 nihil
3745 4724 3854 4794 dif-7

2263 4836 2466 4890 lerunt.
2487 4832 2643 4900 Quod
2667 4832 2714 4886 si
2743 4831 2868 4901 quis
2891 4823 3040 4886 dica't
3067 4836 3446 4896 communem,
3478 4838 3611 4902 ergo
3646 4832 3848 4886 licetet

2264 4925 2494 4996 Spiritui
2530 4925 2726 4979 sancto
2761 4923 2905 4978 hanc
2941 4923 3052 4976 vim
3080 4915 3328 4992 spirandi
3375 4933 3520 4989 esse,
3571 4925 3681 4978 vim
3728 4925 3847 4993 spi~

2268 5019 2450 5084 randi,
2517 5007 2572 5072 id
2609 5027 2713 5079 est.
2748 5018 2986 5072 activam
3024 5017 3410 5090 spiratione'n‘t,
3458 5013 3575 5072 εἴγε
3604 5017 3848 5072 divinam

2265 5120 2523 5166 naturam
2585 5110 2940 5174 coniunctam
2999 5094 3191 5165 activa:
3243 5110 3534 5178 spirationi
3582 5119 3846 5180 tanquam

2267 5204 2620 5260 essentialcm
2644 5213 2700 5258 et
2731 5203 3060 5258 naturalem.
3126 5201 3323 5257 Omnia
3348 5203 3499 5258 enim
3530 5194 3847 5258 essentia'lia

2268 5287 2372 5368 ipsi
2401 5309 2626 5366 quoque
2649 5294 2966 5351 communia
3002 5303 3153 5350 sunt.
3188 5286 3376 5351 Discat
3416 5295 3465 5350 is
3506 5297 3611 5350 hoc
3644 5296 3846 5365 impos-

2268 5387 2430 5444 sibile
2471 5402 2614 5450 esse,
2650 5387 2716 5442 eo
2751 5386 2899 5457 quod
2956 5388 3260 5458 opponitur
3317 5388 3437 5458 eius
3488 5388 3845 5458 proprietati;

2269 5485 2378 5536 non
2412 5477 2561 5534 enim
2604 5476 2788 5550 petest
2835 5479 2981 5535 idem
3015 5481 3102 5536 sui
3140 5481 3316 5551 ipsius
3346 5491 3468 5536 esse
3490 5481 3846 5551 principium.

2267 5558 2623 5640 Unaquaeque
2667 5575 2816 5625 enim
2853 5572 3168 5627 divinarum
3216 5581 3591 5642 personarum
3620 5590 3846 5628 manens

2270 5663 2326 5721 in
2354 5679 2443 5729 eo,
2475 5662 2620 5734 quod
2650 5676 2752 5730 cst,
2791 5672 2846 5717 et
2877 5679 3031 5720 suam
3072 5663 3466 5735 proprietatem
3499 5665 3844 5736 persenaicm

2271 5769 2502 5817 servans
2537 5775 2549 5815 :
2589 5759 2901 5816 cumtnunia
2953 5761 3119 5816 etiam
3144 5758 3391 5816 'ilt'vlcem
3440 5756 3613 5815 habet
3661 5756 3844 5816 omnia
