4062 6146
372 173 489 243 429

1318 197 1416 259 DE
1459 199 1993 272 PROCESSIONE
2038 207 2405 274 SPIRITUS
2443 212 2737 277 SANCTi.~

3554 224 3670 289 430

365 297 714 401 essentiaiia.
753 295 1160 401 biapenseniin
1186 297 1359 401 [illius
1393 305 1447 364 in
1479 315 1727 401 ecquod
1778 311 1952 370 Filius
1984 321 2032 378 Α
2058 320 2362 390 teliigimus
2397 323 2669 396 principia
2725 326 2924 390 barum
2974 325 3213 385 duarum
3240 336 3663 401 --0peratio‘uum

365 395 484 455 est,
510 398 568 443 ut
604 390 802 448 beatus
825 393 1062 452 Basilius
1078 397 1179 463 ait,
1214 399 1384 454 habet
1413 396 1598 460 on'in‘ia
1619 414 1964 477 quaecunque

363 485 425 532 et
497 477 702 548 Pater;
761 483 926 552 igitur
971 486 1209 557 Spiritus
1256 491 1424 546 etiam
1492 511 1720 552 manens
1769 498 1824 556 in
1895 504 1966 554 eo‘

362 573 522 661 quod
591 573 830 642 Spiritus
881 588 986 645 est,
1050 579 1217 640 habet
1279 587 1462 662 omnia
1508 604 1851 664 qmeeunque
1908 604 1964 648 et

363 665 639 757 Patcr‘et
684 667 873 728 Filius.
931 670 1259 746 Prttprietati
1295 681 1483 752 itaque
1507 699 1624 754 epis
1680 665 1963 757 Oppugnat

362 761 452 812 sui
518 753 697 831 ipsius
757 759 1091 840 principium
1119 784 1241 826 esse
1279 782 1377 827 set
1409 753 1547 830 ideo,
1587 753 1953 846 spirationem

367 854 618 910 activam
652 857 856 914 habere
905 877 1013 928 non
1049 857 1250 934 potest.
1288 863 1398 920 Sed
1430 859 1575 924 dicet
1609 864 1813 940 aliquis
1848 869 1960 925 ior-

363 956 542 1014 tasse,
593 952 740 1022 quod
771 955 816 1009 si
858 970 967 1010 non
1005 939 1079 1012 sit
1115 961 1166 1014 ei
1209 959 1523 1019 communis
1567 964 1820 1032 Spirandi
1848 963 1955 1025 vis.

356 1041 545 1098 eritei
574 1045 766 1101 saltem
797 1053 1111 1106 communis
1135 1054 1453 1123 generativa
1484 1058 1960 1127 potentia,quem-

361 1132 674 1190 admodum
712 1135 1193 1216 Filio'spirativa:
1249 1157 1307 1199 at
1334 1161 1441 1200 non
1480 1135 1648 1203 lateat
1679 1150 1959 1212 eum,boc

357 1220 541 1282 etiam“
576 1227 1069 1318 impossibileesse
1103 1255 1118 1293 :
1153 1239 1430 1309 principio
1458 1243 1603 1312 quod
1635 1258 1759 1297 cum
1792 1224 1955 1315 gene-

357 1323 528 1376 randi
567 1327 841 1392 potentia,
875 1319 927 1382 id
962 1321 1048 1385 est
1100 1327 1334 1388 actuaiis‘
1362 1334 1649 1406 generatio
1680 1339 1954 1408 constitu-

357 1416 477 1470 tiva
513 1417 582 1471 sit
615 1434 864 1488 personae
893 1433 1159 1496 paternae,
1189 1434 1247 1480 et
1282 1421 1835 1486 ineorri‘inimiea‘bi‘iis
1869 1427 1952 1485 al-

359 1509 495 1572 teri,
536 1520 594 1564 ut
649 1515 940 1580 probatum
976 1525 1086 1580 est,
1116 1518 1476 1590 impossibile
1499 1532 1584 1592 est
1624 1521 1784 1577 alteri
1830 1521 1954 1593 per:

357 1612 516 1655 sonat
574 1617 697 1657 eam
728 1617 850 1661 esse
911 1622 1287 1676 communem,
1343 1614 1823 1682 quemadmodum-
1865 1626 1951 1672 est

2068 421 2257 466 essent
2308 414 2600 484 principia.
2658 415 2767 474 Sed
2823 428 3167 489 unaquaeque
3214 416 3416 485 forma,
3474 422 3528 476 id
3578 427 3666 481 est

2072 505 2507 579 unumquodque
2538 509 2872 580 principium
2909 513 3253 587 operationis
3285 515 3661 573 constiluiivze

2068 613 2192 654 cum
2221 597 2314 658 illa
2340 601 2666 681 Operatione
2719 603 2959 671 aliquam
3003 589 3666 678 personam'constituit;

2065 691 2211 750 sicut
2241 695 2507 760 essentia,
2531 709 2653 769 quae
2672 705 2757 751 eet
2785 694 3116 774 principium
3145 701 3526 772 generationis
3546 738 3552 745 -
3572 716 3662 766 ac-

2071 786 2196 839 tiva!
2221 801 2346 842 cum
2384 789 2502 858 ipsa
2531 792 2891 859 generatione
2925 787 3138 847 Patrem
3167 794 3478 858 constituit,
3498 803 3555 849 et
3576 796 3659 866 sic

2067 877 2234 959 Pater
2256 889 2442 935 essent
2463 881 2584 938 duae
2600 899 2870 954 personae.
2898 885 3012 941 Hoc
3045 895 3233 943 autem
3259 870 3668 960 inconveniens

2061 973 2169 1026 est.
2200 966 2289 1022 Vis
2318 969 2485 1039 igitur
2517 972 2789 1042 spirandi,
2823 973 2875 1030 id
2900 983 3005 1041 est,
3037 976 3218 1032 activa
3253 975 3511 1048 spiratio,
3541 992 3654 1033 non

2061 1059 2344 1132 constituit
2371 1078 2661 1132 personam
2703 1067 2899 1123 Patris.
2947 1067 3104 1146 Quod
3145 1071 3321 1125 sinon
3346 1068 3655 1135 constituit,

2060 1148 2366 1230 communis
2391 1149 2558 1230 igitur
2585 1165 2669 1214 est
2691 1159 2856 1215 etiam
2878 1160 2961 1216 vel
2979 1158 3105 1216 aliis
3128 1165 3379 1232 personis
3401 1204 3415 1226 .
3444 1165 3528 1218 vel
3553 1164 3654 1218 ali-

2057 1245 2146 1300 cui
2213 1262 2401 1303 earum
2448 1267 2462 1302 :
2510 1265 2618 1304 non
2678 1247 2926 1322 utrisque
2963 1251 3150 1318 simul,
3186 1269 3365 1324 neque
3419 1255 3653 1326 Spiritui

2057 1339 2258 1406 solum,
2305 1357 2428 1397 cum
2475 1344 2588 1414 ipse
2633 1345 2874 1422 seipsum
2919 1340 3135 1417 spirare
3176 1361 3288 1403 non
3329 1347 3524 1418 possit.
3556 1347 3655 1402 Est

2057 1430 2221 1500 igitur
2268 1436 2579 1490 communis
2622 1435 2781 1492 Filio.
2839 1434 3082 1511 Spiritus
3143 1435 3319 1512 igitur.
3367 1453 3438 1495 es
3488 1439 3651 1496 Patre

2052 1514 2306 1593 Filioque
2333 1531 2598 1606 procedit.
3189 1514 3194 1521 I
3268 1519 3275 1526 ’

2127 1614 2263 1676 item
2312 1623 2685 1677 ueMmuniter
2729 1638 2926 1680 omnes
2960 1627 3221 1682 doctores
3251 1625 3496 1689 fatentur
3528 1622 3656 1697 Spio

358 1689 507 1750 Filio
530 1693 814 1786 spirativa.
857 1699 1066 1757 Deinde
1095 1703 1224 1772 quia
1267 1705 1514 1776 implicat
1561 1711 1959 1767 contradictiu-
2061 1711 2228 1767 ritum
2259 1721 2508 1777 sanetum
2559 1715 2782 1786 prodire
2810 1731 2876 1772 ex
2901 1717 3047 1782 Filio
3076 1734 3090 1770 :
3123 1720 3229 1775 hoc
3267 1731 3451 1776 autem
3484 1689 3648 1777 natu-

359 1803 531 1855 nem;
569 1783 616 1845 si
646 1794 795 1848 enim
824 1791 970 1849 idem
995 1807 1288 1866 generaret
1331 1798 1553 1865 Filium.
1593 1814 1649 1858 et
1689 1807 1955 1875 procede-

2061 1806 2253 1863 raliter
2294 1809 2718 1880 intelligendum
2748 1812 2873 1878 ett;
2929 1810 3070 1866 nihil
3102 1798 3252 1881 enim
3306 1813 3364 1890 in
3407 1793 3530 1869 beo
3563 1821 3651 1869 est

359 1893 452 1938 ret
501 1899 571 1938 es
609 1900 696 1949 eo.
732 1897 879 1942 esset
921 1889 988 1944 ad
1035 1891 1180 1946 idem
1217 1879 1274 1948 ei
1323 1890 1767 1980 principium,_et
1809 1897 1956 1974 quod
2059 1909 2263 1973 pra'ter
2284 1879 2563 1966 naturain,
2595 1917 2778 1984 neque
2810 1919 2909 1975 per
2937 1879 3312 1960 accidens.ISi
3350 1885 3519 1983 igitur
3546 1920 3649 1961 lia-

356 1983 448 2030 est
474 1993 504 2030 a
529 1981 824 2057 principio,
853 1983 998 2052 quod
1019 1993 1113 2041 est
1135 1988 1525 2045 contradictio.
1549 1990 1618 2046 At
1637 1973 1783 2062 ideo,
1812 1973 1959 2050 dicet

362 2065 669 2138 quispiam,
727 2069 835 2127 boc
888 2075 1291 2131 inconveniens
1326 2073 1612 2158 sequetur,
1645 2083 1772 2152 quia
1819 2099 1960 2153 pra:-

360 2161 703 2230 suppenitur
755 2160 951 2218 Filium
1001 2168 1214 2238 spirare
1247 2168 1536 2240 Spiritum.
1565 2173 1718 2239 Quod
1770 2176 1811 2232 si
1845 2192 1955 2230 non

362 2262 922 2323 praeeupponeretur,
978 2257 1110 2316 licet
1158 2259 1334 2317 solum
1365 2265 1510 2334 quod
1543 2264 1778 2332 Spiritus
1829 2285 1954 2324 eum

363 2344 531 2400 Patre
555 2361 776 2416 generet
798 2345 1019 2418 Filium,
1049 2366 1159 2408 non
1191 2355 1538 2426 relinquetur
1573 2357 1703 2412 huic
1758 2360 1955 2416 incon-

359 2438 616 2493 venienti
648 2441 826 2496 locus.
866 2443 979 2498 Cur
1015 2449 1162 2500 enim
1195 2463 1308 2502 non
1342 2445 1527 2523 potius"
1557 2447 1799 2520 Spiritus
1829 2468 1952 2508 cum

358 2526 534 2584 Patre
559 2542 783 2600 generet
808 2532 1034 2601 Filium,
1065 2531 1430 2607 quamFiiius
1451 2557 1572 2596 cum
1605 2543 1766 2598 Patre
1784 2527 1957 2615 spiret

2062 1991 2345 2059 turaliter,
2380 2000 2438 2047 et
2486 1994 2796 2049 secundum
2819 1987 3096 2058 "naturam
3135 1990 3380 2066 Spiritus
3401 2010 3470 2051 ex
3508 1994 3649 2052 Filio

2061 2082 2270 2154 p‘rt‘idit,
2325 2083 2383 2139 in
2431 2082 2639 2141 divinis
2691 2102 2827 2142 vero
2881 2087 3178 2158 dupliciter
3215 2098 3396 2158 potest
3437 2085 3648 2158 aliquid

2060 2174 2372 2236 Secundum
2403 2181 2658 2234 ﬂaturam
2689 2180 2936 2250 prodire,
2960 2193 3054 2236 aut
3087 2196 3186 2251 per
3211 2182 3646 2252 generationem,

2059 2281 2156 2325 aut
2190 2287 2286 2342 per
2330 2271 2726 2342 spirationem:
2775 2284 2877 2342 per
2904 2275 3319 2344 generationem
3369 2290 3503 2330 vero
3533 2289 3644 2331 non

2053 2365 2248 2435 prodit
2277 2380 2345 2421 ex
2375 2381 2464 2432 eo,
2491 2375 2638 2431 esset
2661 2367 2808 2432 enim
2843 2358 3094 2439 Spiritus
3118 2367 3293 2422 Filius
3323 2366 3447 2422 Filii
3473 2383 3488 2434 ;
3515 2382 3641 2438 pro-

2058 2457 2142 2513 dit
2169 2458 2336 2530 igitur
2371 2476 2469 2536 per
2501 2461 2879 2530 Spirationem,
2907 2471 2963 2517 et
2993 2476 3060 2518 ex
3094 2474 3164 2517 eo
3195 2460 3464 2531 procedit.

2130 2549 2286 2617 Quod
2315 2555 2359 2608 si
2392 2554 2522 2623 quis
2566 2553 2741 2619 dicat,
2791 2553 2978 2609 dicere
3000 2569 3126 2609 eum
3159 2553 3383 2625 prodire
3413 2567 3442 2608 a
3475 2548 3645 2618 Filio,

361 2621 677 2722 Spiritum?
712 2622 769 2680 Si
798 2625 922 2696 quis
953 2626 1067 2684 haec
1097 2633 1254 2697 dicit,
1286 2635 1461 2703 primo
1493 2636 1716 2707 quidem
1737 2654 1795 2694 se
1819 2639 1958 2696 sciat
2057 2644 2293 2744 gratiam
2346 2621 2426 2702 et?
2451 2646 2838 2716 operationem
2887 2648 3007 2718 ejus
3055 2647 3109 2702 in
3161 2621 3268 2701 nos
3330 2643 3642 2718 signiﬁcat,

361 2720 776 2790 quaereremus
809 2732 972 2777 nemo
1011 2738 1251 2794 unquam
1301 2740 1404 2782 nec
1455 2730 1697 2800 negitare
1730 2734 1950 2803 quidem

363 2825 540 2867 ausus
574 2822 692 2877 est;
729 2813 930 2870 deinde
964 2817 1234 2885 potentia,
1269 2821 1325 2875 id
1371 2832 1477 2896 est,
1513 2811 1746 2881 actualis
1792 2843 1955 2898 gene-

362 2906 536 2972 ratio,
563 2905 787 2975 quidem
824 2910 1146 2978 generativa
1187 2915 1452 2984 praecedit
1482 2916 1726 2987 spirandi
1755 2930 1949 2989 poten-

2057 2734 2232 2795 unum
2259 2741 2364 2796 hoc
2394 2734 2671 2810 rergiun‘t
2707 2749 2811 2796 est.
2852 2736 2992 2795 Nam
3019 2751 3075 2796 et
3107 2740 3150 2796 si
3183 2740 3415 2810 gratiam
3447 2755 3644 2810 quam-

2057 2834 2184 2888 dam
2226 2850 2326 2900 nos
2369 2836 2788 2906 partieipamus,
2824 2840 2879 2889 et
2910 2849 3018 2911 non
3055 2834 3426 2889 substantiam
3459 2827 3642 2904 Spiri-

2059 2935 2148 2983 tus
2181 2927 2512 2991 (substantia
2566 2943 2804 2997 namque
2843 2925 2938 2982 Dei
2981 2923 3463 2996 impartieipabilis
3507 2925 3640 2991 e51),

359 2999 498 3057 tiam
531 3011 786 3077 tanquam
833 3005 1010 3076 prima
1043 3015 1096 3062 et
1125 3008 1441 3066 immediate
1471 3010 1648 3068 l‘atris
1679 3003 1949 3085 operatio,
1977 3034 2025 3112 ϐ
2055 3031 2170 3076 neu
2204 3033 2388 3086 tamen
2421 3021 2612 3092 prodit
2647 3038 2715 3074 ex
2765 3021 2903 3076 Filio
2930 3035 3037 3076 non
3088 3015 3398 3075 subsistens
3437 3016 3642 3090 gratia,

360 3110 424 3158 ut
457 3101 752 3172 probatum
785 3106 870 3160 esi
899 3117 913 3170 ;
957 3116 1024 3167 et-
1045 3103 1170 3158 ideo
1198 3121 1306 3160 non
1341 3116 1520 3176 potest
1547 3124 1669 3164 esse
1706 3125 1952 3181 commu—

358 3195 449 3254 nis
486 3185 756 3268 Spiritu‘i;
799 3197 1045 3269 spirandi
1073 3209 1205 3253 vero
1238 3201 1482 3270 potentia
1517 3215 1643 3278 cum
1682 3215 1949 3272 sequetur

360 3290 489 3347 Filii
528 3280 966 3363 generationem,
1005 3301 1063 3346 et
1103 3302 1198 3362 per
1247 3288 1372 3364 ejus
1414 3293 1850 3364 generationem,
1892 3308 1954 3368 us

362 3385 664 3457 probatum
691 3395 798 3449 est,
841 3385 959 3449 ﬁat,
994 3399 1105 3439 non
1156 3373 1516 3455 impossibile.
1555 3387 1666 3441 imo
1697 3371 1951 3444 necesse.

361 3479 510 3533 rium
543 3489 648 3542 est,
703 3487 761 3532 ut
791 3479 863 3533 sit
895 3478 945 3532 ei
984 3479 1295 3532 communis
1334 3493 1458 3532 cum
1493 3477 1674 3535 Patre.
1712 3469 1872 3547 Quod
1905 3478 1950 3536 si

362 3587 490 3642 quis
544 3587 736 3627 rursus
796 3581 1022 3642 propter
1054 3571 1170 3627 haec
1204 3572 1376 3650 dicat,
1406 3562 1600 3644 igitur
1644 3574 1827 3630 minor
1865 3576 1951 3632 est

365 3665 616 3736 Spiritus
650 3676 873 3720 sanctus
901 3675 954 3721 et
986 3667 1149 3720 Patre
1212 3675 1268 3720 et
1305 3663 1470 3732 Filio,
1502 3669 1546 3721 si
1580 3668 1803 3738 quidem
1847 3670 1952 3724 Pa-

364 3770 448 3815 ter
496 3767 725 3830 generat
769 3749 993 3823 Filium,
1030 3765 1084 3813 et
1128 3756 1302 3828 spirat
1332 3741 1647 3829 Spiritum:
1685 3760 1859 3817 Filius
1896 3772 1951 3818 et

363 3855 478 3923 ipse
517 3863 642 3908 eum
663 3852 826 3907 Patre
858 3836 1030 3922 Spirat
1063 3835 1375 3922 Spiritum,
1403 3851 1646 3924 Spiritus
1681 3868 1813 3910 vero
1849 3870 1951 3911 nec

361 3945 565 4001 Filium
600 3956 851 4016 generat,
891 3960 992 4000 nec
1024 3953 1080 4000 se
1111 3944 1315 4022 ipsum,
1340 3954 1444 4001 nec
1475 3946 1646 4000 alium
1679 3946 1947 4017 Spiritum

361 4040 557 4109 Spirat.
599 4039 747 4093 Vana
777 4038 918 4095 ratio
951 4039 1074 4110 ejus
1099 4045 1206 4100 est,
1241 4047 1294 4092 et
1328 4046 1519 4092 contra
1542 4053 1599 4093 se
1631 4034 1831 4109 ipsum.
1855 4038 1948 4109 qui

328 4207 330 4209 b
363 4133 482 4192 haec
519 4133 676 4199 dicit,
706 4131 1014 4187 concludit.
1053 4133 1107 4186 Si
1135 4131 1283 4186 enim
1312 4133 1952 4203 nulliuspersonmprin-

365 4227 574 4297 cipium
607 4241 749 4289 esse,
774 4225 1214 4295 imperfectionis
1272 4235 1329 4280 et
1366 4225 1694 4280 minutionis
1729 4227 1948 4297 signum

368 4319 422 4373 in
473 4319 746 4385 Trinitate
788 4319 1095 4391 putandum
1143 4327 1312 4384 esset,
1355 4319 1679 4387 pauciorum
1728 4330 1950 4392 quoque

2054 3109 2150 3167 sed
2195 3102 2318 3182 ipsa
2351 3099 2543 3167 divina
2573 3112 2816 3197 Spiritus
2874 3126 3132 3181 persona.
3188 3110 3340 3176 Quod
3393 3118 3544 3180 patet
3574 3123 3640 3162 ex

2054 3203 2183 3260 aliis
2214 3200 2554 3260 clarioribus
2600 3207 2655 3258 et
2697 3202 3070 3274 apertioribus
3108 3203 3395 3256 domorum
3428 3197 3640 3262 verbis,

2053 3315 2180 3357 cum
2204 3311 2330 3354 eum
2363 3299 2560 3355 dicunt
2586 3307 2874 3361 emanare,
2927 3294 3086 3360 Oriri,
3118 3297 3413 3361 scaturire,
3455 3293 3642 3349 eluce-

2053 3407 2212 3449 seere
2242 3409 2272 3448 a
2307 3392 2468 3449 Filio.
2504 3391 2635 3460 Quae
2671 3393 2979 3462 cuicunque
3005 3401 3114 3445 non
3143 3399 3419 3445 eseaecato
3466 3390 3638 3460 ipsam

2052 3469 2422 3547 substantiam
2481 3484 2725 3557 Spiritus
2777 3499 2885 3540 non
2941 3473 3465 3554 participationem,
3536 3494 3643 3534 nec

2054 3577 2411 3652 temporalem
2443 3563 2708 3632 duntaxat
2737 3576 3087 3632 emissionem
3122 3573 3457 3646 significant.
3489 3569 3643 3627 Tal's

2052 3674 2220 3748 igitur
2255 3670 2564 3744 personaiis
2599 3669 2844 3744 Spiritus
2869 3686 2938 3726 ex
2987 3668 3130 3726 Filio
3154 3683 3503 3746 progressus,
3543 3674 3641 3720 aut

2049 3766 2317 3823 naturalis
2362 3773 2459 3820 aut
2489 3750 2706 3820 servilis
2737 3775 2820 3818 est
2840 3778 2855 3826 ;
2879 3770 2934 3817 et
2964 3776 3088 3819 cum
3113 3768 3225 3816 nco
3267 3762 3340 3816 sit
3395 3759 3637 3825 servilis,

2048 3845 2365 3920 necessario
2386 3858 2655 3913 naturalis
2680 3867 2790 3911 est.
2816 3854 3095 3911 Naturalis
3125 3868 3254 3909 vero
3268 3869 3335 3908 ex
3352 3853 3472 3907 Filii
3504 3853 3638 3906 sub-

2052 3954 2256 4014 stantia
2282 3952 2526 4025 Spiritus
2548 3950 2722 4006 sancti
2749 3963 3069 4022 progressus
3090 3947 3353 4019 quidnam
3382 3928 3641 4001 aliud'sit

2049 4055 2248 4122 praeter
2275 4048 2396 4118 ejus
2426 4045 2864 4117 processionem,
2895 4055 3072 4113 neque
3103 4042 3311 4111 tingere
3339 4038 3497 4095 facile
3522 4048 3638 4094 est.

2123 4141 2258 4198 item
2289 4138 2565 4211 Spiritum
2612 4145 2864 4193 sanctum
2898 4151 2965 4190 ex
2996 4133 3303 4191 substantia
3340 4131 3524 4188 Patris
3571 4139 3631 4188 et

2051 4231 2178 4296 Filii
2208 4246 2352 4298 esse,
2386 4241 2443 4289 et
2462 4247 2528 4287 ex
2559 4230 2869 4287 substantia
2897 4243 3095 4289 eorum
3123 4242 3246 4283 esse
3270 4224 3638 4283 communiter

2051 4341 2246 4384 omnes
2299 4324 2600 4381 orientales
2642 4322 3130 4393 occidentalesque
3154 4318 3348 4375 Patres
3372 4317 3632 4373 clamant.

365 4427 735 4481 personarum
777 4427 1001 4466 causam
1036 4425 1158 4470 esse
1192 4410 1631 4481 imperiectionis
1655 4412 1948 4482 essetzpFi-
1986 4404 2028 4464 Ι)
2052 4418 2124 4474 At
2153 4420 2209 4474 in
2245 4425 2435 4485 sancta
2464 4415 2740 4470 Trinitaie
2769 4413 2918 4484 quod
2958 4429 3023 4469 ex
3059 4411 3369 4469 substantia
3401 4411 3637 4496 alicujus

365 4503 476 4558 lius
509 4504 701 4574 igitur,
735 4518 861 4558 cum
897 4502 1062 4557 unius
1086 4518 1337 4571 persona:
1373 4501 1662 4567 duntaxat,
1692 4496 1949 4558 videlieet

367 4597 612 4668 Spiritus
663 4597 1003 4672 principium
1049 4597 1141 4658 sit,
1175 4595 1361 4651 minor
1401 4605 1551 4652 esset
1599 4596 1703 4651 hac
1733 4598 1949 4652 ratione

365 4690 551 4757 Patre,
587 4690 682 4761 qui
725 4691 1016 4761 ambarum
1054 4705 1418 4762 personarum
1467 4697 1559 4745 est
1591 4690 1945 4758 principium.

364 4785 432 4841 At
459 4787 564 4840 hoc
589 4785 988 4841 inconveniens
1010 4793 1094 4838 est
1129 4785 1291 4839 etiam
1328 4784 1506 4839 solum
1533 4785 1796 4853 cogitare.
1838 4783 1947 4853 igi-

368 4887 455 4933 tur
484 4879 618 4934 iliud
650 4893 875 4948 quoque
901 4876 1231 4948 simpliciter
1255 4875 1559 4932 absurdum
1591 4885 1694 4930 est.
1737 4874 1950 4930 Princi-

366 4974 517 5041 pium
554 4972 702 5026 enim
735 4981 898 5042 prout
925 4981 1007 5026 est
1035 4971 1184 5025 actui
1213 4971 1594 5040 conjunctum,
1630 4970 1716 5024 vel
1743 4984 1773 5023 a
1800 4969 1950 5038 prin-

367 5065 512 5136 cipio
538 5080 661 5120 esse
694 5081 822 5120 cum
855 5066 924 5121 de
960 5063 1352 5136 personaiibus
1385 5064 1822 5134 proprietatibus
1851 5061 1945 5128 sit,

368 5175 546 5231 neque
588 5162 768 5238 majus
818 5176 1001 5231 neque
1035 5162 1219 5216 minus
1245 5160 1482 5216 alterum
1513 5160 1688 5214 altero
1719 5158 1804 5213 vel
1826 5173 1948 5213 esse

369 5253 452 5308 vel
482 5253 590 5308 dici
617 5253 772 5308 facit.

440 5343 574 5401 item
607 5347 662 5413 _si
708 5345 789 5400 vis
833 5345 1063 5401 actualis
1110 5345 1395 5417 generatio
1419 5343 1725 5414 generandi
1780 5351 1949 5413 atque

371 5433 638 5503 spirandi,
686 5435 739 5491 id
793 5447 879 5492 est
906 5437 1140 5492 actualis
1168 5437 1402 5514 spiratio
1433 5437 1507 5490 ita
1549 5444 1696 5492 esset
1727 5435 1948 5504 propria

371 5541 622 5596 personae
660 5538 924 5601 paternae,
968 5539 1026 5584 ut
1059 5538 1294 5607 utraque
1326 5544 1425 5600 per
1474 5545 1533 5582 se
1584 5527 1950 5582 constitueret

372 5622 491 5691 ejus
551 5639 866 5695 personam,
931 5625 1376 5696 uniuscujusque
1420 5638 1553 5677 vero
1607 5619 1951 5693 operationis

381 5718 712 5792 principium
746 5734 830 5778 est
866 5720 1041 5777 l‘orma
1071 5739 1084 5790 ;
1122 5721 1245 5777 dua:
1268 5711 1461 5775 formae
1486 5721 1607 5789 (per
1633 5717 1839 5772 formas
1857 5717 1954 5797 “in-
1997 5734 2000 5735 '

2053 4520 2160 4576 est,
2193 4524 2264 4566 ex
2315 4525 2554 4580 persona
2582 4520 2808 4578 quoque
2839 4508 2960 4578 ejus
3014 4504 3088 4560 sit
3118 4518 3349 4560 necesse
3381 4511 3468 4558 est
3498 4520 3511 4557 :
3537 4505 3637 4573 igi-

2053 4612 2147 4658 tur
2179 4600 2449 4673 Spiritus,
2481 4614 2607 4655 cum
2651 4615 2718 4654 ex
2761 4597 3079 4654 substantia
3113 4594 3240 4650 Filii
3269 4609 3391 4650 esse
3421 4594 3638 4650 dicatur

2051 4694 2123 4749 ab
2153 4692 2414 4749 omnibus
2469 4691 2815 4756 doctoribus,
2863 4704 2931 4744 ex
2971 4689 3095 4760 ejus
3136 4701 3360 4757 quoque
3397 4699 3637 4755 persona

2051 4793 2161 4841 est.
2192 4783 2353 4852 Quod
2404 4792 2590 4838 autem
2625 4781 2705 4849 id,
2747 4779 2894 4851 quod
2923 4787 3010 4834 est
3039 4778 3094 4832 in
3123 4777 3402 4832 Trinitato
3437 4790 3502 4829 ex
3535 4775 3658 4830 ali-.

2052 4875 2216 4945 cuius
2245 4874 2580 4940 substantia,
2623 4885 2711 4928 est
2739 4873 2906 4926 etiam
2933 4886 3002 4926 ex
3042 4871 3162 4940 ejus
3199 4869 3481 4939 iiypostasi
3517 4867 3637 4922 sive

2048 4986 2311 5041 persona,
2365 4971 2497 5026 hinc
2555 4968 3121 5040 patetzsubstantia,
3151 4967 3238 5022 vel
3268 4967 3531 5031 essentia,
3579 4974 3638 5019 et

2053 5063 2386 5138 bypostasis,
2419 5064 2537 5119 sive
2575 5077 2813 5134 persona
2842 5062 2898 5116 in
2923 5076 3251 5131 unaquaque
3307 5059 3631 5114 divinarum

2050 5169 2415 5226 personarum
2459 5169 2631 5208 unum
2677 5161 2806 5207 sunt
2853 5153 3093 5215 realiter,
3119 5163 3175 5207 et
3222 5152 3294 5207 ita
3345 5167 3540 5216 unum,
3575 5158 3641 5209 ut

2051 5247 2268 5301 ratione
2298 5256 2514 5302 tantum
2535 5247 2973 5317 distinguantur.
3001 5246 3058 5300 Si
3080 5246 3228 5300 enim
3251 5243 3476 5300 realiter
3497 5244 3638 5300 sub.

2052 5338 2256 5394 stantia
2310 5348 2368 5394 et
2425 5355 2680 5408 personae
2721 5340 3226 5410 distinguerentur,
3271 5348 3458 5393 essent
3501 5353 3636 5406 pro-

2051 5433 2200 5488 fecto
2233 5433 2398 5487 sicuti
2434 5445 2546 5488 tres
2572 5447 2826 5504 personae
2857 5433 3100 5497 realiter,
3136 5432 3210 5485 ita
3242 5440 3354 5486 tres
3380 5433 3636 5488 essentia!

2053 5530 2138 5583 vel
2180 5529 2528 5595 substantias,
2559 5529 2648 5582 vel
2680 5538 2985 5598 poneretur
3017 5528 3070 5582 in
3107 5527 3377 5582 Trinitate
3407 5537 3633 5591 quater-

2053 5623 2197 5676 nitas
2237 5637 2446 5675 rerum.
2499 5619 2637 5676 Tres
2674 5620 2937 5676 videiicet
2965 5634 3219 5690 personae
3261 5618 3480 5672 rea‘iiter
3507 5618 3629 5672 diss

2056 5717 2258 5783 tinctae,
2301 5723 2358 5770 et
2394 5724 2506 5770 tres
2545 5714 2671 5770 ideo
2729 5730 2838 5781 res,
2878 5725 2934 5769 et
2967 5713 3228 5776 essentia,
3282 5726 3404 5784 qua:
3431 5717 3631 5782 quarta
