4140 6140
496 287 596 349 431

1463 295 1966 360 BESSARIONIS
2007 299 2068 360 S.
2110 300 2180 363 Β.
2232 299 2298 364 Ε.
2336 302 2805 364 CARDINALIS

3658 305 3768 372 432

502 413 590 455 res
612 410 756 457 esset
792 416 821 453 a
854 402 1104 470 personis
1120 407 1341 465 realiter
1357 409 1641 467 distincta.
1669 411 1875 468 liorum
1896 426 2082 470 autem
2111 422 2157 478 Α
2190 420 2466 487 quomodo
2506 420 2572 474 ad
2621 420 2747 486 hoc,
2791 419 2935 490 quod
2985 419 3228 477 [heretici
3280 420 3526 479 dicebant
3558 437 3626 478 ex
3674 438 3771 479 vo-

502 494 800 559 utrumque
841 502 1033 547 contra
1079 496 1240 552 (idem
1273 508 1376 554 est.
1409 501 1592 567 Quare
1630 502 1917 559 distinctio
1957 504 2081 575 qui-

498 582 623 635 dem
666 582 975 652 bypostasis
1018 598 1072 641 et
1117 590 1377 644 essentiaa
1427 592 1657 648 rationis
1710 604 1817 649 est.
1885 591 2083 652 Unitas

499 689 632 730 vero
664 676 853 741 realis,
892 687 1083 733 contra
1122 695 1287 750 quam
1320 682 1373 736 in
1420 685 1581 741 nobis
1618 686 1942 745 hominibus
1971 696 2078 753 est,

500 766 703 820 etenim
736 766 789 820 in
829 767 989 824 nobis
1032 770 1211 825 unitas
1245 773 1469 840 quidem
1519 784 1727 831 natura:
1744 776 1863 831 sive
1888 776 2083 830 huma-

500 860 693 915 nitatis
754 877 879 915 cum
938 865 1373 937 uniuscujusque
1396 882 1640 937 persona
1690 868 1923 922 rationis
1953 878 2077 935 est;

499 956 784 1012 diatinctio
854 975 986 1013 vero
1018 961 1186 1015 realis
1218 972 1325 1015 est.
1381 961 1506 1014 Alia
1562 975 1796 1030 namque
1852 977 1943 1016 res
1992 969 2081 1017 est

503 1047 824 1105 humanitas
885 1052 1026 1120 ipsa,
1068 1052 1171 1106 alia
1211 1053 1375 1121 hujus
1398 1066 1653 1123 persona:
1688 1051 2075 1110 individuatio.

498 1140 676 1207 Quare
708 1143 1176 1212 quemadmodum
1228 1161 1420 1199 sumus
1472 1145 1655 1199 multa:
1706 1160 1972 1214 personae,
2006 1145 2079 1201 ita

498 1235 664 1289 etiam
694 1236 851 1289 multi
876 1236 1148 1292 homines.
1177 1236 1297 1303 Quo
1329 1238 1407 1297 iit.
1443 1245 1504 1291 ut
1534 1238 1683 1307 quod
1708 1236 1766 1291 ﬁt
1788 1254 1854 1293 ex
1886 1247 2080 1295 natura

499 1328 735 1397 alicujus
790 1331 1101 1395 hominum,
1146 1346 1258 1385 non
1312 1331 1631 1386 necessario
1675 1330 1842 1385 etiam
1895 1331 1967 1387 sit
2012 1347 2082 1388 ex

498 1424 620 1490 ejus
651 1437 921 1491 persona;
956 1423 1007 1475 in
1039 1431 1228 1478 sancta
1261 1438 1395 1480 vero
1440 1422 1719 1479 Trinitate
1745 1440 1775 1480 e
1811 1439 2080 1481 converso

501 1522 606 1573 est,
639 1521 699 1566 ut
729 1510 938 1567 dictum
977 1524 1077 1569 est.
1118 1514 1314 1570 Unitas
1348 1516 1608 1571 essentia:
1628 1528 1684 1572 et
1712 1529 1965 1587 persena:
1995 1528 2082 1576 est

502 1606 690 1670 realis,
715 1606 1006 1661 distinctio
1043 1624 1172 1662 vero
1205 1608 1435 1663 rationis
1469 1625 1681 1680 :quare
1702 1611 1851 1681 quod
1892 1626 1958 1667 ex
1993 1627 2082 1667 es-

500 1699 678 1753 sentia
703 1700 938 1769 alicujus
979 1716 1339 1768 personarum
1364 1710 1469 1765 est.
1502 1718 1568 1757 ex
1592 1718 1825 1774 persona
1855 1718 2079 1775 quoque

2184 510 2418 577 luntate,
2446 527 2555 566 non
2590 514 2832 567 essentia
2873 510 2997 567 Filii
3034 512 3297 581 Spiritum
3328 527 3472 579 esse,
3504 530 3562 569 se
3593 529 3767 587 oppo-

2183 599 2391 659 nebant
2415 601 2697 665 doctores,
2724 620 2790 658 ex
2835 605 3075 659 essentia
3122 602 3245 662 Filii
3284 604 3437 661 illum
3469 621 3593 660 esse
3616 618 3768 659 asse—

2183 701 2491 751 verantes:
2548 694 2617 749 ad
2675 695 2780 749 hoc
2834 705 3041 762 autem,
3090 695 3235 765 quod
3275 694 3349 750 illi
3388 695 3647 753 dicebant
3694 712 3761 753 ex

2184 788 2323 845 Filio
2355 805 2501 852 esse,
2535 790 2722 846 nullus
2753 791 3125 855 contradixit,
3172 787 3450 850 nec-dixit
3481 806 3593 846 non
3640 805 3765 846 esse

2186 882 2339 939 illum
2362 899 2425 939 ex
2451 883 2610 949 Filio,
2632 892 2891 953 tanquam
2912 892 2966 939 et
2990 884 3093 954 ipsi
3124 884 3228 938 hoc
3262 883 3405 937 idem
3431 884 3763 948 sentientes,

2184 985 2237 1032 et
2269 976 2516 1031 dicentes
2545 990 2667 1032 esse
2698 989 2765 1030 ex
2804 976 3043 1030 essentia
3074 973 3232 1031 Filii:
3282 973 3424 1028 idem
3458 983 3511 1030 et
3542 974 3645 1041 ipsi
3677 972 3767 1027 in.

2186 1069 2532 1141 telligentes,
2564 1083 2628 1122 ac
2673 1067 2718 1123 si
2753 1066 3000 1123 dicerent
3037 1082 3105 1121 ex
3153 1064 3392 1121 essentia
3423 1074 3479 1121 et
3527 1078 3768 1135 persona

2182 1163 2345 1234 ejus;
2372 1168 2428 1217 et
2458 1175 2558 1215 nos
2593 1160 2700 1215 hoc
2740 1159 2884 1215 idem
2918 1159 3191 1216 dicentes.

2257 1254 2388 1311 item
2438 1255 2635 1323 beatus
2683 1254 2908 1325 quidem
2978 1255 3210 1310 Basilius
3253 1256 3307 1310 in
3349 1254 3532 1325 primo
3574 1261 3767 1308 contra

2183 1348 2540 1413 Eunomintn,
2596 1346 2791 1401 Filium
2822 1345 2899 1400 ait
2933 1346 3184 1403 ordinem
3216 1347 3421 1401 habere
3459 1345 3768 1400 naturalem

2183 1440 2248 1495 ad
2277 1440 2519 1503 Patrem,
2554 1448 2608 1493 et
2633 1438 2852 1507 qualem
2902 1436 3034 1494 illud
3066 1437 3132 1494 ad
3168 1439 3369 1513 ignem,
3407 1436 3553 1505 quod
3601 1452 3670 1493 es
3698 1449 3769 1491 eo

2182 1540 2289 1598 est,
2317 1540 2373 1587 et
2399 1540 2684 1587 caus-stum
2730 1533 2795 1586 ad
2825 1547 3071 1586 causam.
3103 1530 3250 1586 idem
3295 1532 3460 1587 etiam
3495 1529 3765 1600 Spiritum

2185 1624 2420 1680 similem
2453 1621 2705 1679 ordinem
2740 1623 2806 1677 ad
2829 1623 3025 1678 Filium
3060 1623 3265 1679 habere
3297 1635 3619 1687 asseverat;
3652 1637 3771 1675 ma-

2184 1732 2325 1788 gnus
2346 1730 2473 1771 vero
2498 1715 2831 1771 Athanasius
2853 1724 2908 1771 et
2948 1717 3195 1785 apertius
3228 1715 3326 1778 ait,
3358 1712 3586 1780 Qualem
3618 1713 3773 1768 ordi—

498 1791 621 1861 ejus
655 1807 883 1849 necesse
913 1801 1167 1850 estesse.
1200 1794 1257 1851 Si
1288 1796 1457 1867 igitur
1492 1794 1735 1866 Spiritus
1762 1813 1827 1853 ex
1855 1808 2075 1865 natura.
2109 1801 2151 1857 Β
2182 1824 2308 1865 nem
2348 1819 2406 1865 et
2473 1818 2728 1865 naturam
2780 1808 2946 1865 habet
2984 1810 3157 1865 Filius
3198 1809 3264 1865 ad
3306 1810 3548 1878 Patrem,
3601 1807 3767 1864 talem

499 1890 553 1937 et
586 1885 826 1939 essentia
860 1883 985 1939 Filii
1014 1896 1121 1951 est,
1164 1898 1225 1942 ut
1260 1888 1315 1943 itt
1350 1888 1634 1959 plerisque
1666 1889 1812 1946 locis
1846 1900 1959 1945 tum
1987 1891 2083 1946 alii

500 1976 782 2041 doctores,
806 1986 920 2031 tum
956 1976 1039 2032 vel
1078 1978 1315 2034 maxime
1355 1978 1595 2049 Cyrillus
1619 1980 1837 2050 probat,
1869 1996 1937 2036 ex
1960 1997 2083 2052 pcr-

500 2085 634 2126 sona
678 2086 897 2142 quoque
952 2072 1075 2143 ejus
1104 2082 1209 2128 est.
1248 2075 1314 2127 At
1355 2073 1532 2129 nostri
1563 2076 1744 2139 aiunt,
1785 2074 1915 2131 Ideo
1967 2075 2085 2131 haec

501 2164 762 2219 dicuntur
784 2180 812 2219 a
836 2166 1179 2233 doctoribus,
1203 2167 1819 2225 utconsuhstautialitas
1835 2184 2087 2240 compro-

502 2254 691 2321 betur,
716 2266 770 2312 et
812 2264 872 2311 ut
896 2258 1223 2316 ostendatur
1248 2259 1491 2329 Spiritus
1528 2260 1774 2331 ejusdem
1800 2275 1925 2316 esse
1955 2259 2085 2318 sub-

507 2350 727 2407 stantia:
758 2365 883 2405 cum
916 2349 1079 2405 Filio.
1126 2351 1238 2407 Hoc
1292 2363 1475 2407 autem
1505 2363 1713 2423 quanto
1748 2353 1930 2408 verius
1978 2360 2085 2419 est,
2124 2375 2130 2381 ε

505 2452 659 2499 tanto
714 2444 886 2514 magis
937 2460 1038 2514 pro
1076 2444 1290 2501 Latinis
1327 2444 1478 2501 facit.
1515 2447 1673 2502 Tunc
1715 2446 1863 2502 enim
1912 2446 2087 2518 magis

502 2536 752 2608 ejusdem
810 2536 1135 2608 sttbStantiae
1192 2537 1432 2608 Spiritus
1463 2554 1587 2595 cum
1644 2540 1807 2595 Patre
1850 2546 1906 2593 et
1938 2539 2084 2595 Filio

503 2644 611 2699 est,
642 2647 770 2688 cum
803 2646 870 2687 ex
901 2646 1092 2687 eorum
1129 2632 1464 2699 substantia,
1504 2634 1859 2704 personisque
1888 2647 2083 2689 eorum

504 2726 758 2796 prodeat,
818 2726 923 2780 hoc
951 2734 1035 2782 est
1073 2728 1355 2798 procedat.
1416 2724 1641 2782 Dicatur
1695 2725 1843 2783 enim
1876 2725 2084 2781 clarius

502 2829 729 2888 propter
771 2833 869 2874 eos
895 2818 989 2890 qui
1035 2818 1139 2873 vim
1178 2818 1472 2876 verborum
1532 2818 1807 2889 ignorant.
1847 2817 1988 2872 Nam
2037 2818 2085 2874 si

508 2911 616 2966 hoc
678 2910 856 2965 solum
908 2909 1541 2968 consubstantialitatem
1609 2909 1966 2981 signiﬁcaret,
2022 2920 2084 2966 ut

507 3006 685 3061 nostri
725 3005 978 3061 homines
1032 3015 1247 3076 putant,
1292 3002 1573 3062 diceretur
1627 3005 1795 3061 etiam
1822 3004 1982 3061 Pater
2010 3019 2081 3061 ex

507 3097 818 3154 substantia
874 3096 998 3153 Filii
1034 3108 1092 3154 et
1143 3096 1384 3167 Spiritus
1442 3098 1638 3161 sancti,
1670 3098 1753 3153 vel
1811 3096 1985 3155 Filius
2009 3112 2077 3155 ex

507 3189 819 3246 substantia
867 3188 1124 3259 Spiritus.
1165 3188 1272 3245 Sed
1314 3188 1419 3243 hoc
1472 3203 1576 3243 nec
1624 3202 1795 3243 ausus
1847 3195 1932 3243 est
1976 3201 2081 3244 nec

506 3283 736 3340 audebit
759 3282 965 3353 aliquis
991 3280 1198 3338 dicere.

578 3375 846 3431 Praeterea
893 3390 1019 3430 cum
1054 3372 1292 3431 essentia
1334 3391 1438 3430 nec
1472 3382 1721 3445 generet,
1762 3389 1863 3430 nec
1909 3371 2088 3445 spiret

505 3470 811 3528 secundum
847 3469 1148 3538 theologos.
1186 3472 1313 3524 item
1347 3472 1508 3526 etiam
1562 3470 1869 3525 secundum
1900 3469 2086 3541 philo-

511 3564 737 3633 sophos,
785 3570 841 3618 et
893 3561 995 3631 ipsi
1044 3562 1445 3633 enimubique
1492 3559 1681 3619 dicunt
1732 3561 2085 3629 operationes

509 3652 919 3710 individuorum
956 3668 1100 3717 esse,
1128 3668 1233 3707 non
1269 3652 1660 3707 universalium
1689 3660 1746 3706 et
1797 3667 2083 3721 generum.

510 3748 592 3804 Me
618 3748 764 3804 enim
792 3763 897 3804 non
929 3746 1095 3801 homo
1132 3732 1485 3816 simpliciter,
1516 3744 1613 3800 sed
1644 3743 1868 3815 quidam
1918 3744 2085 3799 homo

507 3843 714 3913 genuit.
782 3841 836 3896 Si
902 3840 1066 3911 igitur
1125 3840 1478 3908 operationes
1529 3838 1938 3893 individuorum
1974 3853 2084 3891 non

510 3935 906 3990 universalium
930 3942 1079 3999 sunt,
1105 3948 1205 3987 nec
1231 3932 1551 3987 substantiae
1582 3930 1927 4002 simpliciter,
1954 3930 2085 4001 quid

506 4028 653 4083 aliud
689 4026 1105 4099 intelligendum
1133 4037 1237 4086 est.
1270 4041 1394 4083 cum
1444 4023 1685 4080 essentia
1738 4021 1861 4077 Filii
1894 4019 2085 4077 audia-

513 4138 653 4187 mus,
674 4131 728 4177 et
763 4138 829 4177 ex
859 4137 923 4176 ea
957 4119 1221 4191 Spiritum
1267 4119 1488 4189 prodire
1512 4157 1527 4182 ,
1562 4118 1667 4173 nisi
1698 4115 1940 4174 divinam
1967 4117 2087 4188 ejus

509 4231 797 4289 personam
814 4214 837 4268 ?

578 4310 829 4381 Amplius
865 4322 969 4365 nec
1007 4308 1109 4362 hoc
1166 4321 1266 4361 nos
1299 4306 1483 4369 lateat,
1526 4301 1669 4373 quod
1699 4300 1794 4373 qui
1844 4303 1959 4358 litae
2006 4301 2089 4356 di-

507 4406 707 4460 cebant
748 4402 921 4459 sancti
967 4401 1245 4463 doctores,
1289 4406 1479 4453 contra
1511 4399 1763 4462 Atianos,
1818 4404 1873 4451 et
1910 4395 2087 4451 Euno-

2189 1904 2463 1967 ordinem,
2489 1912 2547 1959 et
2575 1912 2829 1959 naturam
2867 1904 3034 1960 habet
3072 1904 3313 1975 Spiritus
3347 1903 3413 1957 ad
3447 1900 3771 1958 Filium.Ex

2186 1996 2274 2052 his
2301 1996 2424 2052 talis
2473 1995 2533 2051 tit
2562 1996 2929 2069 syllogismus,
2955 1996 3112 2052 talem
3140 1995 3390 2051 ordinem
3425 2006 3481 2050 ct
3516 2006 3770 2051 naturam

2188 2088 2356 2145 habet
2392 2087 2633 2160 Spiritus
2686 2089 2755 2143 ad
2818 2086 3017 2142 Filium
3047 2128 3064 2155 ,
3098 2088 3317 2157 qualem
3353 2084 3526 2143 Filius
3567 2086 3634 2142 ad
3668 2086 3774 2141 Pa-

2189 2191 2369 2241 trem:
2416 2181 2512 2237 sed
2560 2181 2737 2237 Filius
2797 2181 2864 2236 ad
2926 2181 3143 2236 Patrem
3175 2180 3479 2235 naturalem
3517 2180 3769 2235 ordinem

2188 2274 2399 2339 habet,
2454 2272 2675 2342 qualem
2720 2278 3004 2334 causatum
3058 2268 3125 2325 ad
3172 2285 3431 2336 causam;
3494 2271 3662 2341 igitur
3713 2278 3775 2324 et

2188 2365 2429 2435 Spiritus
2449 2372 2675 2420 sanctus
2725 2362 3027 2419 naturalem
3064 2362 3317 2418 ordinem
3349 2364 3516 2419 habet
3558 2364 3625 2419 ad
3678 2363 3773 2418 Fi-

2185 2458 2344 2521 lium,
2371 2456 2588 2527 qualem
2639 2465 2925 2512 causatum
2975 2452 3043 2509 ad
3077 2469 3336 2521 causam;
3375 2454 3545 2525 igitur
3596 2455 3773 2511 Filius

2185 2551 2349 2606 etiam
2377 2564 2542 2606 causa
2569 2548 2686 2604 sive
2754 2546 3091 2619 principium
3130 2557 3213 2603 est
3243 2561 3494 2619 personae
3533 2547 3775 2619 Spiritus

2188 2640 2388 2697 sancti.

2258 2732 2391 2787 Item
2426 2746 2551 2786 cum
2580 2731 2926 2787 naturalibus
2951 2730 3120 2787 rebus
3154 2730 3339 2785 omnis
3366 2743 3533 2786 causa
3565 2743 3772 2801 praece-

2187 2822 2583 2879 datcausatum
2616 2832 2886 2893 tempore,
2911 2834 3198 2880 causatum
3239 2837 3369 2879 vero
3401 2821 3675 2899 posterius
3699 2821 3772 2878 sit

2187 2929 2286 2972 sua
2360 2931 2560 2982 causa;
2629 2915 2753 2972 ideo
2811 2916 3035 2989 quidam
3093 2918 3386 2974 audientes
3439 2932 3669 2975 causam
3713 2925 3771 2975 et

2187 3019 2471 3066 eausatum
2489 3010 2542 3064 in
2559 3008 2849 3077 Trinitate,
2874 3020 2934 3067 et
2962 3012 3263 3081 praesertim
3304 3011 3491 3071 Ariani
3515 3025 3571 3068 et
3585 3010 3770 3067 Euno-

2188 3103 2356 3159 miani
2383 3119 2451 3159 ex
2478 3102 2739 3159 humanis
2785 3112 2840 3159 et
2880 3104 3223 3159 naturalibus
3265 3105 3533 3175 exemplis
3573 3120 3771 3177 argue-

2190 3199 2324 3253 bant
2361 3206 2550 3253 contra
2585 3197 3017 3252 coaeternitatem
3068 3192 3393 3265 Trinitatis,
3429 3196 3626 3253 Filium
3671 3214 3769 3269 po-

2190 3287 2476 3343 steriorem
2538 3286 2701 3341 Patre
2763 3296 3018 3357 tanquam
3078 3296 3363 3343 causatum
3429 3287 3500 3343 ab
3566 3303 3654 3353 eo,
3712 3296 3769 3345 et

2191 3380 2460 3451 Spiritum
2493 3379 2631 3435 Filio
2658 3380 3033 3450 posteriorem
3086 3389 3349 3454 tanquam
3368 3390 3654 3437 causatum
3699 3380 3768 3438 ab

2189 3489 2257 3530 eo
2309 3472 2543 3543 probare
2572 3472 2839 3528 volentes.
2878 3472 3145 3546 Egregius
3193 3473 3484 3545 Nyssenus
3519 3474 3599 3531 eis
3640 3489 3772 3530 con-

2192 3563 2508 3631 tradicens,
2563 3574 2623 3620 et
2680 3564 3114 3620 coaeternitatem
3190 3565 3357 3623 trium
3408 3580 3770 3637 personarum

2189 3655 2425 3728 probare
2448 3670 2765 3727 preponens
2802 3655 2858 3710 in
2882 3656 3061 3725 primo
3088 3671 3317 3711 suorum
3360 3664 3555 3712 contra
3582 3655 3769 3712 Euno-

2191 3748 2359 3803 mium
2390 3746 2683 3810 librorum,
2732 3744 3143 3815 proportionem
3177 3744 3471 3816 quamdam
3521 3744 3644 3801 Filii
3700 3745 3766 3801 ad

2192 3844 2405 3899 Patrem
2432 3851 2487 3897 et
2522 3842 2763 3915 Spiritus
2783 3841 2849 3896 ad
2891 3839 3088 3897 Filium
3126 3840 3274 3909 facit,
3305 3841 3521 3897 Patrem
3543 3842 3767 3912 quidem

2190 3935 2386 3991 dicens
2424 3932 2762 3990 causalitatis
2789 3932 3005 3987 ratione
3057 3933 3237 3989 solum
3260 3932 3607 4007 praeintelligi
3639 3942 3771 3989 ante

2190 4027 2417 4093 Filium,
2470 4041 2579 4083 non
2627 4033 2809 4080 autem
2858 4033 3126 4095 tempore,
3167 4034 3223 4079 et
3272 4024 3397 4080 ideo
3441 4039 3552 4080 non
3610 4038 3771 4095 posse

2190 4120 2368 4190 sequi,
2405 4119 2551 4190 quod
2588 4132 2695 4172 non
2754 4117 2861 4172 sint
2904 4118 3187 4182 coreterni,
3230 4114 3435 4171 Filium
3487 4128 3673 4173 autem
3715 4127 3773 4174 et

2193 4214 2373 4282 ipsum
2428 4210 2776 4282 praeintelligi
2819 4221 2947 4265 ante
2987 4210 3255 4280 Spiritum
3289 4210 3501 4266 ratione
3536 4211 3771 4267 causali-

2194 4307 2339 4371 tatis,
2377 4314 2433 4359 et
2465 4304 2784 4358 nonaliter.
2825 4302 2900 4355 Ita
2946 4311 3007 4355 ut
3055 4300 3205 4358 clare
3254 4310 3438 4373 pateat
3486 4318 3587 4374 per
3621 4305 3772 4360 hunc

2193 4410 2446 4455 sanctum
2497 4396 2779 4451 doctorem
2821 4391 3019 4448 Filium
3068 4408 3287 4449 causam
3324 4409 3448 4449 esse
3507 4394 3771 4466 Spiritus.

510 4496 727 4551 miauos
756 4509 817 4551 se
834 4503 1179 4565 opponentes
1205 4492 1321 4547 hanc
1355 4490 1634 4545 dicebant.
1668 4488 1768 4556 Qui
1795 4488 1995 4543 Filium
2019 4502 2083 4542 ex
2120 4510 2167 4566 ι)
2192 4488 2667 4557 Quemadmodum
2719 4486 2890 4553 enim,
2945 4486 3156 4557 inquit,
3210 4487 3566 4559 conjungitur
3623 4489 3771 4546 Patri

508 4591 692 4653 Patre,
731 4598 787 4642 et
819 4587 1086 4658 Spiritum
1118 4602 1181 4641 ex
1216 4584 1357 4639 Filio
1394 4599 1516 4639 esse
1555 4583 1827 4645 dicentes,
1855 4596 1919 4636 ex
1954 4581 2085 4636 sub-

506 4680 707 4737 stantia
743 4689 926 4735 tamen
955 4694 1148 4733 eorum
1189 4692 1310 4732 esse
1340 4675 1649 4747 negabant;
1686 4690 1809 4728 eum
1839 4671 2091 4727 dicerent

506 4775 709 4832 Filium
748 4772 854 4829 etsi
903 4788 969 4826 ex
1004 4771 1182 4833 Patre,
1219 4784 1326 4823 non
1362 4778 1542 4823 tamen
1576 4783 1641 4822 ex
1676 4768 1798 4834 ejus
1826 4766 2086 4832 essentia,

512 4870 630 4926 sive
660 4878 881 4931 natura,
919 4864 1015 4921 sed
1055 4865 1343 4918 voluntate
1368 4872 1556 4917 natum
1602 4861 1789 4915 fuisse.
1824 4858 2089 4930 Spiritum

512 4981 645 5021 vero
672 4964 853 5034 ipsum
886 4962 1053 5015 etiam
1076 4972 1141 5013 ex
1160 4954 1321 5023 Filio,
1350 4972 1458 5011 non
1488 4963 1670 5010 tamen
1702 4950 2090 5017 essentialiter,

513 5060 629 5113 sive
663 5053 1007 5118 naturaliter,
1037 5050 1133 5108 sed
1162 5049 1493 5105 voluntarie.
1531 5048 1715 5114 Quare
1754 5046 1954 5100 Filium
1988 5042 2090 5098 mi-

514 5163 704 5204 norem
732 5146 915 5211 Patre,
952 5158 1007 5200 et
1038 5144 1263 5199 alterius
1303 5141 1623 5197 substantiae
1647 5180 1661 5201 .
1693 5138 1957 5208 Spiritutn
1990 5138 2093 5191 mi-

516 5256 707 5298 norem
770 5239 951 5302 F'ilie,
1017 5248 1071 5292 et
1128 5236 1353 5291 alterius
1419 5232 1675 5288 essentia:
1727 5230 2086 5285 asserebant:

516 5348 739 5403 tresque
782 5333 837 5390 in
895 5332 1183 5388 divinitate
1241 5330 1521 5399 ponebant
1571 5326 1865 5381 essentias.
1903 5324 2093 5378 Patres

516 5428 683 5501 igitur
729 5438 785 5482 et
834 5428 1007 5481 sancti
1064 5425 1321 5479 doctures
1364 5421 1679 5490 opinionem
1720 5434 1911 5474 eorum
1976 5429 2095 5497 tan-

515 5539 679 5596 quam
728 5523 916 5576 falsam
960 5518 1273 5574 rel‘ellentes
1322 5532 1427 5568 non
1463 5530 1528 5568 ex
1575 5512 1713 5568 Filio
1753 5511 1961 5574 solum,
1996 5508 2091 5564 sed

514 5632 581 5672 ex
617 5618 737 5681 ejus
785 5614 1091 5668 substantia
1128 5611 1470 5665 conabantur
1520 5606 1786 5674 Spitittlm
1840 5614 2089 5657 sanctum

516 5722 645 5764 esse
673 5704 927 5777 probare.
954 5703 1222 5758 Similiter
1242 5698 1441 5755 Filium
1465 5711 1573 5751 non
1602 5712 1664 5750 ex
1700 5695 1863 5750 Patre
1894 5696 2091 5753 solum,

518 5814 712 5858 verum
758 5798 922 5855 etiam
984 5812 1044 5854 ex
1118 5790 1237 5865 ejus
1285 5790 1542 5850 essentia.
1591 5785 1887 5848 Considera
1934 5799 2087 5857 ergo,

2194 4581 2388 4647 Filius,
2425 4581 2499 4637 ita
2526 4590 2582 4655 et
2616 4579 2853 4649 Spiritus
2890 4580 3244 4652 coniungitur
3269 4579 3447 4637 Filio:
3478 4591 3535 4638 et
3557 4599 3770 4649 rursus,

2194 4672 2658 4744 quemadmodum
2692 4670 2856 4726 Pater
2893 4669 3327 4743 prminteiligitur
3371 4681 3500 4727 ante
3547 4670 3769 4737 Filium,

2194 4782 2304 4821 non
2355 4766 2534 4835 aliqua
2587 4764 2875 4836 temporali
2923 4764 3203 4829 distantia,
3254 4777 3354 4817 nec
3387 4763 3631 4829 realitcr,
3677 4761 3772 4820 sed

2196 4860 2521 4922 intentione.
2542 4857 2755 4912 ratione
2793 4856 3127 4913 causalitatis
3152 4870 3167 4908 :
3193 4858 3264 4911 ita
3298 4866 3351 4911 et
3372 4855 3551 4913 Filius
3579 4858 3776 4928 praeiu-

2198 4951 2462 5022 telligitur
2482 4959 2610 5005 ante
2642 4948 2910 5019 Spiritum
2951 4948 3206 5005 similiter
3228 4950 3534 5005 intentione
3565 4953 3775 5010 ratione

2197 5042 2555 5099 causalitatis.

2267 5134 2400 5189 Item
2456 5134 2559 5189 etsi
2608 5131 2662 5187 in
2721 5132 2891 5188 rebus
2944 5131 3203 5197 humanis
3256 5130 3615 5196 sensibilibus
3664 5148 3773 5189 non

2198 5240 2363 5283 omne
2386 5224 2671 5296 esempiar
2703 5225 2940 5296 alicujus
2966 5240 3132 5280 causa
3185 5225 3352 5280 etiam
3381 5226 3505 5296 ejus
3536 5235 3658 5294 est;
3718 5227 3773 5281 in

2199 5316 2509 5373 artiﬁcialis
2538 5318 2684 5372 enim
2718 5317 2972 5387 exempla
3003 5332 3196 5372 eorum
3251 5331 3362 5373 non
3423 5328 3553 5374 sunt
3604 5323 3773 5375 etiam

2199 5410 2454 5467 eﬂ’ective
2488 5425 2652 5466 causa
2706 5424 2938 5475 eorum;
2986 5418 3226 5464 attamen
3255 5410 3400 5480 quod
3454 5413 3780 5467 naturaliter

2200 5513 2283 5561 est
2320 5504 2554 5573 alicujus
2594 5503 2897 5573 exemplar,
2927 5501 3090 5557 etiam
3130 5504 3184 5557 iu
3223 5504 3359 5573 ipsis
3387 5503 3552 5559 rebus
3584 5507 3777 5561 huma-

2203 5599 2288 5653 nis
2316 5614 2477 5652 causa
2519 5609 2598 5651 ρει
2628 5598 2906 5670 imaginis,
2935 5599 3095 5670 pujus
3128 5598 3409 5668 exemplar
3434 5608 3553 5657 est;
3604 5601 3774 5656 multo

2203 5690 2373 5759 igitur
2432 5691 2605 5756 magis
2666 5657 3005 5755 invdivinis,
3065 5690 3157 5745 ubi
3190 5700 3244 5746 et
3299 5689 3480 5746 omnia
3538 5690 3667 5754 alia,
3721 5700 3777 5748 et

2202 5784 2384 5855 ipsum
2416 5785 2697 5856 exemplar
2756 5785 3080 5843 naturaliter
3131 5784 3399 5856 accipitur
3424 5782 3590 5857 (nihil
3628 5787 3773 5844 enim
