  <div class='ocr_page' id='page_1' title='image "/cluster/home/n/w/nwhite01/storage/ocr_20150623/161/mdp.39015078384685/308.png"; bbox 0 0 4140 6140; ppageno 0'>
   <div class='ocr_carea' id='block_1_1' title="bbox 396 281 509 349">
    <p class='ocr_par' dir='ltr' id='par_1_1' title="bbox 396 281 509 349">
     <span class='ocr_line' id='line_1_1' title="bbox 396 281 509 349; baseline -0.018 1"><span class='ocrx_word' id='word_1_1' title='bbox 396 281 509 349; x_wconf 69' lang='grc'><strong>433</strong></span> 
     </span>
    </p>
   </div>
   <div class='ocr_carea' id='block_1_2' title="bbox 1324 284 2737 356">
    <p class='ocr_par' dir='ltr' id='par_1_2' title="bbox 1324 284 2737 356">
     <span class='ocr_line' id='line_1_2' title="bbox 1324 284 2737 356; baseline 0.006 -9"><span class='ocrx_word' id='word_1_2' title='bbox 1324 286 1424 347; x_wconf 86' lang='lat' dir='ltr'><strong>DE</strong></span> <span class='ocrx_word' id='word_1_3' title='bbox 1467 284 1996 351; x_wconf 79' lang='lat' dir='ltr'><strong>PROCESSIONE</strong></span> <span class='ocrx_word' id='word_1_4' title='bbox 2043 290 2404 356; x_wconf 77' lang='lat' dir='ltr'><strong>SPIRITUS</strong></span> <span class='ocrx_word' id='word_1_5' title='bbox 2443 292 2737 355; x_wconf 76' lang='lat' dir='ltr'><strong>SANCTI.</strong></span> 
     </span>
    </p>
   </div>
   <div class='ocr_carea' id='block_1_3' title="bbox 3563 284 3670 354">
    <p class='ocr_par' dir='ltr' id='par_1_3' title="bbox 3563 284 3670 354">
     <span class='ocr_line' id='line_1_3' title="bbox 3563 284 3670 354; baseline -0.065 0"><span class='ocrx_word' id='word_1_6' title='bbox 3563 284 3670 354; x_wconf 70' lang='grc'><strong>436</strong></span> 
     </span>
    </p>
   </div>
   <div class='ocr_carea' id='block_1_4' title="bbox 394 394 3669 478">
    <p class='ocr_par' dir='ltr' id='par_1_4' title="bbox 394 394 3669 478">
     <span class='ocr_line' id='line_1_4' title="bbox 394 394 3669 478; baseline 0.001 -26"><span class='ocrx_word' id='word_1_7' title='bbox 394 395 471 452; x_wconf 92' lang='lat' dir='ltr'><strong>ibi</strong></span> <span class='ocrx_word' id='word_1_8' title='bbox 508 404 706 466; x_wconf 77' lang='lat' dir='ltr'><strong>przeter</strong></span> <span class='ocrx_word' id='word_1_9' title='bbox 732 401 982 450; x_wconf 74' lang='lat' dir='ltr'><strong>saturant</strong></span> <span class='ocrx_word' id='word_1_10' title='bbox 1013 394 1119 467; x_wconf 85' lang='lat' dir='ltr'><strong>est)</strong></span> <span class='ocrx_word' id='word_1_11' title='bbox 1150 394 1269 451; x_wconf 65' lang='lat' dir='ltr'><strong>haec</strong></span> <span class='ocrx_word' id='word_1_12' title='bbox 1297 398 1601 468; x_wconf 76' lang='lat' dir='ltr'><strong>propositio</strong></span> <span class='ocrx_word' id='word_1_13' title='bbox 1634 400 1973 465; x_wconf 82' lang='lat' dir='ltr'><strong>verilicatur,</strong></span> <span class='ocrx_word' id='word_1_14' title='bbox 2007 407 2050 463; x_wconf 80' lang='grc' dir='ltr'><strong>Α</strong></span> <span class='ocrx_word' id='word_1_15' title='bbox 2086 404 2316 460; x_wconf 79' lang='lat' dir='ltr'><strong>Arianos</strong></span> <span class='ocrx_word' id='word_1_16' title='bbox 2353 416 2669 478; x_wconf 78' lang='lat' dir='ltr'><strong>quaerentes</strong></span> <span class='ocrx_word' id='word_1_17' title='bbox 2694 403 2973 475; x_wconf 88' lang='lat' dir='ltr'><strong>quomodo</strong></span> <span class='ocrx_word' id='word_1_18' title='bbox 3014 402 3259 474; x_wconf 83' lang='lat' dir='ltr'><strong>ejusdem</strong></span> <span class='ocrx_word' id='word_1_19' title='bbox 3306 410 3448 459; x_wconf 84' lang='lat' dir='ltr'><strong>esset</strong></span> <span class='ocrx_word' id='word_1_20' title='bbox 3482 417 3669 457; x_wconf 84' lang='lat' dir='ltr'><strong>essen-</strong></span> 
     </span>
    </p>
   </div>
   <div class='ocr_carea' id='block_1_5' title="bbox 396 487 1977 564">
    <p class='ocr_par' dir='ltr' id='par_1_5' title="bbox 396 487 1977 564">
     <span class='ocr_line' id='line_1_5' title="bbox 396 487 1977 564; baseline 0.003 -21"><span class='ocrx_word' id='word_1_21' title='bbox 396 489 659 544; x_wconf 79' lang='lat' dir='ltr'><strong>vidclicet</strong></span> <span class='ocrx_word' id='word_1_22' title='bbox 689 489 835 561; x_wconf 88' lang='lat' dir='ltr'><strong>quod</strong></span> <span class='ocrx_word' id='word_1_23' title='bbox 886 489 942 544; x_wconf 89' lang='lat' dir='ltr'><strong>in</strong></span> <span class='ocrx_word' id='word_1_24' title='bbox 1000 487 1207 544; x_wconf 79' lang='lat' dir='ltr'><strong>divinis</strong></span> <span class='ocrx_word' id='word_1_25' title='bbox 1240 494 1492 561; x_wconf 87' lang='lat' dir='ltr'><strong>personis</strong></span> <span class='ocrx_word' id='word_1_26' title='bbox 1526 493 1760 564; x_wconf 81' lang='lat' dir='ltr'><strong>alicujus</strong></span> <span class='ocrx_word' id='word_1_27' title='bbox 1791 510 1977 547; x_wconf 79' lang='lat' dir='ltr'><strong>exem-</strong></span> 
     </span>
    </p>
   </div>
   <div class='ocr_carea' id='block_1_6' title="bbox 393 584 1980 659">
    <p class='ocr_par' dir='ltr' id='par_1_6' title="bbox 393 584 1980 659">
     <span class='ocr_line' id='line_1_6' title="bbox 393 584 1980 659; baseline 0.002 -23"><span class='ocrx_word' id='word_1_28' title='bbox 393 584 516 659; x_wconf 83' lang='lat' dir='ltr'><strong>plar</strong></span> <span class='ocrx_word' id='word_1_29' title='bbox 541 593 645 645; x_wconf 87' lang='lat' dir='ltr'><strong>est,</strong></span> <span class='ocrx_word' id='word_1_30' title='bbox 679 592 734 638; x_wconf 91' lang='lat' dir='ltr'><strong>et</strong></span> <span class='ocrx_word' id='word_1_31' title='bbox 764 597 930 637; x_wconf 85' lang='lat' dir='ltr'><strong>causa</strong></span> <span class='ocrx_word' id='word_1_32' title='bbox 971 584 1090 654; x_wconf 83' lang='lat' dir='ltr'><strong>ejus</strong></span> <span class='ocrx_word' id='word_1_33' title='bbox 1126 592 1213 639; x_wconf 91' lang='lat' dir='ltr'><strong>est</strong></span> <span class='ocrx_word' id='word_1_34' title='bbox 1256 585 1414 653; x_wconf 83' lang='lat' dir='ltr'><strong>cujus</strong></span> <span class='ocrx_word' id='word_1_35' title='bbox 1450 597 1537 640; x_wconf 88' lang='lat' dir='ltr'><strong>est</strong></span> <span class='ocrx_word' id='word_1_36' title='bbox 1578 587 1879 655; x_wconf 76' lang='lat' dir='ltr'><strong>exemplar.</strong></span> <span class='ocrx_word' id='word_1_37' title='bbox 1908 588 1980 642; x_wconf 81' lang='lat' dir='ltr'><strong>At</strong></span> 
     </span>
    </p>
   </div>
   <div class='ocr_carea' id='block_1_7' title="bbox 397 675 1979 747">
    <p class='ocr_par' dir='ltr' id='par_1_7' title="bbox 397 675 1979 747">
     <span class='ocr_line' id='line_1_7' title="bbox 397 675 1979 747; baseline 0.003 -18"><span class='ocrx_word' id='word_1_38' title='bbox 397 675 491 729; x_wconf 90' lang='lat' dir='ltr'><strong>ille</strong></span> <span class='ocrx_word' id='word_1_39' title='bbox 520 689 745 745; x_wconf 80' lang='lat' dir='ltr'><strong>magnus</strong></span> <span class='ocrx_word' id='word_1_40' title='bbox 765 675 1063 747; x_wconf 79' lang='lat' dir='ltr'><strong>Gregorius</strong></span> <span class='ocrx_word' id='word_1_41' title='bbox 1098 676 1491 731; x_wconf 75' lang='lat' dir='ltr'><strong>miraculorum</strong></span> <span class='ocrx_word' id='word_1_42' title='bbox 1520 692 1733 743; x_wconf 87' lang='lat' dir='ltr'><strong>auctor,</strong></span> <span class='ocrx_word' id='word_1_43' title='bbox 1764 688 1819 733; x_wconf 89' lang='lat' dir='ltr'><strong>et</strong></span> <span class='ocrx_word' id='word_1_44' title='bbox 1849 679 1979 733; x_wconf 87' lang='lat' dir='ltr'><strong>inde</strong></span> 
     </span>
    </p>
   </div>
   <div class='ocr_carea' id='block_1_8' title="bbox 396 766 1983 839">
    <p class='ocr_par' dir='ltr' id='par_1_8' title="bbox 396 766 1983 839">
     <span class='ocr_line' id='line_1_8' title="bbox 396 766 1983 839; baseline 0.001 -16"><span class='ocrx_word' id='word_1_45' title='bbox 396 768 737 833; x_wconf 84' lang='lat' dir='ltr'><strong>nominatus,</strong></span> <span class='ocrx_word' id='word_1_46' title='bbox 769 768 974 822; x_wconf 78' lang='lat' dir='ltr'><strong>Filium</strong></span> <span class='ocrx_word' id='word_1_47' title='bbox 1019 768 1301 839; x_wconf 80' lang='lat' dir='ltr'><strong>exemplar</strong></span> <span class='ocrx_word' id='word_1_48' title='bbox 1348 766 1589 838; x_wconf 76' lang='lat' dir='ltr'><strong>Spiritus</strong></span> <span class='ocrx_word' id='word_1_49' title='bbox 1637 769 1792 827; x_wconf 87' lang='lat' dir='ltr'><strong>dicit.</strong></span> <span class='ocrx_word' id='word_1_50' title='bbox 1821 772 1983 826; x_wconf 86' lang='lat' dir='ltr'><strong>Patet</strong></span> 
     </span>
    </p>
   </div>
   <div class='ocr_carea' id='block_1_9' title="bbox 399 858 1978 930">
    <p class='ocr_par' dir='ltr' id='par_1_9' title="bbox 399 858 1978 930">
     <span class='ocr_line' id='line_1_9' title="bbox 399 858 1978 930; baseline 0.001 -15"><span class='ocrx_word' id='word_1_51' title='bbox 399 859 568 930; x_wconf 88' lang='lat' dir='ltr'><strong>igitur</strong></span> <span class='ocrx_word' id='word_1_52' title='bbox 607 858 754 930; x_wconf 85' lang='lat' dir='ltr'><strong>quod</strong></span> <span class='ocrx_word' id='word_1_53' title='bbox 784 859 950 913; x_wconf 86' lang='lat' dir='ltr'><strong>etiam</strong></span> <span class='ocrx_word' id='word_1_54' title='bbox 977 874 1198 914; x_wconf 79' lang='lat' dir='ltr'><strong>causam</strong></span> <span class='ocrx_word' id='word_1_55' title='bbox 1242 860 1361 929; x_wconf 88' lang='lat' dir='ltr'><strong>ejus</strong></span> <span class='ocrx_word' id='word_1_56' title='bbox 1409 863 1659 929; x_wconf 90' lang='lat' dir='ltr'><strong>putabat.</strong></span> <span class='ocrx_word' id='word_1_57' title='bbox 1684 858 1802 919; x_wconf 79' lang='lat' dir='ltr'><strong>Hoc</strong></span> <span class='ocrx_word' id='word_1_58' title='bbox 1833 862 1978 917; x_wconf 89' lang='lat' dir='ltr'><strong>idem</strong></span> 
     </span>
    </p>
   </div>
   <div class='ocr_carea' id='block_1_10' title="bbox 296 950 1981 1025">
    <p class='ocr_par' dir='ltr' id='par_1_10' title="bbox 296 950 1981 1025">
     <span class='ocr_line' id='line_1_10' title="bbox 296 950 1981 1025; baseline 0.004 -19"><span class='ocrx_word' id='word_1_59' title='bbox 296 958 301 961; x_wconf 71' lang='grc'><em>’</em></span> <span class='ocrx_word' id='word_1_60' title='bbox 399 967 432 1006; x_wconf 81' lang='lat' dir='ltr'><strong>a</strong></span> <span class='ocrx_word' id='word_1_61' title='bbox 478 951 648 1008; x_wconf 85' lang='lat' dir='ltr'><strong>simili</strong></span> <span class='ocrx_word' id='word_1_62' title='bbox 707 950 930 1021; x_wconf 87' lang='lat' dir='ltr'><strong>probari</strong></span> <span class='ocrx_word' id='word_1_63' title='bbox 994 961 1198 1022; x_wconf 85' lang='lat' dir='ltr'><strong>potest.</strong></span> <span class='ocrx_word' id='word_1_64' title='bbox 1266 951 1489 1025; x_wconf 82' lang='lat' dir='ltr'><strong>Magnus</strong></span> <span class='ocrx_word' id='word_1_65' title='bbox 1548 955 1695 1008; x_wconf 85' lang='lat' dir='ltr'><strong>enim</strong></span> <span class='ocrx_word' id='word_1_66' title='bbox 1749 954 1981 1013; x_wconf 79' lang='lat' dir='ltr'><strong>Basilius</strong></span> 
     </span>
    </p>
   </div>
   <div class='ocr_carea' id='block_1_11' title="bbox 396 1041 1979 1115">
    <p class='ocr_par' dir='ltr' id='par_1_11' title="bbox 396 1041 1979 1115">
     <span class='ocr_line' id='line_1_11' title="bbox 396 1041 1979 1115; baseline 0 -15"><span class='ocrx_word' id='word_1_67' title='bbox 396 1044 681 1114; x_wconf 69' lang='lat' dir='ltr'><strong>exemplar</strong></span> <span class='ocrx_word' id='word_1_68' title='bbox 712 1041 836 1097; x_wconf 83' lang='lat' dir='ltr'><strong>Filii</strong></span> <span class='ocrx_word' id='word_1_69' title='bbox 867 1044 1083 1099; x_wconf 88' lang='lat' dir='ltr'><strong>Patrem</strong></span> <span class='ocrx_word' id='word_1_70' title='bbox 1134 1044 1291 1115; x_wconf 85' lang='lat' dir='ltr'><strong>ponit</strong></span> <span class='ocrx_word' id='word_1_71' title='bbox 1338 1045 1396 1101; x_wconf 89' lang='lat' dir='ltr'><strong>in</strong></span> <span class='ocrx_word' id='word_1_72' title='bbox 1421 1053 1621 1115; x_wconf 86' lang='lat' dir='ltr'><strong>quarto</strong></span> <span class='ocrx_word' id='word_1_73' title='bbox 1646 1056 1835 1101; x_wconf 88' lang='lat' dir='ltr'><strong>contra</strong></span> <span class='ocrx_word' id='word_1_74' title='bbox 1872 1046 1979 1103; x_wconf 84' lang='lat' dir='ltr'><strong>Eu-</strong></span> 
     </span>
    </p>
   </div>
   <div class='ocr_carea' id='block_1_12' title="bbox 401 1136 1982 1209">
    <p class='ocr_par' dir='ltr' id='par_1_12' title="bbox 401 1136 1982 1209">
     <span class='ocr_line' id='line_1_12' title="bbox 401 1136 1982 1209; baseline 0.002 -19"><span class='ocrx_word' id='word_1_75' title='bbox 401 1138 677 1202; x_wconf 85' lang='lat' dir='ltr'><strong>nomium;</strong></span> <span class='ocrx_word' id='word_1_76' title='bbox 703 1136 1006 1207; x_wconf 81' lang='lat' dir='ltr'><strong>Gregorius</strong></span> <span class='ocrx_word' id='word_1_77' title='bbox 1045 1152 1175 1192; x_wconf 82' lang='lat' dir='ltr'><strong>vero</strong></span> <span class='ocrx_word' id='word_1_78' title='bbox 1212 1137 1510 1209; x_wconf 65' lang='lat' dir='ltr'><strong>praedictus</strong></span> <span class='ocrx_word' id='word_1_79' title='bbox 1551 1139 1826 1202; x_wconf 82' lang='lat' dir='ltr'><strong>oratione,</strong></span> <span class='ocrx_word' id='word_1_80' title='bbox 1858 1154 1982 1209; x_wconf 64' lang='lat' dir='ltr'><strong>quae</strong></span> 
     </span>
    </p>
   </div>
   <div class='ocr_carea' id='block_1_13' title="bbox 401 1228 1981 1300">
    <p class='ocr_par' dir='ltr' id='par_1_13' title="bbox 401 1228 1981 1300">
     <span class='ocr_line' id='line_1_13' title="bbox 401 1228 1981 1300; baseline -0.001 -16"><span class='ocrx_word' id='word_1_81' title='bbox 401 1229 616 1298; x_wconf 86' lang='lat' dir='ltr'><strong>incipit,</strong></span> <span class='ocrx_word' id='word_1_82' title='bbox 656 1228 847 1285; x_wconf 77' lang='lat' dir='ltr'><strong>Hostes</strong></span> <span class='ocrx_word' id='word_1_83' title='bbox 895 1240 943 1283; x_wconf 82' lang='lat' dir='ltr'><strong>et</strong></span> <span class='ocrx_word' id='word_1_84' title='bbox 999 1231 1164 1285; x_wconf 82' lang='lat' dir='ltr'><strong>alieni</strong></span> <span class='ocrx_word' id='word_1_85' title='bbox 1206 1247 1239 1284; x_wconf 86' lang='grc' dir='ltr'><strong><em>α</em></strong></span> <span class='ocrx_word' id='word_1_86' title='bbox 1272 1230 1531 1285; x_wconf 80' lang='lat' dir='ltr'><strong>catholica</strong></span> <span class='ocrx_word' id='word_1_87' title='bbox 1564 1230 1666 1299; x_wconf 70' lang='lat' dir='ltr'><strong>ﬁde</strong></span> <span class='ocrx_word' id='word_1_88' title='bbox 1695 1239 1841 1296; x_wconf 68' lang='lat' dir='ltr'><strong>sunt,</strong></span> <span class='ocrx_word' id='word_1_89' title='bbox 1890 1232 1981 1300; x_wconf 80' lang='lat' dir='ltr'><strong>qui</strong></span> 
     </span>
    </p>
   </div>
   <div class='ocr_carea' id='block_1_14' title="bbox 403 1316 1984 1395">
    <p class='ocr_par' dir='ltr' id='par_1_14' title="bbox 403 1316 1984 1395">
     <span class='ocr_line' id='line_1_14' title="bbox 403 1316 1984 1395; baseline 0.005 -23"><span class='ocrx_word' id='word_1_90' title='bbox 403 1316 607 1373; x_wconf 76' lang='lat' dir='ltr'><strong>Filium</strong></span> <span class='ocrx_word' id='word_1_91' title='bbox 636 1336 702 1375; x_wconf 81' lang='lat' dir='ltr'><strong>ea:</strong></span> <span class='ocrx_word' id='word_1_92' title='bbox 723 1338 824 1376; x_wconf 82' lang='lat' dir='ltr'><strong>non</strong></span> <span class='ocrx_word' id='word_1_93' title='bbox 856 1328 973 1377; x_wconf 82' lang='lat' dir='ltr'><strong>ente</strong></span> <span class='ocrx_word' id='word_1_94' title='bbox 997 1323 1199 1387; x_wconf 78' lang='lat' dir='ltr'><strong>dicunt,</strong></span> <span class='ocrx_word' id='word_1_95' title='bbox 1219 1322 1417 1378; x_wconf 87' lang='lat' dir='ltr'><strong>Filium</strong></span> <span class='ocrx_word' id='word_1_96' title='bbox 1446 1325 1722 1393; x_wconf 81' lang='lat' dir='ltr'><strong>exemplar</strong></span> <span class='ocrx_word' id='word_1_97' title='bbox 1741 1323 1984 1395; x_wconf 85' lang='lat' dir='ltr'><strong>Spiritus</strong></span> 
     </span>
    </p>
   </div>
   <div class='ocr_carea' id='block_1_15' title="bbox 400 1413 1981 1484">
    <p class='ocr_par' dir='ltr' id='par_1_15' title="bbox 400 1413 1981 1484">
     <span class='ocr_line' id='line_1_15' title="bbox 400 1413 1981 1484; baseline 0.001 -14"><span class='ocrx_word' id='word_1_98' title='bbox 400 1413 585 1470; x_wconf 80' lang='lat' dir='ltr'><strong>docet.</strong></span> <span class='ocrx_word' id='word_1_99' title='bbox 622 1415 692 1468; x_wconf 78' lang='lat' dir='ltr'><strong>At</strong></span> <span class='ocrx_word' id='word_1_100' title='bbox 750 1414 985 1470; x_wconf 82' lang='lat' dir='ltr'><strong>Basilius</strong></span> <span class='ocrx_word' id='word_1_101' title='bbox 1020 1416 1241 1471; x_wconf 85' lang='lat' dir='ltr'><strong>Patrem</strong></span> <span class='ocrx_word' id='word_1_102' title='bbox 1292 1426 1551 1484; x_wconf 80' lang='lat' dir='ltr'><strong>tanquam</strong></span> <span class='ocrx_word' id='word_1_103' title='bbox 1594 1433 1814 1471; x_wconf 77' lang='lat' dir='ltr'><strong>causam</strong></span> <span class='ocrx_word' id='word_1_104' title='bbox 1856 1416 1981 1472; x_wconf 80' lang='lat' dir='ltr'><strong>Filii</strong></span> 
     </span>
    </p>
   </div>
   <div class='ocr_carea' id='block_1_16' title="bbox 398 1508 1982 1579">
    <p class='ocr_par' dir='ltr' id='par_1_16' title="bbox 398 1508 1982 1579">
     <span class='ocr_line' id='line_1_16' title="bbox 398 1508 1982 1579; baseline 0.002 -17"><span class='ocrx_word' id='word_1_105' title='bbox 398 1508 523 1576; x_wconf 80' lang='lat' dir='ltr'><strong>eius</strong></span> <span class='ocrx_word' id='word_1_106' title='bbox 552 1508 831 1578; x_wconf 82' lang='lat' dir='ltr'><strong>exemplar</strong></span> <span class='ocrx_word' id='word_1_107' title='bbox 856 1508 1043 1579; x_wconf 83' lang='lat' dir='ltr'><strong>ponit;</strong></span> <span class='ocrx_word' id='word_1_108' title='bbox 1078 1508 1243 1579; x_wconf 84' lang='lat' dir='ltr'><strong>igitur</strong></span> <span class='ocrx_word' id='word_1_109' title='bbox 1270 1509 1570 1579; x_wconf 79' lang='lat' dir='ltr'><strong>Gregorius</strong></span> <span class='ocrx_word' id='word_1_110' title='bbox 1588 1510 1752 1565; x_wconf 85' lang='lat' dir='ltr'><strong>etiam</strong></span> <span class='ocrx_word' id='word_1_111' title='bbox 1778 1510 1982 1565; x_wconf 72' lang='lat' dir='ltr'><strong>Filium</strong></span> 
     </span>
    </p>
   </div>
   <div class='ocr_carea' id='block_1_17' title="bbox 402 1600 1978 1671">
    <p class='ocr_par' dir='ltr' id='par_1_17' title="bbox 402 1600 1978 1671">
     <span class='ocr_line' id='line_1_17' title="bbox 402 1600 1978 1671; baseline 0.001 -14"><span class='ocrx_word' id='word_1_112' title='bbox 402 1609 659 1670; x_wconf 78' lang='lat' dir='ltr'><strong>tanquam</strong></span> <span class='ocrx_word' id='word_1_113' title='bbox 693 1615 912 1655; x_wconf 85' lang='lat' dir='ltr'><strong>causam</strong></span> <span class='ocrx_word' id='word_1_114' title='bbox 944 1600 1180 1671; x_wconf 82' lang='lat' dir='ltr'><strong>Spiritus</strong></span> <span class='ocrx_word' id='word_1_115' title='bbox 1208 1600 1328 1671; x_wconf 84' lang='lat' dir='ltr'><strong>ejus</strong></span> <span class='ocrx_word' id='word_1_116' title='bbox 1365 1602 1644 1671; x_wconf 79' lang='lat' dir='ltr'><strong>exemplar</strong></span> <span class='ocrx_word' id='word_1_117' title='bbox 1676 1613 1978 1658; x_wconf 73' lang='lat' dir='ltr'><strong>asseverat.</strong></span> 
     </span>
    </p>
   </div>
   <div class='ocr_carea' id='block_1_18' title="bbox 478 1689 1984 1763">
    <p class='ocr_par' dir='ltr' id='par_1_18' title="bbox 478 1689 1984 1763">
     <span class='ocr_line' id='line_1_18' title="bbox 478 1689 1984 1763; baseline 0.003 -18"><span class='ocrx_word' id='word_1_118' title='bbox 478 1691 612 1749; x_wconf 85' lang='lat' dir='ltr'><strong>item</strong></span> <span class='ocrx_word' id='word_1_119' title='bbox 646 1702 872 1748; x_wconf 85' lang='lat' dir='ltr'><strong>sanctus</strong></span> <span class='ocrx_word' id='word_1_120' title='bbox 914 1691 1177 1758; x_wconf 83' lang='lat' dir='ltr'><strong>Basilius,</strong></span> <span class='ocrx_word' id='word_1_121' title='bbox 1211 1702 1266 1747; x_wconf 90' lang='lat' dir='ltr'><strong>et</strong></span> <span class='ocrx_word' id='word_1_122' title='bbox 1301 1692 1522 1763; x_wconf 90' lang='lat' dir='ltr'><strong>plurimi</strong></span> <span class='ocrx_word' id='word_1_123' title='bbox 1582 1689 1674 1748; x_wconf 84' lang='lat' dir='ltr'><strong>alii</strong></span> <span class='ocrx_word' id='word_1_124' title='bbox 1727 1694 1984 1750; x_wconf 87' lang='lat' dir='ltr'><strong>doctores</strong></span> 
     </span>
    </p>
   </div>
   <div class='ocr_carea' id='block_1_19' title="bbox 400 1781 1978 1854">
    <p class='ocr_par' dir='ltr' id='par_1_19' title="bbox 400 1781 1978 1854">
     <span class='ocr_line' id='line_1_19' title="bbox 400 1781 1978 1854; baseline 0.003 -17"><span class='ocrx_word' id='word_1_125' title='bbox 400 1781 600 1837; x_wconf 71' lang='lat' dir='ltr'><strong>Filium</strong></span> <span class='ocrx_word' id='word_1_126' title='bbox 628 1784 920 1854; x_wconf 78' lang='lat' dir='ltr'><strong>imaginem</strong></span> <span class='ocrx_word' id='word_1_127' title='bbox 952 1782 1153 1850; x_wconf 82' lang='lat' dir='ltr'><strong>Patris,</strong></span> <span class='ocrx_word' id='word_1_128' title='bbox 1195 1782 1465 1854; x_wconf 88' lang='lat' dir='ltr'><strong>Spiritum</strong></span> <span class='ocrx_word' id='word_1_129' title='bbox 1512 1785 1803 1853; x_wconf 82' lang='lat' dir='ltr'><strong>imaginem</strong></span> <span class='ocrx_word' id='word_1_130' title='bbox 1858 1783 1978 1845; x_wconf 75' lang='lat' dir='ltr'><strong>Filii</strong></span> 
     </span>
    </p>
   </div>
   <div class='ocr_carea' id='block_1_20' title="bbox 397 1876 1980 1949">
    <p class='ocr_par' dir='ltr' id='par_1_20' title="bbox 397 1876 1980 1949">
     <span class='ocr_line' id='line_1_20' title="bbox 397 1876 1980 1949; baseline 0.002 -18"><span class='ocrx_word' id='word_1_131' title='bbox 397 1878 612 1935; x_wconf 83' lang='lat' dir='ltr'><strong>dicunt.</strong></span> <span class='ocrx_word' id='word_1_132' title='bbox 639 1876 837 1932; x_wconf 87' lang='lat' dir='ltr'><strong>Filium</strong></span> <span class='ocrx_word' id='word_1_133' title='bbox 873 1876 1002 1930; x_wconf 87' lang='lat' dir='ltr'><strong>item</strong></span> <span class='ocrx_word' id='word_1_134' title='bbox 1051 1879 1428 1947; x_wconf 80' lang='lat' dir='ltr'><strong>Operationem</strong></span> <span class='ocrx_word' id='word_1_135' title='bbox 1478 1877 1674 1944; x_wconf 88' lang='lat' dir='ltr'><strong>Patris,</strong></span> <span class='ocrx_word' id='word_1_136' title='bbox 1712 1876 1980 1949; x_wconf 84' lang='lat' dir='ltr'><strong>Spiritum</strong></span> 
     </span>
    </p>
   </div>
   <div class='ocr_carea' id='block_1_21' title="bbox 400 1968 1982 2041">
    <p class='ocr_par' dir='ltr' id='par_1_21' title="bbox 400 1968 1982 2041">
     <span class='ocr_line' id='line_1_21' title="bbox 400 1968 1982 2041; baseline 0 -16"><span class='ocrx_word' id='word_1_137' title='bbox 400 1970 777 2039; x_wconf 85' lang='lat' dir='ltr'><strong>operationem</strong></span> <span class='ocrx_word' id='word_1_138' title='bbox 831 1968 990 2036; x_wconf 86' lang='lat' dir='ltr'><strong>Filii;</strong></span> <span class='ocrx_word' id='word_1_139' title='bbox 1024 1968 1222 2024; x_wconf 82' lang='lat' dir='ltr'><strong>Filium</strong></span> <span class='ocrx_word' id='word_1_140' title='bbox 1275 1970 1503 2027; x_wconf 85' lang='lat' dir='ltr'><strong>verbum</strong></span> <span class='ocrx_word' id='word_1_141' title='bbox 1560 1970 1982 2041; x_wconf 38' lang='lat' dir='ltr'><strong>Patris,Spiri‘</strong></span> 
     </span>
    </p>
   </div>
   <div class='ocr_carea' id='block_1_22' title="bbox 403 2057 1979 2130">
    <p class='ocr_par' dir='ltr' id='par_1_22' title="bbox 403 2057 1979 2130">
     <span class='ocr_line' id='line_1_22' title="bbox 403 2057 1979 2130; baseline 0.001 -16"><span class='ocrx_word' id='word_1_142' title='bbox 403 2070 519 2114; x_wconf 87' lang='lat' dir='ltr'><strong>tum</strong></span> <span class='ocrx_word' id='word_1_143' title='bbox 571 2059 800 2114; x_wconf 82' lang='lat' dir='ltr'><strong>verbum</strong></span> <span class='ocrx_word' id='word_1_144' title='bbox 860 2057 1023 2126; x_wconf 85' lang='lat' dir='ltr'><strong>Filii;</strong></span> <span class='ocrx_word' id='word_1_145' title='bbox 1082 2059 1284 2114; x_wconf 89' lang='lat' dir='ltr'><strong>Filium</strong></span> <span class='ocrx_word' id='word_1_146' title='bbox 1356 2058 1709 2130; x_wconf 83' lang='lat' dir='ltr'><strong>l&#39;ragrantiam</strong></span> <span class='ocrx_word' id='word_1_147' title='bbox 1780 2060 1979 2126; x_wconf 84' lang='lat' dir='ltr'><strong>Patris,</strong></span> 
     </span>
    </p>
   </div>
   <div class='ocr_carea' id='block_1_23' title="bbox 404 2150 1982 2222">
    <p class='ocr_par' dir='ltr' id='par_1_23' title="bbox 404 2150 1982 2222">
     <span class='ocr_line' id='line_1_23' title="bbox 404 2150 1982 2222; baseline 0 -15"><span class='ocrx_word' id='word_1_148' title='bbox 404 2152 675 2222; x_wconf 87' lang='lat' dir='ltr'><strong>Spiritum</strong></span> <span class='ocrx_word' id='word_1_149' title='bbox 728 2152 1087 2222; x_wconf 78' lang='lat' dir='ltr'><strong>fragrantiam</strong></span> <span class='ocrx_word' id='word_1_150' title='bbox 1160 2150 1305 2206; x_wconf 81' lang='lat' dir='ltr'><strong>Filii.</strong></span> <span class='ocrx_word' id='word_1_151' title='bbox 1362 2151 1469 2207; x_wconf 86' lang='lat' dir='ltr'><strong>Sed</strong></span> <span class='ocrx_word' id='word_1_152' title='bbox 1532 2153 1838 2209; x_wconf 86' lang='lat' dir='ltr'><strong>secundum</strong></span> <span class='ocrx_word' id='word_1_153' title='bbox 1892 2152 1982 2208; x_wconf 88' lang='lat' dir='ltr'><strong>illa</strong></span> 
     </span>
    </p>
   </div>
   <div class='ocr_carea' id='block_1_24' title="bbox 402 2243 1980 2314">
    <p class='ocr_par' dir='ltr' id='par_1_24' title="bbox 402 2243 1980 2314">
     <span class='ocr_line' id='line_1_24' title="bbox 402 2243 1980 2314; baseline 0 -15"><span class='ocrx_word' id='word_1_154' title='bbox 402 2243 592 2299; x_wconf 86' lang='lat' dir='ltr'><strong>omnia</strong></span> <span class='ocrx_word' id='word_1_155' title='bbox 615 2243 821 2298; x_wconf 88' lang='lat' dir='ltr'><strong>dicitur</strong></span> <span class='ocrx_word' id='word_1_156' title='bbox 840 2243 1013 2299; x_wconf 86' lang='lat' dir='ltr'><strong>Filius</strong></span> <span class='ocrx_word' id='word_1_157' title='bbox 1036 2259 1160 2299; x_wconf 85' lang='lat' dir='ltr'><strong>esse</strong></span> <span class='ocrx_word' id='word_1_158' title='bbox 1184 2243 1364 2298; x_wconf 85' lang='lat' dir='ltr'><strong>Patris</strong></span> <span class='ocrx_word' id='word_1_159' title='bbox 1395 2253 1652 2314; x_wconf 86' lang='lat' dir='ltr'><strong>tanquam</strong></span> <span class='ocrx_word' id='word_1_160' title='bbox 1684 2260 1751 2299; x_wconf 78' lang='lat' dir='ltr'><strong>ex</strong></span> <span class='ocrx_word' id='word_1_161' title='bbox 1779 2244 1937 2299; x_wconf 85' lang='lat' dir='ltr'><strong>Patre</strong></span> <span class='ocrx_word' id='word_1_162' title='bbox 1964 2261 1980 2311; x_wconf 88' lang='lat'><strong>;</strong></span> 
     </span>
    </p>
   </div>
   <div class='ocr_carea' id='block_1_25' title="bbox 405 2338 1985 2411">
    <p class='ocr_par' dir='ltr' id='par_1_25' title="bbox 405 2338 1985 2411">
     <span class='ocr_line' id='line_1_25' title="bbox 405 2338 1985 2411; baseline 0.001 -20"><span class='ocrx_word' id='word_1_163' title='bbox 405 2341 574 2411; x_wconf 78' lang='lat' dir='ltr'><strong>igitur</strong></span> <span class='ocrx_word' id='word_1_164' title='bbox 604 2348 661 2393; x_wconf 89' lang='lat' dir='ltr'><strong>et</strong></span> <span class='ocrx_word' id='word_1_165' title='bbox 691 2339 934 2408; x_wconf 87' lang='lat' dir='ltr'><strong>Spiritus</strong></span> <span class='ocrx_word' id='word_1_166' title='bbox 963 2348 1187 2394; x_wconf 86' lang='lat' dir='ltr'><strong>sanctus</strong></span> <span class='ocrx_word' id='word_1_167' title='bbox 1216 2338 1519 2394; x_wconf 86' lang='lat' dir='ltr'><strong>secundum</strong></span> <span class='ocrx_word' id='word_1_168' title='bbox 1555 2338 1744 2394; x_wconf 88' lang='lat' dir='ltr'><strong>eadem</strong></span> <span class='ocrx_word' id='word_1_169' title='bbox 1779 2338 1985 2393; x_wconf 84' lang='lat' dir='ltr'><strong>dicitur</strong></span> 
     </span>
    </p>
   </div>
   <div class='ocr_carea' id='block_1_26' title="bbox 403 2429 1249 2501">
    <p class='ocr_par' dir='ltr' id='par_1_26' title="bbox 403 2429 1249 2501">
     <span class='ocr_line' id='line_1_26' title="bbox 403 2429 1249 2501; baseline -0.004 -12"><span class='ocrx_word' id='word_1_170' title='bbox 403 2445 529 2489; x_wconf 85' lang='lat' dir='ltr'><strong>esse</strong></span> <span class='ocrx_word' id='word_1_171' title='bbox 549 2429 675 2487; x_wconf 84' lang='lat' dir='ltr'><strong>Filii</strong></span> <span class='ocrx_word' id='word_1_172' title='bbox 711 2441 971 2501; x_wconf 85' lang='lat' dir='ltr'><strong>tanquam</strong></span> <span class='ocrx_word' id='word_1_173' title='bbox 1000 2447 1063 2485; x_wconf 82' lang='lat' dir='ltr'><strong>ex</strong></span> <span class='ocrx_word' id='word_1_174' title='bbox 1085 2430 1249 2486; x_wconf 74' lang='lat' dir='ltr'><strong>Filio.</strong></span> 
     </span>
    </p>
   </div>
   <div class='ocr_carea' id='block_1_27' title="bbox 478 2524 1986 2597">
    <p class='ocr_par' dir='ltr' id='par_1_27' title="bbox 478 2524 1986 2597">
     <span class='ocr_line' id='line_1_27' title="bbox 478 2524 1986 2597; baseline 0 -18"><span class='ocrx_word' id='word_1_175' title='bbox 478 2524 611 2580; x_wconf 84' lang='lat' dir='ltr'><strong>item</strong></span> <span class='ocrx_word' id='word_1_176' title='bbox 646 2526 690 2579; x_wconf 90' lang='lat' dir='ltr'><strong>si</strong></span> <span class='ocrx_word' id='word_1_177' title='bbox 726 2524 965 2597; x_wconf 87' lang='lat' dir='ltr'><strong>Spiritus</strong></span> <span class='ocrx_word' id='word_1_178' title='bbox 992 2542 1100 2581; x_wconf 90' lang='lat' dir='ltr'><strong>non</strong></span> <span class='ocrx_word' id='word_1_179' title='bbox 1137 2536 1284 2582; x_wconf 86' lang='lat' dir='ltr'><strong>esset</strong></span> <span class='ocrx_word' id='word_1_180' title='bbox 1313 2541 1379 2581; x_wconf 82' lang='lat' dir='ltr'><strong>ex</strong></span> <span class='ocrx_word' id='word_1_181' title='bbox 1412 2525 1552 2583; x_wconf 87' lang='lat' dir='ltr'><strong>Filio</strong></span> <span class='ocrx_word' id='word_1_182' title='bbox 1574 2566 1590 2591; x_wconf 93' lang='lat'><strong>,</strong></span> <span class='ocrx_word' id='word_1_183' title='bbox 1634 2542 1742 2581; x_wconf 92' lang='lat' dir='ltr'><strong>non</strong></span> <span class='ocrx_word' id='word_1_184' title='bbox 1789 2525 1986 2581; x_wconf 87' lang='lat' dir='ltr'><strong>distin-</strong></span> 
     </span>
    </p>
   </div>
   <div class='ocr_carea' id='block_1_28' title="bbox 405 2617 1985 2690">
    <p class='ocr_par' dir='ltr' id='par_1_28' title="bbox 405 2617 1985 2690">
     <span class='ocr_line' id='line_1_28' title="bbox 405 2617 1985 2690; baseline 0.002 -19"><span class='ocrx_word' id='word_1_185' title='bbox 405 2628 670 2687; x_wconf 91' lang='lat' dir='ltr'><strong>gueretur</strong></span> <span class='ocrx_word' id='word_1_186' title='bbox 697 2617 765 2673; x_wconf 88' lang='lat' dir='ltr'><strong>ab</strong></span> <span class='ocrx_word' id='word_1_187' title='bbox 820 2633 887 2673; x_wconf 90' lang='lat' dir='ltr'><strong>eo</strong></span> <span class='ocrx_word' id='word_1_188' title='bbox 928 2619 1297 2690; x_wconf 87' lang='lat' dir='ltr'><strong>personaliter</strong></span> <span class='ocrx_word' id='word_1_189' title='bbox 1327 2635 1343 2674; x_wconf 87' lang='lat'><strong>:</strong></span> <span class='ocrx_word' id='word_1_190' title='bbox 1369 2620 1513 2690; x_wconf 90' lang='lat' dir='ltr'><strong>quod</strong></span> <span class='ocrx_word' id='word_1_191' title='bbox 1546 2634 1671 2674; x_wconf 91' lang='lat' dir='ltr'><strong>eum</strong></span> <span class='ocrx_word' id='word_1_192' title='bbox 1701 2619 1896 2674; x_wconf 82' lang='lat' dir='ltr'><strong>falsum</strong></span> <span class='ocrx_word' id='word_1_193' title='bbox 1929 2628 1985 2674; x_wconf 88' lang='lat' dir='ltr'><strong>et</strong></span> 
     </span>
    </p>
   </div>
   <div class='ocr_carea' id='block_1_29' title="bbox 406 2709 1984 2779">
    <p class='ocr_par' dir='ltr' id='par_1_29' title="bbox 406 2709 1984 2779">
     <span class='ocr_line' id='line_1_29' title="bbox 406 2709 1984 2779; baseline -0.001 -12"><span class='ocrx_word' id='word_1_194' title='bbox 406 2709 709 2767; x_wconf 88' lang='lat' dir='ltr'><strong>absurdum</strong></span> <span class='ocrx_word' id='word_1_195' title='bbox 740 2711 835 2779; x_wconf 85' lang='lat' dir='ltr'><strong>sit,</strong></span> <span class='ocrx_word' id='word_1_196' title='bbox 866 2720 1057 2778; x_wconf 90' lang='lat' dir='ltr'><strong>restat,</strong></span> <span class='ocrx_word' id='word_1_197' title='bbox 1086 2722 1148 2769; x_wconf 93' lang='lat' dir='ltr'><strong>ut</strong></span> <span class='ocrx_word' id='word_1_198' title='bbox 1187 2728 1253 2768; x_wconf 74' lang='lat' dir='ltr'><strong>ex</strong></span> <span class='ocrx_word' id='word_1_199' title='bbox 1289 2710 1428 2768; x_wconf 85' lang='lat' dir='ltr'><strong>Filio</strong></span> <span class='ocrx_word' id='word_1_200' title='bbox 1462 2713 1553 2768; x_wconf 87' lang='lat' dir='ltr'><strong>sit.</strong></span> <span class='ocrx_word' id='word_1_201' title='bbox 1588 2711 1745 2779; x_wconf 83' lang='lat' dir='ltr'><strong>Quod</strong></span> <span class='ocrx_word' id='word_1_202' title='bbox 1801 2721 1984 2768; x_wconf 89' lang='lat' dir='ltr'><strong>autem</strong></span> 
     </span>
    </p>
   </div>
   <div class='ocr_carea' id='block_1_30' title="bbox 410 2805 1988 2877">
    <p class='ocr_par' dir='ltr' id='par_1_30' title="bbox 410 2805 1988 2877">
     <span class='ocr_line' id='line_1_30' title="bbox 410 2805 1988 2877; baseline 0.001 -16"><span class='ocrx_word' id='word_1_203' title='bbox 410 2817 519 2861; x_wconf 76' lang='lat' dir='ltr'><strong>nun</strong></span> <span class='ocrx_word' id='word_1_204' title='bbox 551 2805 986 2877; x_wconf 74' lang='lat' dir='ltr'><strong>distingueretur</strong></span> <span class='ocrx_word' id='word_1_205' title='bbox 1013 2805 1084 2861; x_wconf 86' lang='lat' dir='ltr'><strong>ab</strong></span> <span class='ocrx_word' id='word_1_206' title='bbox 1118 2820 1185 2862; x_wconf 88' lang='lat' dir='ltr'><strong>eo</strong></span> <span class='ocrx_word' id='word_1_207' title='bbox 1220 2806 1603 2877; x_wconf 86' lang='lat' dir='ltr'><strong>personaliter,</strong></span> <span class='ocrx_word' id='word_1_208' title='bbox 1636 2805 1681 2861; x_wconf 89' lang='lat' dir='ltr'><strong>si</strong></span> <span class='ocrx_word' id='word_1_209' title='bbox 1708 2821 1814 2860; x_wconf 90' lang='lat' dir='ltr'><strong>non</strong></span> <span class='ocrx_word' id='word_1_210' title='bbox 1842 2818 1988 2863; x_wconf 88' lang='lat' dir='ltr'><strong>esset</strong></span> 
     </span>
    </p>
   </div>
   <div class='ocr_carea' id='block_1_31' title="bbox 407 2898 1988 2970">
    <p class='ocr_par' dir='ltr' id='par_1_31' title="bbox 407 2898 1988 2970">
     <span class='ocr_line' id='line_1_31' title="bbox 407 2898 1988 2970; baseline 0.001 -17"><span class='ocrx_word' id='word_1_211' title='bbox 407 2914 593 2963; x_wconf 79' lang='lat' dir='ltr'><strong>exeo,</strong></span> <span class='ocrx_word' id='word_1_212' title='bbox 650 2898 782 2955; x_wconf 89' lang='lat' dir='ltr'><strong>hinc</strong></span> <span class='ocrx_word' id='word_1_213' title='bbox 809 2907 981 2969; x_wconf 87' lang='lat' dir='ltr'><strong>patet.</strong></span> <span class='ocrx_word' id='word_1_214' title='bbox 1040 2899 1397 2970; x_wconf 65' lang='lat' dir='ltr'><strong>Unaquaeque</strong></span> <span class='ocrx_word' id='word_1_215' title='bbox 1449 2914 1615 2954; x_wconf 84' lang='lat' dir='ltr'><strong>causa</strong></span> <span class='ocrx_word' id='word_1_216' title='bbox 1651 2899 1734 2955; x_wconf 87' lang='lat' dir='ltr'><strong>vel</strong></span> <span class='ocrx_word' id='word_1_217' title='bbox 1783 2900 1988 2970; x_wconf 79' lang='lat' dir='ltr'><strong>princi-</strong></span> 
     </span>
    </p>
   </div>
   <div class='ocr_carea' id='block_1_32' title="bbox 408 2991 1987 3066">
    <p class='ocr_par' dir='ltr' id='par_1_32' title="bbox 408 2991 1987 3066">
     <span class='ocr_line' id='line_1_32' title="bbox 408 2991 1987 3066; baseline 0.002 -19"><span class='ocrx_word' id='word_1_218' title='bbox 408 2993 561 3065; x_wconf 87' lang='lat' dir='ltr'><strong>pium</strong></span> <span class='ocrx_word' id='word_1_219' title='bbox 613 2992 849 3065; x_wconf 85' lang='lat' dir='ltr'><strong>alicujus</strong></span> <span class='ocrx_word' id='word_1_220' title='bbox 893 2991 974 3047; x_wconf 86' lang='lat' dir='ltr'><strong>rei</strong></span> <span class='ocrx_word' id='word_1_221' title='bbox 1030 2991 1327 3062; x_wconf 86' lang='lat' dir='ltr'><strong>dupliciter</strong></span> <span class='ocrx_word' id='word_1_222' title='bbox 1392 2993 1596 3049; x_wconf 89' lang='lat' dir='ltr'><strong>dicitur</strong></span> <span class='ocrx_word' id='word_1_223' title='bbox 1655 2994 1987 3066; x_wconf 86' lang='lat' dir='ltr'><strong>principium</strong></span> 
     </span>
    </p>
   </div>
   <div class='ocr_carea' id='block_1_33' title="bbox 405 3083 1985 3156">
    <p class='ocr_par' dir='ltr' id='par_1_33' title="bbox 405 3083 1985 3156">
     <span class='ocr_line' id='line_1_33' title="bbox 405 3083 1985 3156; baseline -0.002 -14"><span class='ocrx_word' id='word_1_224' title='bbox 405 3089 531 3156; x_wconf 80' lang='lat' dir='ltr'><strong>ejus</strong></span> <span class='ocrx_word' id='word_1_225' title='bbox 572 3094 630 3141; x_wconf 92' lang='lat' dir='ltr'><strong>et</strong></span> <span class='ocrx_word' id='word_1_226' title='bbox 662 3101 865 3153; x_wconf 87' lang='lat' dir='ltr'><strong>causa;</strong></span> <span class='ocrx_word' id='word_1_227' title='bbox 921 3099 1031 3140; x_wconf 88' lang='lat' dir='ltr'><strong>uno</strong></span> <span class='ocrx_word' id='word_1_228' title='bbox 1077 3083 1241 3140; x_wconf 88' lang='lat' dir='ltr'><strong>modo</strong></span> <span class='ocrx_word' id='word_1_229' title='bbox 1294 3094 1354 3139; x_wconf 91' lang='lat' dir='ltr'><strong>ut</strong></span> <span class='ocrx_word' id='word_1_230' title='bbox 1381 3084 1560 3155; x_wconf 86' lang='lat' dir='ltr'><strong>quod,</strong></span> <span class='ocrx_word' id='word_1_231' title='bbox 1592 3084 1702 3139; x_wconf 89' lang='lat' dir='ltr'><strong>alio</strong></span> <span class='ocrx_word' id='word_1_232' title='bbox 1736 3093 1795 3139; x_wconf 94' lang='lat' dir='ltr'><strong>ut</strong></span> <span class='ocrx_word' id='word_1_233' title='bbox 1852 3099 1985 3154; x_wconf 87' lang='lat' dir='ltr'><strong>quo,</strong></span> 
     </span>
    </p>
   </div>
   <div class='ocr_carea' id='block_1_34' title="bbox 410 3175 1989 3253">
    <p class='ocr_par' dir='ltr' id='par_1_34' title="bbox 410 3175 1989 3253">
     <span class='ocr_line' id='line_1_34' title="bbox 410 3175 1989 3253; baseline -0.003 -18"><span class='ocrx_word' id='word_1_234' title='bbox 410 3188 539 3253; x_wconf 86' lang='lat' dir='ltr'><strong>puta</strong></span> <span class='ocrx_word' id='word_1_235' title='bbox 578 3178 773 3243; x_wconf 83' lang='lat' dir='ltr'><strong>forma,</strong></span> <span class='ocrx_word' id='word_1_236' title='bbox 798 3192 921 3248; x_wconf 71' lang='lat' dir='ltr'><strong>quae</strong></span> <span class='ocrx_word' id='word_1_237' title='bbox 948 3186 1031 3233; x_wconf 89' lang='lat' dir='ltr'><strong>est</strong></span> <span class='ocrx_word' id='word_1_238' title='bbox 1080 3177 1136 3231; x_wconf 91' lang='lat' dir='ltr'><strong>in</strong></span> <span class='ocrx_word' id='word_1_239' title='bbox 1165 3175 1350 3231; x_wconf 90' lang='lat' dir='ltr'><strong>anima</strong></span> <span class='ocrx_word' id='word_1_240' title='bbox 1391 3176 1667 3242; x_wconf 79' lang='lat' dir='ltr'><strong>facientis,</strong></span> <span class='ocrx_word' id='word_1_241' title='bbox 1700 3193 1806 3247; x_wconf 84' lang='lat' dir='ltr'><strong>qua</strong></span> <span class='ocrx_word' id='word_1_242' title='bbox 1838 3178 1989 3232; x_wconf 88' lang='lat' dir='ltr'><strong>simi-</strong></span> 
     </span>
    </p>
   </div>
   <div class='ocr_carea' id='block_1_35' title="bbox 410 3268 2005 3340">
    <p class='ocr_par' dir='ltr' id='par_1_35' title="bbox 410 3268 2005 3340">
     <span class='ocr_line' id='line_1_35' title="bbox 410 3268 2005 3340; baseline -0.001 -15"><span class='ocrx_word' id='word_1_243' title='bbox 410 3275 514 3327; x_wconf 92' lang='lat' dir='ltr'><strong>lem</strong></span> <span class='ocrx_word' id='word_1_244' title='bbox 546 3271 673 3327; x_wconf 78' lang='lat' dir='ltr'><strong>facit</strong></span> <span class='ocrx_word' id='word_1_245' title='bbox 704 3271 961 3328; x_wconf 80' lang='lat' dir='ltr'><strong>ell&#39;eCtum</strong></span> <span class='ocrx_word' id='word_1_246' title='bbox 988 3268 1041 3323; x_wconf 87' lang='lat' dir='ltr'><strong>id</strong></span> <span class='ocrx_word' id='word_1_247' title='bbox 1065 3269 1212 3340; x_wconf 91' lang='lat' dir='ltr'><strong>quod</strong></span> <span class='ocrx_word' id='word_1_248' title='bbox 1251 3269 1404 3324; x_wconf 79' lang='lat' dir='ltr'><strong>facit.</strong></span> <span class='ocrx_word' id='word_1_249' title='bbox 1431 3269 1611 3336; x_wconf 83' lang='lat' dir='ltr'><strong>Quare</strong></span> <span class='ocrx_word' id='word_1_250' title='bbox 1631 3284 1795 3325; x_wconf 89' lang='lat' dir='ltr'><strong>omne</strong></span> <span class='ocrx_word' id='word_1_251' title='bbox 1820 3285 2005 3339; x_wconf 80' lang='lat' dir='ltr'><strong>agens.</strong></span> 
     </span>
    </p>
   </div>
   <div class='ocr_carea' id='block_1_36' title="bbox 411 3360 1984 3436">
    <p class='ocr_par' dir='ltr' id='par_1_36' title="bbox 411 3360 1984 3436">
     <span class='ocr_line' id='line_1_36' title="bbox 411 3360 1984 3436; baseline -0.003 -16"><span class='ocrx_word' id='word_1_252' title='bbox 411 3364 587 3421; x_wconf 81' lang='lat' dir='ltr'><strong>simile</strong></span> <span class='ocrx_word' id='word_1_253' title='bbox 611 3364 715 3419; x_wconf 87' lang='lat' dir='ltr'><strong>sibi</strong></span> <span class='ocrx_word' id='word_1_254' title='bbox 735 3365 847 3436; x_wconf 79' lang='lat' dir='ltr'><strong>agit</strong></span> <span class='ocrx_word' id='word_1_255' title='bbox 871 3362 1173 3418; x_wconf 89' lang='lat' dir='ltr'><strong>secundum</strong></span> <span class='ocrx_word' id='word_1_256' title='bbox 1206 3360 1457 3429; x_wconf 78' lang='lat' dir='ltr'><strong>formam,</strong></span> <span class='ocrx_word' id='word_1_257' title='bbox 1485 3377 1609 3431; x_wconf 66' lang='lat' dir='ltr'><strong>quae</strong></span> <span class='ocrx_word' id='word_1_258' title='bbox 1639 3360 1786 3431; x_wconf 81' lang='lat' dir='ltr'><strong>agit;</strong></span> <span class='ocrx_word' id='word_1_259' title='bbox 1825 3360 1984 3417; x_wconf 74' lang='lat' dir='ltr'><strong>verbi</strong></span> 
     </span>
    </p>
   </div>
   <div class='ocr_carea' id='block_1_37' title="bbox 410 3453 2006 3528">
    <p class='ocr_par' dir='ltr' id='par_1_37' title="bbox 410 3453 2006 3528">
     <span class='ocr_line' id='line_1_37' title="bbox 410 3453 2006 3528; baseline -0.001 -17"><span class='ocrx_word' id='word_1_260' title='bbox 410 3462 584 3528; x_wconf 85' lang='lat' dir='ltr'><strong>gratia</strong></span> <span class='ocrx_word' id='word_1_261' title='bbox 613 3474 628 3512; x_wconf 86' lang='lat'><strong>:</strong></span> <span class='ocrx_word' id='word_1_262' title='bbox 656 3455 819 3526; x_wconf 83' lang='lat' dir='ltr'><strong>hujus</strong></span> <span class='ocrx_word' id='word_1_263' title='bbox 851 3455 1107 3525; x_wconf 81' lang='lat' dir='ltr'><strong>imaginis</strong></span> <span class='ocrx_word' id='word_1_264' title='bbox 1130 3469 1292 3509; x_wconf 88' lang='lat' dir='ltr'><strong>causa</strong></span> <span class='ocrx_word' id='word_1_265' title='bbox 1318 3465 1403 3510; x_wconf 89' lang='lat' dir='ltr'><strong>est</strong></span> <span class='ocrx_word' id='word_1_266' title='bbox 1430 3464 1485 3509; x_wconf 86' lang='lat' dir='ltr'><strong>et</strong></span> <span class='ocrx_word' id='word_1_267' title='bbox 1514 3454 1630 3523; x_wconf 89' lang='lat' dir='ltr'><strong>ipse</strong></span> <span class='ocrx_word' id='word_1_268' title='bbox 1656 3453 1834 3524; x_wconf 89' lang='lat' dir='ltr'><strong>pictor</strong></span> <span class='ocrx_word' id='word_1_269' title='bbox 1868 3464 2006 3515; x_wconf 80' lang='lat' dir='ltr'><strong>tan-,</strong></span> 
     </span>
    </p>
   </div>
   <div class='ocr_carea' id='block_1_38' title="bbox 410 3547 1985 3622">
    <p class='ocr_par' dir='ltr' id='par_1_38' title="bbox 410 3547 1985 3622">
     <span class='ocr_line' id='line_1_38' title="bbox 410 3547 1985 3622; baseline 0 -19"><span class='ocrx_word' id='word_1_270' title='bbox 410 3566 574 3622; x_wconf 83' lang='lat' dir='ltr'><strong>quam</strong></span> <span class='ocrx_word' id='word_1_271' title='bbox 622 3549 791 3619; x_wconf 88' lang='lat' dir='ltr'><strong>quod,</strong></span> <span class='ocrx_word' id='word_1_272' title='bbox 828 3558 885 3604; x_wconf 90' lang='lat' dir='ltr'><strong>et</strong></span> <span class='ocrx_word' id='word_1_273' title='bbox 928 3548 1102 3603; x_wconf 80' lang='lat' dir='ltr'><strong>forma</strong></span> <span class='ocrx_word' id='word_1_274' title='bbox 1151 3547 1378 3609; x_wconf 87' lang='lat' dir='ltr'><strong>pictoris</strong></span> <span class='ocrx_word' id='word_1_275' title='bbox 1428 3556 1684 3616; x_wconf 86' lang='lat' dir='ltr'><strong>tanquam</strong></span> <span class='ocrx_word' id='word_1_276' title='bbox 1718 3562 1848 3617; x_wconf 88' lang='lat' dir='ltr'><strong>quo,</strong></span> <span class='ocrx_word' id='word_1_277' title='bbox 1895 3548 1985 3603; x_wconf 91' lang='lat' dir='ltr'><strong>cui</strong></span> 
     </span>
    </p>
   </div>
   <div class='ocr_carea' id='block_1_39' title="bbox 409 3638 1985 3712">
    <p class='ocr_par' dir='ltr' id='par_1_39' title="bbox 409 3638 1985 3712">
     <span class='ocr_line' id='line_1_39' title="bbox 409 3638 1985 3712; baseline -0.003 -14"><span class='ocrx_word' id='word_1_278' title='bbox 409 3643 645 3699; x_wconf 87' lang='lat' dir='ltr'><strong>similem</strong></span> <span class='ocrx_word' id='word_1_279' title='bbox 679 3641 857 3712; x_wconf 90' lang='lat' dir='ltr'><strong>pictor</strong></span> <span class='ocrx_word' id='word_1_280' title='bbox 900 3640 1029 3695; x_wconf 80' lang='lat' dir='ltr'><strong>facit</strong></span> <span class='ocrx_word' id='word_1_281' title='bbox 1061 3639 1377 3709; x_wconf 81' lang='lat' dir='ltr'><strong>imaginem.</strong></span> <span class='ocrx_word' id='word_1_282' title='bbox 1408 3638 1584 3693; x_wconf 90' lang='lat' dir='ltr'><strong>Simili</strong></span> <span class='ocrx_word' id='word_1_283' title='bbox 1618 3638 1782 3696; x_wconf 90' lang='lat' dir='ltr'><strong>modo</strong></span> <span class='ocrx_word' id='word_1_284' title='bbox 1818 3639 1985 3693; x_wconf 90' lang='lat' dir='ltr'><strong>etiam</strong></span> 
     </span>
    </p>
   </div>
   <div class='ocr_carea' id='block_1_40' title="bbox 411 3730 1988 3804">
    <p class='ocr_par' dir='ltr' id='par_1_40' title="bbox 411 3730 1988 3804">
     <span class='ocr_line' id='line_1_40' title="bbox 411 3730 1988 3804; baseline -0.003 -14"><span class='ocrx_word' id='word_1_285' title='bbox 411 3736 466 3790; x_wconf 91' lang='lat' dir='ltr'><strong>in</strong></span> <span class='ocrx_word' id='word_1_286' title='bbox 511 3734 715 3791; x_wconf 85' lang='lat' dir='ltr'><strong>divinis</strong></span> <span class='ocrx_word' id='word_1_287' title='bbox 764 3731 1020 3804; x_wconf 84' lang='lat' dir='ltr'><strong>personis</strong></span> <span class='ocrx_word' id='word_1_288' title='bbox 1056 3731 1218 3787; x_wconf 86' lang='lat' dir='ltr'><strong>Pater</strong></span> <span class='ocrx_word' id='word_1_289' title='bbox 1263 3730 1524 3801; x_wconf 89' lang='lat' dir='ltr'><strong>quidem,</strong></span> <span class='ocrx_word' id='word_1_290' title='bbox 1584 3731 1688 3786; x_wconf 88' lang='lat' dir='ltr'><strong>hoc</strong></span> <span class='ocrx_word' id='word_1_291' title='bbox 1732 3740 1818 3785; x_wconf 87' lang='lat' dir='ltr'><strong>est</strong></span> <span class='ocrx_word' id='word_1_292' title='bbox 1864 3730 1988 3798; x_wconf 69' lang='lat' dir='ltr'><strong>eius</strong></span> 
     </span>
    </p>
   </div>
   <div class='ocr_carea' id='block_1_41' title="bbox 410 3823 1986 3899">
    <p class='ocr_par' dir='ltr' id='par_1_41' title="bbox 410 3823 1986 3899">
     <span class='ocr_line' id='line_1_41' title="bbox 410 3823 1986 3899; baseline -0.004 -13"><span class='ocrx_word' id='word_1_293' title='bbox 410 3830 597 3886; x_wconf 88' lang='lat' dir='ltr'><strong>divina</strong></span> <span class='ocrx_word' id='word_1_294' title='bbox 624 3843 880 3899; x_wconf 85' lang='lat' dir='ltr'><strong>persona,</strong></span> <span class='ocrx_word' id='word_1_295' title='bbox 906 3839 1071 3881; x_wconf 88' lang='lat' dir='ltr'><strong>causa</strong></span> <span class='ocrx_word' id='word_1_296' title='bbox 1101 3834 1359 3895; x_wconf 83' lang='lat' dir='ltr'><strong>tanquam</strong></span> <span class='ocrx_word' id='word_1_297' title='bbox 1406 3823 1550 3895; x_wconf 89' lang='lat' dir='ltr'><strong>quod</strong></span> <span class='ocrx_word' id='word_1_298' title='bbox 1578 3841 1595 3888; x_wconf 90' lang='lat'><strong>;</strong></span> <span class='ocrx_word' id='word_1_299' title='bbox 1623 3823 1811 3879; x_wconf 89' lang='lat' dir='ltr'><strong>divina</strong></span> <span class='ocrx_word' id='word_1_300' title='bbox 1855 3838 1986 3879; x_wconf 81' lang='lat' dir='ltr'><strong>vero</strong></span> 
     </span>
    </p>
   </div>
   <div class='ocr_carea' id='block_1_42' title="bbox 408 3916 1983 3995">
    <p class='ocr_par' dir='ltr' id='par_1_42' title="bbox 408 3916 1983 3995">
     <span class='ocr_line' id='line_1_42' title="bbox 408 3916 1983 3995; baseline -0.007 -16"><span class='ocrx_word' id='word_1_301' title='bbox 408 3924 528 3995; x_wconf 87' lang='lat' dir='ltr'><strong>ejus</strong></span> <span class='ocrx_word' id='word_1_302' title='bbox 553 3919 789 3977; x_wconf 84' lang='lat' dir='ltr'><strong>essentia</strong></span> <span class='ocrx_word' id='word_1_303' title='bbox 827 3929 1088 3989; x_wconf 84' lang='lat' dir='ltr'><strong>tanquam</strong></span> <span class='ocrx_word' id='word_1_304' title='bbox 1127 3932 1273 3987; x_wconf 92' lang='lat' dir='ltr'><strong>quo:</strong></span> <span class='ocrx_word' id='word_1_305' title='bbox 1328 3916 1447 3971; x_wconf 65' lang='lat' dir='ltr'><strong>haec</strong></span> <span class='ocrx_word' id='word_1_306' title='bbox 1485 3916 1631 3971; x_wconf 91' lang='lat' dir='ltr'><strong>enim</strong></span> <span class='ocrx_word' id='word_1_307' title='bbox 1668 3924 1753 3972; x_wconf 90' lang='lat' dir='ltr'><strong>est</strong></span> <span class='ocrx_word' id='word_1_308' title='bbox 1784 3916 1983 3981; x_wconf 81' lang='lat' dir='ltr'><strong>forma,</strong></span> 
     </span>
    </p>
   </div>
   <div class='ocr_carea' id='block_1_43' title="bbox 408 4006 1986 4081">
    <p class='ocr_par' dir='ltr' id='par_1_43' title="bbox 408 4006 1986 4081">
     <span class='ocr_line' id='line_1_43' title="bbox 408 4006 1986 4081; baseline -0.005 -9"><span class='ocrx_word' id='word_1_309' title='bbox 408 4017 498 4073; x_wconf 90' lang='lat' dir='ltr'><strong>cui</strong></span> <span class='ocrx_word' id='word_1_310' title='bbox 531 4013 729 4070; x_wconf 89' lang='lat' dir='ltr'><strong>similia</strong></span> <span class='ocrx_word' id='word_1_311' title='bbox 762 4012 901 4067; x_wconf 83' lang='lat' dir='ltr'><strong>liunt</strong></span> <span class='ocrx_word' id='word_1_312' title='bbox 930 4028 1051 4081; x_wconf 69' lang='lat' dir='ltr'><strong>qua:</strong></span> <span class='ocrx_word' id='word_1_313' title='bbox 1074 4028 1142 4067; x_wconf 80' lang='lat' dir='ltr'><strong>ex</strong></span> <span class='ocrx_word' id='word_1_314' title='bbox 1186 4026 1253 4065; x_wconf 92' lang='lat' dir='ltr'><strong>eo</strong></span> <span class='ocrx_word' id='word_1_315' title='bbox 1286 4009 1582 4081; x_wconf 88' lang='lat' dir='ltr'><strong>prodeunt.</strong></span> <span class='ocrx_word' id='word_1_316' title='bbox 1608 4008 1791 4075; x_wconf 85' lang='lat' dir='ltr'><strong>Quare</strong></span> <span class='ocrx_word' id='word_1_317' title='bbox 1815 4006 1986 4064; x_wconf 87' lang='lat' dir='ltr'><strong>Filius</strong></span> 
     </span>
    </p>
   </div>
   <div class='ocr_carea' id='block_1_44' title="bbox 407 4100 1984 4179">
    <p class='ocr_par' dir='ltr' id='par_1_44' title="bbox 407 4100 1984 4179">
     <span class='ocr_line' id='line_1_44' title="bbox 407 4100 1984 4179; baseline -0.004 -16"><span class='ocrx_word' id='word_1_318' title='bbox 407 4123 630 4179; x_wconf 88' lang='lat' dir='ltr'><strong>quoque</strong></span> <span class='ocrx_word' id='word_1_319' title='bbox 679 4116 736 4163; x_wconf 89' lang='lat' dir='ltr'><strong>et</strong></span> <span class='ocrx_word' id='word_1_320' title='bbox 791 4105 1035 4177; x_wconf 86' lang='lat' dir='ltr'><strong>Spiritus</strong></span> <span class='ocrx_word' id='word_1_321' title='bbox 1094 4113 1318 4159; x_wconf 89' lang='lat' dir='ltr'><strong>sanctus</strong></span> <span class='ocrx_word' id='word_1_322' title='bbox 1372 4102 1874 4157; x_wconf 89' lang='lat' dir='ltr'><strong>consubstantiales</strong></span> <span class='ocrx_word' id='word_1_323' title='bbox 1932 4100 1984 4156; x_wconf 89' lang='lat' dir='ltr'><strong>ei</strong></span> 
     </span>
    </p>
   </div>
   <div class='ocr_carea' id='block_1_45' title="bbox 408 4197 1986 4272">
    <p class='ocr_par' dir='ltr' id='par_1_45' title="bbox 408 4197 1986 4272">
     <span class='ocr_line' id='line_1_45' title="bbox 408 4197 1986 4272; baseline -0.006 -13"><span class='ocrx_word' id='word_1_324' title='bbox 408 4211 559 4270; x_wconf 85' lang='lat' dir='ltr'><strong>sunt,</strong></span> <span class='ocrx_word' id='word_1_325' title='bbox 588 4218 654 4257; x_wconf 92' lang='lat' dir='ltr'><strong>eo</strong></span> <span class='ocrx_word' id='word_1_326' title='bbox 684 4200 828 4272; x_wconf 88' lang='lat' dir='ltr'><strong>quod</strong></span> <span class='ocrx_word' id='word_1_327' title='bbox 853 4215 1014 4256; x_wconf 88' lang='lat' dir='ltr'><strong>omne</strong></span> <span class='ocrx_word' id='word_1_328' title='bbox 1039 4198 1261 4269; x_wconf 85' lang='lat' dir='ltr'><strong>quidem</strong></span> <span class='ocrx_word' id='word_1_329' title='bbox 1310 4199 1625 4268; x_wconf 89' lang='lat' dir='ltr'><strong>produccns</strong></span> <span class='ocrx_word' id='word_1_330' title='bbox 1655 4197 1833 4251; x_wconf 88' lang='lat' dir='ltr'><strong>simile</strong></span> <span class='ocrx_word' id='word_1_331' title='bbox 1863 4211 1986 4266; x_wconf 84' lang='lat' dir='ltr'><strong>pro-</strong></span> 
     </span>
    </p>
   </div>
   <div class='ocr_carea' id='block_1_46' title="bbox 408 4288 1989 4363">
    <p class='ocr_par' dir='ltr' id='par_1_46' title="bbox 408 4288 1989 4363">
     <span class='ocr_line' id='line_1_46' title="bbox 408 4288 1989 4363; baseline -0.006 -11"><span class='ocrx_word' id='word_1_332' title='bbox 408 4297 561 4352; x_wconf 89' lang='lat' dir='ltr'><strong>ducit</strong></span> <span class='ocrx_word' id='word_1_333' title='bbox 604 4295 792 4351; x_wconf 67' lang='lat' dir='ltr'><strong>formae</strong></span> <span class='ocrx_word' id='word_1_334' title='bbox 833 4310 940 4363; x_wconf 85' lang='lat' dir='ltr'><strong>qua</strong></span> <span class='ocrx_word' id='word_1_335' title='bbox 987 4292 1264 4363; x_wconf 85' lang='lat' dir='ltr'><strong>producit.</strong></span> <span class='ocrx_word' id='word_1_336' title='bbox 1322 4289 1469 4347; x_wconf 88' lang='lat' dir='ltr'><strong>Deus</strong></span> <span class='ocrx_word' id='word_1_337' title='bbox 1528 4306 1661 4346; x_wconf 77' lang='lat' dir='ltr'><strong>vero</strong></span> <span class='ocrx_word' id='word_1_338' title='bbox 1722 4298 1778 4345; x_wconf 92' lang='lat' dir='ltr'><strong>et</strong></span> <span class='ocrx_word' id='word_1_339' title='bbox 1824 4288 1989 4345; x_wconf 88' lang='lat' dir='ltr'><strong>Pater</strong></span> 
     </span>
    </p>
   </div>
   <div class='ocr_carea' id='block_1_47' title="bbox 408 4381 1989 4461">
    <p class='ocr_par' dir='ltr' id='par_1_47' title="bbox 408 4381 1989 4461">
     <span class='ocr_line' id='line_1_47' title="bbox 408 4381 1989 4461; baseline -0.006 -16"><span class='ocrx_word' id='word_1_340' title='bbox 408 4385 671 4461; x_wconf 87' lang='lat' dir='ltr'><strong>producit</strong></span> <span class='ocrx_word' id='word_1_341' title='bbox 726 4387 922 4442; x_wconf 88' lang='lat' dir='ltr'><strong>Filium</strong></span> <span class='ocrx_word' id='word_1_342' title='bbox 971 4394 1026 4439; x_wconf 87' lang='lat' dir='ltr'><strong>et</strong></span> <span class='ocrx_word' id='word_1_343' title='bbox 1070 4384 1340 4454; x_wconf 87' lang='lat' dir='ltr'><strong>Spiritum</strong></span> <span class='ocrx_word' id='word_1_344' title='bbox 1389 4381 1573 4437; x_wconf 83' lang='lat' dir='ltr'><strong>divina</strong></span> <span class='ocrx_word' id='word_1_345' title='bbox 1610 4381 1885 4447; x_wconf 88' lang='lat' dir='ltr'><strong>essentia,</strong></span> <span class='ocrx_word' id='word_1_346' title='bbox 1932 4391 1989 4436; x_wconf 90' lang='lat' dir='ltr'><strong>et</strong></span> 
     </span>
    </p>
   </div>
   <div class='ocr_carea' id='block_1_48' title="bbox 2087 494 3667 568">
    <p class='ocr_par' dir='ltr' id='par_1_48' title="bbox 2087 494 3667 568">
     <span class='ocr_line' id='line_1_48' title="bbox 2087 494 3667 568; baseline -0.005 -13"><span class='ocrx_word' id='word_1_347' title='bbox 2087 499 2191 564; x_wconf 61' lang='lat' dir='ltr'><strong>tim,</strong></span> <span class='ocrx_word' id='word_1_348' title='bbox 2225 501 2317 568; x_wconf 87' lang='lat' dir='ltr'><strong>qui</strong></span> <span class='ocrx_word' id='word_1_349' title='bbox 2363 500 2553 563; x_wconf 91' lang='lat' dir='ltr'><strong>mittit,</strong></span> <span class='ocrx_word' id='word_1_350' title='bbox 2586 506 2640 552; x_wconf 85' lang='lat' dir='ltr'><strong>et</strong></span> <span class='ocrx_word' id='word_1_351' title='bbox 2669 498 2761 566; x_wconf 90' lang='lat' dir='ltr'><strong>qui</strong></span> <span class='ocrx_word' id='word_1_352' title='bbox 2809 499 3070 563; x_wconf 90' lang='lat' dir='ltr'><strong>mittitur,</strong></span> <span class='ocrx_word' id='word_1_353' title='bbox 3110 494 3162 549; x_wconf 90' lang='lat' dir='ltr'><strong>in</strong></span> <span class='ocrx_word' id='word_1_354' title='bbox 3198 494 3471 551; x_wconf 83' lang='lat' dir='ltr'><strong>tricesima</strong></span> <span class='ocrx_word' id='word_1_355' title='bbox 3523 508 3667 549; x_wconf 88' lang='lat' dir='ltr'><strong>nona</strong></span> 
     </span>
    </p>
   </div>
   <div class='ocr_carea' id='block_1_49' title="bbox 2082 584 3665 662">
    <p class='ocr_par' dir='ltr' id='par_1_49' title="bbox 2082 584 3665 662">
     <span class='ocr_line' id='line_1_49' title="bbox 2082 584 3665 662; baseline -0.006 -14"><span class='ocrx_word' id='word_1_356' title='bbox 2082 591 2308 648; x_wconf 29' lang='lat' dir='ltr'><strong>bomi’lia</strong></span> <span class='ocrx_word' id='word_1_357' title='bbox 2360 609 2527 662; x_wconf 88' lang='lat' dir='ltr'><strong>super</strong></span> <span class='ocrx_word' id='word_1_358' title='bbox 2573 588 2839 646; x_wconf 79' lang='lat' dir='ltr'><strong>Joannem</strong></span> <span class='ocrx_word' id='word_1_359' title='bbox 2906 589 3011 648; x_wconf 86' lang='lat' dir='ltr'><strong>hoc</strong></span> <span class='ocrx_word' id='word_1_360' title='bbox 3075 587 3238 641; x_wconf 88' lang='lat' dir='ltr'><strong>modo</strong></span> <span class='ocrx_word' id='word_1_361' title='bbox 3287 584 3665 655; x_wconf 85' lang='lat' dir='ltr'><strong>respondens:</strong></span> 
     </span>
    </p>
   </div>
   <div class='ocr_carea' id='block_1_50' title="bbox 2084 678 3667 743">
    <p class='ocr_par' dir='ltr' id='par_1_50' title="bbox 2084 678 3667 743">
     <span class='ocr_line' id='line_1_50' title="bbox 2084 678 3667 743; baseline -0.008 -3"><span class='ocrx_word' id='word_1_362' title='bbox 2084 687 2295 741; x_wconf 82' lang='lat' dir='ltr'><strong>Rursus</strong></span> <span class='ocrx_word' id='word_1_363' title='bbox 2327 685 2390 740; x_wconf 86' lang='lat' dir='ltr'><strong>ad</strong></span> <span class='ocrx_word' id='word_1_364' title='bbox 2422 700 2507 738; x_wconf 84' lang='lat' dir='ltr'><strong>res</strong></span> <span class='ocrx_word' id='word_1_365' title='bbox 2537 685 2808 738; x_wconf 84' lang='lat' dir='ltr'><strong>humanas</strong></span> <span class='ocrx_word' id='word_1_366' title='bbox 2836 694 3121 737; x_wconf 86' lang='lat' dir='ltr'><strong>sermones</strong></span> <span class='ocrx_word' id='word_1_367' title='bbox 3148 686 3273 732; x_wconf 88' lang='lat' dir='ltr'><strong>tuos</strong></span> <span class='ocrx_word' id='word_1_368' title='bbox 3293 678 3541 743; x_wconf 77' lang='lat' dir='ltr'><strong>ari-aptas.</strong></span> <span class='ocrx_word' id='word_1_369' title='bbox 3564 690 3667 729; x_wconf 83' lang='lat' dir='ltr'><strong>nec</strong></span> 
     </span>
    </p>
   </div>
   <div class='ocr_carea' id='block_1_51' title="bbox 2084 770 3665 845">
    <p class='ocr_par' dir='ltr' id='par_1_51' title="bbox 2084 770 3665 845">
     <span class='ocr_line' id='line_1_51' title="bbox 2084 770 3665 845; baseline -0.006 -13"><span class='ocrx_word' id='word_1_370' title='bbox 2084 776 2406 832; x_wconf 83' lang='lat' dir='ltr'><strong>consideras</strong></span> <span class='ocrx_word' id='word_1_371' title='bbox 2455 776 2602 845; x_wconf 85' lang='lat' dir='ltr'><strong>quod</strong></span> <span class='ocrx_word' id='word_1_372' title='bbox 2662 775 2774 829; x_wconf 67' lang='lat' dir='ltr'><strong>haec</strong></span> <span class='ocrx_word' id='word_1_373' title='bbox 2830 773 2957 829; x_wconf 86' lang='lat' dir='ltr'><strong>ideo</strong></span> <span class='ocrx_word' id='word_1_374' title='bbox 3007 771 3152 825; x_wconf 84' lang='lat' dir='ltr'><strong>dicta</strong></span> <span class='ocrx_word' id='word_1_375' title='bbox 3197 780 3347 832; x_wconf 86' lang='lat' dir='ltr'><strong>sunt,</strong></span> <span class='ocrx_word' id='word_1_376' title='bbox 3387 780 3443 823; x_wconf 91' lang='lat' dir='ltr'><strong>ut</strong></span> <span class='ocrx_word' id='word_1_377' title='bbox 3498 770 3665 823; x_wconf 86' lang='lat' dir='ltr'><strong>etiam</strong></span> 
     </span>
    </p>
   </div>
   <div class='ocr_carea' id='block_1_52' title="bbox 2082 852 3667 929">
    <p class='ocr_par' dir='ltr' id='par_1_52' title="bbox 2082 852 3667 929">
     <span class='ocr_line' id='line_1_52' title="bbox 2082 852 3667 929; baseline -0.007 -2"><span class='ocrx_word' id='word_1_378' title='bbox 2082 884 2300 927; x_wconf 72' lang='lat' dir='ltr'><strong>oausam</strong></span> <span class='ocrx_word' id='word_1_379' title='bbox 2326 852 2589 929; x_wconf 83' lang='lat' dir='ltr'><strong>sciamus,</strong></span> <span class='ocrx_word' id='word_1_380' title='bbox 2621 874 2677 920; x_wconf 87' lang='lat' dir='ltr'><strong>et</strong></span> <span class='ocrx_word' id='word_1_381' title='bbox 2702 883 2811 921; x_wconf 83' lang='lat' dir='ltr'><strong>non</strong></span> <span class='ocrx_word' id='word_1_382' title='bbox 2844 864 3154 921; x_wconf 82' lang='lat' dir='ltr'><strong>incidamus</strong></span> <span class='ocrx_word' id='word_1_383' title='bbox 3197 863 3252 917; x_wconf 91' lang='lat' dir='ltr'><strong>in</strong></span> <span class='ocrx_word' id='word_1_384' title='bbox 3288 861 3509 917; x_wconf 84' lang='lat' dir='ltr'><strong>Sabellii</strong></span> <span class='ocrx_word' id='word_1_385' title='bbox 3556 863 3667 916; x_wconf 68' lang='lat' dir='ltr'><strong>haz—</strong></span> 
     </span>
    </p>
   </div>
   <div class='ocr_carea' id='block_1_53' title="bbox 2087 952 3666 1030">
    <p class='ocr_par' dir='ltr' id='par_1_53' title="bbox 2087 952 3666 1030">
     <span class='ocr_line' id='line_1_53' title="bbox 2087 952 3666 1030; baseline -0.006 -16"><span class='ocrx_word' id='word_1_386' title='bbox 2087 963 2291 1027; x_wconf 83' lang='lat' dir='ltr'><strong>resim;</strong></span> <span class='ocrx_word' id='word_1_387' title='bbox 2350 959 2448 1015; x_wconf 88' lang='lat' dir='ltr'><strong>sed</strong></span> <span class='ocrx_word' id='word_1_388' title='bbox 2510 956 2747 1030; x_wconf 84' lang='lat' dir='ltr'><strong>Spiritus</strong></span> <span class='ocrx_word' id='word_1_389' title='bbox 2812 954 3049 1011; x_wconf 88' lang='lat' dir='ltr'><strong>mittitur</strong></span> <span class='ocrx_word' id='word_1_390' title='bbox 3094 971 3159 1009; x_wconf 81' lang='lat' dir='ltr'><strong>ex</strong></span> <span class='ocrx_word' id='word_1_391' title='bbox 3196 952 3372 1021; x_wconf 88' lang='lat' dir='ltr'><strong>Filio;</strong></span> <span class='ocrx_word' id='word_1_392' title='bbox 3404 954 3568 1024; x_wconf 82' lang='lat' dir='ltr'><strong>igitur</strong></span> <span class='ocrx_word' id='word_1_393' title='bbox 3600 965 3666 1006; x_wconf 75' lang='lat' dir='ltr'><strong>ex</strong></span> 
     </span>
    </p>
   </div>
   <div class='ocr_carea' id='block_1_54' title="bbox 2083 1061 2285 1112">
    <p class='ocr_par' dir='ltr' id='par_1_54' title="bbox 2083 1061 2285 1112">
     <span class='ocr_line' id='line_1_54' title="bbox 2083 1061 2285 1112; baseline -0.03 0"><span class='ocrx_word' id='word_1_394' title='bbox 2083 1069 2152 1112; x_wconf 80' lang='lat'><strong>00</strong></span> <span class='ocrx_word' id='word_1_395' title='bbox 2181 1061 2285 1108; x_wconf 84' lang='lat' dir='ltr'><strong>est.</strong></span> 
     </span>
    </p>
   </div>
   <div class='ocr_carea' id='block_1_55' title="bbox 2156 1133 3665 1213">
    <p class='ocr_par' dir='ltr' id='par_1_55' title="bbox 2156 1133 3665 1213">
     <span class='ocr_line' id='line_1_55' title="bbox 2156 1133 3665 1213; baseline -0.007 -13"><span class='ocrx_word' id='word_1_396' title='bbox 2156 1144 2290 1201; x_wconf 86' lang='lat' dir='ltr'><strong>Item</strong></span> <span class='ocrx_word' id='word_1_397' title='bbox 2338 1147 2437 1199; x_wconf 88' lang='lat' dir='ltr'><strong>ista</strong></span> <span class='ocrx_word' id='word_1_398' title='bbox 2467 1142 2724 1199; x_wconf 82' lang='lat' dir='ltr'><strong>mittendi</strong></span> <span class='ocrx_word' id='word_1_399' title='bbox 2758 1141 3003 1213; x_wconf 84' lang='lat' dir='ltr'><strong>potentia</strong></span> <span class='ocrx_word' id='word_1_400' title='bbox 3038 1154 3163 1200; x_wconf 86' lang='lat' dir='ltr'><strong>cum</strong></span> <span class='ocrx_word' id='word_1_401' title='bbox 3190 1138 3262 1194; x_wconf 85' lang='lat' dir='ltr'><strong>sit</strong></span> <span class='ocrx_word' id='word_1_402' title='bbox 3295 1146 3349 1193; x_wconf 90' lang='lat' dir='ltr'><strong>et</strong></span> <span class='ocrx_word' id='word_1_403' title='bbox 3395 1138 3447 1192; x_wconf 90' lang='lat' dir='ltr'><strong>in</strong></span> <span class='ocrx_word' id='word_1_404' title='bbox 3479 1133 3665 1198; x_wconf 85' lang='lat' dir='ltr'><strong>Patre,</strong></span> 
     </span>
    </p>
   </div>
   <div class='ocr_carea' id='block_1_56' title="bbox 2084 1228 3664 1304">
    <p class='ocr_par' dir='ltr' id='par_1_56' title="bbox 2084 1228 3664 1304">
     <span class='ocr_line' id='line_1_56' title="bbox 2084 1228 3664 1304; baseline -0.008 -11"><span class='ocrx_word' id='word_1_405' title='bbox 2084 1238 2215 1293; x_wconf 87' lang='lat' dir='ltr'><strong>etin</strong></span> <span class='ocrx_word' id='word_1_406' title='bbox 2253 1233 2396 1292; x_wconf 87' lang='lat' dir='ltr'><strong>Filio</strong></span> <span class='ocrx_word' id='word_1_407' title='bbox 2419 1236 2721 1292; x_wconf 88' lang='lat' dir='ltr'><strong>secundum</strong></span> <span class='ocrx_word' id='word_1_408' title='bbox 2755 1247 2921 1304; x_wconf 89' lang='lat' dir='ltr'><strong>quam</strong></span> <span class='ocrx_word' id='word_1_409' title='bbox 2948 1232 3108 1287; x_wconf 88' lang='lat' dir='ltr'><strong>ambo</strong></span> <span class='ocrx_word' id='word_1_410' title='bbox 3140 1232 3365 1287; x_wconf 88' lang='lat' dir='ltr'><strong>mittunt</strong></span> <span class='ocrx_word' id='word_1_411' title='bbox 3399 1228 3664 1299; x_wconf 86' lang='lat' dir='ltr'><strong>Spiritum</strong></span> 
     </span>
    </p>
   </div>
   <div class='ocr_carea' id='block_1_57' title="bbox 2084 1320 3664 1399">
    <p class='ocr_par' dir='ltr' id='par_1_57' title="bbox 2084 1320 3664 1399">
     <span class='ocr_line' id='line_1_57' title="bbox 2084 1320 3664 1399; baseline -0.008 -12"><span class='ocrx_word' id='word_1_412' title='bbox 2084 1340 2359 1394; x_wconf 87' lang='lat' dir='ltr'><strong>sanctum,</strong></span> <span class='ocrx_word' id='word_1_413' title='bbox 2400 1344 2561 1399; x_wconf 89' lang='lat' dir='ltr'><strong>quam</strong></span> <span class='ocrx_word' id='word_1_414' title='bbox 2597 1328 2761 1382; x_wconf 87' lang='lat' dir='ltr'><strong>etiam</strong></span> <span class='ocrx_word' id='word_1_415' title='bbox 2802 1326 2969 1381; x_wconf 85' lang='lat' dir='ltr'><strong>nostri</strong></span> <span class='ocrx_word' id='word_1_416' title='bbox 2995 1320 3328 1385; x_wconf 80' lang='lat' dir='ltr'><strong>cortcedunt,</strong></span> <span class='ocrx_word' id='word_1_417' title='bbox 3360 1320 3664 1377; x_wconf 83' lang='lat' dir='ltr'><strong>auteadem</strong></span> 
     </span>
    </p>
   </div>
   <div class='ocr_carea' id='block_1_58' title="bbox 2086 1412 3667 1481">
    <p class='ocr_par' dir='ltr' id='par_1_58' title="bbox 2086 1412 3667 1481">
     <span class='ocr_line' id='line_1_58' title="bbox 2086 1412 3667 1481; baseline -0.008 -4"><span class='ocrx_word' id='word_1_418' title='bbox 2086 1432 2168 1477; x_wconf 89' lang='lat' dir='ltr'><strong>est</strong></span> <span class='ocrx_word' id='word_1_419' title='bbox 2200 1422 2252 1475; x_wconf 90' lang='lat' dir='ltr'><strong>in</strong></span> <span class='ocrx_word' id='word_1_420' title='bbox 2304 1421 2467 1475; x_wconf 83' lang='lat' dir='ltr'><strong>Patre</strong></span> <span class='ocrx_word' id='word_1_421' title='bbox 2499 1429 2549 1474; x_wconf 85' lang='lat' dir='ltr'><strong>et</strong></span> <span class='ocrx_word' id='word_1_422' title='bbox 2581 1416 2749 1481; x_wconf 83' lang='lat' dir='ltr'><strong>Filio,</strong></span> <span class='ocrx_word' id='word_1_423' title='bbox 2785 1427 2876 1471; x_wconf 90' lang='lat' dir='ltr'><strong>aut</strong></span> <span class='ocrx_word' id='word_1_424' title='bbox 2908 1416 3034 1478; x_wconf 88' lang='lat' dir='ltr'><strong>alia,</strong></span> <span class='ocrx_word' id='word_1_425' title='bbox 3079 1425 3134 1469; x_wconf 87' lang='lat' dir='ltr'><strong>et</strong></span> <span class='ocrx_word' id='word_1_426' title='bbox 3167 1414 3307 1481; x_wconf 83' lang='lat' dir='ltr'><strong>alia;</strong></span> <span class='ocrx_word' id='word_1_427' title='bbox 3337 1413 3430 1468; x_wconf 87' lang='lat' dir='ltr'><strong>sed</strong></span> <span class='ocrx_word' id='word_1_428' title='bbox 3472 1413 3514 1467; x_wconf 88' lang='lat' dir='ltr'><strong>si</strong></span> <span class='ocrx_word' id='word_1_429' title='bbox 3561 1412 3667 1466; x_wconf 90' lang='lat' dir='ltr'><strong>alia</strong></span> 
     </span>
    </p>
   </div>
   <div class='ocr_carea' id='block_1_59' title="bbox 2084 1510 3672 1583">
    <p class='ocr_par' dir='ltr' id='par_1_59' title="bbox 2084 1510 3672 1583">
     <span class='ocr_line' id='line_1_59' title="bbox 2084 1510 3672 1583; baseline -0.007 -13"><span class='ocrx_word' id='word_1_430' title='bbox 2084 1523 2141 1570; x_wconf 85' lang='lat' dir='ltr'><strong>et</strong></span> <span class='ocrx_word' id='word_1_431' title='bbox 2200 1515 2327 1576; x_wconf 87' lang='lat' dir='ltr'><strong>alia,</strong></span> <span class='ocrx_word' id='word_1_432' title='bbox 2365 1513 2474 1568; x_wconf 89' lang='lat' dir='ltr'><strong>erit</strong></span> <span class='ocrx_word' id='word_1_433' title='bbox 2525 1523 2580 1566; x_wconf 89' lang='lat' dir='ltr'><strong>et</strong></span> <span class='ocrx_word' id='word_1_434' title='bbox 2611 1511 2782 1583; x_wconf 84' lang='lat' dir='ltr'><strong>major</strong></span> <span class='ocrx_word' id='word_1_435' title='bbox 2823 1519 2877 1563; x_wconf 89' lang='lat' dir='ltr'><strong>et</strong></span> <span class='ocrx_word' id='word_1_436' title='bbox 2920 1510 3121 1573; x_wconf 88' lang='lat' dir='ltr'><strong>minor,</strong></span> <span class='ocrx_word' id='word_1_437' title='bbox 3160 1519 3215 1561; x_wconf 86' lang='lat' dir='ltr'><strong>et</strong></span> <span class='ocrx_word' id='word_1_438' title='bbox 3268 1514 3672 1574; x_wconf 85' lang='lat' dir='ltr'><strong>consequenter</strong></span> 
     </span>
    </p>
   </div>
   <div class='ocr_carea' id='block_1_60' title="bbox 2087 1597 3668 1672">
    <p class='ocr_par' dir='ltr' id='par_1_60' title="bbox 2087 1597 3668 1672">
     <span class='ocr_line' id='line_1_60' title="bbox 2087 1597 3668 1672; baseline -0.004 -12"><span class='ocrx_word' id='word_1_439' title='bbox 2087 1607 2379 1661; x_wconf 88' lang='lat' dir='ltr'><strong>missiones</strong></span> <span class='ocrx_word' id='word_1_440' title='bbox 2427 1606 2693 1662; x_wconf 69' lang='lat' dir='ltr'><strong>diversae:</strong></span> <span class='ocrx_word' id='word_1_441' title='bbox 2731 1618 2903 1672; x_wconf 91' lang='lat' dir='ltr'><strong>quare</strong></span> <span class='ocrx_word' id='word_1_442' title='bbox 2954 1618 3052 1657; x_wconf 86' lang='lat' dir='ltr'><strong>nec</strong></span> <span class='ocrx_word' id='word_1_443' title='bbox 3094 1615 3199 1655; x_wconf 91' lang='lat' dir='ltr'><strong>una</strong></span> <span class='ocrx_word' id='word_1_444' title='bbox 3241 1597 3506 1671; x_wconf 83' lang='lat' dir='ltr'><strong>potentia,</strong></span> <span class='ocrx_word' id='word_1_445' title='bbox 3564 1611 3668 1653; x_wconf 85' lang='lat' dir='ltr'><strong>nec</strong></span> 
     </span>
    </p>
   </div>
   <div class='ocr_carea' id='block_1_61' title="bbox 2089 1692 3668 1767">
    <p class='ocr_par' dir='ltr' id='par_1_61' title="bbox 2089 1692 3668 1767">
     <span class='ocr_line' id='line_1_61' title="bbox 2089 1692 3668 1767; baseline -0.006 -13"><span class='ocrx_word' id='word_1_446' title='bbox 2089 1716 2195 1754; x_wconf 89' lang='lat' dir='ltr'><strong>una</strong></span> <span class='ocrx_word' id='word_1_447' title='bbox 2226 1713 2420 1754; x_wconf 90' lang='lat' dir='ltr'><strong>eorum</strong></span> <span class='ocrx_word' id='word_1_448' title='bbox 2451 1697 2697 1767; x_wconf 86' lang='lat' dir='ltr'><strong>operatio</strong></span> <span class='ocrx_word' id='word_1_449' title='bbox 2734 1698 2863 1751; x_wconf 90' lang='lat' dir='ltr'><strong>erit.</strong></span> <span class='ocrx_word' id='word_1_450' title='bbox 2892 1696 2961 1750; x_wconf 84' lang='lat' dir='ltr'><strong>Et</strong></span> <span class='ocrx_word' id='word_1_451' title='bbox 2990 1711 3114 1750; x_wconf 91' lang='lat' dir='ltr'><strong>cum</strong></span> <span class='ocrx_word' id='word_1_452' title='bbox 3144 1709 3378 1765; x_wconf 91' lang='lat' dir='ltr'><strong>quorum</strong></span> <span class='ocrx_word' id='word_1_453' title='bbox 3410 1692 3668 1762; x_wconf 71' lang='lat' dir='ltr'><strong>potentia:</strong></span> 
     </span>
    </p>
   </div>
   <div class='ocr_carea' id='block_1_62' title="bbox 2087 1786 3664 1860">
    <p class='ocr_par' dir='ltr' id='par_1_62' title="bbox 2087 1786 3664 1860">
     <span class='ocr_line' id='line_1_62' title="bbox 2087 1786 3664 1860; baseline -0.006 -14"><span class='ocrx_word' id='word_1_454' title='bbox 2087 1792 2358 1856; x_wconf 63' lang='lat' dir='ltr'><strong>diversa,</strong></span> <span class='ocrx_word' id='word_1_455' title='bbox 2416 1792 2673 1846; x_wconf 70' lang='lat' dir='ltr'><strong>essentiae</strong></span> <span class='ocrx_word' id='word_1_456' title='bbox 2722 1804 2942 1860; x_wconf 83' lang='lat' dir='ltr'><strong>quoque</strong></span> <span class='ocrx_word' id='word_1_457' title='bbox 2996 1802 3188 1842; x_wconf 90' lang='lat' dir='ltr'><strong>eorum</strong></span> <span class='ocrx_word' id='word_1_458' title='bbox 3247 1786 3478 1841; x_wconf 75' lang='lat' dir='ltr'><strong>diversa:</strong></span> <span class='ocrx_word' id='word_1_459' title='bbox 3534 1786 3664 1850; x_wconf 84' lang='lat' dir='ltr'><strong>sint,</strong></span> 
     </span>
    </p>
   </div>
   <div class='ocr_carea' id='block_1_63' title="bbox 2085 1878 3663 1942">
    <p class='ocr_par' dir='ltr' id='par_1_63' title="bbox 2085 1878 3663 1942">
     <span class='ocr_line' id='line_1_63' title="bbox 2085 1878 3663 1942; baseline -0.006 0"><span class='ocrx_word' id='word_1_460' title='bbox 2085 1886 2316 1942; x_wconf 85' lang='lat' dir='ltr'><strong>alterius</strong></span> <span class='ocrx_word' id='word_1_461' title='bbox 2364 1893 2420 1940; x_wconf 87' lang='lat' dir='ltr'><strong>et</strong></span> <span class='ocrx_word' id='word_1_462' title='bbox 2450 1885 2679 1939; x_wconf 86' lang='lat' dir='ltr'><strong>alterius</strong></span> <span class='ocrx_word' id='word_1_463' title='bbox 2700 1884 2954 1939; x_wconf 65' lang='lat' dir='ltr'><strong>essentia:</strong></span> <span class='ocrx_word' id='word_1_464' title='bbox 2971 1890 3135 1937; x_wconf 90' lang='lat' dir='ltr'><strong>erunt</strong></span> <span class='ocrx_word' id='word_1_465' title='bbox 3163 1881 3325 1939; x_wconf 86' lang='lat' dir='ltr'><strong>Pater</strong></span> <span class='ocrx_word' id='word_1_466' title='bbox 3378 1890 3431 1934; x_wconf 90' lang='lat' dir='ltr'><strong>et</strong></span> <span class='ocrx_word' id='word_1_467' title='bbox 3453 1878 3663 1935; x_wconf 82' lang='lat' dir='ltr'><strong>Filius:</strong></span> 
     </span>
    </p>
   </div>
   <div class='ocr_carea' id='block_1_64' title="bbox 2086 1973 3666 2041">
    <p class='ocr_par' dir='ltr' id='par_1_64' title="bbox 2086 1973 3666 2041">
     <span class='ocr_line' id='line_1_64' title="bbox 2086 1973 3666 2041; baseline -0.006 -6"><span class='ocrx_word' id='word_1_468' title='bbox 2086 1979 2181 2035; x_wconf 85' lang='lat' dir='ltr'><strong>sed</strong></span> <span class='ocrx_word' id='word_1_469' title='bbox 2210 1980 2325 2034; x_wconf 70' lang='lat' dir='ltr'><strong>haec</strong></span> <span class='ocrx_word' id='word_1_470' title='bbox 2359 1979 2541 2032; x_wconf 86' lang='lat' dir='ltr'><strong>omnia</strong></span> <span class='ocrx_word' id='word_1_471' title='bbox 2577 1975 2834 2041; x_wconf 85' lang='lat' dir='ltr'><strong>absurda,</strong></span> <span class='ocrx_word' id='word_1_472' title='bbox 2856 1986 2911 2032; x_wconf 90' lang='lat' dir='ltr'><strong>et</strong></span> <span class='ocrx_word' id='word_1_473' title='bbox 2935 1985 3125 2030; x_wconf 87' lang='lat' dir='ltr'><strong>contra</strong></span> <span class='ocrx_word' id='word_1_474' title='bbox 3153 1975 3475 2031; x_wconf 88' lang='lat' dir='ltr'><strong>catholicam</strong></span> <span class='ocrx_word' id='word_1_475' title='bbox 3505 1973 3666 2027; x_wconf 79' lang='lat' dir='ltr'><strong>[idem</strong></span> 
     </span>
    </p>
   </div>
   <div class='ocr_carea' id='block_1_65' title="bbox 2087 2066 3665 2145">
    <p class='ocr_par' dir='ltr' id='par_1_65' title="bbox 2087 2066 3665 2145">
     <span class='ocr_line' id='line_1_65' title="bbox 2087 2066 3665 2145; baseline -0.007 -16"><span class='ocrx_word' id='word_1_476' title='bbox 2087 2086 2251 2139; x_wconf 87' lang='lat' dir='ltr'><strong>sunt;</strong></span> <span class='ocrx_word' id='word_1_477' title='bbox 2300 2087 2408 2128; x_wconf 90' lang='lat' dir='ltr'><strong>non</strong></span> <span class='ocrx_word' id='word_1_478' title='bbox 2476 2071 2641 2145; x_wconf 78' lang='lat' dir='ltr'><strong>igitur</strong></span> <span class='ocrx_word' id='word_1_479' title='bbox 2680 2082 2763 2127; x_wconf 88' lang='lat' dir='ltr'><strong>est</strong></span> <span class='ocrx_word' id='word_1_480' title='bbox 2808 2070 2916 2125; x_wconf 84' lang='lat' dir='ltr'><strong>alia</strong></span> <span class='ocrx_word' id='word_1_481' title='bbox 2964 2078 3019 2123; x_wconf 89' lang='lat' dir='ltr'><strong>et</strong></span> <span class='ocrx_word' id='word_1_482' title='bbox 3050 2069 3190 2131; x_wconf 81' lang='lat' dir='ltr'><strong>alia;</strong></span> <span class='ocrx_word' id='word_1_483' title='bbox 3236 2068 3401 2138; x_wconf 89' lang='lat' dir='ltr'><strong>igitur</strong></span> <span class='ocrx_word' id='word_1_484' title='bbox 3452 2066 3665 2122; x_wconf 87' lang='lat' dir='ltr'><strong>eadem.</strong></span> 
     </span>
    </p>
   </div>
   <div class='ocr_carea' id='block_1_66' title="bbox 2088 2160 3663 2233">
    <p class='ocr_par' dir='ltr' id='par_1_66' title="bbox 2088 2160 3663 2233">
     <span class='ocr_line' id='line_1_66' title="bbox 2088 2160 3663 2233; baseline -0.006 -14"><span class='ocrx_word' id='word_1_485' title='bbox 2088 2165 2194 2221; x_wconf 84' lang='lat' dir='ltr'><strong>Sed</strong></span> <span class='ocrx_word' id='word_1_486' title='bbox 2236 2166 2291 2220; x_wconf 85' lang='lat' dir='ltr'><strong>in</strong></span> <span class='ocrx_word' id='word_1_487' title='bbox 2325 2164 2485 2219; x_wconf 85' lang='lat' dir='ltr'><strong>Patre</strong></span> <span class='ocrx_word' id='word_1_488' title='bbox 2515 2162 2757 2233; x_wconf 86' lang='lat' dir='ltr'><strong>potentia</strong></span> <span class='ocrx_word' id='word_1_489' title='bbox 2793 2160 3049 2216; x_wconf 84' lang='lat' dir='ltr'><strong>mittendi</strong></span> <span class='ocrx_word' id='word_1_490' title='bbox 3096 2160 3361 2231; x_wconf 86' lang='lat' dir='ltr'><strong>Spiritum</strong></span> <span class='ocrx_word' id='word_1_491' title='bbox 3413 2170 3663 2213; x_wconf 86' lang='lat' dir='ltr'><strong>sanctum</strong></span> 
     </span>
    </p>
   </div>
   <div class='ocr_carea' id='block_1_67' title="bbox 2085 2252 3666 2326">
    <p class='ocr_par' dir='ltr' id='par_1_67' title="bbox 2085 2252 3666 2326">
     <span class='ocr_line' id='line_1_67' title="bbox 2085 2252 3666 2326; baseline -0.006 -12"><span class='ocrx_word' id='word_1_492' title='bbox 2085 2268 2172 2313; x_wconf 89' lang='lat' dir='ltr'><strong>est</strong></span> <span class='ocrx_word' id='word_1_493' title='bbox 2204 2257 2396 2311; x_wconf 77' lang='lat' dir='ltr'><strong>eadem</strong></span> <span class='ocrx_word' id='word_1_494' title='bbox 2454 2271 2576 2311; x_wconf 91' lang='lat' dir='ltr'><strong>cum</strong></span> <span class='ocrx_word' id='word_1_495' title='bbox 2631 2256 2875 2326; x_wconf 78' lang='lat' dir='ltr'><strong>patentis</strong></span> <span class='ocrx_word' id='word_1_496' title='bbox 2936 2253 3178 2324; x_wconf 87' lang='lat' dir='ltr'><strong>spirandi</strong></span> <span class='ocrx_word' id='word_1_497' title='bbox 3229 2252 3418 2321; x_wconf 90' lang='lat' dir='ltr'><strong>illum,</strong></span> <span class='ocrx_word' id='word_1_498' title='bbox 3450 2265 3666 2321; x_wconf 88' lang='lat' dir='ltr'><strong>semper</strong></span> 
     </span>
    </p>
   </div>
   <div class='ocr_carea' id='block_1_68' title="bbox 2086 2346 3668 2423">
    <p class='ocr_par' dir='ltr' id='par_1_68' title="bbox 2086 2346 3668 2423">
     <span class='ocr_line' id='line_1_68' title="bbox 2086 2346 3668 2423; baseline -0.006 -14"><span class='ocrx_word' id='word_1_499' title='bbox 2086 2356 2233 2410; x_wconf 87' lang='lat' dir='ltr'><strong>enim</strong></span> <span class='ocrx_word' id='word_1_500' title='bbox 2288 2356 2460 2423; x_wconf 86' lang='lat' dir='ltr'><strong>spirat</strong></span> <span class='ocrx_word' id='word_1_501' title='bbox 2507 2350 2668 2407; x_wconf 85' lang='lat' dir='ltr'><strong>Pater</strong></span> <span class='ocrx_word' id='word_1_502' title='bbox 2711 2351 2977 2421; x_wconf 90' lang='lat' dir='ltr'><strong>Spiritum</strong></span> <span class='ocrx_word' id='word_1_503' title='bbox 3028 2360 3300 2410; x_wconf 85' lang='lat' dir='ltr'><strong>sanctum,</strong></span> <span class='ocrx_word' id='word_1_504' title='bbox 3344 2357 3396 2402; x_wconf 88' lang='lat' dir='ltr'><strong>el</strong></span> <span class='ocrx_word' id='word_1_505' title='bbox 3449 2346 3668 2415; x_wconf 84' lang='lat' dir='ltr'><strong>spirans</strong></span> 
     </span>
    </p>
   </div>
   <div class='ocr_carea' id='block_1_69' title="bbox 2086 2440 3666 2521">
    <p class='ocr_par' dir='ltr' id='par_1_69' title="bbox 2086 2440 3666 2521">
     <span class='ocr_line' id='line_1_69' title="bbox 2086 2440 3666 2521; baseline -0.006 -19"><span class='ocrx_word' id='word_1_506' title='bbox 2086 2448 2241 2502; x_wconf 90' lang='lat' dir='ltr'><strong>illum</strong></span> <span class='ocrx_word' id='word_1_507' title='bbox 2262 2446 2449 2501; x_wconf 88' lang='lat' dir='ltr'><strong>mittit.</strong></span> <span class='ocrx_word' id='word_1_508' title='bbox 2471 2445 2639 2521; x_wconf 72' lang='lat' dir='ltr'><strong>Igitur</strong></span> <span class='ocrx_word' id='word_1_509' title='bbox 2673 2446 2836 2498; x_wconf 87' lang='lat' dir='ltr'><strong>etiam</strong></span> <span class='ocrx_word' id='word_1_510' title='bbox 2867 2440 3041 2498; x_wconf 77' lang='lat' dir='ltr'><strong>Filius</strong></span> <span class='ocrx_word' id='word_1_511' title='bbox 3066 2442 3226 2496; x_wconf 89' lang='lat' dir='ltr'><strong>simul</strong></span> <span class='ocrx_word' id='word_1_512' title='bbox 3267 2455 3389 2494; x_wconf 87' lang='lat' dir='ltr'><strong>cum</strong></span> <span class='ocrx_word' id='word_1_513' title='bbox 3422 2440 3666 2509; x_wconf 86' lang='lat' dir='ltr'><strong>potentia</strong></span> 
     </span>
    </p>
   </div>
   <div class='ocr_carea' id='block_1_70' title="bbox 2087 2529 3669 2609">
    <p class='ocr_par' dir='ltr' id='par_1_70' title="bbox 2087 2529 3669 2609">
     <span class='ocr_line' id='line_1_70' title="bbox 2087 2529 3669 2609; baseline -0.009 -15"><span class='ocrx_word' id='word_1_514' title='bbox 2087 2539 2358 2609; x_wconf 84' lang='lat' dir='ltr'><strong>spirandi,</strong></span> <span class='ocrx_word' id='word_1_515' title='bbox 2390 2546 2445 2593; x_wconf 88' lang='lat' dir='ltr'><strong>et</strong></span> <span class='ocrx_word' id='word_1_516' title='bbox 2499 2539 2719 2607; x_wconf 88' lang='lat' dir='ltr'><strong>spirans</strong></span> <span class='ocrx_word' id='word_1_517' title='bbox 2765 2536 2918 2589; x_wconf 89' lang='lat' dir='ltr'><strong>illum</strong></span> <span class='ocrx_word' id='word_1_518' title='bbox 2962 2534 3167 2599; x_wconf 86' lang='lat' dir='ltr'><strong>mittit;</strong></span> <span class='ocrx_word' id='word_1_519' title='bbox 3210 2546 3339 2603; x_wconf 83' lang='lat' dir='ltr'><strong>ergo</strong></span> <span class='ocrx_word' id='word_1_520' title='bbox 3388 2538 3443 2589; x_wconf 85' lang='lat' dir='ltr'><strong>et</strong></span> <span class='ocrx_word' id='word_1_521' title='bbox 3493 2529 3669 2585; x_wconf 78' lang='lat' dir='ltr'><strong>Filius</strong></span> 
     </span>
    </p>
   </div>
   <div class='ocr_carea' id='block_1_71' title="bbox 2087 2625 3666 2701">
    <p class='ocr_par' dir='ltr' id='par_1_71' title="bbox 2087 2625 3666 2701">
     <span class='ocr_line' id='line_1_71' title="bbox 2087 2625 3666 2701; baseline -0.007 -15"><span class='ocrx_word' id='word_1_522' title='bbox 2087 2631 2264 2686; x_wconf 89' lang='lat' dir='ltr'><strong>sancti</strong></span> <span class='ocrx_word' id='word_1_523' title='bbox 2335 2628 2575 2701; x_wconf 87' lang='lat' dir='ltr'><strong>Spiritus</strong></span> <span class='ocrx_word' id='word_1_524' title='bbox 2614 2637 2700 2683; x_wconf 91' lang='lat' dir='ltr'><strong>est</strong></span> <span class='ocrx_word' id='word_1_525' title='bbox 2752 2626 3136 2696; x_wconf 87' lang='lat' dir='ltr'><strong>productivus.</strong></span> <span class='ocrx_word' id='word_1_526' title='bbox 3178 2625 3269 2678; x_wconf 89' lang='lat' dir='ltr'><strong>llla</strong></span> <span class='ocrx_word' id='word_1_527' title='bbox 3320 2640 3451 2680; x_wconf 86' lang='lat' dir='ltr'><strong>vero</strong></span> <span class='ocrx_word' id='word_1_528' title='bbox 3504 2638 3666 2691; x_wconf 86' lang='lat' dir='ltr'><strong>quam</strong></span> 
     </span>
    </p>
   </div>
   <div class='ocr_carea' id='block_1_72' title="bbox 2088 2717 3669 2794">
    <p class='ocr_par' dir='ltr' id='par_1_72' title="bbox 2088 2717 3669 2794">
     <span class='ocr_line' id='line_1_72' title="bbox 2088 2717 3669 2794; baseline -0.005 -17"><span class='ocrx_word' id='word_1_529' title='bbox 2088 2723 2317 2794; x_wconf 83' lang='lat' dir='ltr'><strong>quidam</strong></span> <span class='ocrx_word' id='word_1_530' title='bbox 2379 2723 2537 2779; x_wconf 84' lang='lat' dir='ltr'><strong>aiunt</strong></span> <span class='ocrx_word' id='word_1_531' title='bbox 2588 2720 2887 2776; x_wconf 84' lang='lat' dir='ltr'><strong>secundam</strong></span> <span class='ocrx_word' id='word_1_532' title='bbox 2942 2728 2998 2772; x_wconf 89' lang='lat' dir='ltr'><strong>et</strong></span> <span class='ocrx_word' id='word_1_533' title='bbox 3048 2717 3403 2787; x_wconf 87' lang='lat' dir='ltr'><strong>temporalem</strong></span> <span class='ocrx_word' id='word_1_534' title='bbox 3445 2717 3669 2769; x_wconf 80' lang='lat' dir='ltr'><strong>missio-</strong></span> 
     </span>
    </p>
   </div>
   <div class='ocr_carea' id='block_1_73' title="bbox 2088 2804 3671 2879">
    <p class='ocr_par' dir='ltr' id='par_1_73' title="bbox 2088 2804 3671 2879">
     <span class='ocr_line' id='line_1_73' title="bbox 2088 2804 3671 2879; baseline -0.006 -11"><span class='ocrx_word' id='word_1_535' title='bbox 2088 2828 2238 2878; x_wconf 88' lang='lat' dir='ltr'><strong>nem,</strong></span> <span class='ocrx_word' id='word_1_536' title='bbox 2265 2826 2390 2866; x_wconf 91' lang='lat' dir='ltr'><strong>cum</strong></span> <span class='ocrx_word' id='word_1_537' title='bbox 2432 2810 2570 2866; x_wconf 86' lang='lat' dir='ltr'><strong>nihil</strong></span> <span class='ocrx_word' id='word_1_538' title='bbox 2601 2821 2706 2875; x_wconf 84' lang='lat' dir='ltr'><strong>est,</strong></span> <span class='ocrx_word' id='word_1_539' title='bbox 2732 2819 2844 2865; x_wconf 88' lang='lat' dir='ltr'><strong>tum</strong></span> <span class='ocrx_word' id='word_1_540' title='bbox 2871 2809 3038 2865; x_wconf 86' lang='lat' dir='ltr'><strong>etiam</strong></span> <span class='ocrx_word' id='word_1_541' title='bbox 3085 2824 3182 2878; x_wconf 90' lang='lat' dir='ltr'><strong>per</strong></span> <span class='ocrx_word' id='word_1_542' title='bbox 3223 2806 3538 2879; x_wconf 69' lang='lat' dir='ltr'><strong>praedictam</strong></span> <span class='ocrx_word' id='word_1_543' title='bbox 3563 2804 3671 2859; x_wconf 72' lang='lat' dir='ltr'><strong>sol—</strong></span> 
     </span>
    </p>
   </div>
   <div class='ocr_carea' id='block_1_74' title="bbox 2092 2897 3671 2973">
    <p class='ocr_par' dir='ltr' id='par_1_74' title="bbox 2092 2897 3671 2973">
     <span class='ocr_line' id='line_1_74' title="bbox 2092 2897 3671 2973; baseline -0.006 -13"><span class='ocrx_word' id='word_1_544' title='bbox 2092 2905 2239 2960; x_wconf 73' lang='lat' dir='ltr'><strong>ritur</strong></span> <span class='ocrx_word' id='word_1_545' title='bbox 2268 2905 2581 2960; x_wconf 81' lang='lat' dir='ltr'><strong>rationem:</strong></span> <span class='ocrx_word' id='word_1_546' title='bbox 2632 2916 2945 2973; x_wconf 86' lang='lat' dir='ltr'><strong>quanquam</strong></span> <span class='ocrx_word' id='word_1_547' title='bbox 2994 2900 3197 2955; x_wconf 90' lang='lat' dir='ltr'><strong>etenim</strong></span> <span class='ocrx_word' id='word_1_548' title='bbox 3226 2914 3495 2969; x_wconf 84' lang='lat' dir='ltr'><strong>nusquam</strong></span> <span class='ocrx_word' id='word_1_549' title='bbox 3554 2897 3671 2951; x_wconf 72' lang='lat' dir='ltr'><strong>haec</strong></span> 
     </span>
    </p>
   </div>
   <div class='ocr_carea' id='block_1_75' title="bbox 2090 2992 3671 3070">
    <p class='ocr_par' dir='ltr' id='par_1_75' title="bbox 2090 2992 3671 3070">
     <span class='ocr_line' id='line_1_75' title="bbox 2090 2992 3671 3070; baseline -0.005 -15"><span class='ocrx_word' id='word_1_550' title='bbox 2090 2998 2391 3070; x_wconf 87' lang='lat' dir='ltr'><strong>duplicitas</strong></span> <span class='ocrx_word' id='word_1_551' title='bbox 2445 2997 2863 3067; x_wconf 81' lang='lat' dir='ltr'><strong>processionum</strong></span> <span class='ocrx_word' id='word_1_552' title='bbox 2917 2994 3257 3065; x_wconf 87' lang='lat' dir='ltr'><strong>reperiatur,</strong></span> <span class='ocrx_word' id='word_1_553' title='bbox 3306 3003 3490 3048; x_wconf 90' lang='lat' dir='ltr'><strong>tamen</strong></span> <span class='ocrx_word' id='word_1_554' title='bbox 3541 2992 3671 3047; x_wconf 88' lang='lat' dir='ltr'><strong>dato</strong></span> 
     </span>
    </p>
   </div>
   <div class='ocr_carea' id='block_1_76' title="bbox 2090 3088 3673 3165">
    <p class='ocr_par' dir='ltr' id='par_1_76' title="bbox 2090 3088 3673 3165">
     <span class='ocr_line' id='line_1_76' title="bbox 2090 3088 3673 3165; baseline -0.006 -17"><span class='ocrx_word' id='word_1_555' title='bbox 2090 3094 2255 3148; x_wconf 85' lang='lat' dir='ltr'><strong>etiam</strong></span> <span class='ocrx_word' id='word_1_556' title='bbox 2288 3092 2435 3165; x_wconf 90' lang='lat' dir='ltr'><strong>quod</strong></span> <span class='ocrx_word' id='word_1_557' title='bbox 2471 3093 2541 3147; x_wconf 84' lang='lat' dir='ltr'><strong>sit</strong></span> <span class='ocrx_word' id='word_1_558' title='bbox 2566 3092 2748 3161; x_wconf 88' lang='lat' dir='ltr'><strong>aliqua</strong></span> <span class='ocrx_word' id='word_1_559' title='bbox 2777 3090 3016 3147; x_wconf 86' lang='lat' dir='ltr'><strong>secunda</strong></span> <span class='ocrx_word' id='word_1_560' title='bbox 3041 3088 3251 3151; x_wconf 87' lang='lat' dir='ltr'><strong>missio,</strong></span> <span class='ocrx_word' id='word_1_561' title='bbox 3280 3102 3399 3156; x_wconf 69' lang='lat' dir='ltr'><strong>qua:</strong></span> <span class='ocrx_word' id='word_1_562' title='bbox 3423 3101 3673 3140; x_wconf 81' lang='lat' dir='ltr'><strong>commu-</strong></span> 
     </span>
    </p>
   </div>
   <div class='ocr_carea' id='block_1_77' title="bbox 2093 3180 3671 3243">
    <p class='ocr_par' dir='ltr' id='par_1_77' title="bbox 2093 3180 3671 3243">
     <span class='ocr_line' id='line_1_77' title="bbox 2093 3180 3671 3243; baseline -0.006 -1"><span class='ocrx_word' id='word_1_563' title='bbox 2093 3189 2180 3242; x_wconf 88' lang='lat' dir='ltr'><strong>nis</strong></span> <span class='ocrx_word' id='word_1_564' title='bbox 2229 3187 2301 3241; x_wconf 90' lang='lat' dir='ltr'><strong>sit</strong></span> <span class='ocrx_word' id='word_1_565' title='bbox 2355 3187 2498 3243; x_wconf 86' lang='lat' dir='ltr'><strong>Patri</strong></span> <span class='ocrx_word' id='word_1_566' title='bbox 2532 3197 2584 3241; x_wconf 82' lang='lat' dir='ltr'><strong>et</strong></span> <span class='ocrx_word' id='word_1_567' title='bbox 2628 3182 2765 3241; x_wconf 87' lang='lat' dir='ltr'><strong>Filio</strong></span> <span class='ocrx_word' id='word_1_568' title='bbox 2820 3182 3124 3243; x_wconf 90' lang='lat' dir='ltr'><strong>secundum</strong></span> <span class='ocrx_word' id='word_1_569' title='bbox 3175 3182 3390 3236; x_wconf 83' lang='lat' dir='ltr'><strong>Patrem</strong></span> <span class='ocrx_word' id='word_1_570' title='bbox 3423 3180 3544 3234; x_wconf 85' lang='lat' dir='ltr'><strong>eam</strong></span> <span class='ocrx_word' id='word_1_571' title='bbox 3612 3186 3671 3233; x_wconf 89' lang='lat' dir='ltr'><strong>et</strong></span> 
     </span>
    </p>
   </div>
   <div class='ocr_carea' id='block_1_78' title="bbox 2091 3273 3671 3341">
    <p class='ocr_par' dir='ltr' id='par_1_78' title="bbox 2091 3273 3671 3341">
     <span class='ocr_line' id='line_1_78' title="bbox 2091 3273 3671 3341; baseline -0.008 -5"><span class='ocrx_word' id='word_1_572' title='bbox 2091 3280 2324 3336; x_wconf 83' lang='lat' dir='ltr'><strong>similem</strong></span> <span class='ocrx_word' id='word_1_573' title='bbox 2383 3280 2431 3333; x_wconf 85' lang='lat' dir='ltr'><strong>ei</strong></span> <span class='ocrx_word' id='word_1_574' title='bbox 2467 3278 2708 3335; x_wconf 86' lang='lat' dir='ltr'><strong>habebit.</strong></span> <span class='ocrx_word' id='word_1_575' title='bbox 2752 3273 2898 3332; x_wconf 87' lang='lat' dir='ltr'><strong>Nihil</strong></span> <span class='ocrx_word' id='word_1_576' title='bbox 2931 3274 3077 3331; x_wconf 90' lang='lat' dir='ltr'><strong>enim</strong></span> <span class='ocrx_word' id='word_1_577' title='bbox 3119 3288 3312 3330; x_wconf 87' lang='lat' dir='ltr'><strong>eorum</strong></span> <span class='ocrx_word' id='word_1_578' title='bbox 3354 3286 3477 3341; x_wconf 64' lang='lat' dir='ltr'><strong>«ius:</strong></span> <span class='ocrx_word' id='word_1_579' title='bbox 3518 3286 3671 3327; x_wconf 85' lang='lat' dir='ltr'><strong>com-</strong></span> 
     </span>
    </p>
   </div>
   <div class='ocr_carea' id='block_1_79' title="bbox 2089 3365 3672 3433">
    <p class='ocr_par' dir='ltr' id='par_1_79' title="bbox 2089 3365 3672 3433">
     <span class='ocr_line' id='line_1_79' title="bbox 2089 3365 3672 3433; baseline -0.006 -5"><span class='ocrx_word' id='word_1_580' title='bbox 2089 3374 2278 3429; x_wconf 88' lang='lat' dir='ltr'><strong>munia</strong></span> <span class='ocrx_word' id='word_1_581' title='bbox 2342 3381 2471 3428; x_wconf 87' lang='lat' dir='ltr'><strong>sunt</strong></span> <span class='ocrx_word' id='word_1_582' title='bbox 2527 3373 2672 3428; x_wconf 81' lang='lat' dir='ltr'><strong>Patri</strong></span> <span class='ocrx_word' id='word_1_583' title='bbox 2721 3379 2777 3426; x_wconf 92' lang='lat' dir='ltr'><strong>et</strong></span> <span class='ocrx_word' id='word_1_584' title='bbox 2830 3368 3006 3433; x_wconf 83' lang='lat' dir='ltr'><strong>Filio,</strong></span> <span class='ocrx_word' id='word_1_585' title='bbox 3058 3367 3325 3425; x_wconf 88' lang='lat' dir='ltr'><strong>dissimile</strong></span> <span class='ocrx_word' id='word_1_586' title='bbox 3378 3366 3433 3419; x_wconf 91' lang='lat' dir='ltr'><strong>in</strong></span> <span class='ocrx_word' id='word_1_587' title='bbox 3496 3365 3672 3419; x_wconf 87' lang='lat' dir='ltr'><strong>altero</strong></span> 
     </span>
    </p>
   </div>
   <div class='ocr_carea' id='block_1_80' title="bbox 2088 3457 3671 3530">
    <p class='ocr_par' dir='ltr' id='par_1_80' title="bbox 2088 3457 3671 3530">
     <span class='ocr_line' id='line_1_80' title="bbox 2088 3457 3671 3530; baseline -0.006 -10"><span class='ocrx_word' id='word_1_588' title='bbox 2088 3480 2280 3520; x_wconf 86' lang='lat' dir='ltr'><strong>eorum</strong></span> <span class='ocrx_word' id='word_1_589' title='bbox 2310 3475 2414 3520; x_wconf 88' lang='lat' dir='ltr'><strong>est.</strong></span> <span class='ocrx_word' id='word_1_590' title='bbox 2444 3464 2549 3520; x_wconf 88' lang='lat' dir='ltr'><strong>Sed</strong></span> <span class='ocrx_word' id='word_1_591' title='bbox 2592 3465 2753 3519; x_wconf 85' lang='lat' dir='ltr'><strong>Pater</strong></span> <span class='ocrx_word' id='word_1_592' title='bbox 2777 3460 3028 3516; x_wconf 87' lang='lat' dir='ltr'><strong>mittendi</strong></span> <span class='ocrx_word' id='word_1_593' title='bbox 3050 3458 3349 3530; x_wconf 82' lang='lat' dir='ltr'><strong>potentiam</strong></span> <span class='ocrx_word' id='word_1_594' title='bbox 3382 3457 3671 3511; x_wconf 85' lang='lat' dir='ltr'><strong>babetuna</strong></span> 
     </span>
    </p>
   </div>
   <div class='ocr_carea' id='block_1_81' title="bbox 2089 3548 3670 3627">
    <p class='ocr_par' dir='ltr' id='par_1_81' title="bbox 2089 3548 3670 3627">
     <span class='ocr_line' id='line_1_81' title="bbox 2089 3548 3670 3627; baseline -0.008 -13"><span class='ocrx_word' id='word_1_595' title='bbox 2089 3575 2213 3614; x_wconf 88' lang='lat' dir='ltr'><strong>cum</strong></span> <span class='ocrx_word' id='word_1_596' title='bbox 2244 3558 2488 3627; x_wconf 86' lang='lat' dir='ltr'><strong>potentia</strong></span> <span class='ocrx_word' id='word_1_597' title='bbox 2543 3555 2785 3625; x_wconf 86' lang='lat' dir='ltr'><strong>spirandi</strong></span> <span class='ocrx_word' id='word_1_598' title='bbox 2828 3573 2843 3610; x_wconf 89' lang='lat'><strong>:</strong></span> <span class='ocrx_word' id='word_1_599' title='bbox 2876 3556 3042 3625; x_wconf 87' lang='lat' dir='ltr'><strong>igitur</strong></span> <span class='ocrx_word' id='word_1_600' title='bbox 3099 3561 3153 3608; x_wconf 89' lang='lat' dir='ltr'><strong>et</strong></span> <span class='ocrx_word' id='word_1_601' title='bbox 3189 3549 3364 3606; x_wconf 78' lang='lat' dir='ltr'><strong>Filius</strong></span> <span class='ocrx_word' id='word_1_602' title='bbox 3395 3565 3520 3603; x_wconf 86' lang='lat' dir='ltr'><strong>cum</strong></span> <span class='ocrx_word' id='word_1_603' title='bbox 3560 3548 3670 3619; x_wconf 83' lang='lat' dir='ltr'><strong>spi-</strong></span> 
     </span>
    </p>
   </div>
   <div class='ocr_carea' id='block_1_82' title="bbox 2091 3644 3422 3722">
    <p class='ocr_par' dir='ltr' id='par_1_82' title="bbox 2091 3644 3422 3722">
     <span class='ocr_line' id='line_1_82' title="bbox 2091 3644 3422 3722; baseline -0.008 -15"><span class='ocrx_word' id='word_1_604' title='bbox 2091 3650 2247 3707; x_wconf 88' lang='lat' dir='ltr'><strong>randi</strong></span> <span class='ocrx_word' id='word_1_605' title='bbox 2279 3650 2518 3722; x_wconf 85' lang='lat' dir='ltr'><strong>potentia</strong></span> <span class='ocrx_word' id='word_1_606' title='bbox 2544 3648 2771 3703; x_wconf 83' lang='lat' dir='ltr'><strong>habebit</strong></span> <span class='ocrx_word' id='word_1_607' title='bbox 2813 3647 3112 3717; x_wconf 87' lang='lat' dir='ltr'><strong>potentiam</strong></span> <span class='ocrx_word' id='word_1_608' title='bbox 3146 3644 3422 3699; x_wconf 87' lang='lat' dir='ltr'><strong>mittendi.</strong></span> 
     </span>
    </p>
   </div>
   <div class='ocr_carea' id='block_1_83' title="bbox 2160 3738 3666 3813">
    <p class='ocr_par' dir='ltr' id='par_1_83' title="bbox 2160 3738 3666 3813">
     <span class='ocr_line' id='line_1_83' title="bbox 2160 3738 3666 3813; baseline -0.005 -15"><span class='ocrx_word' id='word_1_609' title='bbox 2160 3744 2293 3799; x_wconf 87' lang='lat' dir='ltr'><strong>item</strong></span> <span class='ocrx_word' id='word_1_610' title='bbox 2324 3741 2469 3813; x_wconf 88' lang='lat' dir='ltr'><strong>quod</strong></span> <span class='ocrx_word' id='word_1_611' title='bbox 2498 3751 2691 3795; x_wconf 87' lang='lat' dir='ltr'><strong>natura</strong></span> <span class='ocrx_word' id='word_1_612' title='bbox 2723 3740 2960 3811; x_wconf 79' lang='lat' dir='ltr'><strong>alicujus</strong></span> <span class='ocrx_word' id='word_1_613' title='bbox 3005 3748 3114 3802; x_wconf 87' lang='lat' dir='ltr'><strong>est,</strong></span> <span class='ocrx_word' id='word_1_614' title='bbox 3149 3738 3315 3794; x_wconf 87' lang='lat' dir='ltr'><strong>etiam</strong></span> <span class='ocrx_word' id='word_1_615' title='bbox 3350 3753 3416 3791; x_wconf 78' lang='lat' dir='ltr'><strong>ex</strong></span> <span class='ocrx_word' id='word_1_616' title='bbox 3464 3752 3531 3791; x_wconf 90' lang='lat' dir='ltr'><strong>eo</strong></span> <span class='ocrx_word' id='word_1_617' title='bbox 3558 3744 3666 3798; x_wconf 85' lang='lat' dir='ltr'><strong>est,</strong></span> 
     </span>
    </p>
   </div>
   <div class='ocr_carea' id='block_1_84' title="bbox 2088 3825 3669 3903">
    <p class='ocr_par' dir='ltr' id='par_1_84' title="bbox 2088 3825 3669 3903">
     <span class='ocr_line' id='line_1_84' title="bbox 2088 3825 3669 3903; baseline -0.007 -11"><span class='ocrx_word' id='word_1_618' title='bbox 2088 3835 2393 3892; x_wconf 88' lang='lat' dir='ltr'><strong>secundum</strong></span> <span class='ocrx_word' id='word_1_619' title='bbox 2425 3832 2571 3903; x_wconf 89' lang='lat' dir='ltr'><strong>quod</strong></span> <span class='ocrx_word' id='word_1_620' title='bbox 2606 3831 2810 3886; x_wconf 89' lang='lat' dir='ltr'><strong>dicitur</strong></span> <span class='ocrx_word' id='word_1_621' title='bbox 2860 3842 2983 3886; x_wconf 89' lang='lat' dir='ltr'><strong>esse</strong></span> <span class='ocrx_word' id='word_1_622' title='bbox 3026 3828 3175 3884; x_wconf 91' lang='lat' dir='ltr'><strong>illius</strong></span> <span class='ocrx_word' id='word_1_623' title='bbox 3206 3845 3220 3881; x_wconf 87' lang='lat'><strong>:</strong></span> <span class='ocrx_word' id='word_1_624' title='bbox 3258 3825 3500 3895; x_wconf 90' lang='lat' dir='ltr'><strong>Spiritus</strong></span> <span class='ocrx_word' id='word_1_625' title='bbox 3538 3841 3669 3881; x_wconf 87' lang='lat' dir='ltr'><strong>vero</strong></span> 
     </span>
    </p>
   </div>
   <div class='ocr_carea' id='block_1_85' title="bbox 2088 3916 3666 3990">
    <p class='ocr_par' dir='ltr' id='par_1_85' title="bbox 2088 3916 3666 3990">
     <span class='ocr_line' id='line_1_85' title="bbox 2088 3916 3666 3990; baseline -0.008 -7"><span class='ocrx_word' id='word_1_626' title='bbox 2088 3935 2311 3984; x_wconf 85' lang='lat' dir='ltr'><strong>sanctus</strong></span> <span class='ocrx_word' id='word_1_627' title='bbox 2354 3933 2438 3979; x_wconf 87' lang='lat' dir='ltr'><strong>est</strong></span> <span class='ocrx_word' id='word_1_628' title='bbox 2478 3922 2624 3986; x_wconf 86' lang='lat' dir='ltr'><strong>Filii,</strong></span> <span class='ocrx_word' id='word_1_629' title='bbox 2655 3932 2711 3976; x_wconf 90' lang='lat' dir='ltr'><strong>et</strong></span> <span class='ocrx_word' id='word_1_630' title='bbox 2765 3928 2913 3990; x_wconf 88' lang='lat' dir='ltr'><strong>patet</strong></span> <span class='ocrx_word' id='word_1_631' title='bbox 2939 3916 3085 3989; x_wconf 93' lang='lat' dir='ltr'><strong>quod</strong></span> <span class='ocrx_word' id='word_1_632' title='bbox 3120 3929 3341 3979; x_wconf 87' lang='lat' dir='ltr'><strong>natura,</strong></span> <span class='ocrx_word' id='word_1_633' title='bbox 3380 3931 3488 3970; x_wconf 91' lang='lat' dir='ltr'><strong>non</strong></span> <span class='ocrx_word' id='word_1_634' title='bbox 3518 3918 3666 3971; x_wconf 89' lang='lat' dir='ltr'><strong>enim</strong></span> 
     </span>
    </p>
   </div>
   <div class='ocr_carea' id='block_1_86' title="bbox 2089 4010 3667 4091">
    <p class='ocr_par' dir='ltr' id='par_1_86' title="bbox 2089 4010 3667 4091">
     <span class='ocr_line' id='line_1_86' title="bbox 2089 4010 3667 4091; baseline -0.006 -18"><span class='ocrx_word' id='word_1_635' title='bbox 2089 4029 2291 4091; x_wconf 67' lang='lat' dir='ltr'><strong>praeter</strong></span> <span class='ocrx_word' id='word_1_636' title='bbox 2323 4026 2595 4081; x_wconf 87' lang='lat' dir='ltr'><strong>naturam,</strong></span> <span class='ocrx_word' id='word_1_637' title='bbox 2631 4030 2732 4069; x_wconf 89' lang='lat' dir='ltr'><strong>nec</strong></span> <span class='ocrx_word' id='word_1_638' title='bbox 2766 4025 2823 4067; x_wconf 91' lang='lat' dir='ltr'><strong>ut</strong></span> <span class='ocrx_word' id='word_1_639' title='bbox 2859 4027 3072 4067; x_wconf 84' lang='lat' dir='ltr'><strong>servus.</strong></span> <span class='ocrx_word' id='word_1_640' title='bbox 3104 4010 3197 4065; x_wconf 83' lang='lat' dir='ltr'><strong>Est</strong></span> <span class='ocrx_word' id='word_1_641' title='bbox 3232 4010 3401 4080; x_wconf 90' lang='lat' dir='ltr'><strong>igitur</strong></span> <span class='ocrx_word' id='word_1_642' title='bbox 3424 4011 3667 4079; x_wconf 88' lang='lat' dir='ltr'><strong>Spiritus</strong></span> 
     </span>
    </p>
   </div>
   <div class='ocr_carea' id='block_1_87' title="bbox 2088 4104 3665 4179">
    <p class='ocr_par' dir='ltr' id='par_1_87' title="bbox 2088 4104 3665 4179">
     <span class='ocr_line' id='line_1_87' title="bbox 2088 4104 3665 4179; baseline -0.008 -9"><span class='ocrx_word' id='word_1_643' title='bbox 2088 4123 2316 4172; x_wconf 87' lang='lat' dir='ltr'><strong>sanctus</strong></span> <span class='ocrx_word' id='word_1_644' title='bbox 2370 4121 2431 4166; x_wconf 88' lang='lat' dir='ltr'><strong>ut</strong></span> <span class='ocrx_word' id='word_1_645' title='bbox 2488 4108 2729 4179; x_wconf 88' lang='lat' dir='ltr'><strong>Spiritus</strong></span> <span class='ocrx_word' id='word_1_646' title='bbox 2784 4115 3029 4173; x_wconf 86' lang='lat' dir='ltr'><strong>sanctus,</strong></span> <span class='ocrx_word' id='word_1_647' title='bbox 3080 4104 3332 4159; x_wconf 85' lang='lat' dir='ltr'><strong>videlicet</strong></span> <span class='ocrx_word' id='word_1_648' title='bbox 3363 4112 3423 4158; x_wconf 91' lang='lat' dir='ltr'><strong>ut</strong></span> <span class='ocrx_word' id='word_1_649' title='bbox 3480 4104 3665 4158; x_wconf 87' lang='lat' dir='ltr'><strong>divina</strong></span> 
     </span>
    </p>
   </div>
   <div class='ocr_carea' id='block_1_88' title="bbox 2089 4198 2991 4281">
    <p class='ocr_par' dir='ltr' id='par_1_88' title="bbox 2089 4198 2991 4281">
     <span class='ocr_line' id='line_1_88' title="bbox 2089 4198 2991 4281; baseline -0.01 -19"><span class='ocrx_word' id='word_1_650' title='bbox 2089 4221 2321 4281; x_wconf 90' lang='lat' dir='ltr'><strong>persona</strong></span> <span class='ocrx_word' id='word_1_651' title='bbox 2355 4205 2407 4259; x_wconf 93' lang='lat' dir='ltr'><strong>in</strong></span> <span class='ocrx_word' id='word_1_652' title='bbox 2440 4202 2708 4257; x_wconf 89' lang='lat' dir='ltr'><strong>Trinitate</strong></span> <span class='ocrx_word' id='word_1_653' title='bbox 2737 4217 2801 4255; x_wconf 81' lang='lat' dir='ltr'><strong>ex</strong></span> <span class='ocrx_word' id='word_1_654' title='bbox 2833 4198 2991 4253; x_wconf 82' lang='lat' dir='ltr'><strong>Filio.</strong></span> 
     </span>
    </p>
   </div>
   <div class='ocr_carea' id='block_1_89' title="bbox 2163 4287 3752 4368">
    <p class='ocr_par' dir='ltr' id='par_1_89' title="bbox 2163 4287 3752 4368">
     <span class='ocr_line' id='line_1_89' title="bbox 2163 4287 3752 4368; baseline -0.008 -14"><span class='ocrx_word' id='word_1_655' title='bbox 2163 4299 2295 4354; x_wconf 85' lang='lat' dir='ltr'><strong>item</strong></span> <span class='ocrx_word' id='word_1_656' title='bbox 2327 4296 2566 4368; x_wconf 88' lang='lat' dir='ltr'><strong>Spiritus</strong></span> <span class='ocrx_word' id='word_1_657' title='bbox 2591 4302 2817 4348; x_wconf 88' lang='lat' dir='ltr'><strong>sanctus</strong></span> <span class='ocrx_word' id='word_1_658' title='bbox 2866 4302 2949 4347; x_wconf 91' lang='lat' dir='ltr'><strong>est</strong></span> <span class='ocrx_word' id='word_1_659' title='bbox 2978 4306 3178 4346; x_wconf 91' lang='lat' dir='ltr'><strong>nomen</strong></span> <span class='ocrx_word' id='word_1_660' title='bbox 3225 4289 3541 4345; x_wconf 82' lang='lat' dir='ltr'><strong>relativum.</strong></span> <span class='ocrx_word' id='word_1_661' title='bbox 3573 4287 3669 4343; x_wconf 85' lang='lat' dir='ltr'><strong>Di-</strong></span> <span class='ocrx_word' id='word_1_662' title='bbox 3748 4327 3752 4331; x_wconf 65' lang='grc' dir='ltr'><strong>ς</strong></span> 
     </span>
    </p>
   </div>
   <div class='ocr_carea' id='block_1_90' title="bbox 2090 4379 3657 4455">
    <p class='ocr_par' dir='ltr' id='par_1_90' title="bbox 2090 4379 3657 4455">
     <span class='ocr_line' id='line_1_90' title="bbox 2090 4379 3657 4455; baseline -0.008 -9"><span class='ocrx_word' id='word_1_663' title='bbox 2090 4391 2235 4447; x_wconf 88' lang='lat' dir='ltr'><strong>citur</strong></span> <span class='ocrx_word' id='word_1_664' title='bbox 2262 4388 2406 4442; x_wconf 88' lang='lat' dir='ltr'><strong>enim</strong></span> <span class='ocrx_word' id='word_1_665' title='bbox 2436 4385 2676 4455; x_wconf 86' lang='lat' dir='ltr'><strong>Spiritus</strong></span> <span class='ocrx_word' id='word_1_666' title='bbox 2710 4384 2920 4445; x_wconf 76' lang='lat' dir='ltr'><strong>Patris,</strong></span> <span class='ocrx_word' id='word_1_667' title='bbox 2958 4382 3197 4451; x_wconf 88' lang='lat' dir='ltr'><strong>Spiritus</strong></span> <span class='ocrx_word' id='word_1_668' title='bbox 3230 4379 3394 4443; x_wconf 86' lang='lat' dir='ltr'><strong>Filii;</strong></span> <span class='ocrx_word' id='word_1_669' title='bbox 3429 4382 3473 4434; x_wconf 86' lang='lat' dir='ltr'><strong>si</strong></span> <span class='ocrx_word' id='word_1_670' title='bbox 3509 4381 3657 4434; x_wconf 88' lang='lat' dir='ltr'><strong>enim</strong></span> 
     </span>
    </p>
   </div>
   <div class='ocr_carea' id='block_1_91' title="bbox 405 4471 3666 4549">
    <p class='ocr_par' dir='ltr' id='par_1_91' title="bbox 405 4471 3666 4549">
     <span class='ocr_line' id='line_1_91' title="bbox 405 4471 3666 4549; baseline -0.005 -7"><span class='ocrx_word' id='word_1_671' title='bbox 405 4483 533 4541; x_wconf 87' lang='lat' dir='ltr'><strong>idco</strong></span> <span class='ocrx_word' id='word_1_672' title='bbox 560 4478 1048 4537; x_wconf 76' lang='lat' dir='ltr'><strong>consubsmnlialia</strong></span> <span class='ocrx_word' id='word_1_673' title='bbox 1081 4478 1183 4533; x_wconf 81' lang='lat' dir='ltr'><strong>sibi</strong></span> <span class='ocrx_word' id='word_1_674' title='bbox 1222 4476 1495 4547; x_wconf 77' lang='lat' dir='ltr'><strong>producit.</strong></span> <span class='ocrx_word' id='word_1_675' title='bbox 1539 4476 1593 4531; x_wconf 92' lang='lat' dir='ltr'><strong>Si</strong></span> <span class='ocrx_word' id='word_1_676' title='bbox 1627 4476 1793 4545; x_wconf 79' lang='lat' dir='ltr'><strong>igitur</strong></span> <span class='ocrx_word' id='word_1_677' title='bbox 1825 4475 1987 4530; x_wconf 80' lang='lat' dir='ltr'><strong>Pater</strong></span> <span class='ocrx_word' id='word_1_678' title='bbox 2018 4494 2062 4549; x_wconf 83' lang='grc' dir='ltr'><strong>ι)</strong></span> <span class='ocrx_word' id='word_1_679' title='bbox 2090 4473 3009 4539; x_wconf 82' lang='lat' dir='ltr'><strong>cssetabsolutum,nondiceretur</strong></span> <span class='ocrx_word' id='word_1_680' title='bbox 3024 4471 3503 4543; x_wconf 87' lang='lat' dir='ltr'><strong>alicujus.Nullum</strong></span> <span class='ocrx_word' id='word_1_681' title='bbox 3518 4471 3666 4526; x_wconf 88' lang='lat' dir='ltr'><strong>enim</strong></span> 
     </span>
    </p>
   </div>
   <div class='ocr_carea' id='block_1_92' title="bbox 405 4568 1984 4644">
    <p class='ocr_par' dir='ltr' id='par_1_92' title="bbox 405 4568 1984 4644">
     <span class='ocr_line' id='line_1_92' title="bbox 405 4568 1984 4644; baseline -0.009 -10"><span class='ocrx_word' id='word_1_682' title='bbox 405 4577 560 4634; x_wconf 86' lang='lat' dir='ltr'><strong>solus</strong></span> <span class='ocrx_word' id='word_1_683' title='bbox 592 4573 922 4644; x_wconf 88' lang='lat' dir='ltr'><strong>produceret</strong></span> <span class='ocrx_word' id='word_1_684' title='bbox 966 4569 1231 4639; x_wconf 89' lang='lat' dir='ltr'><strong>Spiritum</strong></span> <span class='ocrx_word' id='word_1_685' title='bbox 1276 4568 1580 4625; x_wconf 87' lang='lat' dir='ltr'><strong>secundum</strong></span> <span class='ocrx_word' id='word_1_686' title='bbox 1630 4581 1748 4633; x_wconf 89' lang='lat' dir='ltr'><strong>eos,</strong></span> <span class='ocrx_word' id='word_1_687' title='bbox 1788 4568 1881 4638; x_wconf 90' lang='lat' dir='ltr'><strong>qui</strong></span> <span class='ocrx_word' id='word_1_688' title='bbox 1912 4568 1984 4621; x_wconf 90' lang='lat' dir='ltr'><strong>ita</strong></span> 
     </span>
    </p>
   </div>
   <div class='ocr_carea' id='block_1_93' title="bbox 404 4660 1985 4734">
    <p class='ocr_par' dir='ltr' id='par_1_93' title="bbox 404 4660 1985 4734">
     <span class='ocr_line' id='line_1_93' title="bbox 404 4660 1985 4734; baseline -0.006 -9"><span class='ocrx_word' id='word_1_689' title='bbox 404 4675 679 4734; x_wconf 80' lang='lat' dir='ltr'><strong>asserunt,</strong></span> <span class='ocrx_word' id='word_1_690' title='bbox 714 4675 844 4721; x_wconf 91' lang='lat' dir='ltr'><strong>tunc</strong></span> <span class='ocrx_word' id='word_1_691' title='bbox 876 4663 1028 4719; x_wconf 89' lang='lat' dir='ltr'><strong>nulla</strong></span> <span class='ocrx_word' id='word_1_692' title='bbox 1070 4661 1353 4718; x_wconf 81' lang='lat' dir='ltr'><strong>distinctio</strong></span> <span class='ocrx_word' id='word_1_693' title='bbox 1390 4670 1536 4717; x_wconf 86' lang='lat' dir='ltr'><strong>esset</strong></span> <span class='ocrx_word' id='word_1_694' title='bbox 1561 4660 1684 4716; x_wconf 87' lang='lat' dir='ltr'><strong>Filii</strong></span> <span class='ocrx_word' id='word_1_695' title='bbox 1714 4677 1743 4715; x_wconf 89' lang='lat' dir='ltr'><strong>a</strong></span> <span class='ocrx_word' id='word_1_696' title='bbox 1776 4660 1985 4730; x_wconf 89' lang='lat' dir='ltr'><strong>Spiritu</strong></span> 
     </span>
    </p>
   </div>
   <div class='ocr_carea' id='block_1_94' title="bbox 405 4750 1986 4825">
    <p class='ocr_par' dir='ltr' id='par_1_94' title="bbox 405 4750 1986 4825">
     <span class='ocr_line' id='line_1_94' title="bbox 405 4750 1986 4825; baseline -0.007 -4"><span class='ocrx_word' id='word_1_697' title='bbox 405 4772 621 4825; x_wconf 86' lang='lat' dir='ltr'><strong>sancto,</strong></span> <span class='ocrx_word' id='word_1_698' title='bbox 650 4774 775 4816; x_wconf 89' lang='lat' dir='ltr'><strong>cum</strong></span> <span class='ocrx_word' id='word_1_699' title='bbox 810 4757 954 4812; x_wconf 86' lang='lat' dir='ltr'><strong>nulla</strong></span> <span class='ocrx_word' id='word_1_700' title='bbox 984 4756 1056 4812; x_wconf 89' lang='lat' dir='ltr'><strong>sit</strong></span> <span class='ocrx_word' id='word_1_701' title='bbox 1080 4750 1416 4821; x_wconf 81' lang='lat' dir='ltr'><strong>dlﬂ&#39;erentia,</strong></span> <span class='ocrx_word' id='word_1_702' title='bbox 1432 4770 1533 4810; x_wconf 90' lang='lat' dir='ltr'><strong>nec</strong></span> <span class='ocrx_word' id='word_1_703' title='bbox 1554 4754 1608 4808; x_wconf 91' lang='lat' dir='ltr'><strong>in</strong></span> <span class='ocrx_word' id='word_1_704' title='bbox 1644 4754 1986 4824; x_wconf 89' lang='lat' dir='ltr'><strong>producente</strong></span> 
     </span>
    </p>
   </div>
   <div class='ocr_carea' id='block_1_95' title="bbox 406 4846 1989 4926">
    <p class='ocr_par' dir='ltr' id='par_1_95' title="bbox 406 4846 1989 4926">
     <span class='ocr_line' id='line_1_95' title="bbox 406 4846 1989 4926; baseline -0.005 -17"><span class='ocrx_word' id='word_1_705' title='bbox 406 4855 576 4926; x_wconf 82' lang='lat' dir='ltr'><strong>(idem</strong></span> <span class='ocrx_word' id='word_1_706' title='bbox 605 4853 751 4908; x_wconf 88' lang='lat' dir='ltr'><strong>enim</strong></span> <span class='ocrx_word' id='word_1_707' title='bbox 778 4859 861 4907; x_wconf 91' lang='lat' dir='ltr'><strong>est</strong></span> <span class='ocrx_word' id='word_1_708' title='bbox 891 4849 1101 4918; x_wconf 88' lang='lat' dir='ltr'><strong>Pater),</strong></span> <span class='ocrx_word' id='word_1_709' title='bbox 1128 4863 1233 4903; x_wconf 90' lang='lat' dir='ltr'><strong>nec</strong></span> <span class='ocrx_word' id='word_1_710' title='bbox 1256 4847 1313 4904; x_wconf 89' lang='lat' dir='ltr'><strong>in</strong></span> <span class='ocrx_word' id='word_1_711' title='bbox 1342 4846 1540 4913; x_wconf 78' lang='lat' dir='ltr'><strong>forma,</strong></span> <span class='ocrx_word' id='word_1_712' title='bbox 1573 4861 1681 4916; x_wconf 88' lang='lat' dir='ltr'><strong>qua</strong></span> <span class='ocrx_word' id='word_1_713' title='bbox 1731 4848 1989 4917; x_wconf 88' lang='lat' dir='ltr'><strong>producit</strong></span> 
     </span>
    </p>
   </div>
   <div class='ocr_carea' id='block_1_96' title="bbox 406 4942 1985 5024">
    <p class='ocr_par' dir='ltr' id='par_1_96' title="bbox 406 4942 1985 5024">
     <span class='ocr_line' id='line_1_96' title="bbox 406 4942 1985 5024; baseline -0.007 -15"><span class='ocrx_word' id='word_1_714' title='bbox 406 4954 513 5024; x_wconf 87' lang='lat' dir='ltr'><strong>(est</strong></span> <span class='ocrx_word' id='word_1_715' title='bbox 541 4951 688 5007; x_wconf 90' lang='lat' dir='ltr'><strong>enim</strong></span> <span class='ocrx_word' id='word_1_716' title='bbox 714 4950 905 5005; x_wconf 81' lang='lat' dir='ltr'><strong>eadem</strong></span> <span class='ocrx_word' id='word_1_717' title='bbox 946 4947 1129 5003; x_wconf 63' lang='lat' dir='ltr'><strong>divina</strong></span> <span class='ocrx_word' id='word_1_718' title='bbox 1156 4944 1439 5013; x_wconf 83' lang='lat' dir='ltr'><strong>essentia),</strong></span> <span class='ocrx_word' id='word_1_719' title='bbox 1472 4959 1574 4999; x_wconf 87' lang='lat' dir='ltr'><strong>nec</strong></span> <span class='ocrx_word' id='word_1_720' title='bbox 1610 4944 1663 4998; x_wconf 91' lang='lat' dir='ltr'><strong>in</strong></span> <span class='ocrx_word' id='word_1_721' title='bbox 1694 4942 1829 5014; x_wconf 89' lang='lat' dir='ltr'><strong>ipsis</strong></span> <span class='ocrx_word' id='word_1_722' title='bbox 1862 4958 1985 5013; x_wconf 85' lang='lat' dir='ltr'><strong>pro-</strong></span> 
     </span>
    </p>
   </div>
   <div class='ocr_carea' id='block_1_97' title="bbox 405 5036 1988 5111">
    <p class='ocr_par' dir='ltr' id='par_1_97' title="bbox 405 5036 1988 5111">
     <span class='ocr_line' id='line_1_97' title="bbox 405 5036 1988 5111; baseline -0.008 -9"><span class='ocrx_word' id='word_1_723' title='bbox 405 5046 609 5108; x_wconf 85' lang='lat' dir='ltr'><strong>ductis,</strong></span> <span class='ocrx_word' id='word_1_724' title='bbox 641 5052 769 5099; x_wconf 90' lang='lat' dir='ltr'><strong>sunt</strong></span> <span class='ocrx_word' id='word_1_725' title='bbox 797 5043 943 5098; x_wconf 90' lang='lat' dir='ltr'><strong>enim</strong></span> <span class='ocrx_word' id='word_1_726' title='bbox 974 5039 1223 5111; x_wconf 85' lang='lat' dir='ltr'><strong>ejusdem</strong></span> <span class='ocrx_word' id='word_1_727' title='bbox 1274 5038 1464 5094; x_wconf 68' lang='lat' dir='ltr'><strong>formae</strong></span> <span class='ocrx_word' id='word_1_728' title='bbox 1504 5036 1666 5091; x_wconf 87' lang='lat' dir='ltr'><strong>unius</strong></span> <span class='ocrx_word' id='word_1_729' title='bbox 1728 5036 1988 5091; x_wconf 83' lang='lat' dir='ltr'><strong>videlicet</strong></span> 
     </span>
    </p>
   </div>
   <div class='ocr_carea' id='block_1_98' title="bbox 408 5127 1986 5200">
    <p class='ocr_par' dir='ltr' id='par_1_98' title="bbox 408 5127 1986 5200">
     <span class='ocr_line' id='line_1_98' title="bbox 408 5127 1986 5200; baseline -0.006 -9"><span class='ocrx_word' id='word_1_730' title='bbox 408 5147 465 5191; x_wconf 90' lang='lat' dir='ltr'><strong>et</strong></span> <span class='ocrx_word' id='word_1_731' title='bbox 487 5133 797 5191; x_wconf 89' lang='lat' dir='ltr'><strong>communis</strong></span> <span class='ocrx_word' id='word_1_732' title='bbox 832 5131 1172 5189; x_wconf 84' lang='lat' dir='ltr'><strong>divinitatis:</strong></span> <span class='ocrx_word' id='word_1_733' title='bbox 1208 5128 1510 5200; x_wconf 75' lang='lat' dir='ltr'><strong>prtesertim</strong></span> <span class='ocrx_word' id='word_1_734' title='bbox 1545 5141 1667 5182; x_wconf 89' lang='lat' dir='ltr'><strong>cum</strong></span> <span class='ocrx_word' id='word_1_735' title='bbox 1703 5127 1846 5181; x_wconf 86' lang='lat' dir='ltr'><strong>nulla</strong></span> <span class='ocrx_word' id='word_1_736' title='bbox 1877 5127 1986 5181; x_wconf 90' lang='lat' dir='ltr'><strong>illic</strong></span> 
     </span>
    </p>
   </div>
   <div class='ocr_carea' id='block_1_99' title="bbox 406 5217 1988 5295">
    <p class='ocr_par' dir='ltr' id='par_1_99' title="bbox 406 5217 1988 5295">
     <span class='ocr_line' id='line_1_99' title="bbox 406 5217 1988 5295; baseline -0.009 -10"><span class='ocrx_word' id='word_1_737' title='bbox 406 5227 637 5285; x_wconf 85' lang='lat' dir='ltr'><strong>materia</strong></span> <span class='ocrx_word' id='word_1_738' title='bbox 667 5226 761 5293; x_wconf 85' lang='lat' dir='ltr'><strong>sit,</strong></span> <span class='ocrx_word' id='word_1_739' title='bbox 789 5241 856 5280; x_wconf 88' lang='lat' dir='ltr'><strong>ex</strong></span> <span class='ocrx_word' id='word_1_740' title='bbox 884 5240 988 5295; x_wconf 88' lang='lat' dir='ltr'><strong>qua</strong></span> <span class='ocrx_word' id='word_1_741' title='bbox 1020 5221 1301 5279; x_wconf 88' lang='lat' dir='ltr'><strong>distinctio</strong></span> <span class='ocrx_word' id='word_1_742' title='bbox 1350 5220 1525 5277; x_wconf 87' lang='lat' dir='ltr'><strong>lieret.</strong></span> <span class='ocrx_word' id='word_1_743' title='bbox 1569 5217 1644 5275; x_wconf 84' lang='lat' dir='ltr'><strong>Ex</strong></span> <span class='ocrx_word' id='word_1_744' title='bbox 1675 5219 1875 5288; x_wconf 83' lang='lat' dir='ltr'><strong>quibus</strong></span> <span class='ocrx_word' id='word_1_745' title='bbox 1904 5233 1988 5272; x_wconf 55' lang='lat' dir='ltr'><strong>se-</strong></span> 
     </span>
    </p>
   </div>
   <div class='ocr_carea' id='block_1_100' title="bbox 407 5312 1987 5393">
    <p class='ocr_par' dir='ltr' id='par_1_100' title="bbox 407 5312 1987 5393">
     <span class='ocr_line' id='line_1_100' title="bbox 407 5312 1987 5393; baseline -0.006 -19"><span class='ocrx_word' id='word_1_746' title='bbox 407 5332 677 5393; x_wconf 89' lang='lat' dir='ltr'><strong>queretur</strong></span> <span class='ocrx_word' id='word_1_747' title='bbox 723 5320 929 5374; x_wconf 88' lang='lat' dir='ltr'><strong>nullam</strong></span> <span class='ocrx_word' id='word_1_748' title='bbox 968 5333 1091 5373; x_wconf 84' lang='lat' dir='ltr'><strong>esse</strong></span> <span class='ocrx_word' id='word_1_749' title='bbox 1138 5330 1331 5372; x_wconf 84' lang='lat' dir='ltr'><strong>eorum</strong></span> <span class='ocrx_word' id='word_1_750' title='bbox 1362 5312 1779 5369; x_wconf 87' lang='lat' dir='ltr'><strong>distinctionem</strong></span> <span class='ocrx_word' id='word_1_751' title='bbox 1815 5312 1879 5365; x_wconf 87' lang='lat' dir='ltr'><strong>ad</strong></span> <span class='ocrx_word' id='word_1_752' title='bbox 1914 5313 1987 5365; x_wconf 90' lang='lat' dir='ltr'><strong>in-</strong></span> 
     </span>
    </p>
   </div>
   <div class='ocr_carea' id='block_1_101' title="bbox 406 5405 1985 5486">
    <p class='ocr_par' dir='ltr' id='par_1_101' title="bbox 406 5405 1985 5486">
     <span class='ocr_line' id='line_1_101' title="bbox 406 5405 1985 5486; baseline -0.007 -18"><span class='ocrx_word' id='word_1_753' title='bbox 406 5415 614 5469; x_wconf 84' lang='lat' dir='ltr'><strong>vicem:</strong></span> <span class='ocrx_word' id='word_1_754' title='bbox 640 5413 993 5486; x_wconf 86' lang='lat' dir='ltr'><strong>restatigitur</strong></span> <span class='ocrx_word' id='word_1_755' title='bbox 1026 5422 1120 5466; x_wconf 84' lang='lat' dir='ltr'><strong>aut</strong></span> <span class='ocrx_word' id='word_1_756' title='bbox 1144 5408 1411 5479; x_wconf 88' lang='lat' dir='ltr'><strong>Spiritum</strong></span> <span class='ocrx_word' id='word_1_757' title='bbox 1444 5422 1562 5463; x_wconf 85' lang='lat' dir='ltr'><strong>esse</strong></span> <span class='ocrx_word' id='word_1_758' title='bbox 1596 5405 1717 5461; x_wconf 84' lang='lat' dir='ltr'><strong>Filii</strong></span> <span class='ocrx_word' id='word_1_759' title='bbox 1739 5420 1985 5467; x_wconf 82' lang='lat' dir='ltr'><strong>causam,</strong></span> 
     </span>
    </p>
   </div>
   <div class='ocr_carea' id='block_1_102' title="bbox 409 5495 1989 5576">
    <p class='ocr_par' dir='ltr' id='par_1_102' title="bbox 409 5495 1989 5576">
     <span class='ocr_line' id='line_1_102' title="bbox 409 5495 1989 5576; baseline -0.006 -17"><span class='ocrx_word' id='word_1_760' title='bbox 409 5514 504 5559; x_wconf 89' lang='lat' dir='ltr'><strong>aut</strong></span> <span class='ocrx_word' id='word_1_761' title='bbox 552 5503 749 5559; x_wconf 75' lang='lat' dir='ltr'><strong>Filium</strong></span> <span class='ocrx_word' id='word_1_762' title='bbox 801 5502 1040 5576; x_wconf 87' lang='lat' dir='ltr'><strong>Spiritus</strong></span> <span class='ocrx_word' id='word_1_763' title='bbox 1069 5543 1082 5563; x_wconf 96' lang='lat'><strong>,</strong></span> <span class='ocrx_word' id='word_1_764' title='bbox 1142 5497 1207 5554; x_wconf 88' lang='lat' dir='ltr'><strong>ad</strong></span> <span class='ocrx_word' id='word_1_765' title='bbox 1245 5499 1443 5554; x_wconf 84' lang='lat' dir='ltr'><strong>hoc&quot;ut</strong></span> <span class='ocrx_word' id='word_1_766' title='bbox 1483 5498 1555 5552; x_wconf 86' lang='lat' dir='ltr'><strong>sit</strong></span> <span class='ocrx_word' id='word_1_767' title='bbox 1586 5495 1887 5550; x_wconf 88' lang='lat' dir='ltr'><strong>distinctio.</strong></span> <span class='ocrx_word' id='word_1_768' title='bbox 1918 5495 1989 5550; x_wconf 84' lang='lat' dir='ltr'><strong>At</strong></span> 
     </span>
    </p>
   </div>
   <div class='ocr_carea' id='block_1_103' title="bbox 410 5590 1807 5669">
    <p class='ocr_par' dir='ltr' id='par_1_103' title="bbox 410 5590 1807 5669">
     <span class='ocr_line' id='line_1_103' title="bbox 410 5590 1807 5669; baseline -0.003 -21"><span class='ocrx_word' id='word_1_769' title='bbox 410 5597 647 5669; x_wconf 85' lang='lat' dir='ltr'><strong>primum</strong></span> <span class='ocrx_word' id='word_1_770' title='bbox 682 5612 788 5651; x_wconf 84' lang='lat' dir='ltr'><strong>non</strong></span> <span class='ocrx_word' id='word_1_771' title='bbox 826 5600 931 5657; x_wconf 80' lang='lat' dir='ltr'><strong>est,</strong></span> <span class='ocrx_word' id='word_1_772' title='bbox 960 5595 1127 5664; x_wconf 86' lang='lat' dir='ltr'><strong>igitur</strong></span> <span class='ocrx_word' id='word_1_773' title='bbox 1148 5590 1453 5647; x_wconf 84' lang='lat' dir='ltr'><strong>secundum</strong></span> <span class='ocrx_word' id='word_1_774' title='bbox 1478 5599 1564 5645; x_wconf 87' lang='lat' dir='ltr'><strong>est</strong></span> <span class='ocrx_word' id='word_1_775' title='bbox 1594 5602 1807 5644; x_wconf 85' lang='lat' dir='ltr'><strong>verum.</strong></span> 
     </span>
    </p>
   </div>
   <div class='ocr_carea' id='block_1_104' title="bbox 486 5678 1986 5751">
    <p class='ocr_par' dir='ltr' id='par_1_104' title="bbox 486 5678 1986 5751">
     <span class='ocr_line' id='line_1_104' title="bbox 486 5678 1986 5751; baseline -0.009 -6"><span class='ocrx_word' id='word_1_776' title='bbox 486 5689 616 5745; x_wconf 89' lang='lat' dir='ltr'><strong>Item</strong></span> <span class='ocrx_word' id='word_1_777' title='bbox 675 5690 813 5744; x_wconf 88' lang='lat' dir='ltr'><strong>mitti</strong></span> <span class='ocrx_word' id='word_1_778' title='bbox 872 5689 925 5742; x_wconf 91' lang='lat' dir='ltr'><strong>in</strong></span> <span class='ocrx_word' id='word_1_779' title='bbox 983 5686 1189 5741; x_wconf 85' lang='lat' dir='ltr'><strong>divinis</strong></span> <span class='ocrx_word' id='word_1_780' title='bbox 1238 5702 1268 5741; x_wconf 88' lang='lat' dir='ltr'><strong>a</strong></span> <span class='ocrx_word' id='word_1_781' title='bbox 1300 5702 1464 5741; x_wconf 87' lang='lat' dir='ltr'><strong>causa</strong></span> <span class='ocrx_word' id='word_1_782' title='bbox 1518 5698 1637 5738; x_wconf 85' lang='lat' dir='ltr'><strong>esse</strong></span> <span class='ocrx_word' id='word_1_783' title='bbox 1687 5678 1986 5751; x_wconf 78' lang='lat' dir='ltr'><strong>signiﬁcat,</strong></span> 
     </span>
    </p>
   </div>
   <div class='ocr_carea' id='block_1_105' title="bbox 416 5772 1985 5860">
    <p class='ocr_par' dir='ltr' id='par_1_105' title="bbox 416 5772 1985 5860">
     <span class='ocr_line' id='line_1_105' title="bbox 416 5772 1985 5860; baseline -0.009 -19"><span class='ocrx_word' id='word_1_784' title='bbox 416 5780 579 5860; x_wconf 84' lang='lat' dir='ltr'><strong>cujus</strong></span> <span class='ocrx_word' id='word_1_785' title='bbox 608 5782 764 5841; x_wconf 87' lang='lat' dir='ltr'><strong>testis</strong></span> <span class='ocrx_word' id='word_1_786' title='bbox 814 5778 1399 5840; x_wconf 79' lang='lat' dir='ltr'><strong>est~beatusJoannes</strong></span> <span class='ocrx_word' id='word_1_787' title='bbox 1449 5774 1879 5841; x_wconf 81' lang='lat' dir='ltr'><strong>Chrysostomus</strong></span> <span class='ocrx_word' id='word_1_788' title='bbox 1920 5772 1985 5828; x_wconf 89' lang='lat' dir='ltr'><strong>ad</strong></span> 
     </span>
    </p>
   </div>
   <div class='ocr_carea' id='block_1_106' title="bbox 2089 4564 3669 4637">
    <p class='ocr_par' dir='ltr' id='par_1_106' title="bbox 2089 4564 3669 4637">
     <span class='ocr_line' id='line_1_106' title="bbox 2089 4564 3669 4637; baseline -0.006 -10"><span class='ocrx_word' id='word_1_789' title='bbox 2089 4567 2749 4627; x_wconf 88' lang='lat' dir='ltr'><strong>absolutum-secundum</strong></span> <span class='ocrx_word' id='word_1_790' title='bbox 2781 4566 2930 4637; x_wconf 91' lang='lat' dir='ltr'><strong>quod</strong></span> <span class='ocrx_word' id='word_1_791' title='bbox 2979 4565 3322 4636; x_wconf 82' lang='lat' dir='ltr'><strong>signiﬁcatur</strong></span> <span class='ocrx_word' id='word_1_792' title='bbox 3366 4584 3396 4618; x_wconf 87' lang='lat' dir='ltr'><strong>a</strong></span> <span class='ocrx_word' id='word_1_793' title='bbox 3443 4564 3669 4618; x_wconf 89' lang='lat' dir='ltr'><strong>nomine</strong></span> 
     </span>
    </p>
   </div>
   <div class='ocr_carea' id='block_1_107' title="bbox 2090 4656 3671 4727">
    <p class='ocr_par' dir='ltr' id='par_1_107' title="bbox 2090 4656 3671 4727">
     <span class='ocr_line' id='line_1_107' title="bbox 2090 4656 3671 4727; baseline -0.005 -8"><span class='ocrx_word' id='word_1_794' title='bbox 2090 4664 2293 4719; x_wconf 82' lang='lat' dir='ltr'><strong>dicitur</strong></span> <span class='ocrx_word' id='word_1_795' title='bbox 2322 4662 2574 4726; x_wconf 87' lang='lat' dir='ltr'><strong>alterius,</strong></span> <span class='ocrx_word' id='word_1_796' title='bbox 2626 4660 2719 4716; x_wconf 89' lang='lat' dir='ltr'><strong>sed</strong></span> <span class='ocrx_word' id='word_1_797' title='bbox 2771 4658 3077 4715; x_wconf 91' lang='lat' dir='ltr'><strong>secundum</strong></span> <span class='ocrx_word' id='word_1_798' title='bbox 3111 4658 3353 4727; x_wconf 88' lang='lat' dir='ltr'><strong>aliquem</strong></span> <span class='ocrx_word' id='word_1_799' title='bbox 3385 4656 3551 4711; x_wconf 89' lang='lat' dir='ltr'><strong>alium</strong></span> <span class='ocrx_word' id='word_1_800' title='bbox 3582 4673 3671 4711; x_wconf 79' lang='lat' dir='ltr'><strong>re-</strong></span> 
     </span>
    </p>
   </div>
   <div class='ocr_carea' id='block_1_108' title="bbox 2091 4747 3670 4829">
    <p class='ocr_par' dir='ltr' id='par_1_108' title="bbox 2091 4747 3670 4829">
     <span class='ocr_line' id='line_1_108' title="bbox 2091 4747 3670 4829; baseline -0.009 -14"><span class='ocrx_word' id='word_1_801' title='bbox 2091 4768 2341 4829; x_wconf 87' lang='lat' dir='ltr'><strong>spectum</strong></span> <span class='ocrx_word' id='word_1_802' title='bbox 2378 4753 2883 4825; x_wconf 82' lang='lat' dir='ltr'><strong>:quemadmodum</strong></span> <span class='ocrx_word' id='word_1_803' title='bbox 2913 4752 3114 4814; x_wconf 87' lang='lat' dir='ltr'><strong>homo,</strong></span> <span class='ocrx_word' id='word_1_804' title='bbox 3152 4764 3277 4804; x_wconf 91' lang='lat' dir='ltr'><strong>cum</strong></span> <span class='ocrx_word' id='word_1_805' title='bbox 3325 4748 3396 4803; x_wconf 88' lang='lat' dir='ltr'><strong>sit</strong></span> <span class='ocrx_word' id='word_1_806' title='bbox 3446 4747 3670 4802; x_wconf 87' lang='lat' dir='ltr'><strong>absolu-</strong></span> 
     </span>
    </p>
   </div>
   <div class='ocr_carea' id='block_1_109' title="bbox 2093 4839 3665 4913">
    <p class='ocr_par' dir='ltr' id='par_1_109' title="bbox 2093 4839 3665 4913">
     <span class='ocr_line' id='line_1_109' title="bbox 2093 4839 3665 4913; baseline -0.006 -9"><span class='ocrx_word' id='word_1_807' title='bbox 2093 4859 2229 4911; x_wconf 83' lang='lat' dir='ltr'><strong>tum.</strong></span> <span class='ocrx_word' id='word_1_808' title='bbox 2265 4864 2374 4902; x_wconf 90' lang='lat' dir='ltr'><strong>non</strong></span> <span class='ocrx_word' id='word_1_809' title='bbox 2405 4846 2610 4901; x_wconf 86' lang='lat' dir='ltr'><strong>dicitur</strong></span> <span class='ocrx_word' id='word_1_810' title='bbox 2648 4846 2884 4913; x_wconf 88' lang='lat' dir='ltr'><strong>alicujus</strong></span> <span class='ocrx_word' id='word_1_811' title='bbox 2909 4843 3093 4904; x_wconf 86' lang='lat' dir='ltr'><strong>homo,</strong></span> <span class='ocrx_word' id='word_1_812' title='bbox 3124 4842 3220 4895; x_wconf 86' lang='lat' dir='ltr'><strong>sed</strong></span> <span class='ocrx_word' id='word_1_813' title='bbox 3248 4839 3391 4909; x_wconf 85' lang='lat' dir='ltr'><strong>quod</strong></span> <span class='ocrx_word' id='word_1_814' title='bbox 3447 4854 3665 4900; x_wconf 83' lang='lat' dir='ltr'><strong>servus,</strong></span> 
     </span>
    </p>
   </div>
   <div class='ocr_carea' id='block_1_110' title="bbox 2092 4929 3662 5005">
    <p class='ocr_par' dir='ltr' id='par_1_110' title="bbox 2092 4929 3662 5005">
     <span class='ocr_line' id='line_1_110' title="bbox 2092 4929 3662 5005; baseline -0.008 -11"><span class='ocrx_word' id='word_1_815' title='bbox 2092 4942 2177 4996; x_wconf 88' lang='lat' dir='ltr'><strong>vel</strong></span> <span class='ocrx_word' id='word_1_816' title='bbox 2230 4938 2439 4995; x_wconf 86' lang='lat' dir='ltr'><strong>Filius:</strong></span> <span class='ocrx_word' id='word_1_817' title='bbox 2504 4938 2596 4993; x_wconf 86' lang='lat' dir='ltr'><strong>sed</strong></span> <span class='ocrx_word' id='word_1_818' title='bbox 2635 4937 2877 5005; x_wconf 89' lang='lat' dir='ltr'><strong>Spiritus</strong></span> <span class='ocrx_word' id='word_1_819' title='bbox 2940 4931 3242 4989; x_wconf 89' lang='lat' dir='ltr'><strong>secundum</strong></span> <span class='ocrx_word' id='word_1_820' title='bbox 3296 4929 3662 5001; x_wconf 76' lang='lat' dir='ltr'><strong>signiﬁcatum</strong></span> 
     </span>
    </p>
   </div>
   <div class='ocr_carea' id='block_1_111' title="bbox 2090 5020 3669 5102">
    <p class='ocr_par' dir='ltr' id='par_1_111' title="bbox 2090 5020 3669 5102">
     <span class='ocr_line' id='line_1_111' title="bbox 2090 5020 3669 5102; baseline -0.008 -17"><span class='ocrx_word' id='word_1_821' title='bbox 2090 5033 2254 5102; x_wconf 84' lang='lat' dir='ltr'><strong>hujus</strong></span> <span class='ocrx_word' id='word_1_822' title='bbox 2283 5030 2520 5085; x_wconf 88' lang='lat' dir='ltr'><strong>nominis</strong></span> <span class='ocrx_word' id='word_1_823' title='bbox 2548 5026 2785 5098; x_wconf 86' lang='lat' dir='ltr'><strong>Spiritus</strong></span> <span class='ocrx_word' id='word_1_824' title='bbox 2814 5028 3017 5082; x_wconf 87' lang='lat' dir='ltr'><strong>dicitur</strong></span> <span class='ocrx_word' id='word_1_825' title='bbox 3044 5024 3288 5093; x_wconf 81' lang='lat' dir='ltr'><strong>Spiritus</strong></span> <span class='ocrx_word' id='word_1_826' title='bbox 3306 5020 3450 5087; x_wconf 81' lang='lat' dir='ltr'><strong>Filii,</strong></span> <span class='ocrx_word' id='word_1_827' title='bbox 3475 5036 3669 5091; x_wconf 87' lang='lat' dir='ltr'><strong>quem-</strong></span> 
     </span>
    </p>
   </div>
   <div class='ocr_carea' id='block_1_112' title="bbox 2090 5116 3663 5187">
    <p class='ocr_par' dir='ltr' id='par_1_112' title="bbox 2090 5116 3663 5187">
     <span class='ocr_line' id='line_1_112' title="bbox 2090 5116 3663 5187; baseline -0.007 -8"><span class='ocrx_word' id='word_1_828' title='bbox 2090 5123 2387 5179; x_wconf 85' lang='lat' dir='ltr'><strong>admodum</strong></span> <span class='ocrx_word' id='word_1_829' title='bbox 2423 5130 2479 5176; x_wconf 86' lang='lat' dir='ltr'><strong>et</strong></span> <span class='ocrx_word' id='word_1_830' title='bbox 2510 5122 2703 5175; x_wconf 82' lang='lat' dir='ltr'><strong>Patris.</strong></span> <span class='ocrx_word' id='word_1_831' title='bbox 2737 5119 2838 5176; x_wconf 87' lang='lat' dir='ltr'><strong>Est</strong></span> <span class='ocrx_word' id='word_1_832' title='bbox 2879 5118 3043 5187; x_wconf 84' lang='lat' dir='ltr'><strong>igitur</strong></span> <span class='ocrx_word' id='word_1_833' title='bbox 3096 5116 3416 5178; x_wconf 86' lang='lat' dir='ltr'><strong>relativum,</strong></span> <span class='ocrx_word' id='word_1_834' title='bbox 3447 5124 3502 5168; x_wconf 88' lang='lat' dir='ltr'><strong>et</strong></span> <span class='ocrx_word' id='word_1_835' title='bbox 3530 5128 3663 5169; x_wconf 85' lang='lat' dir='ltr'><strong>con-</strong></span> 
     </span>
    </p>
   </div>
   <div class='ocr_carea' id='block_1_113' title="bbox 2087 5206 3664 5289">
    <p class='ocr_par' dir='ltr' id='par_1_113' title="bbox 2087 5206 3664 5289">
     <span class='ocr_line' id='line_1_113' title="bbox 2087 5206 3664 5289; baseline -0.008 -15"><span class='ocrx_word' id='word_1_836' title='bbox 2087 5225 2384 5289; x_wconf 86' lang='lat' dir='ltr'><strong>sequenter</strong></span> <span class='ocrx_word' id='word_1_837' title='bbox 2414 5214 2650 5269; x_wconf 82' lang='lat' dir='ltr'><strong>refertur</strong></span> <span class='ocrx_word' id='word_1_838' title='bbox 2682 5213 2749 5265; x_wconf 89' lang='lat' dir='ltr'><strong>ad</strong></span> <span class='ocrx_word' id='word_1_839' title='bbox 2786 5211 3108 5281; x_wconf 86' lang='lat' dir='ltr'><strong>spirantem.</strong></span> <span class='ocrx_word' id='word_1_840' title='bbox 3137 5208 3240 5262; x_wconf 82' lang='lat' dir='ltr'><strong>Est</strong></span> <span class='ocrx_word' id='word_1_841' title='bbox 3279 5208 3450 5277; x_wconf 85' lang='lat' dir='ltr'><strong>igitur</strong></span> <span class='ocrx_word' id='word_1_842' title='bbox 3481 5206 3664 5276; x_wconf 82' lang='lat' dir='ltr'><strong>Spiri-</strong></span> 
     </span>
    </p>
   </div>
   <div class='ocr_carea' id='block_1_114' title="bbox 2093 5301 3666 5373">
    <p class='ocr_par' dir='ltr' id='par_1_114' title="bbox 2093 5301 3666 5373">
     <span class='ocr_line' id='line_1_114' title="bbox 2093 5301 3666 5373; baseline -0.006 -9"><span class='ocrx_word' id='word_1_843' title='bbox 2093 5319 2180 5364; x_wconf 88' lang='lat' dir='ltr'><strong>tus</strong></span> <span class='ocrx_word' id='word_1_844' title='bbox 2235 5308 2412 5363; x_wconf 87' lang='lat' dir='ltr'><strong>Patris</strong></span> <span class='ocrx_word' id='word_1_845' title='bbox 2466 5314 2521 5359; x_wconf 88' lang='lat' dir='ltr'><strong>et</strong></span> <span class='ocrx_word' id='word_1_846' title='bbox 2602 5302 2735 5357; x_wconf 76' lang='lat' dir='ltr'><strong>Filii</strong></span> <span class='ocrx_word' id='word_1_847' title='bbox 2788 5312 3044 5373; x_wconf 83' lang='lat' dir='ltr'><strong>tanquam</strong></span> <span class='ocrx_word' id='word_1_848' title='bbox 3102 5316 3131 5355; x_wconf 86' lang='lat' dir='ltr'><strong>a</strong></span> <span class='ocrx_word' id='word_1_849' title='bbox 3207 5301 3548 5371; x_wconf 83' lang='lat' dir='ltr'><strong>spirantibus</strong></span> <span class='ocrx_word' id='word_1_850' title='bbox 3605 5309 3666 5357; x_wconf 86' lang='lat' dir='ltr'><strong>et</strong></span> 
     </span>
    </p>
   </div>
   <div class='ocr_carea' id='block_1_115' title="bbox 2092 5392 3663 5474">
    <p class='ocr_par' dir='ltr' id='par_1_115' title="bbox 2092 5392 3663 5474">
     <span class='ocr_line' id='line_1_115' title="bbox 2092 5392 3663 5474; baseline -0.008 -15"><span class='ocrx_word' id='word_1_851' title='bbox 2092 5400 2527 5474; x_wconf 89' lang='lat' dir='ltr'><strong>producentibus</strong></span> <span class='ocrx_word' id='word_1_852' title='bbox 2582 5394 2756 5452; x_wconf 89' lang='lat' dir='ltr'><strong>illum.</strong></span> <span class='ocrx_word' id='word_1_853' title='bbox 2796 5395 2954 5463; x_wconf 86' lang='lat' dir='ltr'><strong>Quod</strong></span> <span class='ocrx_word' id='word_1_854' title='bbox 3019 5394 3065 5452; x_wconf 89' lang='lat' dir='ltr'><strong>si</strong></span> <span class='ocrx_word' id='word_1_855' title='bbox 3130 5394 3255 5464; x_wconf 91' lang='lat' dir='ltr'><strong>quis</strong></span> <span class='ocrx_word' id='word_1_856' title='bbox 3310 5393 3479 5455; x_wconf 85' lang='lat' dir='ltr'><strong>dicat,</strong></span> <span class='ocrx_word' id='word_1_857' title='bbox 3537 5392 3663 5447; x_wconf 88' lang='lat' dir='ltr'><strong>ideo</strong></span> 
     </span>
    </p>
   </div>
   <div class='ocr_carea' id='block_1_116' title="bbox 2089 5483 3663 5562">
    <p class='ocr_par' dir='ltr' id='par_1_116' title="bbox 2089 5483 3663 5562">
     <span class='ocr_line' id='line_1_116' title="bbox 2089 5483 3663 5562; baseline -0.006 -14"><span class='ocrx_word' id='word_1_858' title='bbox 2089 5493 2294 5548; x_wconf 87' lang='lat' dir='ltr'><strong>dicitur</strong></span> <span class='ocrx_word' id='word_1_859' title='bbox 2349 5491 2590 5562; x_wconf 87' lang='lat' dir='ltr'><strong>Spiritus</strong></span> <span class='ocrx_word' id='word_1_860' title='bbox 2642 5487 2792 5551; x_wconf 82' lang='lat' dir='ltr'><strong>Filii,</strong></span> <span class='ocrx_word' id='word_1_861' title='bbox 2828 5486 2956 5557; x_wconf 88' lang='lat' dir='ltr'><strong>quia</strong></span> <span class='ocrx_word' id='word_1_862' title='bbox 2996 5500 3061 5540; x_wconf 83' lang='lat' dir='ltr'><strong>ex</strong></span> <span class='ocrx_word' id='word_1_863' title='bbox 3109 5500 3176 5540; x_wconf 89' lang='lat' dir='ltr'><strong>eo</strong></span> <span class='ocrx_word' id='word_1_864' title='bbox 3232 5483 3493 5547; x_wconf 90' lang='lat' dir='ltr'><strong>mittitur,</strong></span> <span class='ocrx_word' id='word_1_865' title='bbox 3528 5483 3663 5538; x_wconf 77' lang='lat' dir='ltr'><strong>falsa</strong></span> 
     </span>
    </p>
   </div>
   <div class='ocr_carea' id='block_1_117' title="bbox 2094 5574 3661 5647">
    <p class='ocr_par' dir='ltr' id='par_1_117' title="bbox 2094 5574 3661 5647">
     <span class='ocr_line' id='line_1_117' title="bbox 2094 5574 3661 5647; baseline -0.009 -8"><span class='ocrx_word' id='word_1_866' title='bbox 2094 5585 2235 5639; x_wconf 83' lang='lat' dir='ltr'><strong>ratio</strong></span> <span class='ocrx_word' id='word_1_867' title='bbox 2266 5592 2371 5647; x_wconf 85' lang='lat' dir='ltr'><strong>est,</strong></span> <span class='ocrx_word' id='word_1_868' title='bbox 2403 5593 2436 5635; x_wconf 84' lang='lat' dir='ltr'><strong>e</strong></span> <span class='ocrx_word' id='word_1_869' title='bbox 2465 5594 2735 5637; x_wconf 76' lang='lat' dir='ltr'><strong>converso</strong></span> <span class='ocrx_word' id='word_1_870' title='bbox 2793 5591 3028 5647; x_wconf 90' lang='lat' dir='ltr'><strong>namque</strong></span> <span class='ocrx_word' id='word_1_871' title='bbox 3055 5575 3185 5647; x_wconf 89' lang='lat' dir='ltr'><strong>quia</strong></span> <span class='ocrx_word' id='word_1_872' title='bbox 3237 5576 3358 5646; x_wconf 89' lang='lat' dir='ltr'><strong>ejus</strong></span> <span class='ocrx_word' id='word_1_873' title='bbox 3389 5581 3496 5637; x_wconf 87' lang='lat' dir='ltr'><strong>est,</strong></span> <span class='ocrx_word' id='word_1_874' title='bbox 3536 5574 3661 5626; x_wconf 85' lang='lat' dir='ltr'><strong>mit-</strong></span> 
     </span>
    </p>
   </div>
   <div class='ocr_carea' id='block_1_118' title="bbox 2092 5667 3658 5743">
    <p class='ocr_par' dir='ltr' id='par_1_118' title="bbox 2092 5667 3658 5743">
     <span class='ocr_line' id='line_1_118' title="bbox 2092 5667 3658 5743; baseline -0.007 -14"><span class='ocrx_word' id='word_1_875' title='bbox 2092 5675 2227 5731; x_wconf 90' lang='lat' dir='ltr'><strong>titur</strong></span> <span class='ocrx_word' id='word_1_876' title='bbox 2252 5692 2316 5729; x_wconf 65' lang='grc' dir='ltr'><strong>εχ</strong></span> <span class='ocrx_word' id='word_1_877' title='bbox 2349 5689 2439 5736; x_wconf 83' lang='lat' dir='ltr'><strong>eo,</strong></span> <span class='ocrx_word' id='word_1_878' title='bbox 2475 5672 2659 5743; x_wconf 84' lang='lat' dir='ltr'><strong>priora</strong></span> <span class='ocrx_word' id='word_1_879' title='bbox 2712 5672 2859 5725; x_wconf 91' lang='lat' dir='ltr'><strong>enim</strong></span> <span class='ocrx_word' id='word_1_880' title='bbox 2903 5679 3033 5723; x_wconf 91' lang='lat' dir='ltr'><strong>sunt</strong></span> <span class='ocrx_word' id='word_1_881' title='bbox 3071 5684 3234 5725; x_wconf 89' lang='lat' dir='ltr'><strong>causa</strong></span> <span class='ocrx_word' id='word_1_882' title='bbox 3265 5667 3658 5737; x_wconf 89' lang='lat' dir='ltr'><strong>posteriorum.</strong></span> 
     </span>
    </p>
   </div>
   <div class='ocr_carea' id='block_1_119' title="bbox 2093 5754 3659 5835">
    <p class='ocr_par' dir='ltr' id='par_1_119' title="bbox 2093 5754 3659 5835">
     <span class='ocr_line' id='line_1_119' title="bbox 2093 5754 3659 5835; baseline -0.01 -8"><span class='ocrx_word' id='word_1_883' title='bbox 2093 5768 2253 5827; x_wconf 85' lang='lat' dir='ltr'><strong>Prius</strong></span> <span class='ocrx_word' id='word_1_884' title='bbox 2290 5775 2474 5822; x_wconf 88' lang='lat' dir='ltr'><strong>autem</strong></span> <span class='ocrx_word' id='word_1_885' title='bbox 2510 5775 2593 5821; x_wconf 86' lang='lat' dir='ltr'><strong>est</strong></span> <span class='ocrx_word' id='word_1_886' title='bbox 2646 5760 2790 5834; x_wconf 88' lang='lat' dir='ltr'><strong>quod</strong></span> <span class='ocrx_word' id='word_1_887' title='bbox 2840 5761 3080 5835; x_wconf 88' lang='lat' dir='ltr'><strong>Spiritus</strong></span> <span class='ocrx_word' id='word_1_888' title='bbox 3122 5760 3193 5817; x_wconf 90' lang='lat' dir='ltr'><strong>sit</strong></span> <span class='ocrx_word' id='word_1_889' title='bbox 3226 5757 3465 5829; x_wconf 86' lang='lat' dir='ltr'><strong>Spiritus</strong></span> <span class='ocrx_word' id='word_1_890' title='bbox 3510 5754 3659 5827; x_wconf 79' lang='lat' dir='ltr'><strong>Filii,</strong></span> 
     </span>
    </p>
   </div>
  </div>
