4062 6146
519 237 626 305 435

1489 244 1992 308 BESSARIONlS
2029 249 2084 306 S.
2130 246 2197 311 li.
2229 250 2294 314 E.
2338 250 2796 314 CARDINALIS

3661 242 3762 319 £36

520 355 795 425 posterius
844 371 972 411 vero
1025 356 1175 424 quod
1223 359 1473 414 mittatur
1505 360 1575 416 ab
1629 375 1716 416 eo.
1754 360 1881 417 Sive
1947 361 2092 414 enim
2129 357 2284 425 Aer;
2350 361 2444 416 sed
2488 361 2664 431 ipsum
2716 360 2847 417 dare
2881 361 2933 416 iu
2970 358 3170 416 divinis
3216 359 3467 433 personis
3500 361 3768 435 signiﬁcat

520 448 682 504 istam
724 456 1131 519 temporaucam
1161 451 1490 510 missionem
1525 451 1676 509 dicas
1708 451 2002 524 posterior,
2041 461 2095 508 et

519 542 727 624 absque
758 537 926 597 dubio
959 556 1270 615 quanquam
1324 543 1395 600 sit
1425 546 1544 616 ejus
1592 546 1868 618 Spiritus:
1925 546 2098 616 siqui-

519 631 642 692 dem
678 625 782 694 hoc
804 637 1070 694 aeternum
1113 649 1196 694 est
1231 654 1390 709 ;sxve
1444 651 1710 697 aeternam
1770 642 2094 697 missionem

521 731 815 800 intelligas,
850 732 955 786 hoc
995 731 1162 788 etiam
1205 732 1367 788 modo
1415 743 1599 789 mente
1633 732 2094 806 pra-intelligitur,

519 818 666 892 quod
702 820 945 894 Spiritus
977 824 1047 878 sit
1081 823 1322 894 Spiritus
1351 818 1476 880 Filii
1503 842 1518 878 :
1546 826 1677 896 quia
1707 837 1830 883 exse
1869 828 2094 898 quidem
2135 850 2141 852 -

523 915 788 983 Spiritum
820 914 945 970 Filii
991 915 1258 984 Spiritum
1317 919 1627 990 intelligere
1673 927 1732 974 ut
1777 920 2004 987 habere,
2041 930 2098 976 ct

522 1009 739 1062 mittere
771 1025 901 1064 vero
924 1017 983 1064 ut
1014 1009 1178 1078 dare;
1215 1011 1416 1066 habere
1442 1024 1623 1067 autem
1661 1014 2097 1086 praeintclligilur

521 1101 677 1170 prius
706 1115 868 1166 quam
902 1100 1054 1157 dare.
1082 1101 1264 1169 Quare
1295 1117 1392 1174 pro
1415 1104 1577 1160 nobis
1611 1104 1726 1161 inec
1767 1103 1906 1161 ratio
1946 1106 2096 1166 facit.

519 1189 659 1256 Quia
687 1189 834 1246 enim
869 1200 1062 1247 natura
1116 1198 1202 1249 est
1240 1194 1359 1265 ejus
1409 1193 1670 1264 Spiritus,
1716 1207 1909 1254 natura
1944 1200 2098 1254 illum

522 1285 694 1360 mittit
722 1299 737 1339 :
772 1286 1053 1355 processio
1081 1301 1210 1342 vero
1237 1288 1505 1344 naturalis
1530 1289 1586 1343 lu
1620 1290 1822 1346 divinis
1851 1305 1971 1347 cutn
2005 1298 2099 1348 aut

521 1391 621 1447 per
664 1379 1112 1448 generationem.
1159 1389 1253 1436 aut
1294 1396 1392 1450 per
1444 1382 1797 1450 spirationcm
1857 1385 1945 1450 sit,
1985 1384 2100 1441 hmo

523 1475 708 1533 autem
745 1480 852 1520 non
883 1467 953 1548 sit
989 1483 1085 1538 per
1115 1469 1552 1539 generationem,
1594 1474 1926 1544 relinquitur
1952 1476 2096 1546 quod

529 1566 614 1612 est
640 1575 736 1629 per
768 1560 1148 1630 spirationem.
1181 1562 1366 1621 Missio
1395 1565 1563 1638 igitur
1591 1585 1656 1622 ex
1690 1568 1826 1624 Filio
1865 1569 2101 1640 Spiritus

524 1662 608 1708 est
627 1654 746 1723 ejus
771 1654 838 1708 ab
879 1671 944 1710 eo
967 1652 1224 1726 spiratio.

2199 449 2344 504 idem
2392 451 2536 520 quod
2571 453 2894 522 producere.
2929 453 3351 532 Chrysostomus
3387 447 3602 509 etenim
3636 452 3765 508 illud

2198 544 2568 612 evangelicum
2599 560 2881 614 exponens
2905 543 3123 606 :_0mne
3154 539 3410 615 judicium
3439 536 3580 599 dedit
3615 537 3769 610 Filio,

2199 635 2307 690 ait:
2342 635 2408 690 Et
2441 644 2498 690 ut
2526 635 2724 700 discas,
2752 635 2897 707 quod
2946 637 3096 693 dedit
3133 637 3272 692 idem
3318 650 3440 691 esse
3475 647 3645 708 atque
3687 631 3772 707 ge-

2201 727 2434 795 neravit,
2463 724 2590 782 audi
2623 728 2756 786 alias
2790 728 3166 796 auctoritates,
3205 743 3271 784 ex
3307 729 3508 799 quibus
3551 729 3653 783 hoc
3698 727 3771 782 si-

2201 816 2422 890 gniﬁcat
2451 838 2466 876 :
2495 820 2944 888 Quemadmodum
2977 823 3122 878 enim
3162 821 3327 879 Pater
3351 823 3502 878 habet
3525 825 3685 876 vitam
3718 823 3773 876 in

2198 917 2491 979 semetipso,
2523 917 2602 970 ita
2647 913 2787 969 dedit
2822 915 2955 972 Fiiio
2975 917 3135 973 vitam
3168 917 3356 971 habere
3384 917 3440 971 in
3477 917 3772 986 semetipso.

2200 1008 2338 1075 Quid
2375 1006 2539 1076 igitur
2568 1010 2745 1079 primo
2763 1009 2953 1080 genuit
3007 1025 3164 1076 eum,
3201 1020 3257 1067 et
3308 1005 3506 1067 deinde
3538 1007 3691 1071 dedit
3719 1010 3773 1064 ei

2199 1103 2403 1158 Vitam?
2430 1119 2560 1174 ergo
2606 1105 2811 1176 absque
2844 1104 2956 1160 vita
2987 1105 3208 1175 genitus
3247 1111 3351 1159 est.
3398 1099 3506 1169 Sed
3531 1099 3640 1158 hoc
3669 1111 3772 1159 nec

2211 1194 2488 1250 dzcmnncs
2514 1196 2738 1266 quidem
2784 1197 2989 1262 dicent,
3023 1213 3132 1255 una
3160 1197 3305 1256 enim
3341 1211 3466 1257 cum
3495 1195 3776 1266 impietate

2201 1307 2395 1362 magna
2418 1293 2580 1347 etiam
2614 1288 2920 1361 ignorantia
2945 1297 3090 1346 esset
3122 1289 3226 1347 lwe
3265 1290 3471 1346 dicere.
3499 1289 3773 1354 Quemad-

2204 1385 2427 1440 modum
2447 1380 2632 1457 igitur,
2657 1379 2812 1440 Dedit
2834 1384 2884 1439 ei
2910 1383 3096 1450 vitam,
3125 1392 3226 1454 pro
3255 1393 3321 1442 eo
3355 1382 3497 1453 quod
3518 1381 3776 1455 genuerit

2201 1493 2328 1534 eum
2352 1477 2520 1531 vitam
2566 1477 2977 1550 intelligendum
3003 1484 3118 1540 est;
3170 1476 3243 1531 ita
3272 1481 3328 1531 et
3361 1473 3514 1542 illud,
3545 1473 3704 1534 Dedit
3727 1475 3777 1530 ei

2197 1565 2489 1639 judicium,
2530 1581 2630 1639 pro
2673 1581 2740 1622 eo
2793 1565 2938 1637 quod
2985 1563 3223 1634 judicem
3263 1581 3387 1621 eum
3421 1568 3635 1637 genuit,
3687 1575 3779 1622 ca-

2205 1659 2463 1730 piendum
2496 1670 2601 1714 est.
2642 1657 2916 1716 Similiter
2956 1659 3123 1732 igitur
3156 1673 3280 1715 cum
3315 1659 3486 1714 Filius
3533 1658 3627 1714 det
3656 1650 3776 1728 Spia

595 1745 730 1802 ltem
770 1744 1009 1818 Spiritus
1029 1761 1249 1806 sanctus
1293 1753 1490 1824 accipit
1533 1769 1564 1812 ο
1599 1753 1759 1813 Filio.
1797 1757 1899 1813 Hic
1924 1754 2094 1824 enim,
2131 1733 2173 1798 ⁸
2205 1751 2332 1805 ritui
2361 1749 2724 1825 sapientiam,
2767 1747 3019 1819 producit
3059 1749 3216 1810 illum
3262 1747 3618 1820 sapientiam;
3653 1761 3774 1804 0858

524 1837 622 1900 ait,
675 1855 739 1892 ex
765 1857 878 1895 meo
930 1845 1189 1914 accipiet;
1221 1848 1365 1916 quod
1397 1859 1576 1903 autent
1611 1852 1810 1920 accipit
1863 1866 1945 1908 est
1980 1855 2100 1925 ejus

522 1933 793 2000 essentia;
832 1950 934 1991 nec
984 1939 1131 1991 enim
1166 1947 1246 1993 est
1276 1939 1422 1994 aliud
1481 1940 1619 2008 ipse,
1668 1943 1817 1998 aliud
1863 1947 1979 2017 ejus
2010 1962 2099 2002 es-

523 2027 720 2089 sentia,
745 2036 888 2081 esset
911 2028 1059 2082 enim
1092 2031 1481 2098 compositum.
1510 2033 1644 2089 Cum
1689 2036 1854 2106 igitur
1883 2053 2098 2095 summe

523 2115 756 2187 simplex
787 2120 881 2184 sit,
903 2123 1195 2176 essentiam
1230 2139 1380 2179 suam
1403 2133 1595 2182 etesse
1625 2130 1822 2198 accipit
1847 2147 1912 2186 ex
1937 2126 2094 2188 Filio.

524 2203 640 2263 lloc
673 2210 821 2265 enim
860 2213 1009 2283 quod
1049 2213 1204 2282 dicit,
1243 2215 1324 2270 Ea:
1353 2229 1464 2271 meo
1495 2218 1734 2289 accipiet,
1774 2239 1881 2277 non
1911 2237 2100 2295 quem-

521 2303 818 2358 admodum
844 2306 1010 2375 aliqui
1046 2315 1320 2378 putantcx
1347 2325 1467 2366 meo
1495 2311 1650 2368 Patre
1675 2313 2096 2385 intelligendum

517 2408 641 2467 est;
684 2401 864 2474 primo
888 2402 1017 2472 quia
1049 2403 1163 2458 inec
1195 2404 1405 2463 locutio
1449 2422 1626 2478 neque
1658 2407 1841 2465 Graeca
1872 2451 1886 2475 ,
1921 2397 2099 2482 neque

524 2488 714 2546 Latina
744 2482 850 2548 est.
886 2492 1020 2548 Nam
1050 2494 1092 2548 si
1119 2509 1244 2550 cum
1277 2496 1503 2566 dicitur,
1549 2497 1631 2554 Ea:
1665 2517 1802 2567 meo,
1827 2503 2100 2565 subiutel:

522 2582 803 2654 ligendqu
867 2595 1010 2641 essm
1045 2586 1227 2650 Patre.
1288 2589 1390 2644 hoc
1441 2607 1553 2645 meo
1585 2603 1730 2649 esset
1796 2611 2095 2665 pronomen

525 2671 744 2741 generis
779 2675 1060 2729 masculini
1093 2695 1106 2740 ;
1141 2678 1322 2734 nullus
1352 2687 1532 2733 autent
1560 2683 1643 2737 vel
1706 2685 1760 2739 in
1792 2686 2096 2749 Grteca.rel

524 2764 579 2820 in
599 2763 792 2821 Latina
819 2767 1242 2838 linguaeductus
1276 2782 1368 2827 aut
1391 2776 1699 2843 masculini,
1732 2786 1826 2834 aut
1848 2778 2094 2836 feminini

520 2859 740 2930 generis
799 2874 1102 2932 pronomen
1158 2869 1390 2937 profert,
1453 2871 1560 2937 nisi
1593 2887 1719 2928 cum
1773 2875 2094 2932 additione:

523 2949 679 3008 Meus
712 2955 907 3026 frater,
933 2960 1018 3013 vel
1045 2957 1193 3015 Meus
1227 2966 1450 3029 amicus,
1483 2976 1579 3021 aut
1614 2965 1733 3021 ,νεα
1776 2968 1984 3033 ciuitas,
2016 2970 2096 3024 vel

525 3048 720 3104 domm
751 3051 959 3108 dicens.
994 3049 1142 3110 Meus
1179 3056 1384 3112 ctenim
1410 3057 1737 3128 simpliciter
1769 3061 1976 3134 absque
1999 3065 2094 3118 ad-

519 3139 751 3210 ditione,
787 3157 895 3200 non
929 3149 1101 3218 magis
1138 3147 1356 3204 Patrem
1383 3189 1397 3216 ,
1435 3165 1597 3222 quam
1652 3152 1862 3208 hostem
1926 3154 2095 3226 signi-

519 3230 928 3294 ﬁcataDeiude
968 3243 1045 3295 ab
1100 3243 1214 3312 ipsa
1266 3243 1572 3302 intentione
1623 3246 1920 3305 Salvator-is
1979 3250 2095 3306 inec

519 3332 665 3385 ratio
695 3347 828 3387 vana
863 3332 1145 3400 probatur.
1178 3334 1366 3390 Omnia
1395 3337 1568 3404 enim,
1602 3341 1804 3410 inquit,
1838 3349 2093 3407 quaecun-

518 3441 619 3494 que
651 3425 802 3480 habet
841 3425 1025 3491 Pater,
1059 3443 1176 3482 mea
1222 3440 1366 3486 sunt.
1396 3425 1524 3486 Ideo
1556 3433 1689 3500 diri,
1723 3449 1787 3488 ex
1824 3453 1937 3491 meo
1956 3437 2097 3491 acci-

521 3517 646 3584 piet,
683 3527 734 3572 et
781 3517 1116 3575 annuntiabit
1147 3522 1309 3576 vobis.
1368 3523 1446 3578 lta
1501 3536 1558 3578 ut
1603 3526 1708 3580 tale
1750 3543 1820 3582 ex
1877 3527 1946 3583 iis
2003 3529 2098 3584 ﬁat

518 3617 901 3680 argumemum
939 3630 951 3668 :
991 3611 1233 3683 Spiritus
1266 3617 1468 3686 accipit
1513 3632 1577 3673 ex
1632 3617 1699 3674 iis
1748 3634 1870 3690 quae
1919 3621 2098 3676 Patris

518 3712 686 3771 sunt;
719 3700 883 3775 igitur
912 3707 1150 3778 Spiritus
1178 3711 1376 3781 accipit
1416 3727 1482 3766 ex
1533 3713 1692 3780 meis,
1739 3715 1820 3773 \el
1853 3731 1919 3771 ex
1950 3731 2092 3771 meo.

518 3791 736 3854 Etcum
782 3801 920 3870 ipse,
973 3812 1046 3857 et,
1081 3811 1180 3859 Sua
1213 3812 1380 3860 unum
1422 3814 1479 3859 et
1515 3805 1659 3862 idem
1707 3819 1837 3864 sunt
1870 3818 2096 3880 propter

513 3903 784 3950 summam
822 3895 1257 3965 simplicitatem,
1291 3897 1617 3968 accipiendo
1655 3899 1728 3956 de
1756 3903 1894 3968 suis,
1951 3903 2096 3959 acci-

513 3986 710 4058 pietex
743 4003 829 4042 eo.
858 3987 1032 4061 llujus
1075 3996 1260 4044 autem
1304 3991 1595 4047 sententiae
1627 4006 1853 4049 sanctus
1873 4010 2094 4067 quoque

511 4079 844 4134 Athanasius
869 4090 975 4146 est,
1022 4082 1095 4134 ait
1125 4081 1332 4136 etenim
1367 4099 1380 4135 :
1426 4082 1543 4138 Non
1579 4085 1727 4138 enim
1784 4085 2021 4142 Verbum
2064 4105 2092 4143 a

512 4172 722 4242 Spiritu
748 4173 971 4242 accipit,
1023 4174 1120 4230 sed
1171 4173 1413 4246 Spiritus
1457 4193 1487 4230 a
1523 4175 1722 4232 Verbo.
1746 4175 1891 4242 Quid
1924 4178 2096 4249 igitur

509 4265 749 4334 accipiat
795 4279 827 4319 a
885 4263 1026 4320 Filio
1074 4265 1538 4321 considerandum
1583 4277 1690 4333 est,
1753 4278 1902 4338 patet
1947 4269 2092 4340 quod

509 4359 835 4428 sapientiam
889 4369 946 4414 et
999 4361 1285 4416 scientiam
1321 4379 1337 4417 :
1371 4361 1454 4416 Ea:
1501 4380 1615 4416 meo
1660 4365 1831 4429 enim,
1890 4360 2095 4436 inquit,

2203 1843 2414 1899 scilicet
2463 1851 2518 1898 et
2544 1841 2958 1899 subsistentiatu
2988 1841 3037 1896 ei
3063 1839 3396 1910 dans,quam
3426 1838 3626 1911 accipit
3649 1853 3770 1895 cum

2202 1936 2446 2004 spiratur
2482 1934 2550 1991 ab
2573 1947 2658 1988 eo.
2681 1933 2854 2005 igitur
2875 1925 3190 2003 spiratiouls
3208 1929 3371 1988 etiam
3404 1929 3578 1988 Filius
3599 1944 3761 1987 causa

2203 2025 2319 2081 sive
2356 2027 2686 2098 principium
2720 2038 2824 2084 est.

2277 2118 2408 2174 Item
2449 2111 2619 2176 Filius
2651 2120 2719 2176 de
2743 2136 2801 2179 se
2830 2121 3049 2191 quidem
3076 2118 3196 2191 ipso
3220 2117 3356 2178 dicit
3387 2138 3403 2172 ξ
3440 2117 3573 2185 Quae
3597 2117 3776 2174 audivi

2201 2229 2233 2267 η
2297 2211 2462 2267 Patre
2506 2229 2638 2278 meo,
2688 2213 3209 2279 annamiavivolu‘s;
3254 2212 3323 2281 de
3353 2211 3558 2284 Spiritu
3593 2225 3771 2278 vero:

2203 2303 2328 2361 Non
2361 2307 2496 2361 enim
2529 2306 2769 2378 loquetur
2806 2314 2835 2361 α
2866 2307 3176 2378 semetipso,
3211 2306 3298 2372 sed
3338 2322 3656 2378 quavcuuque
3681 2321 3776 2359 au-

2201 2403 2308 2456 diet
2359 2401 2623 2471 loquetur.
2670 2399 2825 2466 Quod
2857 2399 3024 2471 igitur
3066 2398 3337 2470 signiﬁcat
3387 2399 3454 2453 de
3499 2398 3636 2455 Filio
3669 2399 3775 2455 hoc

2202 2492 2344 2564 quod
2396 2495 2548 2554 audit
2593 2508 2623 2549 a
2665 2493 2844 2559 Patre,
2889 2493 3035 2548 idem
3082 2502 3138 2548 et
3171 2491 3239 2549 de
3267 2485 3474 2563 Spiritu
3497 2493 3769 2574 signiticet

2205 2588 2381 2658 ipsum
2407 2587 2637 2654 audire;
2666 2585 2760 2643 sed
2795 2585 2860 2644 de
2885 2583 3022 2641 Filio
3055 2579 3231 2656 ipsum
3262 2584 3457 2645 audire
3496 2583 3766 2655 significat

2201 2695 2321 2736 esse
2347 2697 2379 2733 a
2403 2696 2589 2743 causa,
2629 2688 2683 2734 et
2709 2679 2888 2750 ipsum
2911 2677 3179 2748 generari.
3213 2676 3416 2734 Audire
3459 2677 3604 2732 enim
3632 2677 3764 2731 nihil

2201 2773 2347 2828 aliud
2399 2781 2504 2838 est,
2564 2772 2668 2828 nisi
2701 2771 3029 2843 sapientiam
3059 2775 3116 2825 et
3147 2771 3428 2824 scientiam
3483 2769 3760 2839 accipere.

2201 2867 2372 2921 Filius
2397 2877 2580 2928 autem
2615 2880 2721 2924 non
2771 2864 2950 2936 primo
2999 2870 3178 2928 natus,
3209 2861 3408 2933 deinde
3459 2870 3648 2937 postea
3683 2877 3773 2917 ac-

2199 2959 2343 3030 cepit
2392 2959 2676 3020 scientiam
2722 2959 2802 3012 vel
2845 2955 3193 3028 sapientiam,
3223 2957 3318 3012 sed
3363 2965 3522 3012 natus
3557 2954 3640 3012 est
3683 2960 3770 3010 sa-

2203 3050 2439 3121 pientia;
2489 3050 2542 3104 in
2595 3049 2711 3119 ipso
2755 3051 3002 3119 genter-ari
3049 3048 3326 3119 accipiens
3371 3047 3656 3103 scientiam
3707 3055 3763 3100 et

2147 3142 2165 3164 ⁴
2199 3142 2544 3213 sapientiam,
2575 3150 2630 3197 et
2653 3152 2845 3207 uetera
2874 3141 3075 3210 omnia,
3128 3157 3247 3214 qua
3292 3141 3433 3196 idem
3486 3149 3613 3196 sunt
3647 3154 3771 3195 cum

2200 3237 2318 3306 ejus
2351 3237 2627 3292 essentia:
2657 3236 2796 3290 hanc
2822 3235 2984 3307 igitur
3001 3233 3200 3306 accipit
3229 3249 3257 3288 a
3283 3233 3440 3296 Patre
3464 3248 3589 3290 cum
3619 3231 3772 3287 audit
3807 3243 3813 3247 '

2197 3327 2265 3385 ab
2295 3337 2382 3394 eo,
2414 3339 2469 3384 et
2499 3313 2688 3389 audire
2711 3329 2830 3399 ejus
2864 3329 3115 3401 generari
3155 3339 3260 3384 est.
3294 3325 3462 3398 Igitur
3493 3335 3549 3388 et
3575 3325 3771 3381 audire

2199 3421 2435 3493 Spiritus
2470 3423 2642 3479 sancti
2704 3437 2814 3481 nou
2867 3423 3139 3504 signiﬁcat
3188 3421 3298 3478 nisi
3329 3420 3478 3494 quod
3526 3437 3557 3476 a
3607 3435 3774 3478 causa

2196 3522 2281 3570 est
2325 3521 2380 3566 et
2425 3513 2727 3583 spiratione
2783 3513 2921 3586 ejus.
2951 3507 3131 3582 Quare
3176 3529 3206 3568 a
3240 3529 3350 3585 quo
3372 3515 3546 3578 audit,
3585 3513 3656 3569 ab
3705 3527 3772 3569 eo

2195 3606 2360 3666 etiam
2383 3603 2672 3674 procedit:
2709 3605 2804 3661 sed
2839 3621 2949 3662 non
2979 3607 3157 3666 solum
3196 3622 3226 3662 a
3261 3606 3421 3662 Patre
3446 3605 3622 3671 audit,
3671 3600 3766 3662 sed

2147 3745 2150 3749 .
2196 3695 2360 3759 etiam
2391 3712 2459 3752 ex
2482 3695 2642 3766 Filio,
2670 3699 2816 3769 quod
2847 3715 2914 3757 ex
2969 3701 3101 3770 ipsis
3139 3698 3320 3754 verbis
3349 3697 3648 3755 Salvatoris
3676 3714 3774 3769 ap-

2190 3799 2372 3860 paret,
2413 3790 2506 3847 ubi
2553 3790 2737 3847 dicit:
2776 3791 2858 3846 Ea:
2903 3809 3015 3848 meo
3044 3793 3291 3864 accipiet,
3345 3800 3392 3847 et
3435 3793 3775 3848 annuntiabit

2195 3886 2362 3941 vobis.
2421 3889 2797 3948 Annuntiandi
2857 3905 3092 3960 namque
3140 3905 3305 3946 causa
3354 3899 3460 3948 est
3507 3890 3774 3960 Spiritum

2197 3979 2418 4045 audire;
2448 3991 2504 4035 ct
2533 3980 2778 4052 ejusdem
2811 3981 3170 4038 anuuutiandi
3214 3983 3318 4038 hoc
3353 3997 3574 4052 quoque
3606 3999 3772 4044 causa

2195 4079 2302 4135 est,
2335 4073 2482 4142 quod
2511 4088 2576 4127 ex
2609 4073 2985 4146 FIliOﬁCCipil.
3027 4077 3207 4143 Quare
3231 4092 3298 4132 ex
3357 4077 3494 4140 Filio
3525 4077 3776 4150 accipere

2197 4168 2283 4221 vel
2311 4167 2525 4232 audire,
2557 4167 2721 4223 unius
2740 4169 3102 4241 ejusdemque
3139 4170 3244 4239 rei,
3274 4169 3527 4225 videlicet
3554 4160 3774 4227 annun-

2199 4256 2371 4315 tiandi
2397 4273 2559 4314 causa
2584 4269 2689 4316 est.
2714 4260 2886 4331 Igitur
2917 4262 2971 4317 in
3005 4262 3209 4318 divinis
3259 4262 3405 4320 idem
3448 4273 3531 4317 est
3583 4263 3776 4319 antlire

2198 4353 2568 4422 ctaccipere;
2607 4362 2812 4409 etcum
2840 4354 3076 4425 accipiat
3112 4371 3178 4411 ex
3223 4356 3382 4423 Filio,
3433 4355 3598 4424 igitur
3624 4355 3778 4420 audit

508 4451 752 4522 accipiet,
773 4461 820 4505 et
846 4454 1184 4507 ammutiubit
1214 4455 1378 4511 vobis.
1405 4455 1754 4512 Auuuntiare
1772 4457 1923 4512 enim
1956 4457 2093 4512 nibil

2197 4444 2363 4500 etiam
2413 4460 2479 4504 ex
2542 4459 2630 4501 eo.
2684 4445 2944 4517 Ejusdem
2973 4449 3262 4505 sententia:
3317 4458 3546 4505 sanctus
3607 4450 3774 4518 etiam

507 4543 657 4599 aliud
691 4554 796 4611 est,
821 4547 924 4601 nisi
954 4546 1154 4602 docere
1189 4557 1244 4601 et
1297 4549 1610 4604 illuminare
1658 4553 1954 4620 apostoios.
1975 4549 2094 4605 Hoc

509 4645 694 4690 autem
721 4647 806 4692 est
833 4639 1120 4708 sapientia:
1143 4655 1282 4712 opus
1304 4643 1510 4710 ﬁgitur
1533 4643 1858 4710 sapientiam
1892 4659 1922 4699 a
1950 4644 2094 4699 Filio

506 4729 712 4798 accipit
741 4727 1000 4799 Spiritus.
1045 4732 1186 4799 Quid
1233 4734 1402 4805 igitur
1431 4736 1637 4804 absque
1671 4737 1939 4806 sapientia
1974 4737 2098 4805 spi-

507 4830 660 4876 ratus
713 4822 820 4878 fuit
862 4838 894 4878 ι
949 4824 1130 4894 Patre,
1181 4837 1234 4881 et
1273 4827 1397 4882 ideo
1441 4823 1689 4898 oportuit
1727 4845 1855 4907 cum
1893 4846 1921 4885 a
1951 4831 2094 4886 Filio

504 4917 760 4986 excipere
800 4915 1283 4986 sapientiam?aut
1317 4919 1466 4975 aliud
1505 4930 1591 4976 est
1613 4921 1737 4993 ejus
1762 4937 1908 4990 esse,
1940 4923 2092 4979 aliud

505 5009 816 5080 sapientia?
844 5010 913 5064 At
941 5011 1055 5067 haec
1076 5011 1312 5068 absurda
1345 5022 1496 5069 sunt.
1533 5013 1683 5069 ldem
1711 5015 1859 5070 enim
1891 5025 1978 5076 est
2008 5032 2094 5072 sa-

467 5150 469 5152 .
505 5101 734 5172 pientia,
788 5109 844 5156 et
895 5116 1017 5159 esse
1049 5105 1188 5174 ejus,
1216 5114 1275 5160 et
1316 5120 1346 5159 a
1387 5119 1500 5176 quo
1547 5105 1750 5176 accipit
1813 5121 1959 5174 esse,
2021 5107 2092 5164 ab

505 5194 704 5252 eodem
745 5195 945 5267 accipit
1001 5195 1375 5266 sapientiam:
1420 5206 1477 5254 et
1519 5213 1646 5254 cum
1706 5198 1972 5269 spiratu-r,
2031 5208 2091 5255 et

506 5288 710 5361 accipit
763 5305 889 5346 esse
944 5299 999 5346 et
1048 5291 1375 5356 subsistere,
1421 5293 1588 5347 etiam
1631 5294 1832 5364 accipit
1870 5295 2090 5364 sapien-

509 5383 662 5437 tiam.
691 5382 831 5436 Cum
858 5383 1024 5451 igitur
1047 5383 1370 5454 sapientiam
1389 5400 1418 5438 a
1447 5384 1587 5440 Filio
1619 5401 1841 5456 quoque
1868 5386 2087 5457 accipit,

507 5477 690 5547 ipsum
716 5491 838 5533 esse
863 5486 917 5532 et
943 5477 1248 5534 subsistere
1274 5479 1448 5533 simul
1474 5479 1549 5535 ab
1569 5493 1636 5534 eo
1659 5480 1860 5552 accipit
1885 5496 1901 5533 :
1925 5480 2091 5551 igitur

506 5567 683 5626 Filius
707 5571 872 5624 etiam
893 5579 981 5626 est
1004 5569 1054 5625 ei
1091 5584 1260 5626 causa
1291 5571 1519 5634 essend't
1536 5571 2002 5642 quemadmodum
2029 5581 2092 5628 et

503 5662 693 5721 Pater.

581 5753 715 5814 ltetu
741 5756 786 5814 si
826 5754 1063 5830 Spiritus
1088 5759 1291 5832 accipit
1341 5773 1368 5815 a
1398 5758 1576 5830 Filio;
1608 5773 1739 5830 ergo
1777 5758 1951 5819 Filius
2000 5762 2089 5820 dat

2199 4539 2432 4603 Basilius
2463 4550 2544 4598 est
2567 4541 2624 4602 in
2656 4542 2861 4613 Regula
2885 4543 3207 4607 monasticis,
3240 4543 3310 4599 de
3355 4543 3564 4612 Spiritu
3583 4557 3784 4629 sancto.

2198 4633 2412 4696 dicens,
2452 4635 2598 4706 quod
2632 4635 2794 4699 docet
2826 4646 2882 4690 et
2923 4637 3166 4708 suggerit
3211 4637 3397 4691 omnia
3433 4653 3774 4708 quaecunque

2199 4727 2355 4785 audit
2409 4742 2440 4784 a
2506 4727 2667 4793 Filio,
2696 4729 2865 4783 etiam
2901 4730 3233 4799 producitur
3256 4745 3322 4785 ex
3355 4745 3464 4797 eo;
3507 4745 3576 4785 eo
3625 4729 3772 4802 quod

2185 4821 2317 4892 ejus
2332 4821 2523 4878 audire
2555 4821 2701 4887 idem
2718 4832 2806 4878 est
2827 4823 2972 4894 quod
2994 4823 3322 4894 procedere,
3342 4836 3406 4881 ut
3435 4825 3643 4882 dietum
3668 4833 3772 4893 est.

2267 4917 2404 4976 item
2431 4932 2557 4979 esse
2579 4916 2800 4980 Patrem
2827 4928 2924 4977 aut
2948 4932 3218 4989 generare
3255 4932 3372 4973 non
3427 4919 3676 4974 continet
3713 4919 3770 4976 in

2164 5038 2167 5041 -
2195 5026 2258 5067 se
2284 5011 2556 5068 rationem
2586 5009 2856 5080 spirandi,
2893 5018 3041 5066 esset
3073 5009 3280 5066 etenim
3306 5009 3549 5081 Spiritus
3573 5009 3769 5078 Filius,

2196 5105 2294 5161 sed
2335 5101 2509 5161 Filius
2532 5102 3079 5175 omniaainspliciter
3115 5101 3307 5170 habet,
3337 5119 3460 5176 qua:
3491 5111 3544 5159 et
3582 5103 3769 5170 Pater,

2196 5211 2559 5269 pratici-quam
2626 5197 2772 5268 quod
2822 5183 3066 5269 generet,
3117 5195 3201 5265 vel
3253 5196 3328 5253 sit
3386 5197 3567 5255 Pater.
3632 5198 3773 5255 Dicit

2194 5293 2342 5349 enim
2381 5300 2610 5348 sanctus
2665 5290 2907 5364 Cyrillus
2952 5291 3009 5346 in
3053 5291 3302 5350 secundo
3348 5289 3416 5346 ad
3449 5290 3768 5348 llermiam:

2193 5383 2540 5442 Coaetcrnum
2569 5383 2847 5440 credimus
2878 5383 3078 5439 Filium
3120 5382 3289 5443 Patri.
3319 5395 3376 5438 et
3406 5383 3592 5440 omnia
3620 5398 3772 5453 oua:-

2195 5495 2415 5550 cuuque
2444 5477 2640 5549 aequali
2696 5493 2958 5535 mensura
2999 5477 3286 5533 habentem
3308 5518 3322 5541 ,
3359 5485 3558 5549 praeter
3590 5477 3766 5547 ipsum

2194 5587 2460 5644 generare
2489 5571 2632 5626 :hoc
2659 5585 2893 5640 namque
2935 5569 3033 5626 soli
3067 5570 3178 5626 Deo
3227 5580 3285 5625 et
3317 5569 3462 5625 Patri
3490 5569 3772 5624 tribuitur.

2147 5705 2149 5708 ‹
2196 5665 2344 5722 ldem
2388 5665 2443 5720 in
2477 5679 2737 5722 sermone
2770 5663 2838 5722 de
2868 5661 3175 5718 Trinitate:
3229 5662 3289 5718 lu
3318 5660 3458 5718 Filio
3489 5659 3772 5732 unigenito

2193 5774 2296 5832 per
2321 5759 2504 5816 omnia
2535 5757 2704 5818 simili
2733 5767 2794 5818 et
2819 5757 3015 5830 aequali
3078 5757 3248 5823 Patri,
3297 5764 3501 5831 praeter
3532 5751 3774 5827 paterni-
