  <div class='ocr_page' id='page_1' title='image "/cluster/home/n/w/nwhite01/storage/ocr_20150623/161/mdp.39015078384685/310.png"; bbox 0 0 4062 6146; ppageno 0'>
   <div class='ocr_carea' id='block_1_1' title="bbox 434 257 541 326">
    <p class='ocr_par' dir='ltr' id='par_1_1' title="bbox 434 257 541 326">
     <span class='ocr_line' id='line_1_1' title="bbox 434 257 541 326; baseline 0.019 -2"><span class='ocrx_word' id='word_1_1' title='bbox 434 257 541 326; x_wconf 66' lang='lat'><strong>‘31</strong></span> 
     </span>
    </p>
   </div>
   <div class='ocr_carea' id='block_1_2' title="bbox 1360 264 2767 334">
    <p class='ocr_par' dir='ltr' id='par_1_2' title="bbox 1360 264 2767 334">
     <span class='ocr_line' id='line_1_2' title="bbox 1360 264 2767 334; baseline 0.004 -8"><span class='ocrx_word' id='word_1_2' title='bbox 1360 266 1459 327; x_wconf 82' lang='lat' dir='ltr'><strong>DE</strong></span> <span class='ocrx_word' id='word_1_3' title='bbox 1500 264 2032 329; x_wconf 70' lang='lat' dir='ltr'><strong>PROCESSIONE</strong></span> <span class='ocrx_word' id='word_1_4' title='bbox 2075 266 2435 334; x_wconf 78' lang='lat' dir='ltr'><strong>SPIRITUS</strong></span> <span class='ocrx_word' id='word_1_5' title='bbox 2476 268 2767 333; x_wconf 70' lang='lat' dir='ltr'><strong>SANCTI.</strong></span> 
     </span>
    </p>
   </div>
   <div class='ocr_carea' id='block_1_3' title="bbox 3590 250 3699 321">
    <p class='ocr_par' dir='ltr' id='par_1_3' title="bbox 3590 250 3699 321">
     <span class='ocr_line' id='line_1_3' title="bbox 3590 250 3699 321; baseline -0.018 0"><span class='ocrx_word' id='word_1_6' title='bbox 3590 250 3699 321; x_wconf 62' lang='lat'><strong>538</strong></span> 
     </span>
    </p>
   </div>
   <div class='ocr_carea' id='block_1_4' title="bbox 435 375 2022 468">
    <p class='ocr_par' dir='ltr' id='par_1_4' title="bbox 435 375 2006 450">
     <span class='ocr_line' id='line_1_4' title="bbox 435 375 2006 450; baseline 0 -17"><span class='ocrx_word' id='word_1_7' title='bbox 435 386 628 433; x_wconf 71' lang='lat' dir='ltr'><strong>unum.</strong></span> <span class='ocrx_word' id='word_1_8' title='bbox 666 375 837 435; x_wconf 76' lang='lat' dir='ltr'><strong>liabet</strong></span> <span class='ocrx_word' id='word_1_9' title='bbox 867 378 1033 449; x_wconf 64' lang='lat' dir='ltr'><strong>igitur</strong></span> <span class='ocrx_word' id='word_1_10' title='bbox 1056 380 1299 449; x_wconf 71' lang='lat' dir='ltr'><strong>spirandi</strong></span> <span class='ocrx_word' id='word_1_11' title='bbox 1339 384 1636 450; x_wconf 90' lang='lat' dir='ltr'><strong>potentiam</strong></span> <span class='ocrx_word' id='word_1_12' title='bbox 1667 380 1861 445; x_wconf 82' lang='lat' dir='ltr'><strong>Filius.</strong></span> <span class='ocrx_word' id='word_1_13' title='bbox 1880 395 2006 439; x_wconf 88' lang='lat' dir='ltr'><strong>cum</strong></span> 
     </span>
    </p>
   </div>
   <div class='ocr_carea' id='block_1_5' title="bbox 2124 375 3697 468">
    <p class='ocr_par' dir='ltr' id='par_1_5' title="bbox 2124 391 3697 468">
     <span class='ocr_line' id='line_1_5' title="bbox 2124 391 3697 468; baseline -0.01 -12"><span class='ocrx_word' id='word_1_14' title='bbox 2124 402 2255 459; x_wconf 82' lang='lat' dir='ltr'><strong>ritus</strong></span> <span class='ocrx_word' id='word_1_15' title='bbox 2272 404 2614 468; x_wconf 83' lang='lat' dir='ltr'><strong>Filii,omnes</strong></span> <span class='ocrx_word' id='word_1_16' title='bbox 2632 397 3129 457; x_wconf 76' lang='lat' dir='ltr'><strong>demonstrationes</strong></span> <span class='ocrx_word' id='word_1_17' title='bbox 3142 391 3461 449; x_wconf 83' lang='lat' dir='ltr'><strong>Latinorum</strong></span> <span class='ocrx_word' id='word_1_18' title='bbox 3479 391 3697 461; x_wconf 76' lang='lat' dir='ltr'><strong>potissi-</strong></span> 
     </span>
    </p>
   </div>
   <div class='ocr_carea' id='block_1_6' title="bbox 437 471 2015 542">
    <p class='ocr_par' dir='ltr' id='par_1_6' title="bbox 437 471 2015 542">
     <span class='ocr_line' id='line_1_6' title="bbox 437 471 2015 542; baseline 0.003 -18"><span class='ocrx_word' id='word_1_19' title='bbox 437 471 545 524; x_wconf 45' lang='lat' dir='ltr'><strong>boc»</strong></span> <span class='ocrx_word' id='word_1_20' title='bbox 578 480 777 539; x_wconf 59' lang='lat' dir='ltr'><strong>praeter</strong></span> <span class='ocrx_word' id='word_1_21' title='bbox 808 473 1073 527; x_wconf 84' lang='lat' dir='ltr'><strong>rationem</strong></span> <span class='ocrx_word' id='word_1_22' title='bbox 1114 474 1460 542; x_wconf 79' lang='lat' dir='ltr'><strong>paternilatis</strong></span> <span class='ocrx_word' id='word_1_23' title='bbox 1514 476 1624 540; x_wconf 86' lang='lat' dir='ltr'><strong>sit,</strong></span> <span class='ocrx_word' id='word_1_24' title='bbox 1657 476 1844 530; x_wconf 88' lang='lat' dir='ltr'><strong>omnia</strong></span> <span class='ocrx_word' id='word_1_25' title='bbox 1876 488 2015 529; x_wconf 86' lang='lat' dir='ltr'><strong>vero</strong></span> 
     </span>
    </p>
   </div>
   <div class='ocr_carea' id='block_1_7' title="bbox 435 559 2016 636">
    <p class='ocr_par' dir='ltr' id='par_1_7' title="bbox 435 559 2016 636">
     <span class='ocr_line' id='line_1_7' title="bbox 435 559 2016 636; baseline 0.002 -21"><span class='ocrx_word' id='word_1_26' title='bbox 435 559 612 615; x_wconf 81' lang='lat' dir='ltr'><strong>Patris</strong></span> <span class='ocrx_word' id='word_1_27' title='bbox 648 570 845 630; x_wconf 73' lang='lat' dir='ltr'><strong>praeter</strong></span> <span class='ocrx_word' id='word_1_28' title='bbox 878 562 1291 631; x_wconf 83' lang='lat' dir='ltr'><strong>paternitatem,</strong></span> <span class='ocrx_word' id='word_1_29' title='bbox 1338 566 1425 619; x_wconf 76' lang='lat' dir='ltr'><strong>vel</strong></span> <span class='ocrx_word' id='word_1_30' title='bbox 1470 577 1669 635; x_wconf 65' lang='lat' dir='ltr'><strong>praiter</strong></span> <span class='ocrx_word' id='word_1_31' title='bbox 1702 568 1809 620; x_wconf 86' lang='lat' dir='ltr'><strong>vim</strong></span> <span class='ocrx_word' id='word_1_32' title='bbox 1848 579 2016 636; x_wconf 77' lang='lat' dir='ltr'><strong>gene-</strong></span> 
     </span>
    </p>
   </div>
   <div class='ocr_carea' id='block_1_8' title="bbox 434 653 1797 729">
    <p class='ocr_par' dir='ltr' id='par_1_8' title="bbox 434 653 1797 729">
     <span class='ocr_line' id='line_1_8' title="bbox 434 653 1797 729; baseline 0.005 -24"><span class='ocrx_word' id='word_1_33' title='bbox 434 653 613 715; x_wconf 84' lang='lat' dir='ltr'><strong>randi,</strong></span> <span class='ocrx_word' id='word_1_34' title='bbox 644 654 762 722; x_wconf 77' lang='lat' dir='ltr'><strong>ipse</strong></span> <span class='ocrx_word' id='word_1_35' title='bbox 792 668 1010 724; x_wconf 84' lang='lat' dir='ltr'><strong>quoque</strong></span> <span class='ocrx_word' id='word_1_36' title='bbox 1040 656 1227 722; x_wconf 80' lang='lat' dir='ltr'><strong>habet,</strong></span> <span class='ocrx_word' id='word_1_37' title='bbox 1274 666 1333 711; x_wconf 91' lang='lat' dir='ltr'><strong>ut</strong></span> <span class='ocrx_word' id='word_1_38' title='bbox 1360 658 1564 729; x_wconf 71' lang='lat' dir='ltr'><strong>(Lyri‘llo</strong></span> <span class='ocrx_word' id='word_1_39' title='bbox 1599 659 1797 728; x_wconf 88' lang='lat' dir='ltr'><strong>placet.</strong></span> 
     </span>
    </p>
   </div>
   <div class='ocr_carea' id='block_1_9' title="bbox 504 745 2017 816">
    <p class='ocr_par' dir='ltr' id='par_1_9' title="bbox 504 745 2017 816">
     <span class='ocr_line' id='line_1_9' title="bbox 504 745 2017 816; baseline 0.002 -16"><span class='ocrx_word' id='word_1_40' title='bbox 504 745 642 800; x_wconf 82' lang='lat' dir='ltr'><strong>item</strong></span> <span class='ocrx_word' id='word_1_41' title='bbox 682 745 920 816; x_wconf 82' lang='lat' dir='ltr'><strong>Spiritus</strong></span> <span class='ocrx_word' id='word_1_42' title='bbox 949 759 1175 805; x_wconf 83' lang='lat' dir='ltr'><strong>sanctus</strong></span> <span class='ocrx_word' id='word_1_43' title='bbox 1220 746 1425 804; x_wconf 76' lang='lat' dir='ltr'><strong>dicitur</strong></span> <span class='ocrx_word' id='word_1_44' title='bbox 1466 750 1676 806; x_wconf 88' lang='lat' dir='ltr'><strong>donum</strong></span> <span class='ocrx_word' id='word_1_45' title='bbox 1721 761 1781 806; x_wconf 88' lang='lat' dir='ltr'><strong>ut</strong></span> <span class='ocrx_word' id='word_1_46' title='bbox 1812 750 2017 814; x_wconf 79' lang='lat' dir='ltr'><strong>Patris,</strong></span> 
     </span>
    </p>
   </div>
   <div class='ocr_carea' id='block_1_10' title="bbox 433 836 2013 913">
    <p class='ocr_par' dir='ltr' id='par_1_10' title="bbox 433 836 2013 913">
     <span class='ocr_line' id='line_1_10' title="bbox 433 836 2013 913; baseline 0.002 -17"><span class='ocrx_word' id='word_1_47' title='bbox 433 840 511 896; x_wconf 85' lang='lat' dir='ltr'><strong>itu</strong></span> <span class='ocrx_word' id='word_1_48' title='bbox 546 850 603 897; x_wconf 86' lang='lat' dir='ltr'><strong>et</strong></span> <span class='ocrx_word' id='word_1_49' title='bbox 635 836 755 895; x_wconf 82' lang='lat' dir='ltr'><strong>Filii</strong></span> <span class='ocrx_word' id='word_1_50' title='bbox 784 858 797 896; x_wconf 92' lang='lat'><strong>:</strong></span> <span class='ocrx_word' id='word_1_51' title='bbox 829 856 959 913; x_wconf 75' lang='lat' dir='ltr'><strong>ergo</strong></span> <span class='ocrx_word' id='word_1_52' title='bbox 985 851 1041 896; x_wconf 89' lang='lat' dir='ltr'><strong>et</strong></span> <span class='ocrx_word' id='word_1_53' title='bbox 1084 858 1149 896; x_wconf 77' lang='lat' dir='ltr'><strong>ex</strong></span> <span class='ocrx_word' id='word_1_54' title='bbox 1182 852 1440 912; x_wconf 88' lang='lat' dir='ltr'><strong>utroque.</strong></span> <span class='ocrx_word' id='word_1_55' title='bbox 1491 844 1843 900; x_wconf 80' lang='lat' dir='ltr'><strong>Antecedone</strong></span> <span class='ocrx_word' id='word_1_56' title='bbox 1898 860 2013 899; x_wconf 80' lang='lat' dir='ltr'><strong>om-</strong></span> 
     </span>
    </p>
   </div>
   <div class='ocr_carea' id='block_1_11' title="bbox 433 932 2018 1007">
    <p class='ocr_par' dir='ltr' id='par_1_11' title="bbox 433 932 2018 1007">
     <span class='ocr_line' id='line_1_11' title="bbox 433 932 2018 1007; baseline 0.004 -21"><span class='ocrx_word' id='word_1_57' title='bbox 433 932 599 988; x_wconf 85' lang='lat' dir='ltr'><strong>nibus</strong></span> <span class='ocrx_word' id='word_1_58' title='bbox 660 933 985 988; x_wconf 81' lang='lat' dir='ltr'><strong>doctoribus</strong></span> <span class='ocrx_word' id='word_1_59' title='bbox 1042 934 1244 1005; x_wconf 74' lang='lat' dir='ltr'><strong>placet,</strong></span> <span class='ocrx_word' id='word_1_60' title='bbox 1300 952 1650 1006; x_wconf 82' lang='lat' dir='ltr'><strong>consequens</strong></span> <span class='ocrx_word' id='word_1_61' title='bbox 1707 938 2018 1007; x_wconf 77' lang='lat' dir='ltr'><strong>probatur:</strong></span> 
     </span>
    </p>
   </div>
   <div class='ocr_carea' id='block_1_12' title="bbox 444 1026 2017 1102">
    <p class='ocr_par' dir='ltr' id='par_1_12' title="bbox 444 1026 2017 1102">
     <span class='ocr_line' id='line_1_12' title="bbox 444 1026 2017 1102; baseline 0.004 -22"><span class='ocrx_word' id='word_1_62' title='bbox 444 1026 659 1081; x_wconf 74' lang='lat' dir='ltr'><strong>donum</strong></span> <span class='ocrx_word' id='word_1_63' title='bbox 684 1026 890 1081; x_wconf 88' lang='lat' dir='ltr'><strong>etenim</strong></span> <span class='ocrx_word' id='word_1_64' title='bbox 920 1037 1004 1083; x_wconf 86' lang='lat' dir='ltr'><strong>est</strong></span> <span class='ocrx_word' id='word_1_65' title='bbox 1037 1028 1239 1093; x_wconf 87' lang='lat' dir='ltr'><strong>dantis,</strong></span> <span class='ocrx_word' id='word_1_66' title='bbox 1270 1030 1475 1101; x_wconf 86' lang='lat' dir='ltr'><strong>aliquid</strong></span> <span class='ocrx_word' id='word_1_67' title='bbox 1505 1046 1636 1085; x_wconf 74' lang='lat' dir='ltr'><strong>vero</strong></span> <span class='ocrx_word' id='word_1_68' title='bbox 1658 1031 1889 1102; x_wconf 77' lang='lat' dir='ltr'><strong>alicujus</strong></span> <span class='ocrx_word' id='word_1_69' title='bbox 1908 1041 2017 1100; x_wconf 82' lang='lat' dir='ltr'><strong>est,</strong></span> 
     </span>
    </p>
   </div>
   <div class='ocr_carea' id='block_1_13' title="bbox 433 1118 2012 1194">
    <p class='ocr_par' dir='ltr' id='par_1_13' title="bbox 433 1118 2012 1194">
     <span class='ocr_line' id='line_1_13' title="bbox 433 1118 2012 1194; baseline 0.004 -22"><span class='ocrx_word' id='word_1_70' title='bbox 433 1126 533 1172; x_wconf 81' lang='lat' dir='ltr'><strong>aut</strong></span> <span class='ocrx_word' id='word_1_71' title='bbox 579 1118 887 1172; x_wconf 68' lang='lat' dir='ltr'><strong>Secundum</strong></span> <span class='ocrx_word' id='word_1_72' title='bbox 929 1119 1297 1187; x_wconf 84' lang='lat' dir='ltr'><strong>identitatem,</strong></span> <span class='ocrx_word' id='word_1_73' title='bbox 1347 1130 1439 1175; x_wconf 86' lang='lat' dir='ltr'><strong>aut</strong></span> <span class='ocrx_word' id='word_1_74' title='bbox 1467 1131 1525 1175; x_wconf 86' lang='lat' dir='ltr'><strong>ut</strong></span> <span class='ocrx_word' id='word_1_75' title='bbox 1564 1124 1840 1191; x_wconf 83' lang='lat' dir='ltr'><strong>possessio</strong></span> <span class='ocrx_word' id='word_1_76' title='bbox 1888 1123 2012 1194; x_wconf 79' lang='lat' dir='ltr'><strong>ejus</strong></span> 
     </span>
    </p>
   </div>
   <div class='ocr_carea' id='block_1_14' title="bbox 438 1209 2021 1282">
    <p class='ocr_par' dir='ltr' id='par_1_14' title="bbox 438 1209 2021 1282">
     <span class='ocr_line' id='line_1_14' title="bbox 438 1209 2021 1282; baseline 0.006 -21"><span class='ocrx_word' id='word_1_77' title='bbox 438 1209 525 1262; x_wconf 82' lang='lat' dir='ltr'><strong>vel</strong></span> <span class='ocrx_word' id='word_1_78' title='bbox 558 1216 775 1275; x_wconf 82' lang='lat' dir='ltr'><strong>servus,</strong></span> <span class='ocrx_word' id='word_1_79' title='bbox 806 1217 902 1263; x_wconf 79' lang='lat' dir='ltr'><strong>aut</strong></span> <span class='ocrx_word' id='word_1_80' title='bbox 936 1210 1241 1265; x_wconf 81' lang='lat' dir='ltr'><strong>secundum</strong></span> <span class='ocrx_word' id='word_1_81' title='bbox 1273 1212 1568 1282; x_wconf 71' lang='lat' dir='ltr'><strong>originem,</strong></span> <span class='ocrx_word' id='word_1_82' title='bbox 1593 1224 1647 1267; x_wconf 89' lang='lat' dir='ltr'><strong>et</strong></span> <span class='ocrx_word' id='word_1_83' title='bbox 1680 1222 1803 1269; x_wconf 84' lang='lat' dir='ltr'><strong>cum</strong></span> <span class='ocrx_word' id='word_1_84' title='bbox 1835 1217 2021 1270; x_wconf 79' lang='lat' dir='ltr'><strong>nntlus</strong></span> 
     </span>
    </p>
   </div>
   <div class='ocr_carea' id='block_1_15' title="bbox 437 1301 2017 1375">
    <p class='ocr_par' dir='ltr' id='par_1_15' title="bbox 437 1301 2017 1375">
     <span class='ocr_line' id='line_1_15' title="bbox 437 1301 2017 1375; baseline 0.004 -20"><span class='ocrx_word' id='word_1_85' title='bbox 437 1303 729 1355; x_wconf 82' lang='lat' dir='ltr'><strong>modorum</strong></span> <span class='ocrx_word' id='word_1_86' title='bbox 753 1301 995 1364; x_wconf 75' lang='lat' dir='ltr'><strong>priurum</strong></span> <span class='ocrx_word' id='word_1_87' title='bbox 1018 1302 1325 1367; x_wconf 82' lang='lat' dir='ltr'><strong>conveniat,</strong></span> <span class='ocrx_word' id='word_1_88' title='bbox 1352 1317 1474 1358; x_wconf 89' lang='lat' dir='ltr'><strong>eum</strong></span> <span class='ocrx_word' id='word_1_89' title='bbox 1497 1304 1732 1361; x_wconf 77' lang='lat' dir='ltr'><strong>dicimus</strong></span> <span class='ocrx_word' id='word_1_90' title='bbox 1755 1304 2017 1375; x_wconf 76' lang='lat' dir='ltr'><strong>Spiritum</strong></span> 
     </span>
    </p>
   </div>
   <div class='ocr_carea' id='block_1_16' title="bbox 434 1392 2020 1461">
    <p class='ocr_par' dir='ltr' id='par_1_16' title="bbox 434 1392 2020 1461">
     <span class='ocr_line' id='line_1_16' title="bbox 434 1392 2020 1461; baseline 0.005 -13"><span class='ocrx_word' id='word_1_91' title='bbox 434 1402 683 1448; x_wconf 62' lang='lat' dir='ltr'><strong>cantuum</strong></span> <span class='ocrx_word' id='word_1_92' title='bbox 700 1395 903 1449; x_wconf 79' lang='lat' dir='ltr'><strong>donum</strong></span> <span class='ocrx_word' id='word_1_93' title='bbox 918 1409 1039 1449; x_wconf 82' lang='lat' dir='ltr'><strong>esse</strong></span> <span class='ocrx_word' id='word_1_94' title='bbox 1059 1392 1203 1461; x_wconf 86' lang='lat' dir='ltr'><strong>Filii,</strong></span> <span class='ocrx_word' id='word_1_95' title='bbox 1224 1406 1387 1452; x_wconf 81' lang='lat' dir='ltr'><strong>restat</strong></span> <span class='ocrx_word' id='word_1_96' title='bbox 1403 1407 1461 1451; x_wconf 89' lang='lat' dir='ltr'><strong>ut</strong></span> <span class='ocrx_word' id='word_1_97' title='bbox 1478 1398 1779 1454; x_wconf 78' lang='lat' dir='ltr'><strong>secundum</strong></span> <span class='ocrx_word' id='word_1_98' title='bbox 1801 1402 2020 1457; x_wconf 83' lang='lat' dir='ltr'><strong>tertium</strong></span> 
     </span>
    </p>
   </div>
   <div class='ocr_carea' id='block_1_17' title="bbox 437 1487 2024 1561">
    <p class='ocr_par' dir='ltr' id='par_1_17' title="bbox 437 1487 2024 1561">
     <span class='ocr_line' id='line_1_17' title="bbox 437 1487 2024 1561; baseline 0.004 -20"><span class='ocrx_word' id='word_1_99' title='bbox 437 1487 662 1542; x_wconf 77' lang='lat' dir='ltr'><strong>modum</strong></span> <span class='ocrx_word' id='word_1_100' title='bbox 686 1488 935 1559; x_wconf 75' lang='lat' dir='ltr'><strong>originis,</strong></span> <span class='ocrx_word' id='word_1_101' title='bbox 990 1488 1247 1545; x_wconf 83' lang='lat' dir='ltr'><strong>videlicet</strong></span> <span class='ocrx_word' id='word_1_102' title='bbox 1268 1490 1483 1546; x_wconf 87' lang='lat' dir='ltr'><strong>dicatur</strong></span> <span class='ocrx_word' id='word_1_103' title='bbox 1534 1493 1773 1561; x_wconf 78' lang='lat' dir='ltr'><strong>Spiritus</strong></span> <span class='ocrx_word' id='word_1_104' title='bbox 1802 1506 2024 1550; x_wconf 75' lang='lat' dir='ltr'><strong>sanctus</strong></span> 
     </span>
    </p>
   </div>
   <div class='ocr_carea' id='block_1_18' title="bbox 436 1576 2020 1655">
    <p class='ocr_par' dir='ltr' id='par_1_18' title="bbox 436 1576 2020 1655">
     <span class='ocr_line' id='line_1_18' title="bbox 436 1576 2020 1655; baseline 0.005 -21"><span class='ocrx_word' id='word_1_105' title='bbox 436 1576 981 1651; x_wconf 77' lang='lat' dir='ltr'><strong>l&#39;iliidonurnzergo</strong></span> <span class='ocrx_word' id='word_1_106' title='bbox 1016 1578 1188 1637; x_wconf 78' lang='lat' dir='ltr'><strong>Filius</strong></span> <span class='ocrx_word' id='word_1_107' title='bbox 1238 1590 1321 1637; x_wconf 88' lang='lat' dir='ltr'><strong>est</strong></span> <span class='ocrx_word' id='word_1_108' title='bbox 1362 1580 1482 1653; x_wconf 83' lang='lat' dir='ltr'><strong>ejus</strong></span> <span class='ocrx_word' id='word_1_109' title='bbox 1532 1584 1683 1655; x_wconf 66' lang='lat' dir='ltr'><strong>origo</strong></span> <span class='ocrx_word' id='word_1_110' title='bbox 1732 1596 1788 1641; x_wconf 84' lang='lat' dir='ltr'><strong>et</strong></span> <span class='ocrx_word' id='word_1_111' title='bbox 1838 1594 2020 1642; x_wconf 78' lang='lat' dir='ltr'><strong>causa.</strong></span> 
     </span>
    </p>
   </div>
   <div class='ocr_carea' id='block_1_19' title="bbox 507 1670 2020 1749">
    <p class='ocr_par' dir='ltr' id='par_1_19' title="bbox 507 1670 2020 1749">
     <span class='ocr_line' id='line_1_19' title="bbox 507 1670 2020 1749; baseline 0.006 -23"><span class='ocrx_word' id='word_1_112' title='bbox 507 1672 640 1727; x_wconf 80' lang='lat' dir='ltr'><strong>item</strong></span> <span class='ocrx_word' id='word_1_113' title='bbox 662 1670 963 1741; x_wconf 74' lang='lat' dir='ltr'><strong>Gregorius</strong></span> <span class='ocrx_word' id='word_1_114' title='bbox 989 1672 1271 1747; x_wconf 79' lang='lat' dir='ltr'><strong>Nyssenus</strong></span> <span class='ocrx_word' id='word_1_115' title='bbox 1298 1675 1354 1731; x_wconf 80' lang='lat' dir='ltr'><strong>tu</strong></span> <span class='ocrx_word' id='word_1_116' title='bbox 1389 1675 1613 1733; x_wconf 80' lang='lat' dir='ltr'><strong>humilia</strong></span> <span class='ocrx_word' id='word_1_117' title='bbox 1654 1692 1820 1749; x_wconf 82' lang='lat' dir='ltr'><strong>super</strong></span> <span class='ocrx_word' id='word_1_118' title='bbox 1856 1679 2020 1735; x_wconf 71' lang='lat' dir='ltr'><strong>Pater</strong></span> 
     </span>
    </p>
   </div>
   <div class='ocr_carea' id='block_1_20' title="bbox 438 1765 2017 1843">
    <p class='ocr_par' dir='ltr' id='par_1_20' title="bbox 438 1765 2017 1843">
     <span class='ocr_line' id='line_1_20' title="bbox 438 1765 2017 1843; baseline 0.005 -24"><span class='ocrx_word' id='word_1_119' title='bbox 438 1772 637 1831; x_wconf 71' lang='lat' dir='ltr'><strong>noster,</strong></span> <span class='ocrx_word' id='word_1_120' title='bbox 670 1781 790 1836; x_wconf 68' lang='lat' dir='ltr'><strong>qua</strong></span> <span class='ocrx_word' id='word_1_121' title='bbox 813 1765 1027 1837; x_wconf 76' lang='lat' dir='ltr'><strong>incipit,</strong></span> <span class='ocrx_word' id='word_1_122' title='bbox 1081 1766 1308 1834; x_wconf 74' lang='lat' dir='ltr'><strong>Quando</strong></span> <span class='ocrx_word' id='word_1_123' title='bbox 1337 1766 1540 1843; x_wconf 75' lang='lat' dir='ltr'><strong>Moyses</strong></span> <span class='ocrx_word' id='word_1_124' title='bbox 1561 1770 1811 1842; x_wconf 76' lang='lat' dir='ltr'><strong>populum</strong></span> <span class='ocrx_word' id='word_1_125' title='bbox 1841 1771 2017 1830; x_wconf 72' lang='lat' dir='ltr'><strong>Israc~</strong></span> 
     </span>
    </p>
   </div>
   <div class='ocr_carea' id='block_1_21' title="bbox 438 1856 2018 1934">
    <p class='ocr_par' dir='ltr' id='par_1_21' title="bbox 438 1856 2018 1934">
     <span class='ocr_line' id='line_1_21' title="bbox 438 1856 2018 1934; baseline 0.006 -22"><span class='ocrx_word' id='word_1_126' title='bbox 438 1857 648 1913; x_wconf 78' lang='lat' dir='ltr'><strong>liticunt</strong></span> <span class='ocrx_word' id='word_1_127' title='bbox 722 1856 792 1913; x_wconf 72' lang='lat' dir='ltr'><strong>ad</strong></span> <span class='ocrx_word' id='word_1_128' title='bbox 853 1865 1083 1913; x_wconf 76' lang='lat' dir='ltr'><strong>montem</strong></span> <span class='ocrx_word' id='word_1_129' title='bbox 1129 1860 1377 1917; x_wconf 69' lang='lat' dir='ltr'><strong>discendi</strong></span> <span class='ocrx_word' id='word_1_130' title='bbox 1449 1876 1613 1921; x_wconf 72' lang='lat' dir='ltr'><strong>causa</strong></span> <span class='ocrx_word' id='word_1_131' title='bbox 1685 1864 2018 1934; x_wconf 75' lang='lat' dir='ltr'><strong>adducebat;</strong></span> 
     </span>
    </p>
   </div>
   <div class='ocr_carea' id='block_1_22' title="bbox 434 1948 2017 2022">
    <p class='ocr_par' dir='ltr' id='par_1_22' title="bbox 434 1948 2017 2022">
     <span class='ocr_line' id='line_1_22' title="bbox 434 1948 2017 2022; baseline 0.004 -16"><span class='ocrx_word' id='word_1_132' title='bbox 434 1950 850 2006; x_wconf 77' lang='lat' dir='ltr'><strong>distinctionem</strong></span> <span class='ocrx_word' id='word_1_133' title='bbox 884 1948 1085 2007; x_wconf 71' lang='lat' dir='ltr'><strong>divinas</strong></span> <span class='ocrx_word' id='word_1_134' title='bbox 1140 1949 1434 2011; x_wconf 82' lang='lat' dir='ltr'><strong>Trinitatis</strong></span> <span class='ocrx_word' id='word_1_135' title='bbox 1479 1953 1746 2022; x_wconf 82' lang='lat' dir='ltr'><strong>tradens,</strong></span> <span class='ocrx_word' id='word_1_136' title='bbox 1798 1958 2017 2013; x_wconf 82' lang='lat' dir='ltr'><strong>Patrem</strong></span> 
     </span>
    </p>
   </div>
   <div class='ocr_carea' id='block_1_23' title="bbox 435 2040 2020 2120">
    <p class='ocr_par' dir='ltr' id='par_1_23' title="bbox 435 2040 2020 2120">
     <span class='ocr_line' id='line_1_23' title="bbox 435 2040 2020 2120; baseline 0.006 -24"><span class='ocrx_word' id='word_1_137' title='bbox 435 2041 661 2111; x_wconf 82' lang='lat' dir='ltr'><strong>quidem</strong></span> <span class='ocrx_word' id='word_1_138' title='bbox 711 2040 909 2097; x_wconf 84' lang='lat' dir='ltr'><strong>aFilio</strong></span> <span class='ocrx_word' id='word_1_139' title='bbox 969 2052 1025 2097; x_wconf 85' lang='lat' dir='ltr'><strong>et</strong></span> <span class='ocrx_word' id='word_1_140' title='bbox 1082 2042 1292 2113; x_wconf 82' lang='lat' dir='ltr'><strong>Spiritu</strong></span> <span class='ocrx_word' id='word_1_141' title='bbox 1336 2054 1531 2103; x_wconf 78' lang='lat' dir='ltr'><strong>saneto</strong></span> <span class='ocrx_word' id='word_1_142' title='bbox 1581 2042 2020 2120; x_wconf 77' lang='lat' dir='ltr'><strong>distinguit,-eo</strong></span> 
     </span>
    </p>
   </div>
   <div class='ocr_carea' id='block_1_24' title="bbox 435 2130 2019 2206">
    <p class='ocr_par' dir='ltr' id='par_1_24' title="bbox 435 2130 2019 2206">
     <span class='ocr_line' id='line_1_24' title="bbox 435 2130 2019 2206; baseline 0.008 -22"><span class='ocrx_word' id='word_1_143' title='bbox 435 2130 585 2201; x_wconf 74' lang='lat' dir='ltr'><strong>quod</strong></span> <span class='ocrx_word' id='word_1_144' title='bbox 643 2131 760 2202; x_wconf 86' lang='lat' dir='ltr'><strong>ipse</strong></span> <span class='ocrx_word' id='word_1_145' title='bbox 807 2130 1033 2202; x_wconf 81' lang='lat' dir='ltr'><strong>quidem</strong></span> <span class='ocrx_word' id='word_1_146' title='bbox 1092 2134 1301 2206; x_wconf 85' lang='lat' dir='ltr'><strong>absque</strong></span> <span class='ocrx_word' id='word_1_147' title='bbox 1353 2148 1517 2191; x_wconf 80' lang='lat' dir='ltr'><strong>causa</strong></span> <span class='ocrx_word' id='word_1_148' title='bbox 1549 2148 1655 2203; x_wconf 79' lang='lat' dir='ltr'><strong>est,</strong></span> <span class='ocrx_word' id='word_1_149' title='bbox 1692 2131 1783 2196; x_wconf 83' lang='lat' dir='ltr'><strong>illa</strong></span> <span class='ocrx_word' id='word_1_150' title='bbox 1816 2155 1947 2197; x_wconf 82' lang='lat' dir='ltr'><strong>vero</strong></span> <span class='ocrx_word' id='word_1_151' title='bbox 1986 2157 2019 2196; x_wconf 85' lang='lat' dir='ltr'><strong>a</strong></span> 
     </span>
    </p>
   </div>
   <div class='ocr_carea' id='block_1_25' title="bbox 436 2224 2019 2304">
    <p class='ocr_par' dir='ltr' id='par_1_25' title="bbox 436 2224 2019 2304">
     <span class='ocr_line' id='line_1_25' title="bbox 436 2224 2019 2304; baseline 0.008 -26"><span class='ocrx_word' id='word_1_152' title='bbox 436 2234 644 2279; x_wconf 82' lang='lat' dir='ltr'><strong>Causa:</strong></span> <span class='ocrx_word' id='word_1_153' title='bbox 681 2224 878 2280; x_wconf 87' lang='lat' dir='ltr'><strong>Filium</strong></span> <span class='ocrx_word' id='word_1_154' title='bbox 924 2240 1053 2283; x_wconf 87' lang='lat' dir='ltr'><strong>vero</strong></span> <span class='ocrx_word' id='word_1_155' title='bbox 1112 2235 1169 2283; x_wconf 83' lang='lat' dir='ltr'><strong>et</strong></span> <span class='ocrx_word' id='word_1_156' title='bbox 1205 2226 1474 2300; x_wconf 85' lang='lat' dir='ltr'><strong>Spiritum</strong></span> <span class='ocrx_word' id='word_1_157' title='bbox 1505 2240 1778 2297; x_wconf 80' lang='lat' dir='ltr'><strong>sanctum,</strong></span> <span class='ocrx_word' id='word_1_158' title='bbox 1817 2234 2019 2304; x_wconf 82' lang='lat' dir='ltr'><strong>quibus</strong></span> 
     </span>
    </p>
   </div>
   <div class='ocr_carea' id='block_1_26' title="bbox 436 2320 2019 2395">
    <p class='ocr_par' dir='ltr' id='par_1_26' title="bbox 436 2320 2019 2395">
     <span class='ocr_line' id='line_1_26' title="bbox 436 2320 2019 2395; baseline 0.006 -25"><span class='ocrx_word' id='word_1_159' title='bbox 436 2328 726 2371; x_wconf 85' lang='lat' dir='ltr'><strong>comnnme</strong></span> <span class='ocrx_word' id='word_1_160' title='bbox 753 2325 836 2372; x_wconf 85' lang='lat' dir='ltr'><strong>est</strong></span> <span class='ocrx_word' id='word_1_161' title='bbox 875 2320 1019 2387; x_wconf 88' lang='lat' dir='ltr'><strong>quod</strong></span> <span class='ocrx_word' id='word_1_162' title='bbox 1068 2332 1097 2373; x_wconf 89' lang='lat' dir='ltr'><strong>a</strong></span> <span class='ocrx_word' id='word_1_163' title='bbox 1140 2334 1305 2376; x_wconf 83' lang='lat' dir='ltr'><strong>causa</strong></span> <span class='ocrx_word' id='word_1_164' title='bbox 1340 2320 1475 2387; x_wconf 78' lang='lat' dir='ltr'><strong>sint,</strong></span> <span class='ocrx_word' id='word_1_165' title='bbox 1511 2320 1809 2395; x_wconf 78' lang='lat' dir='ltr'><strong>distinguit</strong></span> <span class='ocrx_word' id='word_1_166' title='bbox 1844 2324 1911 2380; x_wconf 88' lang='lat' dir='ltr'><strong>ab</strong></span> <span class='ocrx_word' id='word_1_167' title='bbox 1935 2326 2019 2380; x_wconf 87' lang='lat' dir='ltr'><strong>in-</strong></span> 
     </span>
    </p>
   </div>
   <div class='ocr_carea' id='block_1_27' title="bbox 433 2409 2018 2483">
    <p class='ocr_par' dir='ltr' id='par_1_27' title="bbox 433 2409 2018 2483">
     <span class='ocr_line' id='line_1_27' title="bbox 433 2409 2018 2483; baseline 0.006 -19"><span class='ocrx_word' id='word_1_168' title='bbox 433 2409 639 2478; x_wconf 79' lang='lat' dir='ltr'><strong>vicem,</strong></span> <span class='ocrx_word' id='word_1_169' title='bbox 664 2426 729 2466; x_wconf 87' lang='lat' dir='ltr'><strong>eo</strong></span> <span class='ocrx_word' id='word_1_170' title='bbox 767 2412 911 2479; x_wconf 82' lang='lat' dir='ltr'><strong>quod</strong></span> <span class='ocrx_word' id='word_1_171' title='bbox 936 2411 1027 2466; x_wconf 90' lang='lat' dir='ltr'><strong>ille</strong></span> <span class='ocrx_word' id='word_1_172' title='bbox 1058 2412 1281 2483; x_wconf 84' lang='lat' dir='ltr'><strong>quidem</strong></span> <span class='ocrx_word' id='word_1_173' title='bbox 1315 2431 1381 2469; x_wconf 83' lang='lat' dir='ltr'><strong>ex</strong></span> <span class='ocrx_word' id='word_1_174' title='bbox 1414 2414 1576 2471; x_wconf 84' lang='lat' dir='ltr'><strong>Patre</strong></span> <span class='ocrx_word' id='word_1_175' title='bbox 1612 2426 1724 2481; x_wconf 73' lang='lat' dir='ltr'><strong>est,</strong></span> <span class='ocrx_word' id='word_1_176' title='bbox 1763 2418 1854 2474; x_wconf 90' lang='lat' dir='ltr'><strong>hic</strong></span> <span class='ocrx_word' id='word_1_177' title='bbox 1886 2434 2018 2474; x_wconf 86' lang='lat' dir='ltr'><strong>vero</strong></span> 
     </span>
    </p>
   </div>
   <div class='ocr_carea' id='block_1_28' title="bbox 434 2502 2020 2579">
    <p class='ocr_par' dir='ltr' id='par_1_28' title="bbox 434 2502 2020 2579">
     <span class='ocr_line' id='line_1_28' title="bbox 434 2502 2020 2579; baseline 0.006 -24"><span class='ocrx_word' id='word_1_178' title='bbox 434 2517 499 2555; x_wconf 81' lang='lat' dir='ltr'><strong>es</strong></span> <span class='ocrx_word' id='word_1_179' title='bbox 525 2502 683 2556; x_wconf 84' lang='lat' dir='ltr'><strong>Patre</strong></span> <span class='ocrx_word' id='word_1_180' title='bbox 721 2512 776 2557; x_wconf 90' lang='lat' dir='ltr'><strong>et</strong></span> <span class='ocrx_word' id='word_1_181' title='bbox 805 2502 945 2558; x_wconf 86' lang='lat' dir='ltr'><strong>Filio</strong></span> <span class='ocrx_word' id='word_1_182' title='bbox 976 2522 990 2559; x_wconf 88' lang='lat'><strong>:</strong></span> <span class='ocrx_word' id='word_1_183' title='bbox 1040 2507 1116 2559; x_wconf 89' lang='lat' dir='ltr'><strong>ita</strong></span> <span class='ocrx_word' id='word_1_184' title='bbox 1145 2506 1293 2560; x_wconf 88' lang='lat' dir='ltr'><strong>enim</strong></span> <span class='ocrx_word' id='word_1_185' title='bbox 1336 2507 1390 2561; x_wconf 90' lang='lat' dir='ltr'><strong>in</strong></span> <span class='ocrx_word' id='word_1_186' title='bbox 1421 2509 1833 2579; x_wconf 79' lang='lat' dir='ltr'><strong>antiquioribus</strong></span> <span class='ocrx_word' id='word_1_187' title='bbox 1866 2513 2020 2572; x_wconf 85' lang='lat' dir='ltr'><strong>codi-</strong></span> 
     </span>
    </p>
   </div>
   <div class='ocr_carea' id='block_1_29' title="bbox 436 2595 2017 2663">
    <p class='ocr_par' dir='ltr' id='par_1_29' title="bbox 436 2595 2017 2663">
     <span class='ocr_line' id='line_1_29' title="bbox 436 2595 2017 2663; baseline 0.006 -13"><span class='ocrx_word' id='word_1_188' title='bbox 436 2595 600 2650; x_wconf 84' lang='lat' dir='ltr'><strong>cibus</strong></span> <span class='ocrx_word' id='word_1_189' title='bbox 630 2596 915 2651; x_wconf 84' lang='lat' dir='ltr'><strong>scribitur.</strong></span> <span class='ocrx_word' id='word_1_190' title='bbox 966 2596 1147 2663; x_wconf 82' lang='lat' dir='ltr'><strong>Quare</strong></span> <span class='ocrx_word' id='word_1_191' title='bbox 1180 2600 1467 2656; x_wconf 81' lang='lat' dir='ltr'><strong>maniieste</strong></span> <span class='ocrx_word' id='word_1_192' title='bbox 1516 2603 1681 2657; x_wconf 86' lang='lat' dir='ltr'><strong>etiam</strong></span> <span class='ocrx_word' id='word_1_193' title='bbox 1713 2606 2017 2660; x_wconf 85' lang='lat' dir='ltr'><strong>secundum</strong></span> 
     </span>
    </p>
   </div>
   <div class='ocr_carea' id='block_1_30' title="bbox 438 2686 2016 2765">
    <p class='ocr_par' dir='ltr' id='par_1_30' title="bbox 438 2686 2016 2765">
     <span class='ocr_line' id='line_1_30' title="bbox 438 2686 2016 2765; baseline 0.006 -25"><span class='ocrx_word' id='word_1_194' title='bbox 438 2686 606 2740; x_wconf 89' lang='lat' dir='ltr'><strong>istum</strong></span> <span class='ocrx_word' id='word_1_195' title='bbox 633 2686 915 2741; x_wconf 79' lang='lat' dir='ltr'><strong>doctorem</strong></span> <span class='ocrx_word' id='word_1_196' title='bbox 951 2687 1191 2758; x_wconf 83' lang='lat' dir='ltr'><strong>Spiritus</strong></span> <span class='ocrx_word' id='word_1_197' title='bbox 1216 2699 1301 2743; x_wconf 85' lang='lat' dir='ltr'><strong>est</strong></span> <span class='ocrx_word' id='word_1_198' title='bbox 1349 2706 1414 2744; x_wconf 78' lang='lat' dir='ltr'><strong>ex</strong></span> <span class='ocrx_word' id='word_1_199' title='bbox 1445 2691 1601 2745; x_wconf 84' lang='lat' dir='ltr'><strong>Filio.</strong></span> <span class='ocrx_word' id='word_1_200' title='bbox 1638 2694 1791 2759; x_wconf 81' lang='lat' dir='ltr'><strong>Quod</strong></span> <span class='ocrx_word' id='word_1_201' title='bbox 1838 2694 1880 2748; x_wconf 81' lang='lat' dir='ltr'><strong>ai</strong></span> <span class='ocrx_word' id='word_1_202' title='bbox 1922 2694 2016 2765; x_wconf 86' lang='lat' dir='ltr'><strong>qui</strong></span> 
     </span>
    </p>
   </div>
   <div class='ocr_carea' id='block_1_31' title="bbox 435 2778 2020 2853">
    <p class='ocr_par' dir='ltr' id='par_1_31' title="bbox 435 2778 2020 2853">
     <span class='ocr_line' id='line_1_31' title="bbox 435 2778 2020 2853; baseline 0.006 -20"><span class='ocrx_word' id='word_1_203' title='bbox 435 2778 747 2833; x_wconf 68' lang='lat' dir='ltr'><strong>iocundum</strong></span> <span class='ocrx_word' id='word_1_204' title='bbox 799 2780 1182 2835; x_wconf 81' lang='lat' dir='ltr'><strong>moderniores</strong></span> <span class='ocrx_word' id='word_1_205' title='bbox 1230 2782 1403 2837; x_wconf 74' lang='lat' dir='ltr'><strong>libras</strong></span> <span class='ocrx_word' id='word_1_206' title='bbox 1450 2783 1714 2853; x_wconf 81' lang='lat' dir='ltr'><strong>Spiritum</strong></span> <span class='ocrx_word' id='word_1_207' title='bbox 1772 2785 1898 2843; x_wconf 82' lang='lat' dir='ltr'><strong>Filii</strong></span> <span class='ocrx_word' id='word_1_208' title='bbox 1940 2787 2020 2841; x_wconf 79' lang='lat' dir='ltr'><strong>di-</strong></span> 
     </span>
    </p>
   </div>
   <div class='ocr_carea' id='block_1_32' title="bbox 437 2873 2019 2943">
    <p class='ocr_par' dir='ltr' id='par_1_32' title="bbox 437 2873 2019 2943">
     <span class='ocr_line' id='line_1_32' title="bbox 437 2873 2019 2943; baseline 0.008 -22"><span class='ocrx_word' id='word_1_209' title='bbox 437 2880 568 2924; x_wconf 85' lang='lat' dir='ltr'><strong>cant</strong></span> <span class='ocrx_word' id='word_1_210' title='bbox 612 2885 737 2925; x_wconf 87' lang='lat' dir='ltr'><strong>esse</strong></span> <span class='ocrx_word' id='word_1_211' title='bbox 797 2873 1067 2942; x_wconf 86' lang='lat' dir='ltr'><strong>scriptum</strong></span> <span class='ocrx_word' id='word_1_212' title='bbox 1113 2888 1223 2928; x_wconf 86' lang='lat' dir='ltr'><strong>non</strong></span> <span class='ocrx_word' id='word_1_213' title='bbox 1259 2888 1326 2928; x_wconf 80' lang='lat' dir='ltr'><strong>ex</strong></span> <span class='ocrx_word' id='word_1_214' title='bbox 1362 2874 1523 2943; x_wconf 88' lang='lat' dir='ltr'><strong>Filio,</strong></span> <span class='ocrx_word' id='word_1_215' title='bbox 1586 2892 1687 2932; x_wconf 86' lang='lat' dir='ltr'><strong>nec</strong></span> <span class='ocrx_word' id='word_1_216' title='bbox 1717 2878 1823 2933; x_wconf 85' lang='lat' dir='ltr'><strong>hoc</strong></span> <span class='ocrx_word' id='word_1_217' title='bbox 1854 2879 2019 2934; x_wconf 87' lang='lat' dir='ltr'><strong>modo</strong></span> 
     </span>
    </p>
   </div>
   <div class='ocr_carea' id='block_1_33' title="bbox 437 2965 2015 3035">
    <p class='ocr_par' dir='ltr' id='par_1_33' title="bbox 437 2965 2015 3035">
     <span class='ocr_line' id='line_1_33' title="bbox 437 2965 2015 3035; baseline 0.009 -20"><span class='ocrx_word' id='word_1_218' title='bbox 437 2972 621 3017; x_wconf 84' lang='lat' dir='ltr'><strong>tamen</strong></span> <span class='ocrx_word' id='word_1_219' title='bbox 651 2965 856 3035; x_wconf 85' lang='lat' dir='ltr'><strong>aliquid</strong></span> <span class='ocrx_word' id='word_1_220' title='bbox 894 2966 1017 3035; x_wconf 86' lang='lat' dir='ltr'><strong>plus</strong></span> <span class='ocrx_word' id='word_1_221' title='bbox 1076 2966 1382 3025; x_wconf 80' lang='lat' dir='ltr'><strong>habebunt.</strong></span> <span class='ocrx_word' id='word_1_222' title='bbox 1430 2969 1577 3025; x_wconf 82' lang='lat' dir='ltr'><strong>idem</strong></span> <span class='ocrx_word' id='word_1_223' title='bbox 1614 2971 1761 3027; x_wconf 83' lang='lat' dir='ltr'><strong>enim</strong></span> <span class='ocrx_word' id='word_1_224' title='bbox 1794 2975 2015 3029; x_wconf 82' lang='lat' dir='ltr'><strong>conclu-</strong></span> 
     </span>
    </p>
   </div>
   <div class='ocr_carea' id='block_1_34' title="bbox 2114 483 3695 567">
    <p class='ocr_par' dir='ltr' id='par_1_34' title="bbox 2114 483 3695 567">
     <span class='ocr_line' id='line_1_34' title="bbox 2114 483 3695 567; baseline -0.011 -17"><span class='ocrx_word' id='word_1_225' title='bbox 2114 512 2285 561; x_wconf 81' lang='lat' dir='ltr'><strong>mum,</strong></span> <span class='ocrx_word' id='word_1_226' title='bbox 2304 504 2360 550; x_wconf 84' lang='lat' dir='ltr'><strong>et</strong></span> <span class='ocrx_word' id='word_1_227' title='bbox 2374 497 2581 567; x_wconf 80' lang='lat' dir='ltr'><strong>absque</strong></span> <span class='ocrx_word' id='word_1_228' title='bbox 2596 498 2777 565; x_wconf 83' lang='lat' dir='ltr'><strong>aliqua</strong></span> <span class='ocrx_word' id='word_1_229' title='bbox 2790 486 3231 553; x_wconf 77' lang='lat' dir='ltr'><strong>contradiCtione</strong></span> <span class='ocrx_word' id='word_1_230' title='bbox 3246 494 3529 541; x_wconf 80' lang='lat' dir='ltr'><strong>remanent</strong></span> <span class='ocrx_word' id='word_1_231' title='bbox 3545 503 3556 536; x_wconf 90' lang='lat'>:</span> <span class='ocrx_word' id='word_1_232' title='bbox 3573 483 3695 552; x_wconf 72' lang='lat' dir='ltr'><strong>qni-</strong></span> 
     </span>
    </p>
   </div>
   <div class='ocr_carea' id='block_1_35' title="bbox 2114 570 3709 661">
    <p class='ocr_par' dir='ltr' id='par_1_35' title="bbox 2114 570 3709 661">
     <span class='ocr_line' id='line_1_35' title="bbox 2114 570 3709 661; baseline -0.01 -21"><span class='ocrx_word' id='word_1_233' title='bbox 2114 589 2221 643; x_wconf 83' lang='lat' dir='ltr'><strong>bus</strong></span> <span class='ocrx_word' id='word_1_234' title='bbox 2235 604 2299 643; x_wconf 82' lang='lat' dir='ltr'><strong>ex</strong></span> <span class='ocrx_word' id='word_1_235' title='bbox 2312 605 2380 644; x_wconf 87' lang='lat' dir='ltr'><strong>eo</strong></span> <span class='ocrx_word' id='word_1_236' title='bbox 2392 590 2537 661; x_wconf 86' lang='lat' dir='ltr'><strong>quod</strong></span> <span class='ocrx_word' id='word_1_237' title='bbox 2558 588 3028 661; x_wconf 79' lang='lat' dir='ltr'><strong>Spiritusdicetnr</strong></span> <span class='ocrx_word' id='word_1_238' title='bbox 3044 582 3285 652; x_wconf 85' lang='lat' dir='ltr'><strong>Spiritus</strong></span> <span class='ocrx_word' id='word_1_239' title='bbox 3303 570 3612 639; x_wconf 78' lang='lat' dir='ltr'><strong>Fitii,etiam</strong></span> <span class='ocrx_word' id='word_1_240' title='bbox 3628 588 3709 633; x_wconf 67' lang='lat' dir='ltr'><strong>es</strong></span> 
     </span>
    </p>
   </div>
   <div class='ocr_carea' id='block_1_36' title="bbox 2114 662 3693 749">
    <p class='ocr_par' dir='ltr' id='par_1_36' title="bbox 2114 662 3693 749">
     <span class='ocr_line' id='line_1_36' title="bbox 2114 662 3693 749; baseline -0.018 -8"><span class='ocrx_word' id='word_1_241' title='bbox 2114 676 2252 734; x_wconf 63' lang='lat' dir='ltr'><strong>Filio</strong></span> <span class='ocrx_word' id='word_1_242' title='bbox 2264 694 2393 734; x_wconf 74' lang='lat' dir='ltr'><strong>eum</strong></span> <span class='ocrx_word' id='word_1_243' title='bbox 2420 680 2717 749; x_wconf 73' lang='lat' dir='ltr'><strong>procedere</strong></span> <span class='ocrx_word' id='word_1_244' title='bbox 2743 679 2999 748; x_wconf 78' lang='lat' dir='ltr'><strong>probant.</strong></span> <span class='ocrx_word' id='word_1_245' title='bbox 3029 672 3135 727; x_wconf 77' lang='lat' dir='ltr'><strong>Per</strong></span> <span class='ocrx_word' id='word_1_246' title='bbox 3159 672 3298 727; x_wconf 83' lang='lat' dir='ltr'><strong>banc</strong></span> <span class='ocrx_word' id='word_1_247' title='bbox 3320 667 3471 722; x_wconf 75' lang='lat' dir='ltr'><strong>enim</strong></span> <span class='ocrx_word' id='word_1_248' title='bbox 3502 662 3693 717; x_wconf 74' lang='lat' dir='ltr'><strong>falsam</strong></span> 
     </span>
    </p>
   </div>
   <div class='ocr_carea' id='block_1_37' title="bbox 2120 766 3697 842">
    <p class='ocr_par' dir='ltr' id='par_1_37' title="bbox 2120 766 3697 842">
     <span class='ocr_line' id='line_1_37' title="bbox 2120 766 3697 842; baseline -0.011 -15"><span class='ocrx_word' id='word_1_249' title='bbox 2120 771 2523 840; x_wconf 76' lang='lat' dir='ltr'><strong>expositionem</strong></span> <span class='ocrx_word' id='word_1_250' title='bbox 2564 770 2850 842; x_wconf 83' lang='lat' dir='ltr'><strong>aliquieas</strong></span> <span class='ocrx_word' id='word_1_251' title='bbox 2878 776 3128 823; x_wconf 73' lang='lat' dir='ltr'><strong>evertere</strong></span> <span class='ocrx_word' id='word_1_252' title='bbox 3169 771 3443 819; x_wconf 78' lang='lat' dir='ltr'><strong>conantur</strong></span> <span class='ocrx_word' id='word_1_253' title='bbox 3473 766 3697 828; x_wconf 82' lang='lat' dir='ltr'><strong>propter</strong></span> 
     </span>
    </p>
   </div>
   <div class='ocr_carea' id='block_1_38' title="bbox 2118 842 3692 930">
    <p class='ocr_par' dir='ltr' id='par_1_38' title="bbox 2118 842 3692 930">
     <span class='ocr_line' id='line_1_38' title="bbox 2118 842 3692 930; baseline -0.011 -13"><span class='ocrx_word' id='word_1_254' title='bbox 2118 858 2774 922; x_wconf 65' lang='lat' dir='ltr'><strong>consubstantialitatem,</strong></span> <span class='ocrx_word' id='word_1_255' title='bbox 2814 860 3070 930; x_wconf 81' lang='lat' dir='ltr'><strong>putantes</strong></span> <span class='ocrx_word' id='word_1_256' title='bbox 3110 854 3216 908; x_wconf 84' lang='lat' dir='ltr'><strong>dici</strong></span> <span class='ocrx_word' id='word_1_257' title='bbox 3248 851 3510 919; x_wconf 80' lang='lat' dir='ltr'><strong>Spiritum</strong></span> <span class='ocrx_word' id='word_1_258' title='bbox 3547 842 3692 901; x_wconf 81' lang='lat' dir='ltr'><strong>Filii.</strong></span> 
     </span>
    </p>
   </div>
   <div class='ocr_carea' id='block_1_39' title="bbox 2119 937 3692 1020">
    <p class='ocr_par' dir='ltr' id='par_1_39' title="bbox 2119 937 3692 1020">
     <span class='ocr_line' id='line_1_39' title="bbox 2119 937 3692 1020; baseline -0.011 -15"><span class='ocrx_word' id='word_1_259' title='bbox 2119 949 2271 1006; x_wconf 84' lang='lat' dir='ltr'><strong>llanc</strong></span> <span class='ocrx_word' id='word_1_260' title='bbox 2328 953 2655 1007; x_wconf 79' lang='lat' dir='ltr'><strong>sententiam</strong></span> <span class='ocrx_word' id='word_1_261' title='bbox 2718 948 3018 1020; x_wconf 69' lang='lat' dir='ltr'><strong>Gregorius</strong></span> <span class='ocrx_word' id='word_1_262' title='bbox 3067 946 3345 1016; x_wconf 74' lang='lat' dir='ltr'><strong>Nyssenus</strong></span> <span class='ocrx_word' id='word_1_263' title='bbox 3384 948 3443 993; x_wconf 90' lang='lat' dir='ltr'><strong>ut</strong></span> <span class='ocrx_word' id='word_1_264' title='bbox 3498 937 3692 1019; x_wconf 59' lang='lat' dir='ltr'><strong>(uisant</strong></span> 
     </span>
    </p>
   </div>
   <div class='ocr_carea' id='block_1_40' title="bbox 2118 1029 3697 1113">
    <p class='ocr_par' dir='ltr' id='par_1_40' title="bbox 2118 1029 3697 1113">
     <span class='ocr_line' id='line_1_40' title="bbox 2118 1029 3697 1113; baseline -0.012 -14"><span class='ocrx_word' id='word_1_265' title='bbox 2118 1042 2411 1099; x_wconf 78' lang='lat' dir='ltr'><strong>manifeste</strong></span> <span class='ocrx_word' id='word_1_266' title='bbox 2443 1044 2730 1113; x_wconf 66' lang='lat' dir='ltr'><strong>reprobat,</strong></span> <span class='ocrx_word' id='word_1_267' title='bbox 2763 1042 3041 1111; x_wconf 85' lang='lat' dir='ltr'><strong>accipiens</strong></span> <span class='ocrx_word' id='word_1_268' title='bbox 3060 1037 3192 1093; x_wconf 83' lang='lat' dir='ltr'><strong>illud</strong></span> <span class='ocrx_word' id='word_1_269' title='bbox 3213 1046 3471 1103; x_wconf 86' lang='lat' dir='ltr'><strong>tanquam</strong></span> <span class='ocrx_word' id='word_1_270' title='bbox 3501 1029 3697 1083; x_wconf 46' lang='lat' dir='ltr'><strong>distin;</strong></span> 
     </span>
    </p>
   </div>
   <div class='ocr_carea' id='block_1_41' title="bbox 2117 1119 3693 1196">
    <p class='ocr_par' dir='ltr' id='par_1_41' title="bbox 2117 1119 3693 1196">
     <span class='ocr_line' id='line_1_41' title="bbox 2117 1119 3693 1196; baseline -0.014 -3"><span class='ocrx_word' id='word_1_271' title='bbox 2117 1137 2351 1193; x_wconf 86' lang='lat' dir='ltr'><strong>ctivutn.</strong></span> <span class='ocrx_word' id='word_1_272' title='bbox 2395 1135 2505 1191; x_wconf 77' lang='lat' dir='ltr'><strong>Sed</strong></span> <span class='ocrx_word' id='word_1_273' title='bbox 2537 1150 2668 1191; x_wconf 88' lang='lat' dir='ltr'><strong>cum</strong></span> <span class='ocrx_word' id='word_1_274' title='bbox 2712 1134 2783 1188; x_wconf 82' lang='lat' dir='ltr'><strong>ad</strong></span> <span class='ocrx_word' id='word_1_275' title='bbox 2832 1129 3227 1187; x_wconf 78' lang='lat' dir='ltr'><strong>ostendendam</strong></span> <span class='ocrx_word' id='word_1_276' title='bbox 3257 1124 3478 1196; x_wconf 84' lang='lat' dir='ltr'><strong>quidem</strong></span> <span class='ocrx_word' id='word_1_277' title='bbox 3533 1119 3693 1190; x_wconf 80' lang='lat' dir='ltr'><strong>hujus</strong></span> 
     </span>
    </p>
   </div>
   <div class='ocr_carea' id='block_1_42' title="bbox 2119 1223 3696 1301">
    <p class='ocr_par' dir='ltr' id='par_1_42' title="bbox 2119 1223 3696 1301">
     <span class='ocr_line' id='line_1_42' title="bbox 2119 1223 3696 1301; baseline -0.011 -18"><span class='ocrx_word' id='word_1_278' title='bbox 2119 1228 2495 1283; x_wconf 80' lang='lat' dir='ltr'><strong>conclusionis</strong></span> <span class='ocrx_word' id='word_1_279' title='bbox 2527 1227 2861 1301; x_wconf 70' lang='lat' dir='ltr'><strong>veritatem,</strong></span> <span class='ocrx_word' id='word_1_280' title='bbox 2910 1223 3289 1294; x_wconf 86' lang='lat' dir='ltr'><strong>Spiritumque</strong></span> <span class='ocrx_word' id='word_1_281' title='bbox 3340 1225 3586 1273; x_wconf 88' lang='lat' dir='ltr'><strong>sanctum</strong></span> <span class='ocrx_word' id='word_1_282' title='bbox 3628 1228 3696 1267; x_wconf 80' lang='lat' dir='ltr'><strong>ex</strong></span> 
     </span>
    </p>
   </div>
   <div class='ocr_carea' id='block_1_43' title="bbox 2122 1309 3698 1389">
    <p class='ocr_par' dir='ltr' id='par_1_43' title="bbox 2122 1309 3698 1389">
     <span class='ocr_line' id='line_1_43' title="bbox 2122 1309 3698 1389; baseline -0.013 -12"><span class='ocrx_word' id='word_1_283' title='bbox 2122 1317 2285 1377; x_wconf 82' lang='lat' dir='ltr'><strong>Patre</strong></span> <span class='ocrx_word' id='word_1_284' title='bbox 2315 1327 2369 1375; x_wconf 90' lang='lat' dir='ltr'><strong>et</strong></span> <span class='ocrx_word' id='word_1_285' title='bbox 2398 1319 2538 1374; x_wconf 86' lang='lat' dir='ltr'><strong>Filio</strong></span> <span class='ocrx_word' id='word_1_286' title='bbox 2577 1318 2879 1389; x_wconf 85' lang='lat' dir='ltr'><strong>procedere</strong></span> <span class='ocrx_word' id='word_1_287' title='bbox 2923 1310 3297 1387; x_wconf 82' lang='lat' dir='ltr'><strong>probandum,</strong></span> <span class='ocrx_word' id='word_1_288' title='bbox 3333 1309 3501 1364; x_wconf 88' lang='lat' dir='ltr'><strong>multa</strong></span> <span class='ocrx_word' id='word_1_289' title='bbox 3532 1320 3698 1375; x_wconf 79' lang='lat' dir='ltr'><strong>argn-</strong></span> 
     </span>
    </p>
   </div>
   <div class='ocr_carea' id='block_1_44' title="bbox 2124 1398 3701 1475">
    <p class='ocr_par' dir='ltr' id='par_1_44' title="bbox 2124 1398 3701 1475">
     <span class='ocr_line' id='line_1_44' title="bbox 2124 1398 3701 1475; baseline -0.011 -6"><span class='ocrx_word' id='word_1_290' title='bbox 2124 1422 2329 1475; x_wconf 88' lang='lat' dir='ltr'><strong>menta,</strong></span> <span class='ocrx_word' id='word_1_291' title='bbox 2382 1412 2564 1467; x_wconf 61' lang='lat' dir='ltr'><strong>multa</strong></span> <span class='ocrx_word' id='word_1_292' title='bbox 2607 1412 2984 1472; x_wconf 79' lang='lat' dir='ltr'><strong>auctoritates.</strong></span> <span class='ocrx_word' id='word_1_293' title='bbox 3035 1408 3219 1463; x_wconf 63' lang='lat' dir='ltr'><strong>multas</strong></span> <span class='ocrx_word' id='word_1_294' title='bbox 3274 1404 3515 1459; x_wconf 81' lang='lat' dir='ltr'><strong>rationes</strong></span> <span class='ocrx_word' id='word_1_295' title='bbox 3564 1398 3701 1464; x_wconf 77' lang='lat' dir='ltr'><strong>sint,</strong></span> 
     </span>
    </p>
   </div>
   <div class='ocr_carea' id='block_1_45' title="bbox 2124 1496 3417 1574">
    <p class='ocr_par' dir='ltr' id='par_1_45' title="bbox 2124 1496 3417 1574">
     <span class='ocr_line' id='line_1_45' title="bbox 2124 1496 3417 1574; baseline -0.008 -13"><span class='ocrx_word' id='word_1_296' title='bbox 2124 1508 2258 1561; x_wconf 80' lang='lat' dir='ltr'><strong>satis</strong></span> <span class='ocrx_word' id='word_1_297' title='bbox 2291 1514 2475 1558; x_wconf 87' lang='lat' dir='ltr'><strong>tamen</strong></span> <span class='ocrx_word' id='word_1_298' title='bbox 2507 1518 2573 1557; x_wconf 78' lang='lat' dir='ltr'><strong>es</strong></span> <span class='ocrx_word' id='word_1_299' title='bbox 2598 1502 2879 1574; x_wconf 72' lang='lat' dir='ltr'><strong>praedictis</strong></span> <span class='ocrx_word' id='word_1_300' title='bbox 2906 1501 3006 1555; x_wconf 88' lang='lat' dir='ltr'><strong>tibi</strong></span> <span class='ocrx_word' id='word_1_301' title='bbox 3043 1507 3175 1570; x_wconf 91' lang='lat' dir='ltr'><strong>puto</strong></span> <span class='ocrx_word' id='word_1_302' title='bbox 3198 1496 3417 1553; x_wconf 81' lang='lat' dir='ltr'><strong>fecisse.</strong></span> 
     </span>
    </p>
   </div>
   <div class='ocr_carea' id='block_1_46' title="bbox 2127 1611 3700 1687">
    <p class='ocr_par' dir='ltr' id='par_1_46' title="bbox 2127 1611 3700 1687">
     <span class='ocr_line' id='line_1_46' title="bbox 2127 1611 3700 1687; baseline -0.006 -17"><span class='ocrx_word' id='word_1_303' title='bbox 2127 1614 2426 1671; x_wconf 69' lang='lat' dir='ltr'><strong>Solutioim</strong></span> <span class='ocrx_word' id='word_1_304' title='bbox 2462 1616 2961 1687; x_wconf 66' lang='lat' dir='ltr'><strong>inconvenientium,</strong></span> <span class='ocrx_word' id='word_1_305' title='bbox 2986 1622 3105 1683; x_wconf 67' lang='lat' dir='ltr'><strong>quin</strong></span> <span class='ocrx_word' id='word_1_306' title='bbox 3138 1624 3169 1667; x_wconf 88' lang='lat' dir='ltr'><strong>a</strong></span> <span class='ocrx_word' id='word_1_307' title='bbox 3199 1611 3396 1687; x_wconf 61' lang='lat' dir='ltr'><strong>Grecis</strong></span> <span class='ocrx_word' id='word_1_308' title='bbox 3426 1614 3700 1678; x_wconf 74' lang='lat' dir='ltr'><strong>opponun-</strong></span> 
     </span>
    </p>
   </div>
   <div class='ocr_carea' id='block_1_47' title="bbox 2302 1682 3493 1742">
    <p class='ocr_par' dir='ltr' id='par_1_47' title="bbox 2302 1682 3493 1742">
     <span class='ocr_line' id='line_1_47' title="bbox 2302 1682 3493 1742; baseline -0.003 -2"><span class='ocrx_word' id='word_1_309' title='bbox 2302 1696 2389 1742; x_wconf 87' lang='lat' dir='ltr'><strong>tur</strong></span> <span class='ocrx_word' id='word_1_310' title='bbox 2416 1687 2623 1741; x_wconf 77' lang='lat' dir='ltr'><strong>Latinis</strong></span> <span class='ocrx_word' id='word_1_311' title='bbox 2655 1684 2704 1740; x_wconf 70' lang='grc' dir='ltr'><strong>εὶ</strong></span> <span class='ocrx_word' id='word_1_312' title='bbox 2734 1689 2933 1742; x_wconf 71' lang='lat' dir='ltr'><strong>cretei-is</strong></span> <span class='ocrx_word' id='word_1_313' title='bbox 2969 1682 3104 1739; x_wconf 73' lang='lat' dir='ltr'><strong>recte</strong></span> <span class='ocrx_word' id='word_1_314' title='bbox 3130 1682 3493 1738; x_wconf 81' lang='lat' dir='ltr'><strong>sentientibus.</strong></span> 
     </span>
    </p>
   </div>
   <div class='ocr_carea' id='block_1_48' title="bbox 2191 1759 3701 1847">
    <p class='ocr_par' dir='ltr' id='par_1_48' title="bbox 2191 1759 3701 1847">
     <span class='ocr_line' id='line_1_48' title="bbox 2191 1759 3701 1847; baseline -0.007 -13"><span class='ocrx_word' id='word_1_315' title='bbox 2191 1778 2329 1834; x_wconf 87' lang='lat' dir='ltr'><strong>Cum</strong></span> <span class='ocrx_word' id='word_1_316' title='bbox 2377 1790 2510 1833; x_wconf 86' lang='lat' dir='ltr'><strong>vero</strong></span> <span class='ocrx_word' id='word_1_317' title='bbox 2560 1766 2808 1847; x_wconf 69' lang='lat' dir='ltr'><strong>quaedam</strong></span> <span class='ocrx_word' id='word_1_318' title='bbox 2865 1759 3317 1832; x_wconf 83' lang='lat' dir='ltr'><strong>inconvenientia</strong></span> <span class='ocrx_word' id='word_1_319' title='bbox 3370 1772 3552 1835; x_wconf 84' lang='lat' dir='ltr'><strong>nobis,</strong></span> <span class='ocrx_word' id='word_1_320' title='bbox 3606 1767 3701 1839; x_wconf 86' lang='lat' dir='ltr'><strong>qni</strong></span> 
     </span>
    </p>
   </div>
   <div class='ocr_carea' id='block_1_49' title="bbox 2122 1863 3705 1939">
    <p class='ocr_par' dir='ltr' id='par_1_49' title="bbox 2122 1863 3705 1939">
     <span class='ocr_line' id='line_1_49' title="bbox 2122 1863 3705 1939; baseline -0.009 -10"><span class='ocrx_word' id='word_1_321' title='bbox 2122 1874 2411 1929; x_wconf 81' lang='lat' dir='ltr'><strong>veritatem</strong></span> <span class='ocrx_word' id='word_1_322' title='bbox 2440 1870 2791 1939; x_wconf 77' lang='lat' dir='ltr'><strong>cuiiiitetnur,</strong></span> <span class='ocrx_word' id='word_1_323' title='bbox 2813 1869 2881 1924; x_wconf 89' lang='lat' dir='ltr'><strong>ab</strong></span> <span class='ocrx_word' id='word_1_324' title='bbox 2910 1871 3021 1925; x_wconf 87' lang='lat' dir='ltr'><strong>illis</strong></span> <span class='ocrx_word' id='word_1_325' title='bbox 3052 1868 3396 1928; x_wconf 76' lang='lat' dir='ltr'><strong>inferuntur,</strong></span> <span class='ocrx_word' id='word_1_326' title='bbox 3449 1863 3567 1932; x_wconf 89' lang='lat' dir='ltr'><strong>qui,</strong></span> <span class='ocrx_word' id='word_1_327' title='bbox 3602 1878 3705 1916; x_wconf 87' lang='lat' dir='ltr'><strong>nec</strong></span> 
     </span>
    </p>
   </div>
   <div class='ocr_carea' id='block_1_50' title="bbox 2120 1954 3704 2034">
    <p class='ocr_par' dir='ltr' id='par_1_50' title="bbox 2120 1954 3704 2034">
     <span class='ocr_line' id='line_1_50' title="bbox 2120 1954 3704 2034; baseline -0.008 -15"><span class='ocrx_word' id='word_1_328' title='bbox 2120 1965 2253 2034; x_wconf 87' lang='lat' dir='ltr'><strong>quid</strong></span> <span class='ocrx_word' id='word_1_329' title='bbox 2305 1965 2513 2029; x_wconf 86' lang='lat' dir='ltr'><strong>dicant,</strong></span> <span class='ocrx_word' id='word_1_330' title='bbox 2548 1965 2757 2029; x_wconf 83' lang='lat' dir='ltr'><strong>sciunt,</strong></span> <span class='ocrx_word' id='word_1_331' title='bbox 2810 1974 2915 2018; x_wconf 84' lang='lat' dir='ltr'><strong>nec</strong></span> <span class='ocrx_word' id='word_1_332' title='bbox 2945 1962 3013 2017; x_wconf 87' lang='lat' dir='ltr'><strong>de</strong></span> <span class='ocrx_word' id='word_1_333' title='bbox 3059 1959 3261 2031; x_wconf 69' lang='lat' dir='ltr'><strong>quibus</strong></span> <span class='ocrx_word' id='word_1_334' title='bbox 3293 1964 3568 2017; x_wconf 81' lang='lat' dir='ltr'><strong>asserunt,</strong></span> <span class='ocrx_word' id='word_1_335' title='bbox 3612 1954 3704 2007; x_wconf 87' lang='lat' dir='ltr'><strong>illa</strong></span> 
     </span>
    </p>
   </div>
   <div class='ocr_carea' id='block_1_51' title="bbox 2121 2046 3705 2127">
    <p class='ocr_par' dir='ltr' id='par_1_51' title="bbox 2121 2046 3705 2127">
     <span class='ocr_line' id='line_1_51' title="bbox 2121 2046 3705 2127; baseline -0.009 -15"><span class='ocrx_word' id='word_1_336' title='bbox 2121 2056 2367 2127; x_wconf 84' lang='lat' dir='ltr'><strong>quidem,</strong></span> <span class='ocrx_word' id='word_1_337' title='bbox 2418 2070 2541 2127; x_wconf 77' lang='lat' dir='ltr'><strong>qute</strong></span> <span class='ocrx_word' id='word_1_338' title='bbox 2590 2066 2785 2112; x_wconf 87' lang='lat' dir='ltr'><strong>contra</strong></span> <span class='ocrx_word' id='word_1_339' title='bbox 2821 2062 3145 2124; x_wconf 71' lang='lat' dir='ltr'><strong>argumenta</strong></span> <span class='ocrx_word' id='word_1_340' title='bbox 3183 2050 3472 2122; x_wconf 81' lang='lat' dir='ltr'><strong>pi-obantia</strong></span> <span class='ocrx_word' id='word_1_341' title='bbox 3504 2046 3705 2101; x_wconf 79' lang='lat' dir='ltr'><strong>verita-</strong></span> 
     </span>
    </p>
   </div>
   <div class='ocr_carea' id='block_1_52' title="bbox 2121 2141 3706 2218">
    <p class='ocr_par' dir='ltr' id='par_1_52' title="bbox 2121 2141 3706 2218">
     <span class='ocr_line' id='line_1_52' title="bbox 2121 2141 3706 2218; baseline -0.008 -15"><span class='ocrx_word' id='word_1_342' title='bbox 2121 2159 2231 2204; x_wconf 88' lang='lat' dir='ltr'><strong>tem</strong></span> <span class='ocrx_word' id='word_1_343' title='bbox 2265 2157 2650 2218; x_wconf 82' lang='lat' dir='ltr'><strong>opponuntur,</strong></span> <span class='ocrx_word' id='word_1_344' title='bbox 2699 2149 2755 2203; x_wconf 86' lang='lat' dir='ltr'><strong>in</strong></span> <span class='ocrx_word' id='word_1_345' title='bbox 2793 2147 3045 2217; x_wconf 86' lang='lat' dir='ltr'><strong>ipsismet</strong></span> <span class='ocrx_word' id='word_1_346' title='bbox 3090 2145 3432 2215; x_wconf 82' lang='lat' dir='ltr'><strong>argumentis</strong></span> <span class='ocrx_word' id='word_1_347' title='bbox 3463 2141 3706 2196; x_wconf 79' lang='lat' dir='ltr'><strong>breviter</strong></span> 
     </span>
    </p>
   </div>
   <div class='ocr_carea' id='block_1_53' title="bbox 2122 2233 3702 2305">
    <p class='ocr_par' dir='ltr' id='par_1_53' title="bbox 2122 2233 3702 2305">
     <span class='ocr_line' id='line_1_53' title="bbox 2122 2233 3702 2305; baseline -0.008 -8"><span class='ocrx_word' id='word_1_348' title='bbox 2122 2240 2407 2305; x_wconf 82' lang='lat' dir='ltr'><strong>solvimus,</strong></span> <span class='ocrx_word' id='word_1_349' title='bbox 2440 2251 2501 2297; x_wconf 89' lang='lat' dir='ltr'><strong>ut</strong></span> <span class='ocrx_word' id='word_1_350' title='bbox 2524 2238 2731 2295; x_wconf 82' lang='lat' dir='ltr'><strong>vidisti.</strong></span> <span class='ocrx_word' id='word_1_351' title='bbox 2768 2238 2974 2294; x_wconf 87' lang='lat' dir='ltr'><strong>Eorum</strong></span> <span class='ocrx_word' id='word_1_352' title='bbox 3001 2252 3153 2301; x_wconf 84' lang='lat' dir='ltr'><strong>vero,</strong></span> <span class='ocrx_word' id='word_1_353' title='bbox 3187 2250 3310 2305; x_wconf 72' lang='lat' dir='ltr'><strong>quin</strong></span> <span class='ocrx_word' id='word_1_354' title='bbox 3338 2240 3531 2289; x_wconf 87' lang='lat' dir='ltr'><strong>contra</strong></span> <span class='ocrx_word' id='word_1_355' title='bbox 3554 2233 3702 2301; x_wconf 88' lang='lat' dir='ltr'><strong>ipsa-</strong></span> 
     </span>
    </p>
   </div>
   <div class='ocr_carea' id='block_1_54' title="bbox 2122 2328 3705 2398">
    <p class='ocr_par' dir='ltr' id='par_1_54' title="bbox 2122 2328 3705 2398">
     <span class='ocr_line' id='line_1_54' title="bbox 2122 2328 3705 2398; baseline -0.008 -9"><span class='ocrx_word' id='word_1_356' title='bbox 2122 2344 2237 2390; x_wconf 86' lang='lat' dir='ltr'><strong>met</strong></span> <span class='ocrx_word' id='word_1_357' title='bbox 2277 2332 2691 2390; x_wconf 87' lang='lat' dir='ltr'><strong>conclusionem</strong></span> <span class='ocrx_word' id='word_1_358' title='bbox 2743 2331 3094 2394; x_wconf 73' lang='lat' dir='ltr'><strong>inferuntur,</strong></span> <span class='ocrx_word' id='word_1_359' title='bbox 3125 2329 3332 2398; x_wconf 77' lang='lat' dir='ltr'><strong>eligens</strong></span> <span class='ocrx_word' id='word_1_360' title='bbox 3376 2328 3611 2397; x_wconf 85' lang='lat' dir='ltr'><strong>potiora,</strong></span> <span class='ocrx_word' id='word_1_361' title='bbox 3648 2332 3705 2378; x_wconf 86' lang='lat' dir='ltr'><strong>et</strong></span> 
     </span>
    </p>
   </div>
   <div class='ocr_carea' id='block_1_55' title="bbox 2121 2420 3704 2497">
    <p class='ocr_par' dir='ltr' id='par_1_55' title="bbox 2121 2420 3704 2497">
     <span class='ocr_line' id='line_1_55' title="bbox 2121 2420 3704 2497; baseline -0.006 -16"><span class='ocrx_word' id='word_1_362' title='bbox 2121 2442 2244 2497; x_wconf 75' lang='lat' dir='ltr'><strong>quae</strong></span> <span class='ocrx_word' id='word_1_363' title='bbox 2299 2427 2475 2495; x_wconf 81' lang='lat' dir='ltr'><strong>magis</strong></span> <span class='ocrx_word' id='word_1_364' title='bbox 2524 2425 2846 2481; x_wconf 80' lang='lat' dir='ltr'><strong>verisimilia</strong></span> <span class='ocrx_word' id='word_1_365' title='bbox 2893 2422 3193 2487; x_wconf 82' lang='lat' dir='ltr'><strong>videntur,</strong></span> <span class='ocrx_word' id='word_1_366' title='bbox 3244 2420 3547 2475; x_wconf 87' lang='lat' dir='ltr'><strong>solutiones</strong></span> <span class='ocrx_word' id='word_1_367' title='bbox 3602 2432 3704 2487; x_wconf 87' lang='lat' dir='ltr'><strong>pro</strong></span> 
     </span>
    </p>
   </div>
   <div class='ocr_carea' id='block_1_56' title="bbox 2121 2510 3702 2591">
    <p class='ocr_par' dir='ltr' id='par_1_56' title="bbox 2121 2510 3702 2591">
     <span class='ocr_line' id='line_1_56' title="bbox 2121 2510 3702 2591; baseline -0.005 -17"><span class='ocrx_word' id='word_1_368' title='bbox 2121 2534 2305 2591; x_wconf 86' lang='lat' dir='ltr'><strong>posse,</strong></span> <span class='ocrx_word' id='word_1_369' title='bbox 2353 2518 2544 2590; x_wconf 85' lang='lat' dir='ltr'><strong>paucis</strong></span> <span class='ocrx_word' id='word_1_370' title='bbox 2579 2526 2637 2573; x_wconf 84' lang='lat' dir='ltr'><strong>et</strong></span> <span class='ocrx_word' id='word_1_371' title='bbox 2676 2510 3020 2572; x_wconf 70' lang='lat' dir='ltr'><strong>sufﬁcienter</strong></span> <span class='ocrx_word' id='word_1_372' title='bbox 3064 2514 3153 2569; x_wconf 81' lang='lat' dir='ltr'><strong>liic</strong></span> <span class='ocrx_word' id='word_1_373' title='bbox 3194 2515 3429 2569; x_wconf 80' lang='lat' dir='ltr'><strong>inseram</strong></span> <span class='ocrx_word' id='word_1_374' title='bbox 3464 2529 3479 2578; x_wconf 90' lang='lat'><strong>;</strong></span> <span class='ocrx_word' id='word_1_375' title='bbox 3512 2522 3573 2566; x_wconf 89' lang='lat' dir='ltr'><strong>ut</strong></span> <span class='ocrx_word' id='word_1_376' title='bbox 3604 2510 3702 2566; x_wconf 90' lang='lat' dir='ltr'><strong>tibi</strong></span> 
     </span>
    </p>
   </div>
   <div class='ocr_carea' id='block_1_57' title="bbox 2121 2601 3702 2680">
    <p class='ocr_par' dir='ltr' id='par_1_57' title="bbox 2121 2601 3702 2680">
     <span class='ocr_line' id='line_1_57' title="bbox 2121 2601 3702 2680; baseline -0.007 -13"><span class='ocrx_word' id='word_1_377' title='bbox 2121 2612 2297 2667; x_wconf 85' lang='lat' dir='ltr'><strong>oratio</strong></span> <span class='ocrx_word' id='word_1_378' title='bbox 2349 2610 2478 2674; x_wconf 90' lang='lat' dir='ltr'><strong>ista,</strong></span> <span class='ocrx_word' id='word_1_379' title='bbox 2520 2625 2686 2680; x_wconf 86' lang='lat' dir='ltr'><strong>quam</strong></span> <span class='ocrx_word' id='word_1_380' title='bbox 2731 2608 2850 2663; x_wconf 81' lang='lat' dir='ltr'><strong>ﬁeri</strong></span> <span class='ocrx_word' id='word_1_381' title='bbox 2891 2616 3093 2676; x_wconf 85' lang='lat' dir='ltr'><strong>potest,</strong></span> <span class='ocrx_word' id='word_1_382' title='bbox 3128 2605 3393 2677; x_wconf 85' lang='lat' dir='ltr'><strong>completa</strong></span> <span class='ocrx_word' id='word_1_383' title='bbox 3425 2604 3518 2669; x_wconf 84' lang='lat' dir='ltr'><strong>sit,</strong></span> <span class='ocrx_word' id='word_1_384' title='bbox 3549 2612 3603 2659; x_wconf 88' lang='lat' dir='ltr'><strong>et</strong></span> <span class='ocrx_word' id='word_1_385' title='bbox 3636 2601 3702 2656; x_wconf 85' lang='lat' dir='ltr'><strong>ad</strong></span> 
     </span>
    </p>
   </div>
   <div class='ocr_carea' id='block_1_58' title="bbox 2121 2695 3705 2769">
    <p class='ocr_par' dir='ltr' id='par_1_58' title="bbox 2121 2695 3705 2769">
     <span class='ocr_line' id='line_1_58' title="bbox 2121 2695 3705 2769; baseline -0.006 -11"><span class='ocrx_word' id='word_1_386' title='bbox 2121 2705 2303 2758; x_wconf 84' lang='lat' dir='ltr'><strong>omnia</strong></span> <span class='ocrx_word' id='word_1_387' title='bbox 2366 2701 2669 2759; x_wconf 78' lang='lat' dir='ltr'><strong>sufﬁciens.</strong></span> <span class='ocrx_word' id='word_1_388' title='bbox 2716 2701 3042 2769; x_wconf 85' lang='lat' dir='ltr'><strong>Quanquam</strong></span> <span class='ocrx_word' id='word_1_389' title='bbox 3094 2699 3209 2753; x_wconf 77' lang='lat' dir='ltr'><strong>hazc</strong></span> <span class='ocrx_word' id='word_1_390' title='bbox 3260 2695 3705 2752; x_wconf 76' lang='lat' dir='ltr'><strong>inconvenientia</strong></span> 
     </span>
    </p>
   </div>
   <div class='ocr_carea' id='block_1_59' title="bbox 2121 2787 3707 2857">
    <p class='ocr_par' dir='ltr' id='par_1_59' title="bbox 2121 2787 3707 2857">
     <span class='ocr_line' id='line_1_59' title="bbox 2121 2787 3707 2857; baseline -0.007 -6"><span class='ocrx_word' id='word_1_391' title='bbox 2121 2812 2228 2851; x_wconf 87' lang='lat' dir='ltr'><strong>non</strong></span> <span class='ocrx_word' id='word_1_392' title='bbox 2262 2804 2451 2850; x_wconf 88' lang='lat' dir='ltr'><strong>contra</strong></span> <span class='ocrx_word' id='word_1_393' title='bbox 2501 2810 2604 2850; x_wconf 87' lang='lat' dir='ltr'><strong>nos</strong></span> <span class='ocrx_word' id='word_1_394' title='bbox 2638 2793 2974 2857; x_wconf 74' lang='lat' dir='ltr'><strong>inferuntur,</strong></span> <span class='ocrx_word' id='word_1_395' title='bbox 3021 2806 3123 2846; x_wconf 88' lang='lat' dir='ltr'><strong>nec</strong></span> <span class='ocrx_word' id='word_1_396' title='bbox 3166 2805 3263 2845; x_wconf 80' lang='lat' dir='ltr'><strong>nos</strong></span> <span class='ocrx_word' id='word_1_397' title='bbox 3296 2801 3553 2847; x_wconf 84' lang='lat' dir='ltr'><strong>tenemur</strong></span> <span class='ocrx_word' id='word_1_398' title='bbox 3585 2787 3707 2841; x_wconf 80' lang='lat' dir='ltr'><strong>red-</strong></span> 
     </span>
    </p>
   </div>
   <div class='ocr_carea' id='block_1_60' title="bbox 2121 2879 3705 2953">
    <p class='ocr_par' dir='ltr' id='par_1_60' title="bbox 2121 2879 3705 2953">
     <span class='ocr_line' id='line_1_60' title="bbox 2121 2879 3705 2953; baseline -0.006 -9"><span class='ocrx_word' id='word_1_399' title='bbox 2121 2890 2251 2946; x_wconf 83' lang='lat' dir='ltr'><strong>dere</strong></span> <span class='ocrx_word' id='word_1_400' title='bbox 2304 2888 2573 2941; x_wconf 85' lang='lat' dir='ltr'><strong>rationem</strong></span> <span class='ocrx_word' id='word_1_401' title='bbox 2606 2905 2621 2940; x_wconf 89' lang='lat'><strong>:</strong></span> <span class='ocrx_word' id='word_1_402' title='bbox 2652 2885 2748 2940; x_wconf 89' lang='lat' dir='ltr'><strong>sed</strong></span> <span class='ocrx_word' id='word_1_403' title='bbox 2798 2895 2991 2940; x_wconf 88' lang='lat' dir='ltr'><strong>contra</strong></span> <span class='ocrx_word' id='word_1_404' title='bbox 3034 2891 3259 2940; x_wconf 88' lang='lat' dir='ltr'><strong>sanctos</strong></span> <span class='ocrx_word' id='word_1_405' title='bbox 3300 2882 3579 2945; x_wconf 80' lang='lat' dir='ltr'><strong>doctores,</strong></span> <span class='ocrx_word' id='word_1_406' title='bbox 3609 2879 3705 2953; x_wconf 81' lang='lat' dir='ltr'><strong>qui</strong></span> 
     </span>
    </p>
   </div>
   <div class='ocr_carea' id='block_1_61' title="bbox 2122 2979 3708 3055">
    <p class='ocr_par' dir='ltr' id='par_1_61' title="bbox 2122 2979 3708 3055">
     <span class='ocr_line' id='line_1_61' title="bbox 2122 2979 3708 3055; baseline -0.007 -13"><span class='ocrx_word' id='word_1_407' title='bbox 2122 2985 2279 3041; x_wconf 88' lang='lat' dir='ltr'><strong>nobis</strong></span> <span class='ocrx_word' id='word_1_408' title='bbox 2306 2984 2475 3055; x_wconf 87' lang='lat' dir='ltr'><strong>hujus</strong></span> <span class='ocrx_word' id='word_1_409' title='bbox 2507 2983 2785 3053; x_wconf 79' lang='lat' dir='ltr'><strong>dogmatis</strong></span> <span class='ocrx_word' id='word_1_410' title='bbox 2847 2982 3124 3054; x_wconf 87' lang='lat' dir='ltr'><strong>bujusque</strong></span> <span class='ocrx_word' id='word_1_411' title='bbox 3160 2979 3532 3036; x_wconf 79' lang='lat' dir='ltr'><strong>conclusionis</strong></span> <span class='ocrx_word' id='word_1_412' title='bbox 3557 2980 3708 3050; x_wconf 87' lang='lat' dir='ltr'><strong>prin-</strong></span> 
     </span>
    </p>
   </div>
   <div class='ocr_carea' id='block_1_62' title="bbox 437 3057 3710 3147">
    <p class='ocr_par' dir='ltr' id='par_1_62' title="bbox 437 3057 3710 3147">
     <span class='ocr_line' id='line_1_62' title="bbox 437 3057 3710 3147; baseline 0.003 -35"><span class='ocrx_word' id='word_1_413' title='bbox 437 3057 602 3113; x_wconf 76' lang='lat' dir='ltr'><strong>detur</strong></span> <span class='ocrx_word' id='word_1_414' title='bbox 633 3060 801 3113; x_wconf 86' lang='lat' dir='ltr'><strong>etiam</strong></span> <span class='ocrx_word' id='word_1_415' title='bbox 832 3074 897 3115; x_wconf 74' lang='lat' dir='ltr'><strong>es</strong></span> <span class='ocrx_word' id='word_1_416' title='bbox 931 3060 1057 3115; x_wconf 85' lang='lat' dir='ltr'><strong>hoc.</strong></span> <span class='ocrx_word' id='word_1_417' title='bbox 1088 3061 1241 3115; x_wconf 69' lang='grc' dir='ltr'><strong>Ρειιεῐ</strong></span> <span class='ocrx_word' id='word_1_418' title='bbox 1263 3078 1501 3135; x_wconf 78' lang='lat' dir='ltr'><strong>namque</strong></span> <span class='ocrx_word' id='word_1_419' title='bbox 1548 3066 1694 3136; x_wconf 88' lang='lat' dir='ltr'><strong>quod</strong></span> <span class='ocrx_word' id='word_1_420' title='bbox 1726 3082 1850 3123; x_wconf 84' lang='lat' dir='ltr'><strong>cum</strong></span> <span class='ocrx_word' id='word_1_421' title='bbox 1875 3067 2016 3125; x_wconf 74' lang='lat' dir='ltr'><strong>Filio</strong></span> <span class='ocrx_word' id='word_1_422' title='bbox 2038 3080 2085 3143; x_wconf 69' lang='grc' dir='ltr'><em>ς</em></span> <span class='ocrx_word' id='word_1_423' title='bbox 2120 3080 2269 3147; x_wconf 76' lang='lat' dir='ltr'><strong>cipes</strong></span> <span class='ocrx_word' id='word_1_424' title='bbox 2314 3088 2370 3133; x_wconf 82' lang='lat' dir='ltr'><strong>et</strong></span> <span class='ocrx_word' id='word_1_425' title='bbox 2419 3088 2677 3132; x_wconf 77' lang='lat' dir='ltr'><strong>auctores</strong></span> <span class='ocrx_word' id='word_1_426' title='bbox 2736 3074 3005 3142; x_wconf 76' lang='lat' dir='ltr'><strong>fuerunt;</strong></span> <span class='ocrx_word' id='word_1_427' title='bbox 3047 3081 3103 3129; x_wconf 74' lang='lat' dir='ltr'><strong>et</strong></span> <span class='ocrx_word' id='word_1_428' title='bbox 3147 3088 3256 3128; x_wconf 83' lang='lat' dir='ltr'><strong>non</strong></span> <span class='ocrx_word' id='word_1_429' title='bbox 3307 3072 3490 3129; x_wconf 77' lang='lat' dir='ltr'><strong>solum</strong></span> <span class='ocrx_word' id='word_1_430' title='bbox 3514 3080 3710 3127; x_wconf 79' lang='lat' dir='ltr'><strong>contra</strong></span> 
     </span>
    </p>
   </div>
   <div class='ocr_carea' id='block_1_63' title="bbox 436 3151 2020 3230">
    <p class='ocr_par' dir='ltr' id='par_1_63' title="bbox 436 3151 2020 3230">
     <span class='ocr_line' id='line_1_63' title="bbox 436 3151 2020 3230; baseline 0.008 -25"><span class='ocrx_word' id='word_1_431' title='bbox 436 3162 494 3206; x_wconf 91' lang='lat' dir='ltr'><strong>et</strong></span> <span class='ocrx_word' id='word_1_432' title='bbox 552 3151 784 3221; x_wconf 82' lang='lat' dir='ltr'><strong>Spiritui</strong></span> <span class='ocrx_word' id='word_1_433' title='bbox 822 3168 1013 3208; x_wconf 71' lang='lat' dir='ltr'><strong>saneto</strong></span> <span class='ocrx_word' id='word_1_434' title='bbox 1065 3167 1359 3212; x_wconf 88' lang='lat' dir='ltr'><strong>commune</strong></span> <span class='ocrx_word' id='word_1_435' title='bbox 1405 3158 1479 3214; x_wconf 91' lang='lat' dir='ltr'><strong>sit</strong></span> <span class='ocrx_word' id='word_1_436' title='bbox 1535 3159 1862 3230; x_wconf 81' lang='lat' dir='ltr'><strong>principiata</strong></span> <span class='ocrx_word' id='word_1_437' title='bbox 1896 3178 2020 3217; x_wconf 74' lang='lat' dir='ltr'><strong>esse</strong></span> 
     </span>
    </p>
   </div>
   <div class='ocr_carea' id='block_1_64' title="bbox 442 3247 2018 3321">
    <p class='ocr_par' dir='ltr' id='par_1_64' title="bbox 442 3247 2018 3321">
     <span class='ocr_line' id='line_1_64' title="bbox 442 3247 2018 3321; baseline 0.006 -19"><span class='ocrx_word' id='word_1_438' title='bbox 442 3248 706 3313; x_wconf 76' lang='lat' dir='ltr'><strong>(diximus</strong></span> <span class='ocrx_word' id='word_1_439' title='bbox 738 3247 949 3319; x_wconf 80' lang='lat' dir='ltr'><strong>pluries</strong></span> <span class='ocrx_word' id='word_1_440' title='bbox 979 3248 1258 3317; x_wconf 81' lang='lat' dir='ltr'><strong>quomodo</strong></span> <span class='ocrx_word' id='word_1_441' title='bbox 1293 3252 1522 3321; x_wconf 86' lang='lat' dir='ltr'><strong>capiunt</strong></span> <span class='ocrx_word' id='word_1_442' title='bbox 1545 3256 1718 3307; x_wconf 83' lang='lat' dir='ltr'><strong>sancti</strong></span> <span class='ocrx_word' id='word_1_443' title='bbox 1753 3258 2018 3311; x_wconf 87' lang='lat' dir='ltr'><strong>doctores</strong></span> 
     </span>
    </p>
   </div>
   <div class='ocr_carea' id='block_1_65' title="bbox 442 3341 2023 3412">
    <p class='ocr_par' dir='ltr' id='par_1_65' title="bbox 442 3341 2023 3412">
     <span class='ocr_line' id='line_1_65' title="bbox 442 3341 2023 3412; baseline 0.004 -15"><span class='ocrx_word' id='word_1_444' title='bbox 442 3341 616 3397; x_wconf 70' lang='lat' dir='ltr'><strong>Gmci</strong></span> <span class='ocrx_word' id='word_1_445' title='bbox 643 3351 948 3404; x_wconf 69' lang='lat' dir='ltr'><strong>causatua),</strong></span> <span class='ocrx_word' id='word_1_446' title='bbox 978 3351 1035 3396; x_wconf 88' lang='lat' dir='ltr'><strong>et</strong></span> <span class='ocrx_word' id='word_1_447' title='bbox 1074 3342 1463 3412; x_wconf 84' lang='lat' dir='ltr'><strong>principiatum</strong></span> <span class='ocrx_word' id='word_1_448' title='bbox 1520 3345 1576 3399; x_wconf 89' lang='lat' dir='ltr'><strong>in</strong></span> <span class='ocrx_word' id='word_1_449' title='bbox 1634 3346 1837 3402; x_wconf 81' lang='lat' dir='ltr'><strong>divinis</strong></span> <span class='ocrx_word' id='word_1_450' title='bbox 1874 3350 2023 3403; x_wconf 66' lang='lat' dir='ltr'><strong>vide.-</strong></span> 
     </span>
    </p>
   </div>
   <div class='ocr_carea' id='block_1_66' title="bbox 442 3433 2017 3505">
    <p class='ocr_par' dir='ltr' id='par_1_66' title="bbox 442 3433 2017 3505">
     <span class='ocr_line' id='line_1_66' title="bbox 442 3433 2017 3505; baseline 0.003 -16"><span class='ocrx_word' id='word_1_451' title='bbox 442 3434 575 3489; x_wconf 79' lang='lat' dir='ltr'><strong>lioet</strong></span> <span class='ocrx_word' id='word_1_452' title='bbox 604 3448 703 3504; x_wconf 88' lang='lat' dir='ltr'><strong>pro</strong></span> <span class='ocrx_word' id='word_1_453' title='bbox 732 3449 821 3500; x_wconf 88' lang='lat' dir='ltr'><strong>eo,</strong></span> <span class='ocrx_word' id='word_1_454' title='bbox 852 3433 1001 3504; x_wconf 87' lang='lat' dir='ltr'><strong>quod</strong></span> <span class='ocrx_word' id='word_1_455' title='bbox 1040 3443 1123 3489; x_wconf 85' lang='lat' dir='ltr'><strong>est</strong></span> <span class='ocrx_word' id='word_1_456' title='bbox 1150 3450 1178 3488; x_wconf 87' lang='lat' dir='ltr'><strong>a</strong></span> <span class='ocrx_word' id='word_1_457' title='bbox 1210 3434 1485 3505; x_wconf 88' lang='lat' dir='ltr'><strong>principio</strong></span> <span class='ocrx_word' id='word_1_458' title='bbox 1516 3436 1635 3491; x_wconf 73' lang='lat' dir='ltr'><strong>sive</strong></span> <span class='ocrx_word' id='word_1_459' title='bbox 1661 3448 1844 3494; x_wconf 81' lang='lat' dir='ltr'><strong>creata</strong></span> <span class='ocrx_word' id='word_1_460' title='bbox 1871 3443 2017 3501; x_wconf 81' lang='lat' dir='ltr'><strong>esse)</strong></span> 
     </span>
    </p>
   </div>
   <div class='ocr_carea' id='block_1_67' title="bbox 445 3525 2023 3597">
    <p class='ocr_par' dir='ltr' id='par_1_67' title="bbox 445 3525 2023 3597">
     <span class='ocr_line' id='line_1_67' title="bbox 445 3525 2023 3597; baseline 0.004 -19"><span class='ocrx_word' id='word_1_461' title='bbox 445 3526 642 3596; x_wconf 55' lang='lat' dir='ltr'><strong>quaerit</strong></span> <span class='ocrx_word' id='word_1_462' title='bbox 694 3525 971 3595; x_wconf 88' lang='lat' dir='ltr'><strong>quomodo</strong></span> <span class='ocrx_word' id='word_1_463' title='bbox 1008 3526 1483 3597; x_wconf 75' lang='lat' dir='ltr'><strong>distinguerenlttr</strong></span> <span class='ocrx_word' id='word_1_464' title='bbox 1540 3529 1609 3583; x_wconf 85' lang='lat' dir='ltr'><strong>ab</strong></span> <span class='ocrx_word' id='word_1_465' title='bbox 1660 3527 1920 3596; x_wconf 64' lang='lat' dir='ltr'><strong>inriccm,</strong></span> <span class='ocrx_word' id='word_1_466' title='bbox 1965 3542 2023 3586; x_wconf 84' lang='lat' dir='ltr'><strong>el.</strong></span> 
     </span>
    </p>
   </div>
   <div class='ocr_carea' id='block_1_68' title="bbox 444 3619 2020 3692">
    <p class='ocr_par' dir='ltr' id='par_1_68' title="bbox 444 3619 2020 3692">
     <span class='ocr_line' id='line_1_68' title="bbox 444 3619 2020 3692; baseline 0.002 -16"><span class='ocrx_word' id='word_1_467' title='bbox 444 3622 665 3689; x_wconf 76' lang='lat' dir='ltr'><strong>asserit,</strong></span> <span class='ocrx_word' id='word_1_468' title='bbox 717 3619 862 3692; x_wconf 86' lang='lat' dir='ltr'><strong>quod</strong></span> <span class='ocrx_word' id='word_1_469' title='bbox 895 3631 1209 3691; x_wconf 78' lang='lat' dir='ltr'><strong>quanquam</strong></span> <span class='ocrx_word' id='word_1_470' title='bbox 1258 3636 1552 3675; x_wconf 78' lang='lat' dir='ltr'><strong>commune</strong></span> <span class='ocrx_word' id='word_1_471' title='bbox 1604 3622 1844 3679; x_wconf 73' lang='lat' dir='ltr'><strong>habeant</strong></span> <span class='ocrx_word' id='word_1_472' title='bbox 1894 3624 2020 3691; x_wconf 76' lang='lat' dir='ltr'><strong>hoc,</strong></span> 
     </span>
    </p>
   </div>
   <div class='ocr_carea' id='block_1_69' title="bbox 442 3713 2023 3787">
    <p class='ocr_par' dir='ltr' id='par_1_69' title="bbox 442 3713 2023 3787">
     <span class='ocr_line' id='line_1_69' title="bbox 442 3713 2023 3787; baseline 0.004 -18"><span class='ocrx_word' id='word_1_473' title='bbox 442 3716 589 3786; x_wconf 76' lang='lat' dir='ltr'><strong>quod</strong></span> <span class='ocrx_word' id='word_1_474' title='bbox 621 3713 800 3769; x_wconf 78' lang='lat' dir='ltr'><strong>ambo&#39;</strong></span> <span class='ocrx_word' id='word_1_475' title='bbox 833 3716 946 3770; x_wconf 86' lang='lat' dir='ltr'><strong>sint</strong></span> <span class='ocrx_word' id='word_1_476' title='bbox 997 3724 1221 3769; x_wconf 84' lang='lat' dir='ltr'><strong>causata</strong></span> <span class='ocrx_word' id='word_1_477' title='bbox 1272 3715 1387 3770; x_wconf 69' lang='lat' dir='ltr'><strong>sive</strong></span> <span class='ocrx_word' id='word_1_478' title='bbox 1441 3715 1795 3787; x_wconf 83' lang='lat' dir='ltr'><strong>principiata,</strong></span> <span class='ocrx_word' id='word_1_479' title='bbox 1836 3730 2023 3775; x_wconf 84' lang='lat' dir='ltr'><strong>tamen</strong></span> 
     </span>
    </p>
   </div>
   <div class='ocr_carea' id='block_1_70' title="bbox 447 3804 2024 3880">
    <p class='ocr_par' dir='ltr' id='par_1_70' title="bbox 447 3804 2024 3880">
     <span class='ocr_line' id='line_1_70' title="bbox 447 3804 2024 3880; baseline 0.002 -17"><span class='ocrx_word' id='word_1_480' title='bbox 447 3806 617 3863; x_wconf 86' lang='lat' dir='ltr'><strong>Filius</strong></span> <span class='ocrx_word' id='word_1_481' title='bbox 649 3822 715 3861; x_wconf 77' lang='lat' dir='ltr'><strong>es</strong></span> <span class='ocrx_word' id='word_1_482' title='bbox 746 3805 911 3861; x_wconf 82' lang='lat' dir='ltr'><strong>Patre</strong></span> <span class='ocrx_word' id='word_1_483' title='bbox 942 3804 1168 3873; x_wconf 88' lang='lat' dir='ltr'><strong>dicitur,</strong></span> <span class='ocrx_word' id='word_1_484' title='bbox 1202 3812 1260 3859; x_wconf 89' lang='lat' dir='ltr'><strong>et</strong></span> <span class='ocrx_word' id='word_1_485' title='bbox 1298 3804 1441 3859; x_wconf 84' lang='lat' dir='ltr'><strong>ultra</strong></span> <span class='ocrx_word' id='word_1_486' title='bbox 1476 3820 1583 3860; x_wconf 86' lang='lat' dir='ltr'><strong>non</strong></span> <span class='ocrx_word' id='word_1_487' title='bbox 1616 3809 1871 3877; x_wconf 86' lang='lat' dir='ltr'><strong>procedit</strong></span> <span class='ocrx_word' id='word_1_488' title='bbox 1904 3810 2024 3880; x_wconf 84' lang='lat' dir='ltr'><strong>ejus</strong></span> 
     </span>
    </p>
   </div>
   <div class='ocr_carea' id='block_1_71' title="bbox 446 3900 2023 3974">
    <p class='ocr_par' dir='ltr' id='par_1_71' title="bbox 446 3900 2023 3974">
     <span class='ocr_line' id='line_1_71' title="bbox 446 3900 2023 3974; baseline 0.001 -17"><span class='ocrx_word' id='word_1_489' title='bbox 446 3903 775 3974; x_wconf 78' lang='lat' dir='ltr'><strong>proprietas,</strong></span> <span class='ocrx_word' id='word_1_490' title='bbox 808 3900 1048 3970; x_wconf 73' lang='lat' dir='ltr'><strong>Spiritus</strong></span> <span class='ocrx_word' id='word_1_491' title='bbox 1065 3915 1198 3956; x_wconf 86' lang='lat' dir='ltr'><strong>vero</strong></span> <span class='ocrx_word' id='word_1_492' title='bbox 1230 3906 1289 3955; x_wconf 87' lang='lat' dir='ltr'><strong>et</strong></span> <span class='ocrx_word' id='word_1_493' title='bbox 1314 3916 1383 3956; x_wconf 83' lang='lat' dir='ltr'><strong>ex</strong></span> <span class='ocrx_word' id='word_1_494' title='bbox 1410 3900 1570 3956; x_wconf 85' lang='lat' dir='ltr'><strong>Patre</strong></span> <span class='ocrx_word' id='word_1_495' title='bbox 1595 3901 1800 3957; x_wconf 87' lang='lat' dir='ltr'><strong>dicitur</strong></span> <span class='ocrx_word' id='word_1_496' title='bbox 1828 3914 1887 3958; x_wconf 91' lang='lat' dir='ltr'><strong>et</strong></span> <span class='ocrx_word' id='word_1_497' title='bbox 1916 3921 2023 3960; x_wconf 78' lang='lat' dir='ltr'><strong>una</strong></span> 
     </span>
    </p>
   </div>
   <div class='ocr_carea' id='block_1_72' title="bbox 446 3995 2025 4069">
    <p class='ocr_par' dir='ltr' id='par_1_72' title="bbox 446 3995 2025 4069">
     <span class='ocr_line' id='line_1_72' title="bbox 446 3995 2025 4069; baseline 0.001 -17"><span class='ocrx_word' id='word_1_498' title='bbox 446 4014 571 4062; x_wconf 81' lang='lat' dir='ltr'><strong>cum</strong></span> <span class='ocrx_word' id='word_1_499' title='bbox 596 3999 699 4054; x_wconf 78' lang='lat' dir='ltr'><strong>hoc</strong></span> <span class='ocrx_word' id='word_1_500' title='bbox 729 3997 894 4053; x_wconf 87' lang='lat' dir='ltr'><strong>etiam</strong></span> <span class='ocrx_word' id='word_1_501' title='bbox 915 3995 1035 4052; x_wconf 76' lang='lat' dir='ltr'><strong>Filii</strong></span> <span class='ocrx_word' id='word_1_502' title='bbox 1064 4011 1188 4053; x_wconf 86' lang='lat' dir='ltr'><strong>esse</strong></span> <span class='ocrx_word' id='word_1_503' title='bbox 1220 3996 1831 4069; x_wconf 68' lang='lat' dir='ltr'><strong>testantur-Scriptum.</strong></span> <span class='ocrx_word' id='word_1_504' title='bbox 1849 4000 2025 4066; x_wconf 86' lang='lat' dir='ltr'><strong>Quare</strong></span> 
     </span>
    </p>
   </div>
   <div class='ocr_carea' id='block_1_73' title="bbox 448 4092 2025 4166">
    <p class='ocr_par' dir='ltr' id='par_1_73' title="bbox 448 4092 2025 4166">
     <span class='ocr_line' id='line_1_73' title="bbox 448 4092 2025 4166; baseline 0.001 -17"><span class='ocrx_word' id='word_1_505' title='bbox 448 4092 691 4166; x_wconf 78' lang='lat' dir='ltr'><strong>Spiritus</strong></span> <span class='ocrx_word' id='word_1_506' title='bbox 721 4093 926 4150; x_wconf 82' lang='lat' dir='ltr'><strong>Christi</strong></span> <span class='ocrx_word' id='word_1_507' title='bbox 957 4108 1181 4165; x_wconf 85' lang='lat' dir='ltr'><strong>quoque</strong></span> <span class='ocrx_word' id='word_1_508' title='bbox 1226 4092 1475 4164; x_wconf 85' lang='lat' dir='ltr'><strong>Spiritus</strong></span> <span class='ocrx_word' id='word_1_509' title='bbox 1524 4102 1633 4159; x_wconf 89' lang='lat' dir='ltr'><strong>est,</strong></span> <span class='ocrx_word' id='word_1_510' title='bbox 1672 4095 1847 4150; x_wconf 85' lang='lat' dir='ltr'><strong>Filius</strong></span> <span class='ocrx_word' id='word_1_511' title='bbox 1892 4108 2025 4150; x_wconf 84' lang='lat' dir='ltr'><strong>vero</strong></span> 
     </span>
    </p>
   </div>
   <div class='ocr_carea' id='block_1_74' title="bbox 447 4185 2027 4258">
    <p class='ocr_par' dir='ltr' id='par_1_74' title="bbox 447 4185 2027 4258">
     <span class='ocr_line' id='line_1_74' title="bbox 447 4185 2027 4258; baseline -0.002 -13"><span class='ocrx_word' id='word_1_512' title='bbox 447 4204 549 4245; x_wconf 86' lang='lat' dir='ltr'><strong>nec</strong></span> <span class='ocrx_word' id='word_1_513' title='bbox 606 4198 695 4244; x_wconf 87' lang='lat' dir='ltr'><strong>est</strong></span> <span class='ocrx_word' id='word_1_514' title='bbox 743 4187 1006 4258; x_wconf 81' lang='lat' dir='ltr'><strong>Spiritus,</strong></span> <span class='ocrx_word' id='word_1_515' title='bbox 1061 4200 1164 4242; x_wconf 89' lang='lat' dir='ltr'><strong>nec</strong></span> <span class='ocrx_word' id='word_1_516' title='bbox 1202 4185 1429 4242; x_wconf 78' lang='lat' dir='ltr'><strong>dicitur.</strong></span> <span class='ocrx_word' id='word_1_517' title='bbox 1465 4186 1532 4241; x_wconf 87' lang='lat' dir='ltr'><strong>Et</strong></span> <span class='ocrx_word' id='word_1_518' title='bbox 1583 4187 1688 4244; x_wconf 85' lang='lat' dir='ltr'><strong>hoc</strong></span> <span class='ocrx_word' id='word_1_519' title='bbox 1724 4196 1879 4257; x_wconf 88' lang='lat' dir='ltr'><strong>putat</strong></span> <span class='ocrx_word' id='word_1_520' title='bbox 1934 4188 2027 4243; x_wconf 80' lang='lat' dir='ltr'><strong>hic</strong></span> 
     </span>
    </p>
   </div>
   <div class='ocr_carea' id='block_1_75' title="bbox 444 4280 2022 4353">
    <p class='ocr_par' dir='ltr' id='par_1_75' title="bbox 444 4280 2022 4353">
     <span class='ocr_line' id='line_1_75' title="bbox 444 4280 2022 4353; baseline -0.001 -13"><span class='ocrx_word' id='word_1_521' title='bbox 444 4291 672 4340; x_wconf 78' lang='lat' dir='ltr'><strong>sanctus</strong></span> <span class='ocrx_word' id='word_1_522' title='bbox 709 4280 1061 4337; x_wconf 78' lang='lat' dir='ltr'><strong>ductorsatis</strong></span> <span class='ocrx_word' id='word_1_523' title='bbox 1092 4295 1213 4336; x_wconf 84' lang='lat' dir='ltr'><strong>esse</strong></span> <span class='ocrx_word' id='word_1_524' title='bbox 1260 4280 1327 4335; x_wconf 84' lang='lat' dir='ltr'><strong>ad</strong></span> <span class='ocrx_word' id='word_1_525' title='bbox 1355 4280 1832 4351; x_wconf 67' lang='lat' dir='ltr'><strong>distinguendum,</strong></span> <span class='ocrx_word' id='word_1_526' title='bbox 1873 4283 2022 4353; x_wconf 90' lang='lat' dir='ltr'><strong>quod</strong></span> 
     </span>
    </p>
   </div>
   <div class='ocr_carea' id='block_1_76' title="bbox 445 4372 2024 4447">
    <p class='ocr_par' dir='ltr' id='par_1_76' title="bbox 445 4372 2024 4447">
     <span class='ocr_line' id='line_1_76' title="bbox 445 4372 2024 4447; baseline 0.001 -16"><span class='ocrx_word' id='word_1_527' title='bbox 445 4375 690 4447; x_wconf 79' lang='lat' dir='ltr'><strong>Spiritus</strong></span> <span class='ocrx_word' id='word_1_528' title='bbox 742 4377 962 4431; x_wconf 82' lang='lat' dir='ltr'><strong>dicatur</strong></span> <span class='ocrx_word' id='word_1_529' title='bbox 1008 4372 1249 4445; x_wconf 89' lang='lat' dir='ltr'><strong>Spiritus</strong></span> <span class='ocrx_word' id='word_1_530' title='bbox 1298 4374 1444 4443; x_wconf 89' lang='lat' dir='ltr'><strong>Filii,</strong></span> <span class='ocrx_word' id='word_1_531' title='bbox 1502 4374 1677 4431; x_wconf 86' lang='lat' dir='ltr'><strong>Filius</strong></span> <span class='ocrx_word' id='word_1_532' title='bbox 1739 4390 1872 4432; x_wconf 89' lang='lat' dir='ltr'><strong>vero</strong></span> <span class='ocrx_word' id='word_1_533' title='bbox 1912 4390 2024 4432; x_wconf 80' lang='lat' dir='ltr'><strong>non</strong></span> 
     </span>
    </p>
   </div>
   <div class='ocr_carea' id='block_1_77' title="bbox 2126 3165 3706 3241">
    <p class='ocr_par' dir='ltr' id='par_1_77' title="bbox 2126 3165 3706 3241">
     <span class='ocr_line' id='line_1_77' title="bbox 2126 3165 3706 3241; baseline -0.005 -16"><span class='ocrx_word' id='word_1_534' title='bbox 2126 3169 2520 3233; x_wconf 84' lang='lat' dir='ltr'><strong>occidentales,</strong></span> <span class='ocrx_word' id='word_1_535' title='bbox 2544 3169 2640 3241; x_wconf 85' lang='lat' dir='ltr'><strong>qui</strong></span> <span class='ocrx_word' id='word_1_536' title='bbox 2669 3168 3016 3240; x_wconf 87' lang='lat' dir='ltr'><strong>apertissime</strong></span> <span class='ocrx_word' id='word_1_537' title='bbox 3040 3167 3244 3223; x_wconf 88' lang='lat' dir='ltr'><strong>docent</strong></span> <span class='ocrx_word' id='word_1_538' title='bbox 3263 3165 3706 3229; x_wconf 83' lang='lat' dir='ltr'><strong>conclusionem,</strong></span> 
     </span>
    </p>
   </div>
   <div class='ocr_carea' id='block_1_78' title="bbox 2123 3254 3705 3326">
    <p class='ocr_par' dir='ltr' id='par_1_78' title="bbox 2123 3254 3705 3326">
     <span class='ocr_line' id='line_1_78' title="bbox 2123 3254 3705 3326; baseline -0.004 -12"><span class='ocrx_word' id='word_1_539' title='bbox 2123 3263 2220 3315; x_wconf 86' lang='lat' dir='ltr'><strong>sed</strong></span> <span class='ocrx_word' id='word_1_540' title='bbox 2266 3276 2377 3314; x_wconf 88' lang='lat' dir='ltr'><strong>non</strong></span> <span class='ocrx_word' id='word_1_541' title='bbox 2412 3258 2596 3315; x_wconf 90' lang='lat' dir='ltr'><strong>minus</strong></span> <span class='ocrx_word' id='word_1_542' title='bbox 2626 3269 2818 3314; x_wconf 89' lang='lat' dir='ltr'><strong>contra</strong></span> <span class='ocrx_word' id='word_1_543' title='bbox 2866 3257 3189 3313; x_wconf 90' lang='lat' dir='ltr'><strong>orientales.</strong></span> <span class='ocrx_word' id='word_1_544' title='bbox 3230 3258 3311 3312; x_wconf 81' lang='lat' dir='ltr'><strong>Ab</strong></span> <span class='ocrx_word' id='word_1_545' title='bbox 3350 3256 3488 3326; x_wconf 89' lang='lat' dir='ltr'><strong>ipsis</strong></span> <span class='ocrx_word' id='word_1_546' title='bbox 3534 3254 3705 3326; x_wconf 76' lang='lat' dir='ltr'><strong>igitur</strong></span> 
     </span>
    </p>
   </div>
   <div class='ocr_carea' id='block_1_79' title="bbox 2123 3347 3709 3423">
    <p class='ocr_par' dir='ltr' id='par_1_79' title="bbox 2123 3347 3709 3423">
     <span class='ocr_line' id='line_1_79' title="bbox 2123 3347 3709 3423; baseline -0.006 -13"><span class='ocrx_word' id='word_1_547' title='bbox 2123 3356 2288 3410; x_wconf 87' lang='lat' dir='ltr'><strong>etiam</strong></span> <span class='ocrx_word' id='word_1_548' title='bbox 2318 3352 2627 3409; x_wconf 87' lang='lat' dir='ltr'><strong>solutiones</strong></span> <span class='ocrx_word' id='word_1_549' title='bbox 2648 3352 2960 3423; x_wconf 68' lang='lat' dir='ltr'><strong>quaerenda:</strong></span> <span class='ocrx_word' id='word_1_550' title='bbox 2986 3360 3138 3416; x_wconf 88' lang='lat' dir='ltr'><strong>sunt,</strong></span> <span class='ocrx_word' id='word_1_551' title='bbox 3166 3365 3273 3405; x_wconf 90' lang='lat' dir='ltr'><strong>non</strong></span> <span class='ocrx_word' id='word_1_552' title='bbox 3298 3365 3327 3405; x_wconf 89' lang='lat' dir='ltr'><strong>a</strong></span> <span class='ocrx_word' id='word_1_553' title='bbox 3356 3348 3538 3413; x_wconf 86' lang='lat' dir='ltr'><strong>nobis,</strong></span> <span class='ocrx_word' id='word_1_554' title='bbox 3559 3347 3709 3418; x_wconf 83' lang='lat' dir='ltr'><strong>quod</strong></span> 
     </span>
    </p>
   </div>
   <div class='ocr_carea' id='block_1_80' title="bbox 2124 3438 3707 3516">
    <p class='ocr_par' dir='ltr' id='par_1_80' title="bbox 2124 3438 3707 3516">
     <span class='ocr_line' id='line_1_80' title="bbox 2124 3438 3707 3516; baseline -0.006 -15"><span class='ocrx_word' id='word_1_555' title='bbox 2124 3455 2179 3501; x_wconf 88' lang='lat' dir='ltr'><strong>et</strong></span> <span class='ocrx_word' id='word_1_556' title='bbox 2225 3447 2499 3511; x_wconf 80' lang='lat' dir='ltr'><strong>fecerunt,</strong></span> <span class='ocrx_word' id='word_1_557' title='bbox 2550 3445 2761 3516; x_wconf 85' lang='lat' dir='ltr'><strong>Spiritu</strong></span> <span class='ocrx_word' id='word_1_558' title='bbox 2790 3452 2981 3500; x_wconf 89' lang='lat' dir='ltr'><strong>sancto</strong></span> <span class='ocrx_word' id='word_1_559' title='bbox 3015 3442 3353 3515; x_wconf 69' lang='lat' dir='ltr'><strong>praevidente</strong></span> <span class='ocrx_word' id='word_1_560' title='bbox 3396 3455 3589 3495; x_wconf 86' lang='lat' dir='ltr'><strong>omnes</strong></span> <span class='ocrx_word' id='word_1_561' title='bbox 3624 3438 3707 3493; x_wconf 82' lang='lat' dir='ltr'><strong>in-</strong></span> 
     </span>
    </p>
   </div>
   <div class='ocr_carea' id='block_1_81' title="bbox 2126 3533 3709 3596">
    <p class='ocr_par' dir='ltr' id='par_1_81' title="bbox 2126 3533 3709 3596">
     <span class='ocr_line' id='line_1_81' title="bbox 2126 3533 3709 3596; baseline -0.003 -4"><span class='ocrx_word' id='word_1_562' title='bbox 2126 3551 2471 3596; x_wconf 78' lang='lat' dir='ltr'><strong>surrecturus</strong></span> <span class='ocrx_word' id='word_1_563' title='bbox 2520 3540 2777 3594; x_wconf 63' lang='lat' dir='ltr'><strong>haereses.</strong></span> <span class='ocrx_word' id='word_1_564' title='bbox 2836 3539 3091 3592; x_wconf 78' lang='lat' dir='ltr'><strong>Attamen</strong></span> <span class='ocrx_word' id='word_1_565' title='bbox 3141 3552 3243 3591; x_wconf 86' lang='lat' dir='ltr'><strong>nos</strong></span> <span class='ocrx_word' id='word_1_566' title='bbox 3277 3536 3442 3591; x_wconf 86' lang='lat' dir='ltr'><strong>etiam</strong></span> <span class='ocrx_word' id='word_1_567' title='bbox 3479 3535 3548 3588; x_wconf 87' lang='lat' dir='ltr'><strong>ab</strong></span> <span class='ocrx_word' id='word_1_568' title='bbox 3598 3533 3709 3588; x_wconf 80' lang='lat' dir='ltr'><strong>illis</strong></span> 
     </span>
    </p>
   </div>
   <div class='ocr_carea' id='block_1_82' title="bbox 2126 3628 3705 3699">
    <p class='ocr_par' dir='ltr' id='par_1_82' title="bbox 2126 3628 3705 3699">
     <span class='ocr_line' id='line_1_82' title="bbox 2126 3628 3705 3699; baseline -0.004 -12"><span class='ocrx_word' id='word_1_569' title='bbox 2126 3632 2443 3699; x_wconf 73' lang='lat' dir='ltr'><strong>illuminari,</strong></span> <span class='ocrx_word' id='word_1_570' title='bbox 2485 3640 2542 3685; x_wconf 88' lang='lat' dir='ltr'><strong>et</strong></span> <span class='ocrx_word' id='word_1_571' title='bbox 2570 3632 2640 3685; x_wconf 88' lang='lat' dir='ltr'><strong>ab</strong></span> <span class='ocrx_word' id='word_1_572' title='bbox 2669 3632 2795 3686; x_wconf 87' lang='lat' dir='ltr'><strong>aliis</strong></span> <span class='ocrx_word' id='word_1_573' title='bbox 2824 3632 2960 3685; x_wconf 85' lang='lat' dir='ltr'><strong>viris</strong></span> <span class='ocrx_word' id='word_1_574' title='bbox 2999 3630 3200 3695; x_wconf 87' lang='lat' dir='ltr'><strong>beatis,</strong></span> <span class='ocrx_word' id='word_1_575' title='bbox 3234 3632 3330 3699; x_wconf 89' lang='lat' dir='ltr'><strong>qui</strong></span> <span class='ocrx_word' id='word_1_576' title='bbox 3366 3628 3705 3698; x_wconf 83' lang='lat' dir='ltr'><strong>amplissima</strong></span> 
     </span>
    </p>
   </div>
   <div class='ocr_carea' id='block_1_83' title="bbox 2126 3718 3709 3796">
    <p class='ocr_par' dir='ltr' id='par_1_83' title="bbox 2126 3718 3709 3796">
     <span class='ocr_line' id='line_1_83' title="bbox 2126 3718 3709 3796; baseline -0.004 -16"><span class='ocrx_word' id='word_1_577' title='bbox 2126 3727 2195 3782; x_wconf 86' lang='lat' dir='ltr'><strong>de</strong></span> <span class='ocrx_word' id='word_1_578' title='bbox 2229 3729 2331 3781; x_wconf 85' lang='lat' dir='ltr'><strong>hac</strong></span> <span class='ocrx_word' id='word_1_579' title='bbox 2367 3740 2426 3779; x_wconf 86' lang='lat' dir='ltr'><strong>re</strong></span> <span class='ocrx_word' id='word_1_580' title='bbox 2457 3741 2625 3796; x_wconf 88' lang='lat' dir='ltr'><strong>opera</strong></span> <span class='ocrx_word' id='word_1_581' title='bbox 2667 3740 2764 3779; x_wconf 90' lang='lat' dir='ltr'><strong>sua</strong></span> <span class='ocrx_word' id='word_1_582' title='bbox 2799 3725 2961 3779; x_wconf 88' lang='lat' dir='ltr'><strong>nobis</strong></span> <span class='ocrx_word' id='word_1_583' title='bbox 2994 3724 3359 3796; x_wconf 86' lang='lat' dir='ltr'><strong>reliquerunt.</strong></span> <span class='ocrx_word' id='word_1_584' title='bbox 3390 3724 3453 3776; x_wconf 89' lang='lat' dir='ltr'><strong>ad</strong></span> <span class='ocrx_word' id='word_1_585' title='bbox 3488 3737 3549 3776; x_wconf 85' lang='lat' dir='ltr'><strong>ea</strong></span> <span class='ocrx_word' id='word_1_586' title='bbox 3584 3718 3709 3776; x_wconf 71' lang='lat' dir='ltr'><strong>nus-</strong></span> 
     </span>
    </p>
   </div>
   <div class='ocr_carea' id='block_1_84' title="bbox 2128 3816 3708 3889">
    <p class='ocr_par' dir='ltr' id='par_1_84' title="bbox 2128 3816 3708 3889">
     <span class='ocr_line' id='line_1_84' title="bbox 2128 3816 3708 3889; baseline -0.004 -17"><span class='ocrx_word' id='word_1_587' title='bbox 2128 3819 2391 3889; x_wconf 85' lang='lat' dir='ltr'><strong>metipsos</strong></span> <span class='ocrx_word' id='word_1_588' title='bbox 2417 3832 2782 3889; x_wconf 82' lang='lat' dir='ltr'><strong>apponemus.</strong></span> <span class='ocrx_word' id='word_1_589' title='bbox 2826 3818 3025 3873; x_wconf 82' lang='lat' dir='ltr'><strong>Putant</strong></span> <span class='ocrx_word' id='word_1_590' title='bbox 3068 3818 3236 3887; x_wconf 74' lang='lat' dir='ltr'><strong>igitur</strong></span> <span class='ocrx_word' id='word_1_591' title='bbox 3276 3816 3491 3871; x_wconf 85' lang='lat' dir='ltr'><strong>Patrem</strong></span> <span class='ocrx_word' id='word_1_592' title='bbox 3528 3825 3580 3869; x_wconf 89' lang='lat' dir='ltr'><strong>ct</strong></span> <span class='ocrx_word' id='word_1_593' title='bbox 3620 3816 3708 3867; x_wconf 64' lang='grc' dir='ltr'><strong>ιη-</strong></span> 
     </span>
    </p>
   </div>
   <div class='ocr_carea' id='block_1_85' title="bbox 2124 3906 3704 3977">
    <p class='ocr_par' dir='ltr' id='par_1_85' title="bbox 2124 3906 3704 3977">
     <span class='ocr_line' id='line_1_85' title="bbox 2124 3906 3704 3977; baseline -0.006 -9"><span class='ocrx_word' id='word_1_594' title='bbox 2124 3913 2261 3969; x_wconf 77' lang='lat' dir='ltr'><strong>lium</strong></span> <span class='ocrx_word' id='word_1_595' title='bbox 2308 3920 2401 3966; x_wconf 88' lang='lat' dir='ltr'><strong>aut</strong></span> <span class='ocrx_word' id='word_1_596' title='bbox 2450 3913 2501 3965; x_wconf 89' lang='lat' dir='ltr'><strong>in</strong></span> <span class='ocrx_word' id='word_1_597' title='bbox 2544 3924 2709 3965; x_wconf 90' lang='lat' dir='ltr'><strong>unam</strong></span> <span class='ocrx_word' id='word_1_598' title='bbox 2744 3910 3011 3964; x_wconf 78' lang='lat' dir='ltr'><strong>confundi</strong></span> <span class='ocrx_word' id='word_1_599' title='bbox 3059 3922 3378 3977; x_wconf 77' lang='lat' dir='ltr'><strong>personant,</strong></span> <span class='ocrx_word' id='word_1_600' title='bbox 3412 3906 3455 3961; x_wconf 91' lang='lat' dir='ltr'><strong>si</strong></span> <span class='ocrx_word' id='word_1_601' title='bbox 3482 3908 3606 3976; x_wconf 82' lang='lat' dir='ltr'><strong>quis</strong></span> <span class='ocrx_word' id='word_1_602' title='bbox 3637 3921 3704 3958; x_wconf 80' lang='lat' dir='ltr'><strong>ex</strong></span> 
     </span>
    </p>
   </div>
   <div class='ocr_carea' id='block_1_86' title="bbox 2128 3997 3711 4074">
    <p class='ocr_par' dir='ltr' id='par_1_86' title="bbox 2128 3997 3711 4074">
     <span class='ocr_line' id='line_1_86' title="bbox 2128 3997 3711 4074; baseline -0.006 -15"><span class='ocrx_word' id='word_1_603' title='bbox 2128 4012 2365 4074; x_wconf 79' lang='lat' dir='ltr'><strong>utroque</strong></span> <span class='ocrx_word' id='word_1_604' title='bbox 2426 4002 2729 4073; x_wconf 84' lang='lat' dir='ltr'><strong>procedere</strong></span> <span class='ocrx_word' id='word_1_605' title='bbox 2770 4000 3039 4072; x_wconf 87' lang='lat' dir='ltr'><strong>Spiritum</strong></span> <span class='ocrx_word' id='word_1_606' title='bbox 3093 4010 3341 4054; x_wconf 87' lang='lat' dir='ltr'><strong>sanctum</strong></span> <span class='ocrx_word' id='word_1_607' title='bbox 3390 3997 3556 4063; x_wconf 83' lang='lat' dir='ltr'><strong>dicat,</strong></span> <span class='ocrx_word' id='word_1_608' title='bbox 3611 4006 3711 4050; x_wconf 88' lang='lat' dir='ltr'><strong>aut</strong></span> 
     </span>
    </p>
   </div>
   <div class='ocr_carea' id='block_1_87' title="bbox 2125 4082 3703 4167">
    <p class='ocr_par' dir='ltr' id='par_1_87' title="bbox 2125 4082 3703 4167">
     <span class='ocr_line' id='line_1_87' title="bbox 2125 4082 3703 4167; baseline -0.007 -11"><span class='ocrx_word' id='word_1_609' title='bbox 2125 4100 2267 4156; x_wconf 79' lang='lat' dir='ltr'><strong>duas</strong></span> <span class='ocrx_word' id='word_1_610' title='bbox 2309 4113 2509 4154; x_wconf 84' lang='lat' dir='ltr'><strong>causas</strong></span> <span class='ocrx_word' id='word_1_611' title='bbox 2572 4097 2795 4167; x_wconf 87' lang='lat' dir='ltr'><strong>duoque</strong></span> <span class='ocrx_word' id='word_1_612' title='bbox 2848 4095 3119 4166; x_wconf 86' lang='lat' dir='ltr'><strong>principia</strong></span> <span class='ocrx_word' id='word_1_613' title='bbox 3168 4108 3395 4148; x_wconf 87' lang='lat' dir='ltr'><strong>necesse</strong></span> <span class='ocrx_word' id='word_1_614' title='bbox 3439 4082 3563 4147; x_wconf 83' lang='lat' dir='ltr'><strong>esse</strong></span> <span class='ocrx_word' id='word_1_615' title='bbox 3608 4106 3703 4161; x_wconf 89' lang='lat' dir='ltr'><strong>po—</strong></span> 
     </span>
    </p>
   </div>
   <div class='ocr_carea' id='block_1_88' title="bbox 2127 4186 3705 4260">
    <p class='ocr_par' dir='ltr' id='par_1_88' title="bbox 2127 4186 3705 4260">
     <span class='ocr_line' id='line_1_88' title="bbox 2127 4186 3705 4260; baseline -0.005 -13"><span class='ocrx_word' id='word_1_616' title='bbox 2127 4208 2301 4257; x_wconf 86' lang='lat' dir='ltr'><strong>nere;</strong></span> <span class='ocrx_word' id='word_1_617' title='bbox 2349 4200 2647 4260; x_wconf 84' lang='lat' dir='ltr'><strong>utrumquc</strong></span> <span class='ocrx_word' id='word_1_618' title='bbox 2690 4204 2824 4245; x_wconf 88' lang='lat' dir='ltr'><strong>vero</strong></span> <span class='ocrx_word' id='word_1_619' title='bbox 2870 4188 3069 4243; x_wconf 88' lang='lat' dir='ltr'><strong>horum</strong></span> <span class='ocrx_word' id='word_1_620' title='bbox 3111 4186 3568 4242; x_wconf 86' lang='lat' dir='ltr'><strong>absurdissimum</strong></span> <span class='ocrx_word' id='word_1_621' title='bbox 3600 4194 3705 4239; x_wconf 86' lang='lat' dir='ltr'><strong>est.</strong></span> 
     </span>
    </p>
   </div>
   <div class='ocr_carea' id='block_1_89' title="bbox 2123 4276 3710 4351">
    <p class='ocr_par' dir='ltr' id='par_1_89' title="bbox 2123 4276 3710 4351">
     <span class='ocr_line' id='line_1_89' title="bbox 2123 4276 3710 4351; baseline -0.005 -12"><span class='ocrx_word' id='word_1_622' title='bbox 2123 4283 2240 4339; x_wconf 78' lang='lat' dir='ltr'><strong>Nos</strong></span> <span class='ocrx_word' id='word_1_623' title='bbox 2271 4278 2406 4337; x_wconf 85' lang='lat' dir='ltr'><strong>vero</strong></span> <span class='ocrx_word' id='word_1_624' title='bbox 2438 4281 2506 4337; x_wconf 88' lang='lat' dir='ltr'><strong>ad</strong></span> <span class='ocrx_word' id='word_1_625' title='bbox 2532 4281 2917 4338; x_wconf 78' lang='lat' dir='ltr'><strong>confusionem</strong></span> <span class='ocrx_word' id='word_1_626' title='bbox 2942 4280 3166 4351; x_wconf 87' lang='lat' dir='ltr'><strong>quidem</strong></span> <span class='ocrx_word' id='word_1_627' title='bbox 3202 4294 3560 4351; x_wconf 86' lang='lat' dir='ltr'><strong>personarum</strong></span> <span class='ocrx_word' id='word_1_628' title='bbox 3591 4276 3710 4332; x_wconf 67' lang='lat' dir='ltr'><strong>haec</strong></span> 
     </span>
    </p>
   </div>
   <div class='ocr_carea' id='block_1_90' title="bbox 2127 4369 3709 4446">
    <p class='ocr_par' dir='ltr' id='par_1_90' title="bbox 2127 4369 3709 4446">
     <span class='ocr_line' id='line_1_90' title="bbox 2127 4369 3709 4446; baseline -0.004 -16"><span class='ocrx_word' id='word_1_629' title='bbox 2127 4374 2391 4439; x_wconf 85' lang='lat' dir='ltr'><strong>dicimus,</strong></span> <span class='ocrx_word' id='word_1_630' title='bbox 2450 4374 2597 4446; x_wconf 88' lang='lat' dir='ltr'><strong>quod</strong></span> <span class='ocrx_word' id='word_1_631' title='bbox 2634 4373 2681 4429; x_wconf 90' lang='lat' dir='ltr'><strong>si</strong></span> <span class='ocrx_word' id='word_1_632' title='bbox 2709 4374 3090 4444; x_wconf 87' lang='lat' dir='ltr'><strong>operationem</strong></span> <span class='ocrx_word' id='word_1_633' title='bbox 3119 4371 3366 4441; x_wconf 84' lang='lat' dir='ltr'><strong>spirandi</strong></span> <span class='ocrx_word' id='word_1_634' title='bbox 3396 4369 3709 4427; x_wconf 82' lang='lat' dir='ltr'><strong>constituti-</strong></span> 
     </span>
    </p>
   </div>
   <div class='ocr_carea' id='block_1_91' title="bbox 443 4464 3708 4539">
    <p class='ocr_par' dir='ltr' id='par_1_91' title="bbox 443 4464 3708 4539">
     <span class='ocr_line' id='line_1_91' title="bbox 443 4464 3708 4539; baseline -0.002 -12"><span class='ocrx_word' id='word_1_635' title='bbox 443 4472 667 4527; x_wconf 87' lang='lat' dir='ltr'><strong>dicatur</strong></span> <span class='ocrx_word' id='word_1_636' title='bbox 692 4469 866 4525; x_wconf 84' lang='lat' dir='ltr'><strong>Filius</strong></span> <span class='ocrx_word' id='word_1_637' title='bbox 897 4464 1168 4537; x_wconf 82' lang='lat' dir='ltr'><strong>Spiritus.</strong></span> <span class='ocrx_word' id='word_1_638' title='bbox 1202 4467 1260 4522; x_wconf 87' lang='lat' dir='ltr'><strong>Si</strong></span> <span class='ocrx_word' id='word_1_639' title='bbox 1302 4467 1471 4538; x_wconf 80' lang='lat' dir='ltr'><strong>igitur</strong></span> <span class='ocrx_word' id='word_1_640' title='bbox 1495 4468 1641 4539; x_wconf 88' lang='lat' dir='ltr'><strong>quod</strong></span> <span class='ocrx_word' id='word_1_641' title='bbox 1672 4468 1913 4539; x_wconf 85' lang='lat' dir='ltr'><strong>Spiritus</strong></span> <span class='ocrx_word' id='word_1_642' title='bbox 1944 4471 2028 4527; x_wconf 84' lang='lat' dir='ltr'><strong>di-</strong></span> <span class='ocrx_word' id='word_1_643' title='bbox 2059 4469 2102 4526; x_wconf 88' lang='lat' dir='ltr'><strong>D</strong></span> <span class='ocrx_word' id='word_1_644' title='bbox 2134 4486 2255 4524; x_wconf 90' lang='lat' dir='ltr'><strong>vam</strong></span> <span class='ocrx_word' id='word_1_645' title='bbox 2285 4483 2536 4539; x_wconf 79' lang='lat' dir='ltr'><strong>persona:</strong></span> <span class='ocrx_word' id='word_1_646' title='bbox 2566 4477 2808 4538; x_wconf 70' lang='lat' dir='ltr'><strong>paternas</strong></span> <span class='ocrx_word' id='word_1_647' title='bbox 2828 4480 3188 4537; x_wconf 85' lang='lat' dir='ltr'><strong>poneremus.</strong></span> <span class='ocrx_word' id='word_1_648' title='bbox 3222 4476 3355 4521; x_wconf 87' lang='lat' dir='ltr'><strong>tunc</strong></span> <span class='ocrx_word' id='word_1_649' title='bbox 3382 4476 3708 4536; x_wconf 80' lang='lat' dir='ltr'><strong>sequeretur</strong></span> 
     </span>
    </p>
   </div>
   <div class='ocr_carea' id='block_1_92' title="bbox 445 4560 2028 4633">
    <p class='ocr_par' dir='ltr' id='par_1_92' title="bbox 445 4560 2028 4633">
     <span class='ocr_line' id='line_1_92' title="bbox 445 4560 2028 4633; baseline -0.003 -12"><span class='ocrx_word' id='word_1_650' title='bbox 445 4574 604 4621; x_wconf 85' lang='lat' dir='ltr'><strong>catur</strong></span> <span class='ocrx_word' id='word_1_651' title='bbox 639 4561 879 4633; x_wconf 87' lang='lat' dir='ltr'><strong>Spiritus</strong></span> <span class='ocrx_word' id='word_1_652' title='bbox 903 4560 1052 4627; x_wconf 80' lang='lat' dir='ltr'><strong>Filii,</strong></span> <span class='ocrx_word' id='word_1_653' title='bbox 1082 4560 1376 4632; x_wconf 73' lang='lat' dir='ltr'><strong>distinguit</strong></span> <span class='ocrx_word' id='word_1_654' title='bbox 1400 4562 1551 4616; x_wconf 90' lang='lat' dir='ltr'><strong>illum</strong></span> <span class='ocrx_word' id='word_1_655' title='bbox 1576 4576 1607 4615; x_wconf 89' lang='lat' dir='ltr'><strong>a</strong></span> <span class='ocrx_word' id='word_1_656' title='bbox 1639 4561 2028 4629; x_wconf 83' lang='lat' dir='ltr'><strong>Fiiio;secun—</strong></span> 
     </span>
    </p>
   </div>
   <div class='ocr_carea' id='block_1_93' title="bbox 447 4653 2028 4713">
    <p class='ocr_par' dir='ltr' id='par_1_93' title="bbox 447 4653 2028 4713">
     <span class='ocr_line' id='line_1_93' title="bbox 447 4653 2028 4713; baseline -0.003 0"><span class='ocrx_word' id='word_1_657' title='bbox 447 4657 579 4713; x_wconf 83' lang='lat' dir='ltr'><strong>dum</strong></span> <span class='ocrx_word' id='word_1_658' title='bbox 614 4664 799 4710; x_wconf 74' lang='lat' dir='ltr'><strong>autem</strong></span> <span class='ocrx_word' id='word_1_659' title='bbox 834 4664 1055 4709; x_wconf 86' lang='lat' dir='ltr'><strong>nostros</strong></span> <span class='ocrx_word' id='word_1_660' title='bbox 1100 4653 1176 4707; x_wconf 89' lang='lat' dir='ltr'><strong>nil</strong></span> <span class='ocrx_word' id='word_1_661' title='bbox 1204 4653 1355 4709; x_wconf 88' lang='lat' dir='ltr'><strong>aliud</strong></span> <span class='ocrx_word' id='word_1_662' title='bbox 1390 4654 1544 4709; x_wconf 89' lang='lat' dir='ltr'><strong>illum</strong></span> <span class='ocrx_word' id='word_1_663' title='bbox 1572 4668 1603 4709; x_wconf 91' lang='lat' dir='ltr'><strong>a</strong></span> <span class='ocrx_word' id='word_1_664' title='bbox 1644 4654 1783 4710; x_wconf 89' lang='lat' dir='ltr'><strong>Filio</strong></span> <span class='ocrx_word' id='word_1_665' title='bbox 1830 4655 2028 4711; x_wconf 84' lang='lat' dir='ltr'><strong>distin-</strong></span> 
     </span>
    </p>
   </div>
   <div class='ocr_carea' id='block_1_94' title="bbox 446 4744 2030 4820">
    <p class='ocr_par' dir='ltr' id='par_1_94' title="bbox 446 4744 2030 4820">
     <span class='ocr_line' id='line_1_94' title="bbox 446 4744 2030 4820; baseline -0.002 -15"><span class='ocrx_word' id='word_1_666' title='bbox 446 4751 586 4820; x_wconf 72' lang='lat' dir='ltr'><strong>guit,</strong></span> <span class='ocrx_word' id='word_1_667' title='bbox 620 4748 724 4803; x_wconf 87' lang='lat' dir='ltr'><strong>nisi</strong></span> <span class='ocrx_word' id='word_1_668' title='bbox 752 4744 1007 4802; x_wconf 85' lang='lat' dir='ltr'><strong>diversus</strong></span> <span class='ocrx_word' id='word_1_669' title='bbox 1041 4745 1418 4817; x_wconf 77' lang='lat' dir='ltr'><strong>processioriis</strong></span> <span class='ocrx_word' id='word_1_670' title='bbox 1440 4746 1639 4803; x_wconf 81' lang='lat' dir='ltr'><strong>modus</strong></span> <span class='ocrx_word' id='word_1_671' title='bbox 1654 4747 1841 4817; x_wconf 85' lang='lat' dir='ltr'><strong>ipsum</strong></span> <span class='ocrx_word' id='word_1_672' title='bbox 1874 4747 2030 4802; x_wconf 86' lang='lat' dir='ltr'><strong>vide-</strong></span> 
     </span>
    </p>
   </div>
   <div class='ocr_carea' id='block_1_95' title="bbox 446 4839 2027 4911">
    <p class='ocr_par' dir='ltr' id='par_1_95' title="bbox 446 4839 2027 4911">
     <span class='ocr_line' id='line_1_95' title="bbox 446 4839 2027 4911; baseline -0.003 -11"><span class='ocrx_word' id='word_1_673' title='bbox 446 4845 579 4901; x_wconf 82' lang='lat' dir='ltr'><strong>licet</strong></span> <span class='ocrx_word' id='word_1_674' title='bbox 629 4841 853 4911; x_wconf 82' lang='lat' dir='ltr'><strong>spirari.</strong></span> <span class='ocrx_word' id='word_1_675' title='bbox 907 4839 1061 4894; x_wconf 84' lang='lat' dir='ltr'><strong>Idem</strong></span> <span class='ocrx_word' id='word_1_676' title='bbox 1111 4855 1244 4910; x_wconf 76' lang='lat' dir='ltr'><strong>ergo</strong></span> <span class='ocrx_word' id='word_1_677' title='bbox 1290 4848 1378 4895; x_wconf 85' lang='lat' dir='ltr'><strong>est</strong></span> <span class='ocrx_word' id='word_1_678' title='bbox 1428 4839 1695 4909; x_wconf 88' lang='lat' dir='ltr'><strong>Spiritum</strong></span> <span class='ocrx_word' id='word_1_679' title='bbox 1738 4854 1860 4895; x_wconf 83' lang='lat' dir='ltr'><strong>esse</strong></span> <span class='ocrx_word' id='word_1_680' title='bbox 1904 4840 2027 4895; x_wconf 87' lang='lat' dir='ltr'><strong>Filii</strong></span> 
     </span>
    </p>
   </div>
   <div class='ocr_carea' id='block_1_96' title="bbox 451 4932 2030 5008">
    <p class='ocr_par' dir='ltr' id='par_1_96' title="bbox 451 4932 2030 5008">
     <span class='ocr_line' id='line_1_96' title="bbox 451 4932 2030 5008; baseline -0.003 -16"><span class='ocrx_word' id='word_1_681' title='bbox 451 4937 740 5008; x_wconf 80' lang='lat' dir='ltr'><strong>Spiritum,</strong></span> <span class='ocrx_word' id='word_1_682' title='bbox 799 4943 967 5005; x_wconf 86' lang='lat' dir='ltr'><strong>atque</strong></span> <span class='ocrx_word' id='word_1_683' title='bbox 1012 4947 1083 4989; x_wconf 84' lang='lat' dir='ltr'><strong>ex</strong></span> <span class='ocrx_word' id='word_1_684' title='bbox 1141 4933 1281 4989; x_wconf 84' lang='lat' dir='ltr'><strong>Filio</strong></span> <span class='ocrx_word' id='word_1_685' title='bbox 1327 4932 1655 5004; x_wconf 73' lang='lat' dir='ltr'><strong>procedere.</strong></span> <span class='ocrx_word' id='word_1_686' title='bbox 1686 4934 1857 5006; x_wconf 82' lang='lat' dir='ltr'><strong>Cujus</strong></span> <span class='ocrx_word' id='word_1_687' title='bbox 1896 4948 2030 5006; x_wconf 76' lang='lat' dir='ltr'><strong>ergo</strong></span> 
     </span>
    </p>
   </div>
   <div class='ocr_carea' id='block_1_97' title="bbox 450 5026 2031 5099">
    <p class='ocr_par' dir='ltr' id='par_1_97' title="bbox 450 5026 2031 5099">
     <span class='ocr_line' id='line_1_97' title="bbox 450 5026 2031 5099; baseline -0.004 -12"><span class='ocrx_word' id='word_1_688' title='bbox 450 5030 658 5087; x_wconf 87' lang='lat' dir='ltr'><strong>dicitur</strong></span> <span class='ocrx_word' id='word_1_689' title='bbox 687 5028 950 5099; x_wconf 86' lang='lat' dir='ltr'><strong>Spiritus,</strong></span> <span class='ocrx_word' id='word_1_690' title='bbox 981 5042 1048 5083; x_wconf 80' lang='lat' dir='ltr'><strong>ex</strong></span> <span class='ocrx_word' id='word_1_691' title='bbox 1074 5042 1142 5083; x_wconf 86' lang='lat' dir='ltr'><strong>eo</strong></span> <span class='ocrx_word' id='word_1_692' title='bbox 1164 5027 1332 5084; x_wconf 89' lang='lat' dir='ltr'><strong>etiam</strong></span> <span class='ocrx_word' id='word_1_693' title='bbox 1363 5026 1615 5099; x_wconf 85' lang='lat' dir='ltr'><strong>procedit</strong></span> <span class='ocrx_word' id='word_1_694' title='bbox 1649 5044 1662 5081; x_wconf 94' lang='lat'><strong>:</strong></span> <span class='ocrx_word' id='word_1_695' title='bbox 1696 5027 1902 5083; x_wconf 82' lang='lat' dir='ltr'><strong>dicitur</strong></span> <span class='ocrx_word' id='word_1_696' title='bbox 1928 5042 2031 5083; x_wconf 84' lang='lat' dir='ltr'><strong>au—</strong></span> 
     </span>
    </p>
   </div>
   <div class='ocr_carea' id='block_1_98' title="bbox 396 5120 2027 5193">
    <p class='ocr_par' dir='ltr' id='par_1_98' title="bbox 396 5120 2027 5193">
     <span class='ocr_line' id='line_1_98' title="bbox 396 5120 2027 5193; baseline -0.004 -10"><span class='ocrx_word' id='word_1_697' title='bbox 396 5138 397 5141; x_wconf 79' lang='lat'>‘</span> <span class='ocrx_word' id='word_1_698' title='bbox 455 5135 562 5182; x_wconf 88' lang='lat' dir='ltr'><strong>tem</strong></span> <span class='ocrx_word' id='word_1_699' title='bbox 608 5120 733 5181; x_wconf 80' lang='lat' dir='ltr'><strong>Filii</strong></span> <span class='ocrx_word' id='word_1_700' title='bbox 762 5122 1006 5193; x_wconf 83' lang='lat' dir='ltr'><strong>Spiritus</strong></span> <span class='ocrx_word' id='word_1_701' title='bbox 1040 5129 1298 5192; x_wconf 83' lang='lat' dir='ltr'><strong>tanquam</strong></span> <span class='ocrx_word' id='word_1_702' title='bbox 1331 5133 1388 5176; x_wconf 90' lang='lat' dir='ltr'><strong>et</strong></span> <span class='ocrx_word' id='word_1_703' title='bbox 1421 5120 1632 5187; x_wconf 86' lang='lat' dir='ltr'><strong>Patris;</strong></span> <span class='ocrx_word' id='word_1_704' title='bbox 1667 5121 1833 5193; x_wconf 63' lang='lat' dir='ltr'><strong>igitur</strong></span> <span class='ocrx_word' id='word_1_705' title='bbox 1860 5120 2027 5177; x_wconf 83' lang='lat' dir='ltr'><strong>etiam</strong></span> 
     </span>
    </p>
   </div>
   <div class='ocr_carea' id='block_1_99' title="bbox 452 5212 2034 5287">
    <p class='ocr_par' dir='ltr' id='par_1_99' title="bbox 452 5212 2034 5287">
     <span class='ocr_line' id='line_1_99' title="bbox 452 5212 2034 5287; baseline -0.003 -14"><span class='ocrx_word' id='word_1_706' title='bbox 452 5228 519 5273; x_wconf 76' lang='lat' dir='ltr'><strong>ex</strong></span> <span class='ocrx_word' id='word_1_707' title='bbox 568 5214 709 5272; x_wconf 83' lang='lat' dir='ltr'><strong>Filio</strong></span> <span class='ocrx_word' id='word_1_708' title='bbox 734 5212 1199 5287; x_wconf 87' lang='lat' dir='ltr'><strong>quemadmodum</strong></span> <span class='ocrx_word' id='word_1_709' title='bbox 1240 5228 1307 5269; x_wconf 77' lang='lat' dir='ltr'><strong>es</strong></span> <span class='ocrx_word' id='word_1_710' title='bbox 1353 5214 1514 5269; x_wconf 89' lang='lat' dir='ltr'><strong>Patre</strong></span> <span class='ocrx_word' id='word_1_711' title='bbox 1544 5214 1810 5284; x_wconf 85' lang='lat' dir='ltr'><strong>procedit.</strong></span> <span class='ocrx_word' id='word_1_712' title='bbox 1842 5213 1910 5271; x_wconf 85' lang='lat' dir='ltr'><strong>Et</strong></span> <span class='ocrx_word' id='word_1_713' title='bbox 1934 5230 2034 5269; x_wconf 85' lang='lat' dir='ltr'><strong>no-</strong></span> 
     </span>
    </p>
   </div>
   <div class='ocr_carea' id='block_1_100' title="bbox 449 5306 2034 5380">
    <p class='ocr_par' dir='ltr' id='par_1_100' title="bbox 449 5306 2034 5380">
     <span class='ocr_line' id='line_1_100' title="bbox 449 5306 2034 5380; baseline -0.003 -13"><span class='ocrx_word' id='word_1_714' title='bbox 449 5310 683 5367; x_wconf 81' lang='lat' dir='ltr'><strong>tandum</strong></span> <span class='ocrx_word' id='word_1_715' title='bbox 724 5306 871 5380; x_wconf 81' lang='lat' dir='ltr'><strong>quod</strong></span> <span class='ocrx_word' id='word_1_716' title='bbox 910 5318 1048 5362; x_wconf 78' lang='lat' dir='ltr'><strong>vana</strong></span> <span class='ocrx_word' id='word_1_717' title='bbox 1089 5314 1181 5363; x_wconf 84' lang='lat' dir='ltr'><strong>est</strong></span> <span class='ocrx_word' id='word_1_718' title='bbox 1211 5306 1583 5377; x_wconf 88' lang='lat' dir='ltr'><strong>quorumdam</strong></span> <span class='ocrx_word' id='word_1_719' title='bbox 1625 5307 1899 5379; x_wconf 80' lang='lat' dir='ltr'><strong>expositio</strong></span> <span class='ocrx_word' id='word_1_720' title='bbox 1944 5308 2034 5363; x_wconf 84' lang='lat' dir='ltr'><strong>di-</strong></span> 
     </span>
    </p>
   </div>
   <div class='ocr_carea' id='block_1_101' title="bbox 456 5397 2031 5472">
    <p class='ocr_par' dir='ltr' id='par_1_101' title="bbox 456 5397 2031 5472">
     <span class='ocr_line' id='line_1_101' title="bbox 456 5397 2031 5472; baseline -0.002 -14"><span class='ocrx_word' id='word_1_721' title='bbox 456 5406 697 5458; x_wconf 78' lang='lat' dir='ltr'><strong>centium</strong></span> <span class='ocrx_word' id='word_1_722' title='bbox 727 5405 953 5472; x_wconf 81' lang='lat' dir='ltr'><strong>propter</strong></span> <span class='ocrx_word' id='word_1_723' title='bbox 971 5397 1607 5455; x_wconf 76' lang='lat' dir='ltr'><strong>consubstantialitatem</strong></span> <span class='ocrx_word' id='word_1_724' title='bbox 1628 5400 1737 5456; x_wconf 90' lang='lat' dir='ltr'><strong>dici</strong></span> <span class='ocrx_word' id='word_1_725' title='bbox 1765 5400 2031 5471; x_wconf 86' lang='lat' dir='ltr'><strong>Spiritum</strong></span> 
     </span>
    </p>
   </div>
   <div class='ocr_carea' id='block_1_102' title="bbox 460 5490 2037 5565">
    <p class='ocr_par' dir='ltr' id='par_1_102' title="bbox 460 5490 2037 5565">
     <span class='ocr_line' id='line_1_102' title="bbox 460 5490 2037 5565; baseline -0.001 -16"><span class='ocrx_word' id='word_1_726' title='bbox 460 5490 581 5550; x_wconf 86' lang='lat' dir='ltr'><strong>Filii</strong></span> <span class='ocrx_word' id='word_1_727' title='bbox 597 5490 867 5565; x_wconf 70' lang='lat' dir='ltr'><strong>Spiritum</strong></span> <span class='ocrx_word' id='word_1_728' title='bbox 884 5510 897 5547; x_wconf 92' lang='lat'>:</span> <span class='ocrx_word' id='word_1_729' title='bbox 916 5501 1042 5547; x_wconf 86' lang='lat' dir='ltr'><strong>cum</strong></span> <span class='ocrx_word' id='word_1_730' title='bbox 1066 5491 1158 5547; x_wconf 75' lang='lat' dir='ltr'><strong>hic</strong></span> <span class='ocrx_word' id='word_1_731' title='bbox 1172 5501 1400 5548; x_wconf 83' lang='lat' dir='ltr'><strong>sanctus</strong></span> <span class='ocrx_word' id='word_1_732' title='bbox 1418 5492 1610 5547; x_wconf 81' lang='lat' dir='ltr'><strong>doctor</strong></span> <span class='ocrx_word' id='word_1_733' title='bbox 1635 5501 1895 5562; x_wconf 82' lang='lat' dir='ltr'><strong>tanquam</strong></span> <span class='ocrx_word' id='word_1_734' title='bbox 1919 5492 2037 5548; x_wconf 90' lang='lat' dir='ltr'><strong>dis-</strong></span> 
     </span>
    </p>
   </div>
   <div class='ocr_carea' id='block_1_103' title="bbox 462 5583 2036 5655">
    <p class='ocr_par' dir='ltr' id='par_1_103' title="bbox 462 5583 2036 5655">
     <span class='ocr_line' id='line_1_103' title="bbox 462 5583 2036 5655; baseline -0.002 -13"><span class='ocrx_word' id='word_1_735' title='bbox 462 5586 753 5642; x_wconf 77' lang='lat' dir='ltr'><strong>tinctirum</strong></span> <span class='ocrx_word' id='word_1_736' title='bbox 804 5586 911 5642; x_wconf 83' lang='lat' dir='ltr'><strong>hoc</strong></span> <span class='ocrx_word' id='word_1_737' title='bbox 952 5584 1206 5655; x_wconf 83' lang='lat' dir='ltr'><strong>accipiat.</strong></span> <span class='ocrx_word' id='word_1_738' title='bbox 1230 5583 1362 5651; x_wconf 74' lang='lat' dir='ltr'><strong>Qua:</strong></span> <span class='ocrx_word' id='word_1_739' title='bbox 1383 5598 1517 5640; x_wconf 83' lang='lat' dir='ltr'><strong>vero</strong></span> <span class='ocrx_word' id='word_1_740' title='bbox 1548 5593 1771 5655; x_wconf 82' lang='lat' dir='ltr'><strong>propter</strong></span> <span class='ocrx_word' id='word_1_741' title='bbox 1795 5587 2036 5640; x_wconf 87' lang='lat' dir='ltr'><strong>consub-</strong></span> 
     </span>
    </p>
   </div>
   <div class='ocr_carea' id='block_1_104' title="bbox 463 5675 2035 5748">
    <p class='ocr_par' dir='ltr' id='par_1_104' title="bbox 463 5675 2035 5748">
     <span class='ocr_line' id='line_1_104' title="bbox 463 5675 2035 5748; baseline 0.001 -16"><span class='ocrx_word' id='word_1_742' title='bbox 463 5678 875 5735; x_wconf 81' lang='lat' dir='ltr'><strong>stantialitatem</strong></span> <span class='ocrx_word' id='word_1_743' title='bbox 900 5675 1186 5743; x_wconf 87' lang='lat' dir='ltr'><strong>dicuntur,</strong></span> <span class='ocrx_word' id='word_1_744' title='bbox 1204 5676 1434 5741; x_wconf 80' lang='lat' dir='ltr'><strong>uttiunt,</strong></span> <span class='ocrx_word' id='word_1_745' title='bbox 1456 5691 1568 5732; x_wconf 85' lang='lat' dir='ltr'><strong>non</strong></span> <span class='ocrx_word' id='word_1_746' title='bbox 1588 5677 1953 5748; x_wconf 75' lang='lat' dir='ltr'><strong>distinguunt.</strong></span> <span class='ocrx_word' id='word_1_747' title='bbox 1977 5680 2035 5734; x_wconf 86' lang='lat' dir='ltr'><strong>Si</strong></span> 
     </span>
    </p>
   </div>
   <div class='ocr_carea' id='block_1_105' title="bbox 458 5770 2030 5845">
    <p class='ocr_par' dir='ltr' id='par_1_105' title="bbox 458 5770 2030 5845">
     <span class='ocr_line' id='line_1_105' title="bbox 458 5770 2030 5845; baseline 0.001 -21"><span class='ocrx_word' id='word_1_748' title='bbox 458 5770 629 5842; x_wconf 72' lang='lat' dir='ltr'><strong>igitur</strong></span> <span class='ocrx_word' id='word_1_749' title='bbox 660 5787 769 5831; x_wconf 86' lang='lat' dir='ltr'><strong>non</strong></span> <span class='ocrx_word' id='word_1_750' title='bbox 792 5778 1018 5845; x_wconf 75' lang='lat' dir='ltr'><strong>propter</strong></span> <span class='ocrx_word' id='word_1_751' title='bbox 1031 5770 1657 5841; x_wconf 81' lang='lat' dir='ltr'><strong>consubstantiaiitatem</strong></span> <span class='ocrx_word' id='word_1_752' title='bbox 1689 5770 1888 5829; x_wconf 83' lang='lat' dir='ltr'><strong>dicitur</strong></span> <span class='ocrx_word' id='word_1_753' title='bbox 1910 5772 2030 5844; x_wconf 86' lang='lat' dir='ltr'><strong>Spi-</strong></span> 
     </span>
    </p>
   </div>
   <div class='ocr_carea' id='block_1_106' title="bbox 382 5928 443 5939">
    <p class='ocr_par' dir='ltr' id='par_1_106' title="bbox 382 5928 443 5939">
     <span class='ocr_line' id='line_1_106' title="bbox 382 5928 443 5939; baseline 0.016 -1"><span class='ocrx_word' id='word_1_754' title='bbox 382 5928 443 5939; x_wconf 46' lang='lat'><strong>--‘</strong></span> 
     </span>
    </p>
   </div>
   <div class='ocr_carea' id='block_1_107' title="bbox 510 5946 630 5973">
    <p class='ocr_par' dir='ltr' id='par_1_107' title="bbox 510 5946 630 5973">
     <span class='ocr_line' id='line_1_107' title="bbox 510 5946 630 5973; baseline 0 -17"><span class='ocrx_word' id='word_1_755' title='bbox 510 5946 630 5973; x_wconf 43' lang='grc' dir='ltr'><strong>ες...</strong></span> 
     </span>
    </p>
   </div>
   <div class='ocr_carea' id='block_1_108' title="bbox 2130 4558 3707 4632">
    <p class='ocr_par' dir='ltr' id='par_1_108' title="bbox 2130 4558 3707 4632">
     <span class='ocr_line' id='line_1_108' title="bbox 2130 4558 3707 4632; baseline 0 -16"><span class='ocrx_word' id='word_1_756' title='bbox 2130 4562 2236 4618; x_wconf 78' lang='lat' dir='ltr'><strong>hoc</strong></span> <span class='ocrx_word' id='word_1_757' title='bbox 2278 4562 2696 4628; x_wconf 79' lang='lat' dir='ltr'><strong>inconveniens,</strong></span> <span class='ocrx_word' id='word_1_758' title='bbox 2745 4569 2804 4615; x_wconf 90' lang='lat' dir='ltr'><strong>ut</strong></span> <span class='ocrx_word' id='word_1_759' title='bbox 2849 4558 3023 4615; x_wconf 88' lang='lat' dir='ltr'><strong>Filius</strong></span> <span class='ocrx_word' id='word_1_760' title='bbox 3064 4568 3217 4616; x_wconf 87' lang='lat' dir='ltr'><strong>esset</strong></span> <span class='ocrx_word' id='word_1_761' title='bbox 3248 4575 3353 4615; x_wconf 88' lang='lat' dir='ltr'><strong>una</strong></span> <span class='ocrx_word' id='word_1_762' title='bbox 3401 4560 3707 4632; x_wconf 87' lang='lat' dir='ltr'><strong>eademque</strong></span> 
     </span>
    </p>
   </div>
   <div class='ocr_carea' id='block_1_109' title="bbox 2126 4652 3706 4724">
    <p class='ocr_par' dir='ltr' id='par_1_109' title="bbox 2126 4652 3706 4724">
     <span class='ocr_line' id='line_1_109' title="bbox 2126 4652 3706 4724; baseline -0.001 -14"><span class='ocrx_word' id='word_1_763' title='bbox 2126 4669 2362 4724; x_wconf 87' lang='lat' dir='ltr'><strong>persona</strong></span> <span class='ocrx_word' id='word_1_764' title='bbox 2393 4668 2521 4709; x_wconf 86' lang='lat' dir='ltr'><strong>cum</strong></span> <span class='ocrx_word' id='word_1_765' title='bbox 2543 4654 2727 4710; x_wconf 87' lang='lat' dir='ltr'><strong>Patre.</strong></span> <span class='ocrx_word' id='word_1_766' title='bbox 2778 4652 2917 4710; x_wconf 86' lang='lat' dir='ltr'><strong>Cum</strong></span> <span class='ocrx_word' id='word_1_767' title='bbox 2944 4669 3077 4708; x_wconf 88' lang='lat' dir='ltr'><strong>vero</strong></span> <span class='ocrx_word' id='word_1_768' title='bbox 3101 4654 3455 4710; x_wconf 86' lang='lat' dir='ltr'><strong>constitutiva</strong></span> <span class='ocrx_word' id='word_1_769' title='bbox 3482 4656 3706 4724; x_wconf 86' lang='lat' dir='ltr'><strong>quidem</strong></span> 
     </span>
    </p>
   </div>
   <div class='ocr_carea' id='block_1_110' title="bbox 2128 4746 3708 4817">
    <p class='ocr_par' dir='ltr' id='par_1_110' title="bbox 2128 4746 3708 4817">
     <span class='ocr_line' id='line_1_110' title="bbox 2128 4746 3708 4817; baseline 0 -16"><span class='ocrx_word' id='word_1_770' title='bbox 2128 4746 2431 4817; x_wconf 86' lang='lat' dir='ltr'><strong>paternalis</strong></span> <span class='ocrx_word' id='word_1_771' title='bbox 2476 4762 2731 4817; x_wconf 67' lang='lat' dir='ltr'><strong>persona:</strong></span> <span class='ocrx_word' id='word_1_772' title='bbox 2779 4746 3107 4817; x_wconf 87' lang='lat' dir='ltr'><strong>paternitas,</strong></span> <span class='ocrx_word' id='word_1_773' title='bbox 3139 4756 3195 4801; x_wconf 90' lang='lat' dir='ltr'><strong>et</strong></span> <span class='ocrx_word' id='word_1_774' title='bbox 3228 4747 3407 4816; x_wconf 88' lang='lat' dir='ltr'><strong>ipsum</strong></span> <span class='ocrx_word' id='word_1_775' title='bbox 3442 4761 3708 4817; x_wconf 75' lang='lat' dir='ltr'><strong>generare</strong></span> 
     </span>
    </p>
   </div>
   <div class='ocr_carea' id='block_1_111' title="bbox 2129 4839 3703 4910">
    <p class='ocr_par' dir='ltr' id='par_1_111' title="bbox 2129 4839 3703 4910">
     <span class='ocr_line' id='line_1_111' title="bbox 2129 4839 3703 4910; baseline -0.001 -17"><span class='ocrx_word' id='word_1_776' title='bbox 2129 4840 2422 4909; x_wconf 78' lang='lat' dir='ltr'><strong>probatura</strong></span> <span class='ocrx_word' id='word_1_777' title='bbox 2467 4839 2657 4907; x_wconf 80' lang='lat' dir='ltr'><strong>fuerit,</strong></span> <span class='ocrx_word' id='word_1_778' title='bbox 2689 4840 2903 4910; x_wconf 88' lang='lat' dir='ltr'><strong>spirare</strong></span> <span class='ocrx_word' id='word_1_779' title='bbox 2944 4854 3076 4894; x_wconf 88' lang='lat' dir='ltr'><strong>vero</strong></span> <span class='ocrx_word' id='word_1_780' title='bbox 3108 4840 3415 4909; x_wconf 85' lang='lat' dir='ltr'><strong>proprietas</strong></span> <span class='ocrx_word' id='word_1_781' title='bbox 3452 4840 3703 4909; x_wconf 68' lang='lat' dir='ltr'><strong>qumdam</strong></span> 
     </span>
    </p>
   </div>
   <div class='ocr_carea' id='block_1_112' title="bbox 2130 4933 3707 5006">
    <p class='ocr_par' dir='ltr' id='par_1_112' title="bbox 2130 4933 3707 5006">
     <span class='ocr_line' id='line_1_112' title="bbox 2130 4933 3707 5006; baseline -0.003 -16"><span class='ocrx_word' id='word_1_782' title='bbox 2130 4950 2368 5006; x_wconf 85' lang='lat' dir='ltr'><strong>sequens</strong></span> <span class='ocrx_word' id='word_1_783' title='bbox 2398 4935 2519 5006; x_wconf 84' lang='lat' dir='ltr'><strong>ejus</strong></span> <span class='ocrx_word' id='word_1_784' title='bbox 2550 4949 2841 5006; x_wconf 88' lang='lat' dir='ltr'><strong>personam</strong></span> <span class='ocrx_word' id='word_1_785' title='bbox 2878 4934 2989 5004; x_wconf 84' lang='lat' dir='ltr'><strong>jam</strong></span> <span class='ocrx_word' id='word_1_786' title='bbox 3019 4934 3371 4988; x_wconf 84' lang='lat' dir='ltr'><strong>constitutam</strong></span> <span class='ocrx_word' id='word_1_787' title='bbox 3400 4948 3557 4998; x_wconf 35' lang='lat' dir='ltr'><strong>;‘cur</strong></span> <span class='ocrx_word' id='word_1_788' title='bbox 3591 4933 3707 4997; x_wconf 89' lang='lat' dir='ltr'><strong>ille,</strong></span> 
     </span>
    </p>
   </div>
   <div class='ocr_carea' id='block_1_113' title="bbox 2129 5026 3705 5101">
    <p class='ocr_par' dir='ltr' id='par_1_113' title="bbox 2129 5026 3705 5101">
     <span class='ocr_line' id='line_1_113' title="bbox 2129 5026 3705 5101; baseline -0.003 -18"><span class='ocrx_word' id='word_1_789' title='bbox 2129 5029 2220 5083; x_wconf 89' lang='lat' dir='ltr'><strong>cui</strong></span> <span class='ocrx_word' id='word_1_790' title='bbox 2252 5027 2562 5084; x_wconf 84' lang='lat' dir='ltr'><strong>communis</strong></span> <span class='ocrx_word' id='word_1_791' title='bbox 2591 5036 2674 5083; x_wconf 80' lang='lat' dir='ltr'><strong>est</strong></span> <span class='ocrx_word' id='word_1_792' title='bbox 2702 5040 2829 5081; x_wconf 86' lang='lat' dir='ltr'><strong>cum</strong></span> <span class='ocrx_word' id='word_1_793' title='bbox 2858 5026 3018 5081; x_wconf 84' lang='lat' dir='ltr'><strong>Patre</strong></span> <span class='ocrx_word' id='word_1_794' title='bbox 3048 5041 3159 5081; x_wconf 90' lang='lat' dir='ltr'><strong>non</strong></span> <span class='ocrx_word' id='word_1_795' title='bbox 3195 5026 3547 5083; x_wconf 84' lang='lat' dir='ltr'><strong>constitutiva</strong></span> <span class='ocrx_word' id='word_1_796' title='bbox 3582 5043 3705 5101; x_wconf 78' lang='lat' dir='ltr'><strong>pro-</strong></span> 
     </span>
    </p>
   </div>
   <div class='ocr_carea' id='block_1_114' title="bbox 2133 5120 3704 5195">
    <p class='ocr_par' dir='ltr' id='par_1_114' title="bbox 2133 5120 3704 5195">
     <span class='ocr_line' id='line_1_114' title="bbox 2133 5120 3704 5195; baseline 0 -18"><span class='ocrx_word' id='word_1_797' title='bbox 2133 5122 2360 5195; x_wconf 87' lang='lat' dir='ltr'><strong>prietas,</strong></span> <span class='ocrx_word' id='word_1_798' title='bbox 2394 5137 2505 5175; x_wconf 89' lang='lat' dir='ltr'><strong>una</strong></span> <span class='ocrx_word' id='word_1_799' title='bbox 2552 5122 2856 5191; x_wconf 86' lang='lat' dir='ltr'><strong>eademque</strong></span> <span class='ocrx_word' id='word_1_800' title='bbox 2910 5135 3146 5191; x_wconf 90' lang='lat' dir='ltr'><strong>persona</strong></span> <span class='ocrx_word' id='word_1_801' title='bbox 3194 5135 3321 5175; x_wconf 88' lang='lat' dir='ltr'><strong>cum</strong></span> <span class='ocrx_word' id='word_1_802' title='bbox 3368 5120 3490 5189; x_wconf 87' lang='lat' dir='ltr'><strong>ipso</strong></span> <span class='ocrx_word' id='word_1_803' title='bbox 3530 5124 3704 5177; x_wconf 71' lang='lat' dir='ltr'><strong>esset?</strong></span> 
     </span>
    </p>
   </div>
   <div class='ocr_carea' id='block_1_115' title="bbox 2132 5212 3703 5283">
    <p class='ocr_par' dir='ltr' id='par_1_115' title="bbox 2132 5212 3703 5283">
     <span class='ocr_line' id='line_1_115' title="bbox 2132 5212 3703 5283; baseline -0.003 -13"><span class='ocrx_word' id='word_1_804' title='bbox 2132 5216 2606 5283; x_wconf 85' lang='lat' dir='ltr'><strong>Quemadmodum</strong></span> <span class='ocrx_word' id='word_1_805' title='bbox 2638 5214 2787 5270; x_wconf 88' lang='lat' dir='ltr'><strong>enim</strong></span> <span class='ocrx_word' id='word_1_806' title='bbox 2826 5228 3121 5269; x_wconf 85' lang='lat' dir='ltr'><strong>commune</strong></span> <span class='ocrx_word' id='word_1_807' title='bbox 3149 5212 3362 5269; x_wconf 85' lang='lat' dir='ltr'><strong>habens</strong></span> <span class='ocrx_word' id='word_1_808' title='bbox 3388 5212 3559 5270; x_wconf 88' lang='lat' dir='ltr'><strong>Filius</strong></span> <span class='ocrx_word' id='word_1_809' title='bbox 3585 5232 3703 5269; x_wconf 84' lang='lat' dir='ltr'><strong>cum</strong></span> 
     </span>
    </p>
   </div>
   <div class='ocr_carea' id='block_1_116' title="bbox 2133 5304 3707 5379">
    <p class='ocr_par' dir='ltr' id='par_1_116' title="bbox 2133 5304 3707 5379">
     <span class='ocr_line' id='line_1_116' title="bbox 2133 5304 3707 5379; baseline -0.002 -14"><span class='ocrx_word' id='word_1_810' title='bbox 2133 5310 2317 5373; x_wconf 82' lang='lat' dir='ltr'><strong>Patre,</strong></span> <span class='ocrx_word' id='word_1_811' title='bbox 2363 5307 2511 5377; x_wconf 88' lang='lat' dir='ltr'><strong>quod</strong></span> <span class='ocrx_word' id='word_1_812' title='bbox 2563 5306 2803 5377; x_wconf 86' lang='lat' dir='ltr'><strong>Spiritus</strong></span> <span class='ocrx_word' id='word_1_813' title='bbox 2828 5306 3052 5362; x_wconf 84' lang='lat' dir='ltr'><strong>dicatur</strong></span> <span class='ocrx_word' id='word_1_814' title='bbox 3092 5304 3333 5377; x_wconf 87' lang='lat' dir='ltr'><strong>Spiritus</strong></span> <span class='ocrx_word' id='word_1_815' title='bbox 3374 5307 3516 5379; x_wconf 85' lang='lat' dir='ltr'><strong>ejus,</strong></span> <span class='ocrx_word' id='word_1_816' title='bbox 3552 5319 3707 5375; x_wconf 72' lang='grc' dir='ltr'><strong>ιιτουι</strong></span> 
     </span>
    </p>
   </div>
   <div class='ocr_carea' id='block_1_117' title="bbox 2132 5400 3703 5472">
    <p class='ocr_par' dir='ltr' id='par_1_117' title="bbox 2132 5400 3703 5472">
     <span class='ocr_line' id='line_1_117' title="bbox 2132 5400 3703 5472; baseline -0.002 -15"><span class='ocrx_word' id='word_1_817' title='bbox 2132 5400 2335 5467; x_wconf 82' lang='lat' dir='ltr'><strong>Patris,</strong></span> <span class='ocrx_word' id='word_1_818' title='bbox 2395 5402 2525 5456; x_wconf 87' lang='lat' dir='ltr'><strong>item</strong></span> <span class='ocrx_word' id='word_1_819' title='bbox 2558 5400 2708 5472; x_wconf 88' lang='lat' dir='ltr'><strong>quod</strong></span> <span class='ocrx_word' id='word_1_820' title='bbox 2761 5400 2833 5456; x_wconf 78' lang='lat' dir='ltr'><strong>ab</strong></span> <span class='ocrx_word' id='word_1_821' title='bbox 2866 5414 2933 5455; x_wconf 88' lang='lat' dir='ltr'><strong>eo</strong></span> <span class='ocrx_word' id='word_1_822' title='bbox 2972 5401 3221 5457; x_wconf 84' lang='lat' dir='ltr'><strong>mittatur</strong></span> <span class='ocrx_word' id='word_1_823' title='bbox 3268 5409 3431 5470; x_wconf 87' lang='lat' dir='ltr'><strong>prout</strong></span> <span class='ocrx_word' id='word_1_824' title='bbox 3467 5416 3498 5454; x_wconf 91' lang='lat' dir='ltr'><strong>a</strong></span> <span class='ocrx_word' id='word_1_825' title='bbox 3533 5402 3703 5461; x_wconf 76' lang='lat' dir='ltr'><strong>Patre,</strong></span> 
     </span>
    </p>
   </div>
   <div class='ocr_carea' id='block_1_118' title="bbox 2140 5493 3699 5566">
    <p class='ocr_par' dir='ltr' id='par_1_118' title="bbox 2140 5493 3699 5566">
     <span class='ocr_line' id='line_1_118' title="bbox 2140 5493 3699 5566; baseline 0.002 -19"><span class='ocrx_word' id='word_1_826' title='bbox 2140 5503 2317 5548; x_wconf 84' lang='lat' dir='ltr'><strong>tamen</strong></span> <span class='ocrx_word' id='word_1_827' title='bbox 2358 5510 2467 5548; x_wconf 89' lang='lat' dir='ltr'><strong>non</strong></span> <span class='ocrx_word' id='word_1_828' title='bbox 2496 5504 2577 5548; x_wconf 79' lang='lat' dir='ltr'><strong>est</strong></span> <span class='ocrx_word' id='word_1_829' title='bbox 2608 5494 2797 5548; x_wconf 78' lang='lat' dir='ltr'><strong>eadem</strong></span> <span class='ocrx_word' id='word_1_830' title='bbox 2827 5510 3060 5566; x_wconf 87' lang='lat' dir='ltr'><strong>persona</strong></span> <span class='ocrx_word' id='word_1_831' title='bbox 3089 5510 3213 5550; x_wconf 92' lang='lat' dir='ltr'><strong>cum</strong></span> <span class='ocrx_word' id='word_1_832' title='bbox 3245 5493 3425 5559; x_wconf 82' lang='lat' dir='ltr'><strong>Patre,</strong></span> <span class='ocrx_word' id='word_1_833' title='bbox 3462 5509 3529 5548; x_wconf 91' lang='lat' dir='ltr'><strong>eo</strong></span> <span class='ocrx_word' id='word_1_834' title='bbox 3562 5506 3699 5564; x_wconf 72' lang='lat' dir='ltr'><strong>quod</strong></span> 
     </span>
    </p>
   </div>
   <div class='ocr_carea' id='block_1_119' title="bbox 2138 5587 3701 5658">
    <p class='ocr_par' dir='ltr' id='par_1_119' title="bbox 2138 5587 3701 5658">
     <span class='ocr_line' id='line_1_119' title="bbox 2138 5587 3701 5658; baseline 0.001 -17"><span class='ocrx_word' id='word_1_835' title='bbox 2138 5602 2244 5641; x_wconf 87' lang='lat' dir='ltr'><strong>non</strong></span> <span class='ocrx_word' id='word_1_836' title='bbox 2278 5596 2364 5642; x_wconf 86' lang='lat' dir='ltr'><strong>est</strong></span> <span class='ocrx_word' id='word_1_837' title='bbox 2400 5587 2843 5653; x_wconf 87' lang='lat' dir='ltr'><strong>constitutivum,</strong></span> <span class='ocrx_word' id='word_1_838' title='bbox 2878 5603 2979 5643; x_wconf 86' lang='lat' dir='ltr'><strong>nec</strong></span> <span class='ocrx_word' id='word_1_839' title='bbox 3031 5588 3177 5658; x_wconf 88' lang='lat' dir='ltr'><strong>quod</strong></span> <span class='ocrx_word' id='word_1_840' title='bbox 3226 5587 3464 5658; x_wconf 88' lang='lat' dir='ltr'><strong>Spiritus</strong></span> <span class='ocrx_word' id='word_1_841' title='bbox 3492 5588 3701 5644; x_wconf 87' lang='lat' dir='ltr'><strong>dicatur</strong></span> 
     </span>
    </p>
   </div>
   <div class='ocr_carea' id='block_1_120' title="bbox 2141 5678 3694 5752">
    <p class='ocr_par' dir='ltr' id='par_1_120' title="bbox 2141 5678 3694 5752">
     <span class='ocr_line' id='line_1_120' title="bbox 2141 5678 3694 5752; baseline 0.005 -17"><span class='ocrx_word' id='word_1_842' title='bbox 2141 5678 2379 5751; x_wconf 86' lang='lat' dir='ltr'><strong>Spiritus</strong></span> <span class='ocrx_word' id='word_1_843' title='bbox 2403 5680 2602 5743; x_wconf 86' lang='lat' dir='ltr'><strong>Patris,</strong></span> <span class='ocrx_word' id='word_1_844' title='bbox 2623 5696 2727 5736; x_wconf 84' lang='lat' dir='ltr'><strong>nec</strong></span> <span class='ocrx_word' id='word_1_845' title='bbox 2753 5681 2896 5752; x_wconf 87' lang='lat' dir='ltr'><strong>quod</strong></span> <span class='ocrx_word' id='word_1_846' title='bbox 2924 5696 2955 5735; x_wconf 84' lang='lat' dir='ltr'><strong>a</strong></span> <span class='ocrx_word' id='word_1_847' title='bbox 2985 5681 3143 5737; x_wconf 84' lang='lat' dir='ltr'><strong>Patre</strong></span> <span class='ocrx_word' id='word_1_848' title='bbox 3177 5682 3445 5738; x_wconf 82' lang='lat' dir='ltr'><strong>mittatur.</strong></span> <span class='ocrx_word' id='word_1_849' title='bbox 3470 5685 3601 5739; x_wconf 85' lang='lat' dir='ltr'><strong>Item</strong></span> <span class='ocrx_word' id='word_1_850' title='bbox 3627 5693 3694 5742; x_wconf 79' lang='lat' dir='ltr'><strong>et-</strong></span> 
     </span>
    </p>
   </div>
   <div class='ocr_carea' id='block_1_121' title="bbox 2141 5773 3688 5848">
    <p class='ocr_par' dir='ltr' id='par_1_121' title="bbox 2141 5773 3688 5848">
     <span class='ocr_line' id='line_1_121' title="bbox 2141 5773 3688 5848; baseline 0.005 -20"><span class='ocrx_word' id='word_1_851' title='bbox 2141 5774 2185 5828; x_wconf 85' lang='lat' dir='ltr'><strong>si</strong></span> <span class='ocrx_word' id='word_1_852' title='bbox 2209 5788 2499 5829; x_wconf 86' lang='lat' dir='ltr'><strong>commune</strong></span> <span class='ocrx_word' id='word_1_853' title='bbox 2535 5773 2729 5831; x_wconf 82' lang='lat' dir='ltr'><strong>babcat</strong></span> <span class='ocrx_word' id='word_1_854' title='bbox 2755 5791 2877 5831; x_wconf 85' lang='lat' dir='ltr'><strong>cum</strong></span> <span class='ocrx_word' id='word_1_855' title='bbox 2909 5774 3067 5831; x_wconf 84' lang='lat' dir='ltr'><strong>Patre</strong></span> <span class='ocrx_word' id='word_1_856' title='bbox 3100 5775 3344 5846; x_wconf 85' lang='lat' dir='ltr'><strong>spirandi</strong></span> <span class='ocrx_word' id='word_1_857' title='bbox 3388 5778 3688 5848; x_wconf 81' lang='lat' dir='ltr'><strong>potentiam</strong></span> 
     </span>
    </p>
   </div>
  </div>
