4140 6140
431 270 540 338 439

1420 293 1931 361 BESSARIONIS
1960 300 2016 362 S.
2053 302 2125 367 Β.
2170 302 2236 365 Ε.
2264 306 2732 374 CARDINALIS

3610 321 3721 390 μθ

434 426 545 469 που
596 409 718 467 ideo
760 413 811 467 in
857 418 1107 474 ρδηπιριη
1142 438 1264 478 cum
1310 442 1377 481 ρο
1422 431 1784 486 confundi“...
1815 448 2001 501 per”,
2033 416 2081 472 Α
2114 417 2339 472 tentiam
2370 437 2384 485 ;
2421 421 2465 474 si
2495 422 2641 478 enim
2670 426 2832 480 Pater
2858 441 2965 481 non
3004 438 3169 496 esset,
3199 430 3369 489 Filius
3399 443 3455 490 et
3477 433 3719 506 Spiritus

435 518 579 557 nam.
641 522 765 561 cum
823 511 1036 583 Spirare
1096 531 1203 571 non
1286 521 1357 575 sit
1412 529 1709 591 paternalis
1774 545 2024 595 personae

433 598 873 657 constitutivum.
928 606 1107 670 Quare
1177 612 1352 671 donec
1412 632 1519 669 non
1593 622 1855 687 probetur
1912 627 2027 694 spi-

437 691 594 746 randi
665 697 965 763 potentiam
1031 707 1331 769 patcrnalis
1402 726 1651 777 personat
1709 691 2025 777 constituti-

762 829 777 851 ,
838 804 940 846 nec
985 793 1236 849 confusio
1297 814 1653 865 personarum
1712 808 1837 862 inde
1897 827 2023 877 pro-

437 873 554 929 bari
609 879 835 945 poterit.
880 880 985 935 Sed
1043 886 1289 953 spirandi
1350 895 1598 961 potentia
1666 873 2020 959 constitutiva

434 982 579 1032 esse,
619 971 839 1043 probari
890 990 996 1029 non
1048 989 1229 1046 potest
1278 1000 1291 1033 :
1343 999 1465 1037 cum
1514 989 1641 1055 quia
1696 1006 2023 1060 sequeretur

434 1055 582 1127 quod
622 1062 782 1117 Pater
823 1064 1053 1123 haberet
1078 1071 1213 1125 duas
1277 1090 1541 1143 personas
1586 1093 1641 1135 et
1677 1055 1816 1140 duas
1850 1087 2023 1157 hypo-

435 1164 631 1216 stases,
676 1172 736 1213 ut
777 1159 829 1214 in
869 1163 1142 1235 principio
1188 1171 1474 1235 probatum
1523 1188 1625 1239 est,
1683 1179 1787 1235 hoc
1836 1193 2020 1240 autem

434 1242 831 1307 inconveniens
857 1271 870 1306 :
898 1263 1008 1308 tum
1041 1256 1167 1325 quia
1201 1258 1315 1315 haec
1349 1265 1540 1331 petitio
1564 1268 1817 1340 principii
1848 1284 2018 1332 esset.

434 1336 645 1396 Ponere
696 1360 931 1413 namque
986 1352 1286 1417 potentiam
1326 1356 1573 1421 spirandi
1609 1363 2018 1423 constitutivam

432 1444 554 1486 esse
594 1448 843 1503 personae
888 1439 1083 1503 Patris,
1139 1452 1193 1496 et
1238 1460 1303 1498 ex
1338 1445 1502 1503 Patre
1538 1452 1713 1509 solum
1754 1456 2019 1524 Spiritum

436 1527 759 1592 procedere,
793 1544 960 1582 unum
990 1541 1046 1585 et
1074 1532 1217 1587 idem
1254 1547 1359 1591 est.
1391 1540 1574 1604 Quare
1598 1543 1688 1611 qui
1723 1544 1827 1601 hoc
1862 1547 2019 1616 dicit,

436 1615 573 1682 petit
626 1619 981 1690 principium.
1020 1624 1156 1680 Cum
1207 1641 1389 1684 autem
1441 1632 1545 1687 hoc
1583 1650 1689 1689 non
1730 1615 2016 1707 probetur,

433 1720 538 1762 nec
568 1711 822 1767 confusio
864 1730 1222 1784 personarum
1257 1724 1529 1791 sequitur,
1568 1742 1879 1799 quanquam
1904 1734 2019 1789 sint

436 1800 531 1871 qui
580 1803 829 1861 credant.
884 1806 1101 1863 Dictum
1157 1824 1243 1871 est
1281 1828 1461 1869 autem
1524 1818 1576 1872 in
1637 1823 2019 1893 superioribus

436 1910 687 1965 quaenam
735 1914 926 1952 eorum
962 1918 1085 1970 qua
1130 1903 1199 1958 de
1253 1906 1364 1963 Deo
1399 1908 1680 1977 dicuntur,
1711 1917 2025 1973 communia

440 2001 570 2045 sunt
596 2008 608 2053 ;
634 2006 755 2061 qua:
786 1994 1031 2061 propria,
1058 2004 1113 2049 et
1144 2002 1499 2075 propriorum
1530 2020 1779 2072 quamam
1810 2008 2027 2066 duabus

438 2083 689 2150 personis
733 2086 951 2157 prepria
984 2106 997 2153 ;
1037 2106 1159 2159 quae
1197 2107 1326 2148 vero
1365 2096 1455 2149 uni
1508 2099 1631 2161 soli,
1680 2114 1870 2154 eorum
1905 2118 2027 2172 quae

442 2169 534 2222 uni
562 2169 662 2223 solt
689 2189 701 2236 ;
727 2189 980 2242 quasnam
1006 2177 1077 2232 ita
1107 2183 1327 2251 propria
1354 2193 1501 2250 sunt,
1530 2194 1588 2239 ut
1642 2197 1693 2241 et
1716 2191 2027 2257 personalia

438 2260 558 2317 sive
587 2264 927 2336 hypostatica
962 2270 1111 2337 sint;
1140 2288 1262 2343 qua:
1292 2290 1421 2331 vero
1456 2277 1525 2333 ita
1562 2283 1801 2349 prapria,
1839 2290 1899 2336 ut
1928 2298 2028 2337 no-

440 2346 623 2411 tiones
673 2374 780 2412 non
825 2368 885 2415 ut
932 2361 1312 2434 hypostatica;
1363 2371 1523 2438 quale
1562 2346 1754 2441 ips—um
1807 2391 2026 2445 quoque

439 2451 653 2520 spirare
699 2451 910 2507 dictum
966 2464 1050 2510 est
1098 2473 1241 2514 esse.
1282 2460 1453 2530 igitur
1482 2478 1546 2517 ex
1596 2464 1663 2519 iis
1712 2481 1833 2535 quae
1879 2482 2027 2523 nunc

443 2542 591 2596 dicta
621 2554 773 2607 sunt,
816 2557 872 2601 et
908 2562 976 2601 ex
1009 2549 1076 2604 iis
1116 2565 1236 2619 quas
1269 2550 1321 2605 in
1370 2555 1748 2623 superioribus
1785 2573 2025 2630 prmsup-

440 2636 617 2701 posita
649 2635 893 2697 fuerunt.
932 2638 1095 2708 hujus
1131 2640 1571 2700 iuconvenientis
1602 2647 1806 2701 solutio
1846 2658 2019 2718 patet.

441 2722 553 2781 Nec
585 2726 747 2783 habet
767 2729 1035 2799 quispiam
1063 2734 1297 2802 amplius
1326 2750 1588 2793 accusare
1608 2737 1855 2804 Latinos,
1880 2744 2025 2810 quod

439 2815 819 2874 confusionem
872 2821 1225 2879 introducam
1269 2841 1649 2895 personarum.
1696 2826 1774 2883 De
1802 2830 2020 2887 duabus

439 2925 573 2963 vero
602 2913 802 2978 causis,
839 2912 954 2969 sive
984 2915 1197 2971 duobus
1229 2917 1533 2989 principiis,
1564 2937 1685 2991 qua:
1714 2922 1766 2977 in
1808 2924 2019 2981 theolo-
2052 2912 2055 2917 ’

438 3003 582 3058 8.3m
612 3002 792 3059 Latini
825 3007 1183 3063 introducere
1209 3010 1431 3079 quidam
1463 3024 1773 3082 autumant,
1803 3016 2018 3089 hocque

438 3097 836 3153 inconveniens
874 3100 1047 3171 magis
1074 3116 1173 3159 eos
1202 3104 1376 3172 sequi,
1420 3121 1582 3175 quam
1617 3108 1867 3164 umbram
1898 3126 2023 3166 cor—
2052 3123 2095 3180 ο

440 3203 571 3258 pora
605 3198 803 3258 putant
835 3207 849 3243 :
885 3191 1015 3258 quid
1047 3191 1335 3248 dicemus?
1364 3194 1571 3266 Nempe
1600 3197 1705 3253 hoc
1743 3198 1799 3254 in
1835 3200 2022 3269 primis

438 3282 733 3336 dicendum
760 3291 862 3346 est,
892 3284 1038 3354 quod
1072 3285 1187 3355 ipsa
1215 3287 1327 3342 sola
1360 3291 1662 3346 auctoritas
1701 3301 2016 3348 sanctorum

441 3373 674 3429 sumciat
704 3376 959 3433 ﬁdelibus
1008 3394 1235 3435 necesse
1264 3392 1348 3436 est
1376 3400 1387 3436 :
1418 3383 1508 3451 qui
1545 3393 1837 3453 utrumque
1864 3384 2019 3439 dixe-

441 3477 590 3529 runt.
616 3477 668 3523 et
701 3467 849 3538 quod
873 3470 1109 3539 Spiritus
1141 3489 1169 3527 a
1206 3473 1364 3549 Patre
1397 3476 1647 3544 procedit
1698 3488 1752 3529 et
1778 3476 1935 3543 Filio,
1968 3490 2023 3535 et

438 3564 590 3633 quod
631 3573 889 3635 tanquam
927 3567 995 3621 ab
1045 3582 1155 3623 uno
1204 3570 1498 3641 principio.
1548 3571 1666 3627 Non
1715 3573 1862 3626 enim
1910 3574 2020 3628 duo

439 3655 707 3726 principia
761 3655 997 3726 Spiritus
1046 3668 1176 3714 sunt
1251 3661 1411 3715 Pater
1462 3674 1517 3717 et
1591 3663 1780 3728 Filius,
1840 3664 2021 3734 inquit

439 3745 803 3817 AuguStinus,
836 3747 929 3802 sed
960 3763 1129 3801 unum
1151 3748 1273 3819 ejus
1300 3750 1461 3804 ambo
1487 3750 1817 3820 principium
1850 3760 2016 3817 sunt;

362 3872 363 3875 η
438 3838 903 3908 quemadmodum
958 3851 1226 3896 creaturae
1278 3856 1388 3895 non
1436 3842 1539 3897 tria
1578 3843 1869 3913 principia,
1923 3844 2019 3899 sed

442 3946 610 3986 unum
645 3941 776 3987 sunt
806 3934 995 3999 Pater,
1035 3942 1091 3989 et
1123 3935 1315 3999 Filius,
1351 3935 1589 4006 Spiritus
1628 3945 1871 4001 sanctus,
1903 3934 2018 4005 ipsa

441 4024 686 4081 Trinitas
717 4025 880 4081 Deus.
915 4026 1086 4093 Quam
1135 4028 1299 4097 igitur
1330 4027 1530 4098 aliquis
1558 4030 1657 4083 hac
1689 4028 2015 4098 apertiorem

442 4128 653 4190 quaerat
698 4119 1057 4185 solutionem,
1120 4134 1284 4189 quam
1349 4120 1591 4189 Spiritus
1649 4130 1869 4175 sanctus
1919 4137 2017 4192 per

442 4216 607 4288 hujus
638 4216 966 4272 sanctissimi
1001 4214 1176 4271 Patris
1199 4231 1261 4271 os
1313 4225 1367 4272 et
1393 4216 1634 4272 doctoris
1662 4216 1879 4272 locutus
1906 4225 2013 4273 est.

440 4307 557 4365 Non
596 4310 741 4365 enim
776 4309 943 4364 lateat
968 4326 1067 4365 nos
1096 4310 1241 4381 quod
1274 4309 1419 4365 idem
1458 4310 1846 4366 inconveniens
1872 4310 2016 4365 mul-

444 4410 623 4453 torum
652 4397 909 4454 videlicet
932 4399 1353 4470 principiorum,
1376 4409 1431 4455 et
1460 4399 1756 4456 multorum
1785 4399 2013 4456 deorum

2128 521 2356 564 sanctus
2388 530 2489 570 nec
2515 514 2738 571 creandi
2772 517 3078 586 potentiam
3120 522 3409 590 haberent,
3458 542 3563 583 nec
3600 545 3718 584 om-

2128 600 2260 655 nino
2282 618 2489 670 essent,
2538 607 2667 662 item
2695 610 2957 678 quoniam
2986 628 3093 666 una
3129 622 3187 669 et
3235 617 3429 673 eadem
3462 636 3717 684 numero.

2131 701 2184 745 et
2231 698 2513 752 communi
2561 699 2873 768 divinitate,
2923 705 3039 761 sive
3074 706 3257 762 divina
3310 712 3546 766 essentia
3588 728 3719 783 pro-

2126 782 2369 841 deunte:
2406 788 2529 842 ideo
2553 791 2747 844 merito
2771 809 2912 849 unus
2930 794 3074 850 Deus
3091 806 3146 853 et
3164 814 3304 853 unus
3324 798 3551 856 Creator
3566 782 3717 860 sunt.

2198 876 2332 931 Item
2378 894 2638 946 quomam
2678 898 2783 936 una
2843 894 2901 940 et
2941 887 3134 942 eadem
3182 906 3415 946 numero
3464 896 3707 961 potentia

2125 974 2244 1020 erat
2275 982 2401 1022 cum
2430 969 2587 1023 Patre
2621 989 2632 1034 ;
2668 970 2838 1027 Filius
2898 986 2950 1030 et
2985 976 3227 1047 Spiritus
3257 992 3479 1039 sanctus
3508 998 3575 1038 ex
3606 1000 3715 1041 una

2126 1066 2180 1111 ct
2209 1056 2400 1114 eadem
2448 1075 2678 1115 numero
2710 1070 2769 1116 et
2810 1069 3093 1121 communi
3139 1068 3452 1141 divinitate,
3485 1074 3601 1130 sive
3634 1075 3719 1131 di-

2124 1149 2251 1204 vina
2291 1152 2532 1207 essentia
2566 1154 2876 1222 prodeunte
2911 1175 2925 1212 :
2960 1158 3085 1213 ideo
3132 1162 3330 1217 merito
3362 1180 3505 1221 unus
3549 1168 3716 1236 Deus,

2123 1249 2178 1294 et
2208 1256 2352 1295 unus
2387 1240 2617 1298 Creator
2645 1258 2797 1302 sunt.
2839 1248 2954 1306 Hoc
2988 1251 3131 1307 idem
3176 1254 3347 1326 igitur
3383 1257 3452 1313 de
3497 1275 3721 1329 proces-

2124 1331 2278 1387 sione
2309 1332 2547 1404 Spiritus
2574 1354 2640 1393 ex
2688 1340 2850 1396 Patre
2914 1351 2971 1398 et
3017 1344 3157 1399 Filio
3192 1347 3474 1406 sufﬁciens
3509 1352 3580 1407 sit
3608 1353 3722 1410 illis

2122 1425 2217 1493 qui
2261 1429 2326 1483 de
2359 1428 2462 1483 hoc
2491 1442 2762 1499 quaerunt.
2796 1431 3064 1500 Quoniam
3098 1439 3303 1493 ctenim
3346 1456 3480 1509 una,
3531 1452 3589 1500 et
3627 1461 3723 1501 ea-

2124 1514 2248 1570 dem
2285 1518 2528 1589 spirandi
2567 1525 2811 1591 potentia
2860 1542 2928 1580 ex
2984 1543 3091 1582 una
3138 1537 3193 1583 et
3238 1531 3435 1586 eadem
3478 1535 3720 1591 essentia

2125 1609 2433 1682 prodeunte
2491 1613 2654 1670 Pater
2700 1626 2754 1671 et
2789 1615 2970 1674 Filius
3002 1619 3269 1688 Spiritum
3318 1636 3568 1681 sanctum
3607 1628 3723 1698 spi-

2126 1712 2249 1758 rant
2281 1721 2295 1757 :
2322 1708 2660 1774 etquoniam
2691 1724 2720 1763 a
2752 1709 2911 1765 Patre
2940 1712 3083 1767 hanc
3117 1712 3362 1784 spirandi
3400 1720 3710 1787 potentiam

2130 1792 2306 1849 Filius
2356 1796 2546 1862 habet,
2599 1798 2726 1857 ideo
2774 1817 2919 1857 unus
2975 1807 3237 1874 spirator,
3290 1823 3397 1863 una
3440 1825 3609 1866 causa
3658 1818 3719 1869 et

2136 1900 2302 1939 unum
2340 1890 2676 1960 principium
2710 1897 3078 1961 processlonis
3111 1898 3352 1967 Spiritus
3373 1901 3537 1956 ambo
3571 1913 3721 1960 sunt.

2134 1976 2258 2035 llaec
2294 1979 2459 2051 igitur
2498 1992 2557 2035 ut
2608 1982 2817 2038 dictum
2855 1996 2939 2041 est
2987 1986 3309 2045 sumcerent
3342 2008 3453 2047 non
3488 2005 3723 2049 conten-

2130 2070 2396 2126 dentibus
2453 2084 2678 2144 propter
2739 2077 3031 2133 doctorum
3098 2083 3518 2151 auctoritatem,
3570 2084 3721 2144 idem

2134 2172 2315 2220 tamen
2371 2167 2584 2222 ratione
2634 2184 2852 2238 quoque
2888 2171 3190 2241 probatur;
3242 2190 3367 2229 cum
3411 2180 3562 2232 enim
3611 2179 3725 2236 duo

2131 2256 2263 2321 sint,
2285 2256 2352 2310 ad
2381 2273 2501 2327 qua:
2524 2274 2683 2314 omne
2707 2261 3038 2330 productum
3075 2264 3336 2332 refertur,
3364 2268 3537 2323 forma
3568 2270 3723 2328 vide-

2129 2348 2278 2415 licet,
2328 2352 2630 2407 secundutu
2668 2370 2831 2424 quant
2866 2354 3215 2425 producitur,
3277 2369 3332 2415 et
3375 2364 3724 2432 suppositum

2128 2450 2225 2494 aut
2259 2456 2513 2511 persona,
2546 2459 2613 2499 ex
2648 2462 2775 2515 qua,
2848 2450 2893 2502 si
2936 2449 3097 2505 Pater
3136 2461 3190 2507 et
3230 2451 3423 2518 Filius,
3459 2458 3726 2525 quemad-

2132 2534 2353 2588 modum
2416 2536 2523 2591 duo
2574 2552 2703 2593 sunt
2750 2540 3053 2595 secundum
3118 2558 3408 2614 personas,
3452 2547 3497 2602 si
3550 2549 3623 2603 ita
3666 2540 3726 2605 ει

2130 2626 2328 2695 forma,
2379 2631 2681 2684 secundum
2737 2648 2898 2703 quam
2953 2635 3302 2705 producunt,
3354 2637 3465 2695 duo
3512 2650 3721 2708 essent,

2132 2726 2265 2773 tunc
2297 2721 2614 2776 necessario
2646 2722 2755 2777 duo
2784 2734 2969 2780 essent
2999 2726 3267 2799 principia
3296 2728 3562 2800 Spiritus,
3596 2748 3720 2788 cum

2130 2826 2262 2867 vero
2309 2814 2410 2869 etsi
2456 2816 2707 2884 personis
2739 2817 2881 2874 duos
2935 2834 3061 2876 esse
3097 2821 3393 2888 fateamur,
3427 2823 3605 2880 forma
3647 2834 3725 2880 ta-

2134 2922 2283 2975 men,
2319 2924 2422 2977 qua
2452 2910 2766 2980 producunt
2788 2929 2958 2968 unum
2982 2929 3217 2970 numero
3245 2917 3380 2984 sint,
3409 2927 3466 2972 et
3494 2919 3722 2975 omnino

2131 2998 2435 3055 indistincti
2481 3001 2587 3074 (est
2630 3004 2774 3057 enim
2823 3004 2937 3075 ipsa
2975 3005 3162 3062 divina
3192 3009 3432 3063 essentia
3481 3025 3591 3066 una
3664 3020 3723 3068 et

2131 3092 2322 3148 eadem
2380 3109 2611 3151 numero
2671 3096 2985 3152 communis
3042 3100 3352 3168 ambobus,
3410 3104 3720 3159 secundum

2131 3202 2294 3256 quam
2322 3188 2484 3242 ambo
2516 3188 2779 3259 Spiritum
2810 3191 3172 3263 producunt),
3212 3210 3323 3249 non
3355 3205 3435 3250 est
3477 3211 3719 3253 necesse,

2135 3278 2245 3333 imo
2311 3280 2654 3350 impossibile
2698 3292 2803 3351 est,
2855 3282 2966 3340 duo
3021 3286 3296 3357 principia
3353 3283 3567 3345 dicere.
3622 3290 3725 3347 Est

2132 3372 2341 3426 etenim
2373 3389 2478 3426 una
2512 3358 2745 3429 numero
2770 3375 3081 3433 essentialis
3110 3379 3288 3433 activa
3319 3380 3573 3450 spiratio,
3598 3397 3723 3453 quas

2131 3478 2255 3519 cum
2293 3466 2379 3523 eis
2411 3467 2635 3537 prepria
2675 3468 2768 3535 sit,
2803 3485 2910 3523 non
2955 3479 3141 3540 potest
3183 3481 3363 3528 tamen
3404 3489 3527 3529 esse
3571 3490 3719 3531 com-

2130 3559 2315 3613 munis
2362 3558 2592 3629 Spiritui
2642 3575 2856 3627 sancto,
2891 3579 2965 3618 eo-
2989 3563 3136 3634 quod
3172 3574 3233 3619 ut
3269 3566 3472 3637 saepius
3512 3568 3719 3625 dictum

2127 3660 2213 3707 est
2248 3652 2546 3723 Opponitur
2591 3656 2710 3725 ejus
2741 3656 3088 3725 proprietati.
3122 3656 3316 3714 Omnia
3353 3661 3502 3716 enim
3534 3678 3721 3718 essen-

2134 3747 2281 3801 tialia
2309 3747 2624 3802 communia
2654 3747 2793 3804 Filio
2825 3760 2881 3805 et
2938 3751 3168 3821 Spiritui
3197 3764 3387 3808 sancto
3412 3771 3533 3810 cum
3563 3756 3721 3815 Patre

2126 3851 2279 3907 sunt,
2326 3841 2491 3896 salvis
2541 3851 2722 3897 tamen
2772 3859 2966 3898 eorum
3020 3847 3476 3915 proprietatibus.
3522 3847 3717 3904 Omnia

2126 3932 2273 3989 enim
2320 3942 2407 3989 est
2455 3932 2628 3989 Filius
2665 3950 3004 4004 quiscunque
3047 3946 3103 3990 et
3152 3937 3351 4003 Pater,
3402 3936 3635 3994 Basilius
3664 3948 3722 3995 et

2126 4026 2309 4081 caeteri
2327 4027 2580 4083 doctores
2600 4030 2776 4092 aiunt,
2801 4044 3033 4083 manens
3059 4029 3114 4083 in
3139 4044 3205 4083 eo
3232 4031 3377 4099 quod
3411 4042 3495 4086 est
3523 4031 3717 4100 Filius,

2128 4120 2391 4175 videlicet
2451 4120 2503 4174 in
2561 4122 2680 4192 ejus
2732 4121 3093 4191 proprietate.
3145 4121 3469 4193 Quanquam
3513 4126 3717 4180 ctenim

2126 4213 2353 4282 aequalis
2410 4221 2464 4266 et
2507 4211 2703 4265 similis
2747 4212 2821 4266 sit
2870 4212 3042 4275 Patri,
3104 4228 3375 4283 generare
3425 4225 3608 4269 tamen
3660 4232 3718 4271 se

2126 4303 2306 4373 ipsum
2359 4320 2469 4359 non
2510 4312 2712 4374 potest,
2750 4320 2873 4359 cum
2916 4304 2983 4358 sit
3018 4305 3136 4375 ejus
3171 4309 3489 4376 proprietati
3542 4323 3719 4377 oppu-

2130 4412 2323 4467 gnatis.
2369 4398 2575 4453 Eodem
2625 4399 2787 4453 modo
2826 4397 3067 4467 Spiritus
3096 4414 3333 4469 quoque,
3380 4400 3481 4456 etsi
3532 4402 3716 4456 omnia

420 4490 498 4544 in
530 4490 893 4560 productione
925 4492 1089 4545 etiam
1125 4504 1389 4547 creatura:
1420 4504 1765 4561 sequeretur.
1805 4494 1862 4548 Si
1892 4495 2018 4565 quis

2129 4490 2432 4546 communia
2460 4489 2772 4544 habetcum
2804 4488 2964 4543 Patre
2999 4497 3057 4543 et
3105 4488 3265 4555 Filio,
3295 4501 3477 4546 servet
3530 4502 3712 4548 tamen

443 4598 551 4637 non
600 4583 691 4653 pie
729 4584 1125 4651 consideraret,
1166 4585 1311 4657 quod
1358 4601 1386 4639 a
1434 4586 1538 4641 {ide
1582 4586 1895 4644 Christiana
1940 4598 2027 4645 est

441 4674 701 4741 alienum,
751 4684 809 4732 et
858 4679 1193 4732 conveniens
1241 4678 1562 4750 gentilibus.
1602 4678 1717 4735 Hoc
1761 4680 1906 4734 enim
1942 4689 2028 4735 est

443 4764 510 4819 de
538 4781 646 4835 quo
677 4767 910 4822 maxime
941 4782 1043 4821 nos
1070 4770 1302 4838 gentiles
1328 4786 1674 4836 accusamus,
1700 4769 1848 4841 quod
1879 4771 2024 4824 mul-

443 4868 527 4911 tos
560 4858 813 4913 videlicet
845 4856 1269 4913 iutroducebant
1320 4861 1472 4925 deos,
1524 4861 1837 4931 multosque
1864 4877 2023 4917 crea-

442 4962 608 5005 tures.
641 4950 775 5005 Cum
810 4950 976 5019 igitur
1027 4966 1129 5005 nos
1153 4954 1316 5006 etiam
1353 4964 1464 5009 tres
1509 4952 1721 5008 divinas
1768 4969 2027 5023 personas

440 5057 709 5102 creatura:
768 5060 989 5100 causam
1051 5055 1105 5101 et
1150 5046 1480 5117 principium
1541 5048 1866 5111 credamus,
1928 5064 2029 5105 nos

438 5139 603 5193 etiam
636 5138 740 5193 hoc
770 5139 1165 5194 incOnveniens
1200 5150 1545 5209 sequeretur,
1582 5147 1637 5193 et
1672 5139 1841 5193 multa
1878 5138 2029 5195 vide-

444 5246 630 5284 rentur
663 5245 868 5299 ponere
908 5231 1200 5300 principia,
1238 5232 1543 5299 multasque
1580 5230 1929 5295 divinitalcs,
1978 5236 2025 5290 si

441 5322 566 5390 quis
598 5334 706 5375 non
736 5332 878 5377 recte
912 5324 1192 5392 intelligat.
1231 5321 1336 5376 Sed
1368 5321 1493 5376 audi
1529 5322 1811 5391 quomodo
1850 5322 2024 5377 sancti

442 5414 699 5466 doctures
732 5413 1139 5480 sapientissime
1181 5413 1284 5466 hoc
1315 5412 1554 5467 solvunt.
1589 5411 1726 5466 Nam
1767 5425 1823 5468 et
1852 5415 1897 5468 si
1928 5414 2029 5467 Pa-

445 5512 607 5566 trem,
654 5512 707 5557 et
760 5499 981 5565 Filium,
1034 5512 1091 5555 et
1145 5500 1410 5567 Spiritum
1457 5514 1709 5558 sanctum
1758 5514 2025 5558 creatura:

440 5606 661 5647 causam
688 5608 805 5647 esse
832 5590 1162 5649 credamus:
1192 5594 1456 5665 quoniam
1491 5604 1671 5649 tamen
1710 5593 1775 5648 ad
1812 5593 2024 5649 Patrem

445 5685 631 5737 omnia
674 5684 1012 5743 releruntur.
1040 5696 1097 5741 et
1126 5688 1255 5756 quia
1297 5686 1366 5740 ab
1398 5702 1465 5741 eo
1507 5687 1715 5741 habent
1756 5695 1812 5741 et
1854 5684 2026 5741 Filius

451 5786 507 5832 et
556 5778 792 5850 Spiritus
827 5787 1048 5837 sanctus
1110 5788 1163 5835 et
1200 5780 1381 5852 ipsum
1411 5795 1550 5850 esse,
1584 5790 1637 5839 et
1669 5781 1892 5839 creandi
1926 5797 2022 5853 pov

2129 4599 2285 4639 suam
2338 4583 2728 4654 proprietatem
2776 4598 3005 4637 necesse
3051 4592 3137 4638 est
3183 4586 3356 4654 :quia
3405 4587 3612 4655 spirare
3656 4602 3715 4643 se

2130 4676 2307 4747 ipsum
2339 4693 2447 4729 non
2475 4684 2675 4745 potest,
2710 4692 2834 4731 cum
2867 4676 2971 4731 hoc
3004 4689 3285 4747 oppugnet
3307 4678 3428 4746 ejus
3461 4681 3712 4750 proprie—

2130 4770 2250 4825 tati.
2300 4768 2378 4823 Ex
2430 4766 2517 4823 bis
2566 4768 2731 4838 igitur
2776 4766 3079 4827 clarissime
3122 4776 3273 4838 patet
3320 4769 3456 4825 falso
3486 4770 3716 4852 Latinos

2129 4862 2398 4927 accusari,
2430 4862 2577 4930 quod
2608 4860 2729 4915 duo
2754 4869 2963 4930 ponant
2999 4860 3053 4914 in
3084 4860 3377 4917 divinitate
3418 4863 3710 4933 principia.

2130 4955 2260 5009 item
2296 4960 2389 5006 aut
2416 4952 2653 5022 perfecta
2684 4962 2789 5013 est,
2817 4954 2992 5014 aiunt,
3023 4970 3086 5007 ex
3126 4953 3283 5007 Patre
3322 4954 3633 5023 processio.
3658 4962 3710 5009 et

2128 5044 2417 5116 superﬂuit
2448 5045 2536 5097 illa
2580 5060 2699 5113 qua:
2731 5059 2795 5098 ex
2830 5042 2968 5097 Filio
2999 5051 3104 5124 est,
3140 5052 3238 5097 aut
3283 5046 3329 5097 si
3366 5043 3482 5098 haec
3523 5058 3711 5099 neces-

2127 5138 2267 5191 saria
2307 5145 2409 5202 est,
2453 5135 2775 5205 imperfecte
2821 5150 2887 5189 ex
2935 5135 3092 5188 Patre
3136 5133 3401 5203 procedit.
3436 5134 3551 5189 Hoc
3580 5150 3710 5189 vero

2132 5229 2528 5285 inconveniens
2555 5237 2659 5289 est,
2693 5228 3065 5296 imperfectam
3101 5224 3479 5294 operationem
3521 5228 3707 5281 dicere

2128 5320 2325 5381 Patris,
2352 5327 2407 5373 et
2432 5318 2497 5371 ad
2531 5332 2684 5373 suam
2716 5316 3111 5387 perfectionem
3152 5314 3291 5369 Filio
3324 5317 3588 5386 indigere.
3627 5318 3704 5372 Ad

2129 5430 2251 5485 quae
2289 5412 2713 5482 respondemus,
2760 5411 2884 5464 illos
2918 5410 3012 5479 qui
3055 5408 3169 5465 hzec
3214 5409 3424 5473 dicunt,
3469 5409 3591 5463 ideo
3620 5426 3709 5464 er-

2130 5518 2270 5569 rare,
2332 5504 2463 5573 quia
2504 5502 2733 5559 omnino
2773 5501 2914 5555 duos
2960 5516 3082 5557 esse
3134 5510 3328 5569 putant
3377 5500 3709 5563 Patrem.et

2130 5597 2354 5662 Filium,
2405 5606 2459 5650 ct
2502 5610 2697 5649 eurum
2743 5595 3118 5662 operationes,
3157 5592 3411 5648 humanis
3438 5594 3706 5660 exemplis

2129 5690 2483 5751 inhazrentes,
2504 5688 2629 5757 quia
2656 5687 2846 5742 vident
2866 5686 3098 5740 duorum
3125 5685 3405 5740 hominum
3429 5684 3564 5738 duas
3584 5697 3702 5737 esse

2132 5780 2476 5851 operationes
2526 5794 2774 5849 numero,
2824 5780 2926 5836 etsi
2987 5781 3050 5835 ad
3082 5794 3248 5835 unum
3279 5781 3535 5835 etlectunt
3583 5788 3701 5833 ten-
