4140 6140
385 302 491 381 ιιι

1348 310 1450 373 DE
1494 304 2019 372 PROCESSIONE
2058 301 2420 367 SPIRITUS
2462 302 2761 365 SANCTI.

3594 297 3707 366 442

384 428 543 493 dant,
577 436 626 483 et
651 424 942 482 distinctas
979 425 1048 482 ab
1078 425 1335 491 invicem.
1370 438 1569 498 putant
1593 424 1740 482 idem
1772 426 1993 481 eontiu-
2021 429 2067 482 Α
2102 422 2241 481 turis
2268 420 2718 477 connumercnt?
2739 420 3043 490 praiscrtim
3086 436 3213 478 cum
3271 420 3457 477 nullus
3503 432 3698 475 eorum

381 537 519 592 gere
552 521 715 576 etiam
751 520 806 574 in
840 520 971 574 Deo.
1002 519 1159 586 Quod
1191 520 1649 576 absurdissimum
1693 530 1797 574 est.
1831 519 1994 574 Nam-

383 628 494 681 que
536 612 697 667 Paler
737 626 795 669 et
825 612 998 669 Filius
1030 614 1281 682 personis
1342 608 1688 668 solummodo
1721 608 1992 675 distincti,

385 705 445 759 in
478 708 694 760 caeteris
760 719 931 759 unum
973 716 1032 761 et
1074 704 1217 760 idem
1257 716 1388 761 sunt
1436 722 1591 776 :quo
1637 708 1693 759 tit
1726 713 1784 759 ut
1822 706 1990 757 etiam

383 796 637 867 spirandi
669 802 973 866 potentiam
1009 813 1172 853 unam
1244 808 1295 852 et
1334 798 1583 854 eamdem
1620 811 1851 852 numero
1892 797 1991 850 ha-

384 890 576 953 beant,
603 899 660 942 et
688 888 851 943 simul
892 905 1000 943 non
1042 904 1319 950 seorsum,
1360 903 1461 946 nec
1493 890 1586 943 hic
1627 890 1807 959 prius,
1844 889 1987 945 alter

384 982 702 1053 posterius,
767 997 871 1037 nec
904 982 992 1036 hic
1027 983 1155 1046 alia,
1189 983 1328 1037 alter
1352 983 1458 1037 alia
1493 983 1800 1052 spiratione
1821 982 1997 1051 spiret

385 1075 683 1151 Spiritum,
720 1086 781 1132 ut
836 1076 870 1130 ii
922 1076 1019 1144 qui
1054 1078 1379 1144 corporales
1427 1076 1482 1129 in
1523 1076 1786 1129 omnibus
1834 1081 1989 1136 sunt,

385 1177 631 1238 putant;
672 1167 767 1222 sed
802 1168 969 1223 simul
1009 1176 1066 1223 et
1098 1168 1311 1237 absque
1345 1178 1592 1238 tempore
1629 1184 1739 1224 una
1768 1165 1994 1222 eadem-

386 1276 497 1332 que
547 1276 785 1316 numero
824 1262 1127 1331 spiratione
1178 1261 1421 1333 perfecte
1476 1262 1663 1325 ambo,
1719 1271 1779 1315 et
1821 1275 1992 1330 supra

387 1371 617 1413 omnem
653 1357 1052 1426 perfectionem
1096 1372 1225 1411 eum
1262 1356 1497 1425 spirent.
1552 1356 1790 1412 Necesse
1839 1358 1992 1411 enim

389 1455 480 1503 est
506 1446 702 1502 eadem
743 1446 910 1501 toties
954 1444 1020 1500 ad
1072 1461 1171 1502 eos
1206 1446 1338 1514 dici,
1370 1450 1464 1519 qui
1499 1449 1666 1504 toties
1698 1448 1994 1503 audientes

388 1552 506 1592 non
542 1536 861 1606 intelligunt
897 1542 1049 1603 ;'aut
1092 1538 1225 1607 quid
1280 1539 1369 1593 isti
1413 1539 1620 1603 dicent,
1665 1541 1709 1595 si
1736 1541 1861 1610 quis
1897 1554 1994 1594 eos

388 1643 422 1684 θ
452 1639 653 1684 contra
702 1628 1031 1701 interroget,
1080 1633 1123 1687 si
1175 1633 1477 1702 perfectam
1531 1634 1764 1689 credunt
1799 1632 1992 1687 mundi

385 1737 458 1779 ex
498 1724 665 1780 Patre
696 1726 1062 1795 creationem,
1096 1742 1164 1782 an
1202 1731 1357 1782 non?
1398 1728 1453 1783 Si
1484 1730 1631 1785 enim
1665 1729 1991 1800 perfectam,

388 1830 569 1886 quare
599 1815 803 1872 Filium
840 1832 1065 1888 quoque
1096 1828 1154 1874 et
1190 1819 1457 1890 Spiritum
1494 1831 1778 1877 creatures
1809 1821 1990 1875 nomi-

393 1909 565 1963 nant?
591 1906 645 1963 Si
682 1924 812 1964 vero
840 1910 1246 1981 imperfectam,
1280 1924 1335 1967 et
1365 1914 1491 1969 ideo
1526 1914 1724 1968 Filium
1783 1924 1833 1969 et
1868 1914 1995 1985 Spi-

391 2000 567 2056 ritum
610 2002 761 2057 Patrl
795 2005 1097 2071 associant,
1134 2007 1493 2063 considerent
1520 2006 1653 2077 quid
1684 2006 1894 2063 dicant.
1926 2008 1995 2063 At

390 2095 643 2166 perfecta
676 2094 904 2165 quidem
938 2111 1005 2151 ex
1038 2096 1202 2153 Patre
1244 2099 1433 2154 mundi
1463 2100 1695 2164 creatio,
1730 2117 1835 2157 una
1862 2117 1995 2157 vero

389 2191 702 2263 eademque
726 2208 960 2249 numero
988 2191 1113 2249 Filii
1165 2205 1217 2249 et
1243 2192 1485 2265 Spiritus
1504 2201 1753 2269 operatio
1777 2197 1844 2251 ad
1876 2198 1997 2266 ejus

383 2285 743 2340 creationem
785 2296 893 2355 est,
945 2294 1000 2341 et
1035 2301 1147 2341 nou
1184 2287 1293 2342 alia
1344 2289 1548 2353 Patris,
1596 2288 1702 2342 alia
1750 2289 1991 2357 horum;

396 2384 537 2431 tunc
570 2378 715 2432 enim
749 2378 1024 2435 haberent
1059 2381 1245 2436 locum
1279 2381 1399 2437 inec
1432 2381 1665 2452 puerilia
1697 2382 1889 2437 dubia.
1918 2383 1995 2438 ita

394 2468 568 2540 igitur
609 2480 665 2525 et
710 2471 766 2525 in
818 2476 1106 2543 proposito
1150 2474 1391 2541 perfecta
1441 2474 1693 2545 quidem,
1739 2485 1793 2529 et
1826 2490 1997 2546 super

392 2577 619 2619 onmem
648 2566 1049 2637 perfectionem
1081 2576 1170 2622 est
1200 2566 1440 2637 Spiritus
1472 2584 1539 2623 ex
1576 2569 1736 2624 Patre
1768 2582 1995 2640 proces-

393 2656 480 2712 sio
509 2674 523 2711 :
553 2656 747 2711 eadem
797 2674 927 2713 vero
972 2669 1027 2715 et
1075 2674 1182 2715 una
1215 2675 1450 2715 numero
1482 2675 1549 2716 ex
1603 2660 1744 2716 Filio
1774 2675 1995 2732 quoque

403 2749 660 2822 ejusdem
688 2749 926 2821 Spiritus
957 2753 1187 2823 spiratio
1213 2762 1319 2818 est,
1355 2766 1466 2807 non
1503 2752 1608 2807 alia
1640 2762 1697 2809 et
1730 2754 1857 2818 alia,
1892 2767 1997 2809 nec

394 2842 562 2897 aliter
582 2852 653 2897 .et
695 2844 893 2906 aliter,
924 2860 1027 2899 nec
1062 2847 1217 2915 prior
1250 2854 1308 2899 et
1352 2845 1651 2915 posterior,
1692 2846 1789 2901 sed
1829 2846 1997 2901 simul

392 2936 618 3002 eadem,
646 2946 701 2991 et
725 2938 985 2992 similiter
1011 2953 1136 2992 cum
1174 2954 1280 2995 una
1309 2950 1364 2993 et
1400 2938 1590 2993 eadem
1628 2953 1859 2995 numero
1886 2938 1999 3009 spi-

392 3030 558 3085 randi
596 3032 846 3101 potentia
889 3032 1158 3102 Spiritum
1202 3032 1367 3087 ambo
1413 3033 1646 3104 spirant.
1694 3034 1762 3089 Et
1810 3034 1998 3092 nullus

2098 520 2190 589 qui
2227 533 2374 572 nunc
2411 516 2626 577 vivunt.
2658 516 2859 577 Latini,
2910 531 3009 571 nec
3057 517 3152 586 qui
3211 528 3331 587 post
3367 514 3699 569 divisionem

2102 619 2160 666 et
2190 611 2488 665 infaustum
2525 608 2824 678 infelixque
2862 610 2993 665 illud
3028 610 3267 665 schisma
3318 608 3562 673 fuerunt,
3598 607 3704 661 hoc

2097 704 2278 773 primo
2327 701 2571 767 dixerit;
2623 702 2719 757 sed
2774 702 2852 756 illi
2901 704 3067 771 prisci
3116 702 3319 767 sancti,
3359 702 3435 756 illi
3467 698 3701 770 'antiqui

2098 791 2375 855 doctores,
2408 793 2499 847 illa
2546 794 2841 847 luminaria
2891 810 3104 863 magna,
3133 808 3375 862 quorum
3426 808 3599 848 sonus
3643 792 3698 846 in

2098 900 2318 941 omnem
2354 894 2555 940 terram
2590 888 2779 951 exivit,
2804 898 2861 943 et
2886 887 3051 942 verba
3082 887 3134 941 in
3163 887 3301 942 lines
3329 888 3480 942 orbis
3514 896 3697 946 terrae.

2098 982 2303 1050 quique
2337 979 2368 1033 a’
2408 980 2569 1037 nobis
2595 991 2647 1034 et
2687 981 2895 1035 nostris
2946 988 3003 1033 nt
3041 980 3302 1050 praecipui
3357 977 3618 1035 doctores
3646 987 3705 1033 et

2097 1072 2272 1127 sancti
2305 1073 2501 1126 merito
2532 1072 2901 1139 celebrantur,
2938 1072 3060 1127 haec
3102 1073 3351 1141 exempla
3386 1081 3441 1127 et
3475 1072 3704 1127 invene-

2098 1164 2231 1229 rint.
2262 1174 2315 1219 et
2346 1164 2610 1218 dixerint.
2642 1164 2989 1235 Augustinus
3017 1165 3244 1227 etenim,
3280 1164 3373 1233 qui
3412 1160 3701 1233 profundi-

2101 1264 2207 1309 tate
2233 1257 2481 1310 scientiae
2513 1272 2710 1312 omnes
2739 1258 3040 1321 antecellit,
3079 1260 3371 1313 sanctitate
3398 1270 3458 1310 et
3484 1256 3704 1313 fervore

2097 1345 2385 1401 charitatis
2419 1347 2469 1399 in
2505 1347 2676 1401 Deum
2705 1348 2836 1401 nulli
2866 1350 3009 1403 cedit
3050 1365 3065 1403 :
3101 1350 3443 1421 Augustinus
3477 1355 3581 1406 est.
3620 1345 3703 1398 in-

2099 1455 2285 1510 quam,
2319 1440 2410 1509 qui
2448 1439 2565 1496 hac
2600 1441 2809 1496 eisdem
2853 1442 3041 1496 verbis
3076 1442 3212 1497 dicit
3258 1443 3471 1497 Patrem
3506 1450 3559 1495 et
3612 1440 3704 1495 Fi-

2102 1535 2247 1590 lium
2327 1536 2539 1591 scilicet
2594 1537 2929 1607 principium
2989 1553 3109 1592 esse
3202 1538 3440 1607 Spiritus
3504 1536 3703 1591 sancti.

2099 1630 2577 1696 Quemadmodum
2635 1629 2877 1697 Patrem,
2929 1641 2983 1686 et
3036 1632 3270 1699 Filium,
3321 1641 3376 1686 ct
3431 1631 3702 1701 Spiritum
3774 1666 3779 1671 ν

2098 1733 2350 1779 sanetum
2418 1740 2586 1778 unum
2650 1724 2980 1793 principium
3032 1733 3300 1780 creaturae
3360 1723 3700 1779 credendum

2103 1830 2205 1875 est.
2245 1822 2522 1875 Accusent
2563 1820 2599 1875 ii
2656 1820 2748 1890 qui
2785 1819 2943 1876 facile
2975 1827 3173 1873 cuneta
3207 1818 3453 1885 audent,
3485 1827 3542 1872 et
3570 1817 3703 1872 bea-

2104 1918 2219 1965 tum
2275 1911 2659 1974 Athanasium,
2697 1914 2793 1983 qui
2851 1912 2902 1965 in
2955 1911 3186 1982 Dialogo
3232 1910 3539 1967 Orthodoxi
3575 1926 3701 1965 cum

2108 2003 2314 2058 Ariano
2378 2004 2705 2061 dissimilem
2740 2004 2942 2059 Filium
2976 2004 3143 2071 Patri,
3179 2015 3232 2060 et
3265 2004 3529 2074 Spiritum
3564 2004 3705 2059 Filio

2103 2108 2160 2152 et
2186 2095 2333 2151 Patri
2364 2107 2625 2168 ponente,
2657 2098 2735 2153 ita
2761 2099 2899 2153 dicit
2934 2116 2945 2152 :
2974 2098 3072 2153 ﬁci
3107 2108 3304 2153 natura
3333 2114 3457 2156 cum
3493 2098 3616 2153 Filii
3647 2107 3702 2153 et

2106 2189 2347 2261 Spiritus
2378 2193 2553 2246 sancti
2598 2206 2765 2247 causa
2794 2200 2899 2255 cst,
2940 2200 3054 2246 tum
3084 2193 3264 2246 omnis
3300 2202 3605 2257 creaturae;
3646 2199 3704 2246 et

2105 2284 2266 2340 simili
2297 2283 2527 2339 audacia
2557 2293 2651 2338 aut
2684 2284 2883 2339 Filium
2911 2298 2963 2339 et
2994 2283 3260 2353 Spiritum
3291 2301 3415 2339 cum
3447 2295 3703 2341 creatura

2105 2387 2334 2448 ponant,
2363 2386 2456 2431 aut
2489 2386 2801 2431 creaturam
2859 2393 2987 2431 cum
3017 2378 3156 2432 Filio
3186 2383 3239 2430 ei
3273 2376 3478 2447 Spiritu
3508 2388 3703 2434 sancto

2106 2480 2167 2525 ut
2198 2471 2369 2525 Deum
2413 2468 2617 2536 colant,
2662 2483 2725 2528 ut
2764 2471 3011 2525 eamdem
3052 2486 3285 2525 numero
3324 2485 3545 2525 causam
3574 2486 3702 2526 esse

2105 2564 2201 2621 Dei
2240 2565 2498 2620 videlicet
2523 2574 2578 2619 et
2604 2573 2894 2629 creaturis,
2932 2575 3158 2620 sanctus
3186 2564 3383 2620 doctor
3412 2566 3693 2620 docuerit.

2109 2656 2216 2713 Sed
2263 2658 2376 2713 haec
2427 2657 2829 2729 impudentiam
2879 2668 2933 2713 et
3000 2658 3370 2728 ignorantium
3405 2655 3699 2711 hominum

2106 2760 2258 2806 Sunt.
2310 2750 2524 2805 Etenim
2584 2766 2708 2805 cum
2768 2750 3250 2817 inconvenientia,
3300 2766 3421 2822 qua:
3471 2742 3700 2819 quidam

2108 2852 2298 2899 contra
2324 2862 2507 2901 veram
2538 2858 2781 2901 nostram
2803 2846 3221 2900 conclusionem
3248 2847 3363 2900 suis
3390 2844 3701 2900 rationibus

2110 2939 2315 2996 inferre
2348 2942 2550 3006 solent,
2585 2941 2700 2995 haec
2734 2939 3079 3011 potissimum
3117 2940 3265 3005 sint;
3303 2949 3358 2993 et
3388 2940 3455 2992 ad
3499 2939 3615 2993 hac
3653 2938 3697 2990 si

2107 3049 2215 3103 qua
2250 3032 2354 3087 alia
2412 3043 2560 3100 sunt,
2612 3034 2972 3088 referantur:
3018 3041 3184 3103 patet,
3237 3032 3383 3102 quod
3436 3032 3546 3087 illis
3585 3032 3699 3086 Deo

393 3139 597 3180 rursus
628 3125 983 3196 blasphemiae
1023 3126 1152 3181 hinc
1182 3127 1451 3182 rationem
1483 3140 1729 3194 accuset,
1764 3127 1989 3184 audiens
2018 3149 2061 3207 α
2107 3127 2327 3182 favente
2375 3128 2710 3182 suﬂicienter
2763 3124 2993 3192 solutis,
3058 3136 3253 3181 caetera
3306 3129 3472 3182 etiam
3529 3125 3696 3181 simul

393 3235 603 3283 noscx
648 3228 904 3275 creatura
950 3229 1267 3291 arguentes.
1306 3221 1372 3276 Et
1417 3222 1543 3277 ideo
1579 3231 1738 3292 putet
1768 3223 1998 3280 Latinos

394 3315 664 3386 Spiritum
702 3325 957 3370 sanctum
986 3318 1131 3370 inter
1162 3327 1447 3373 creaturas
1482 3330 1730 3388 ponere;
1769 3317 1997 3373 fuerunt

392 3392 626 3476 etenim,
655 3417 711 3464 et
747 3421 897 3474 Sunt,
941 3410 1035 3479 qui
1078 3411 1131 3464 in
1164 3411 1308 3465 hanc
1339 3412 1506 3465 etiam
1536 3411 1881 3481 proterviam
1939 3419 1996 3468 et

394 3504 668 3557 insaniam
696 3503 1062 3567 devenerunt,
1094 3514 1152 3556 ut
1180 3503 1284 3558 hoc
1311 3519 1532 3573 quoque
1568 3503 1781 3556 Latinis
1812 3506 1995 3572 impu-

397 3601 515 3648 tare
549 3595 841 3649 auderent.
870 3594 995 3649 llaec
1022 3597 1171 3649 enim
1209 3606 1299 3648 aut
1334 3598 1655 3661 stuitorutn,
1690 3604 1785 3650 aut
1817 3597 1993 3667 jocari

394 3682 700 3736 volentium
738 3692 908 3749 sunt;
952 3693 1046 3738 aut
1077 3686 1295 3739 illorum
1341 3686 1436 3755 qui
1474 3687 1735 3757 ignorant
1767 3697 1991 3742 sanctos

394 3771 588 3828 Patres
618 3782 673 3827 et
700 3773 957 3829 doctores
1003 3778 1202 3843 saepius
1238 3792 1267 3830 a
1295 3787 1547 3831 creatura
1586 3787 1643 3831 et
1705 3778 1986 3832 sensibili-

395 3866 504 3922 bus
525 3870 793 3939 exemplis
825 3868 1263 3925 manuducentes
1295 3884 1393 3925 nos
1428 3870 1493 3925 ad
1524 3872 1865 3927 credendum
1901 3887 1990 3928 res

396 3960 805 4017 intellectuales
852 3972 908 4018 et
952 3962 1258 4017 invisibiles
1306 3973 1476 4033 atque
1509 3965 1750 4029 divinas,
1790 3966 1860 4020 ab
1905 3966 1990 4021 eis

385 4068 521 4124 qua:
545 4062 601 4107 et
623 4054 764 4109 exite
799 4053 1090 4124 vestigium
1122 4055 1319 4109 divinae
1349 4055 1730 4110 similitudinis
1757 4056 1981 4121 habent,

395 4147 489 4201 illa
525 4148 826 4217 probantes
850 4162 948 4215 pro
972 4163 1155 4217 posse.
1184 4148 1515 4204 Trinitatem
1553 4152 1756 4204 etenim
1790 4166 1986 4219 perso-

396 4254 596 4295 narum
642 4238 955 4294 Orientales
1008 4240 1262 4309 quidem,
1316 4241 1626 4307 intellectu,
1698 4246 1871 4301 verbo
1929 4258 1986 4301 et

397 4336 596 4404 spiritu
625 4353 640 4401 ;
667 4336 798 4390 item
838 4338 1023 4398 oculo,
1056 4337 1207 4391 fonte
1258 4347 1314 4391 et
1345 4335 1554 4402 ﬂuvio;
1598 4354 1792 4393 rursus
1836 4341 1974 4407 sole,

397 4428 558 4483 radio
599 4437 655 4483 et
698 4428 824 4483 luce
866 4445 881 4482 :
924 4427 1306 4484 Occidentales
1354 4444 1485 4483 vero
1535 4428 1657 4484 aliis
1706 4430 1984 4486 similibus

398 4523 695 4581 ostendere
722 4531 1017 4580 conantur.
1044 4520 1306 4587 Quamvis
1328 4521 1762 4591 unumquodque
1786 4538 1978 4578 eorum
2019 4508 2061 4561 θ

398 4615 777 4683 exemplorum
810 4614 915 4668 etsi
977 4614 1188 4667 ratione
1219 4613 1321 4666 tria
1352 4614 1484 4679 sint,
1526 4630 1632 4668 una
1672 4626 1853 4668 tamen
1891 4614 1981 4684 by-

401 4711 637 4780 postasis
684 4709 800 4762 sive
833 4707 1142 4762 substantia
1174 4708 1399 4761 realiter
1433 4718 1536 4762 est.
1579 4708 1769 4762 Patres
1796 4721 1980 4763 tamen

400 4819 511 4861 non
555 4811 821 4874 putarunt
859 4810 1150 4872 propterea
1187 4802 1528 4871 propositam
1573 4803 1861 4856 veritatem
1901 4802 1986 4857 of-

400 4898 652 4961 fendere,
683 4899 781 4953 sed
812 4906 1079 4968 quantum
1112 4896 1403 4951 intentioni
1450 4910 1641 4951 eorum
1685 4897 1986 4951 convenie-

400 4992 495 5048 bat
526 5008 589 5048 ex
623 4991 690 5047 iis
709 4992 980 5061 exemplis
999 4990 1357 5060 accipientes,
1390 4989 1691 5058 reliquum,
1723 4995 1982 5060 tanquam

407 5088 647 5142 alienum
689 5100 719 5139 a
753 5086 1010 5148 veritate,
1056 5082 1419 5155 repellebant.
1458 5084 1522 5137 Et
1551 5098 1715 5137 nemo
1744 5098 1841 5138 eos
1883 5099 1986 5139 nec

405 5180 686 5236 accusavit
713 5194 812 5234 nec
844 5177 1151 5244 accusabit,
1176 5178 1355 5231 donec
1394 5178 1596 5231 mentis
1622 5192 1848 5245 compos
1877 5189 1982 5245 est,

406 5274 607 5328 talibus
644 5271 791 5343 quod
824 5272 909 5326 usi
940 5271 1151 5326 fuerint
1173 5271 1462 5341 exemplis.
1488 5272 1785 5339 Quomodo
1816 5274 1986 5343 igitur

407 5367 630 5422 Latinos
669 5378 814 5421 recte
872 5366 998 5436 quis
1047 5366 1351 5431 accusabit,
1389 5367 1432 5422 si
1469 5369 1532 5421 ad
1576 5366 1984 5437 oetendendam

406 5475 568 5512 unam
596 5460 953 5525 eamdemque
982 5472 1212 5512 numero
1243 5472 1362 5512 esse
1389 5460 1703 5526 spirativam
1730 5459 1782 5512 in
1822 5457 1987 5513 Patre

404 5560 458 5607 et
478 5552 616 5607 Filio
636 5555 961 5623 potentiam,
986 5560 1211 5605 utantur
1226 5551 1476 5620 exemplo
1498 5552 1566 5605 ab
1584 5553 1842 5606 omnibus
1858 5568 1991 5607 con-

407 5663 579 5716 cesso,
626 5663 732 5703 una
783 5649 1085 5717 eademque
1136 5662 1367 5701 numero
1409 5663 1438 5701 a
1466 5646 1736 5702 Trinitate
1776 5648 1985 5703 entium

408 5740 727 5799 creatione?
765 5750 859 5793 aut
890 5738 1168 5809 quomodo
1203 5749 1501 5809 propterea
1531 5739 1861 5795 calumniari
1888 5756 1988 5797 eos

408 5836 600 5910 aliquis
636 5834 879 5904 audebit,
901 5832 1047 5905 quod
1083 5831 1351 5903 Spiritum
1382 5841 1633 5892 sanctum
1670 5849 1795 5891 cum
1832 5850 1986 5893 crea-

2104 3230 2390 3284 corruunt,
2423 3232 2628 3289 etquae
2667 3220 2733 3275 ad
2776 3219 2894 3274 haec
2927 3220 3075 3275 dicta
3119 3230 3272 3283 sunt,
3320 3229 3374 3276 et
3408 3218 3473 3273 ad
3510 3218 3696 3273 omnia

2100 3312 2272 3367 etiam
2310 3313 2399 3367 illa
2437 3312 2737 3368 solliciunt.

2102 3448 2376 3519 Expositio
2412 3451 2789 3521 quaeritatum
2836 3450 3107 3504 doc/orum
3152 3454 3531 3519 quorumdam,
3574 3468 3693 3521 qna:

2406 3517 2613 3574 Latinis
2650 3524 2936 3575 contraria:
2964 3539 3075 3576 esse
3111 3517 3377 3576 videnlur.

2165 3613 2440 3669 Caeterum
2491 3625 2660 3667 restat
2708 3615 3061 3669 considerare
3108 3632 3230 3685 quae
3281 3634 3307 3669 a
3364 3618 3693 3686 quibusdam

2095 3707 2524 3762 auctoritatibus
2554 3706 2846 3761 doctorum
2878 3708 3173 3779 oppositis,
3221 3718 3278 3759 ut
3326 3706 3692 3776 arbitrantur,

2094 3801 2308 3854 Latinis
2330 3811 2383 3854 et
2410 3802 2576 3870 hujus
2598 3799 2874 3871 dogmatis
2900 3801 3117 3854 veritati
3148 3813 3408 3870 arguunt,
3438 3812 3694 3869 putantes

2094 3892 2593 3947 contradictionem
2640 3905 2703 3945 ex
2748 3895 2828 3949 eis
2875 3890 3209 3945 concludere
3244 3912 3257 3947 :
3290 3908 3524 3961 quarum
3582 3910 3690 3947 una

2091 3986 2316 4055 quidem
2360 3995 2443 4041 est
2490 3982 2602 4046 illa,
2646 4000 2810 4053 quam
2850 3985 2904 4039 in
2955 3983 3310 4054 Theologieis
3348 3987 3464 4039 suis
3496 3988 3690 4041 beatus

2089 4082 2332 4136 Joannes
2376 4079 2748 4133 Damasccnus
2791 4079 2867 4131 ait
2900 4095 2915 4137 ;
2961 4076 3229 4146 Spiritum
3265 4077 3391 4132 Filii
3425 4078 3689 4157 dicimus,

2088 4184 2154 4223 ex
2188 4167 2327 4223 Filio
2356 4184 2486 4224 vero
2523 4184 2631 4221 non
2665 4168 2922 4221 dicimus.
2957 4168 3146 4223 Altera
3179 4182 3311 4221 vero
3350 4165 3686 4224 sanctissimi

2091 4261 2337 4331 Dionysii
2366 4259 2729 4330 Areopagitae,
2780 4260 2834 4313 in
2876 4258 3018 4312 libro
3056 4258 3131 4311 De
3152 4259 3345 4313 divinis
3382 4261 3684 4315 nominibus

2087 4352 2319 4408 dicentis
2354 4352 2558 4408 :Solus
2606 4353 2728 4406 fons
2763 4352 3089 4414 divinitatis,
3135 4353 3227 4421 qui
3265 4366 3427 4421 supra
3467 4367 3687 4409 omnem

2087 4445 2457 4501 substantiam
2489 4454 2596 4511 est,
2631 4444 2794 4499 Pater
2850 4454 2956 4499 est.
3003 4444 3137 4498 Nam
3172 4446 3272 4499 etsi
3322 4446 3521 4516 aliqua:
3560 4448 3684 4503 aliae

2089 4540 2465 4609 reperiantur,
2500 4539 2749 4611 eiu-dem
2786 4548 2969 4593 tamen
3021 4540 3309 4593 sententia:
3338 4551 3489 4603 sunt,
3522 4549 3576 4594 et
3618 4541 3684 4595 ad

2089 4632 2207 4687 bare
2236 4641 2496 4702 tanquam
2547 4631 2832 4701 potissima
2876 4640 2932 4686 et
2972 4648 3095 4701 qua:
3133 4632 3394 4687 videntur
3424 4648 3686 4703 expresse

2087 4724 2299 4779 Latinis
2328 4738 2448 4778 esse
2474 4726 2773 4786 contraria,
2800 4723 3143 4777 referuntur.
3178 4724 3251 4776 De
3294 4722 3359 4777 iis
3389 4738 3521 4791 ergo
3548 4724 3676 4779 dua-

2086 4817 2192 4873 bus
2229 4816 2496 4871 duntaxat
2542 4816 3005 4872 considerandum
3061 4825 3166 4871 est.
3214 4815 3293 4871 Ad
3346 4816 3478 4870 illud
3526 4834 3681 4887 ergo.

2088 4909 2235 4981 quod
2268 4909 2508 4964 Joannes
2547 4908 2915 4963 Damascenus
2964 4909 3059 4972 ait,
3108 4908 3236 4961 audi
3274 4924 3437 4977 quam
3475 4910 3686 4979 simpli-

2088 5006 2251 5062 citer,
2283 5018 2447 5071 quam
2477 5002 2645 5071 juste,
2682 5017 2959 5072 quamque
2991 5002 3329 5057 sufﬁcienter
3361 5000 3427 5055 ad
3463 5017 3685 5071 persua-

2090 5093 2332 5152 dendum
2384 5110 2485 5164 pro
2550 5093 2760 5147 Latinis
2816 5102 2872 5146 et
2917 5108 3108 5147 eorum
3167 5094 3427 5160 Opinione
3484 5097 3683 5150 confir-

2090 5192 2287 5243 manda
2322 5186 2806 5256 respondebimus.
2842 5183 3067 5240 Nullum
3107 5187 3347 5240 dicimus
3376 5202 3572 5243 nomen
3609 5189 3681 5243 ita

2091 5281 2371 5336 suﬂiciens
2402 5292 2545 5341 esse,
2577 5288 2632 5330 ut
2659 5292 2827 5330 unum
2854 5278 3033 5331 solum
3063 5279 3231 5346 possit
3258 5280 3485 5347 praecise
3511 5280 3681 5348 signi-

2094 5374 2275 5433 ﬁcare,
2321 5372 2467 5440 quod
2503 5370 2557 5422 in
2588 5370 2792 5422 divinis
2822 5369 3133 5437 exprimere
3170 5370 3445 5437 volumus,
3479 5386 3592 5441 quo
3620 5371 3683 5426 iit

2093 5476 2153 5521 ut
2183 5465 2372 5519 multis
2401 5473 2457 5517 et
2478 5461 2714 5515 diversis
2742 5462 2915 5515 altero
2948 5476 3134 5527 uuam,
3164 5463 3339 5515 altero
3361 5462 3523 5516 aliam
3558 5476 3675 5517 rem

2092 5571 2195 5611 nec
2244 5567 2376 5610 tunc
2420 5553 2691 5621 complete
2739 5551 3130 5621 significemus.
3182 5552 3319 5607 Cum
3372 5553 3518 5608 enim
3561 5554 3680 5611 haec

2093 5650 2320 5705 nomina
2354 5658 2409 5703 et
2436 5647 2604 5700 verba
2639 5661 2666 5698 a
2705 5644 2871 5700 nobis
2902 5645 3123 5701 iuventa
3169 5647 3300 5709 sint,
3344 5655 3401 5701 et
3445 5647 3538 5711 qui
3582 5662 3678 5703 na-

2095 5753 2214 5798 tura
2260 5756 2524 5811 regtmur,
2564 5748 2621 5795 ct
2656 5738 2750 5809 qui
2790 5738 3137 5793 naturalibus
3170 5739 3335 5793 rebus
3370 5754 3431 5793 ea
3465 5738 3678 5809 signifi-

2095 5834 2285 5896 candis
2314 5836 2672 5910 imponimus,
2707 5847 2811 5890 nec
2844 5833 3169 5900 inventuris,
3204 5847 3306 5891 nec
3330 5846 3524 5891 eorum
3552 5831 3682 5904 qui.
