4140 6140
381 256 486 328 ηδ

1359 236 1861 312 BESSARIONIS
1897 243 1966 307 S.
2006 247 2082 308 Β.
2111 247 2176 309 E.
2215 243 2686 310 CkBDiNALlS

3541 246 3646 310 444

380 382 484 434 bus
515 408 520 411 -
549 373 945 444 imponuntur,
1007 338 1263 429 naturam
1339 369 1612 424 excedere
1673 371 1908 439 possunt
1942 383 1956 422 :
1986 371 2216 431 Acent.
2266 366 2645 432 Sunt-tamen
2699 366 2956 434 ηομ-εωΒὶ
3003 376 3355 433 sanctumst,
3405 385 3645 444 quorum

378 469 611 538 Ideoque
653 463 875 526 divinas
926 475 1014 519 res
1057 459 1328 532 complete
1379 458 1694 532 signiﬁcare
1733 457 1959 514 minime

381 570 627 631 possunt.
661 558 844 622 Quare
869 552 1350 628 imperfectionem
1394 551 1681 611 nominum
1715 565 1833 605 non
1870 560 1958 604 ot-

385 649 730 709 tribuendatn
762 663 884 711 esse
906 648 1082 708 rebus
1112 644 1336 709 divinis,
1370 644 1552 703 omnis
1581 644 1674 714 qui
1702 653 1853 701 recte
1878 659 1963 698 sae

381 744 483 814 pit.
529 742 781 797 afﬁrmat.
826 739 934 794 Sed
964 754 1089 798 cum
1120 739 1243 798 aliis
1275 737 1589 810 nominibus
1616 737 1832 794 divinas
1876 751 1964 792 res

383 835 697 905 exprimere
746 848 855 887 non
909 831 1211 904 possimus.
1277 829 1540 890 utendum
1595 830 1818 900 quidem
1875 829 1965 885 bis

386 926 667 990 consuetis
697 923 1016 985 nominibus
1047 931 1151 980 est.
1179 922 1456 980 Utendum
1491 931 1670 976 tamen
1704 922 1758 975 in
1792 935 1964 990 quan-

386 1034 499 1082 tum
546 1021 712 1081 rebus
743 1018 1066 1092 signiﬁcatis
1093 1020 1461 1084 conveniunt,
1495 1017 1963 1086 imperfectionetn

383 1121 596 1174 eoi-itm.
637 1120 693 1170 et
725 1109 960 1181 'si-quld
990 1109 1452 1167 inconvenientia:
1493 1122 1680 1164 secum
1719 1116 1962 1178 portant,

386 1205 710 1268 retcllendo,
759 1213 816 1258 et
850 1218 950 1270 per
992 1202 1140 1257 aliud
1188 1215 1388 1256 nomen
1422 1200 1695 1257 defectum
1741 1201 1968 1255 alterius

384 1297 717 1367 supplendo.
748 1298 810 1352 in
837 1296 1140 1366 quaestione
1169 1295 1353 1363 itaque
1378 1294 1684 1364 proposita,
1712 1293 1968 1350 videlicet

391 1392 445 1444 in
478 1389 836 1458 proccssione
865 1387 1108 1458 Spiritus
1140 1401 1205 1440 ex
1229 1383 1399 1440 Patre
1431 1393 1487 1439 et
1517 1384 1676 1449 Filio,
1715 1383 1824 1437 duo
1852 1383 1970 1438 haec

385 1484 702 1537 necessario
730 1481 1022 1551 exiguntur
1050 1495 1066 1534 :
1105 1493 1296 1538 unum.
1329 1475 1473 1547 quod
1503 1475 1665 1533 Pater
1713 1484 1770 1532 et
1795 1473 1968 1530 Filius

384 1575 669 1646 aequaliter
725 1585 888 1644 atque
917 1571 1243 1641 simpliciter
1273 1571 1538 1640 Spiritum
1569 1577 1814 1624 sanctum
1849 1567 1964 1636 spi-

387 1675 532 1729 rent,
558 1681 665 1722 non
692 1680 834 1722 unus
859 1666 1121 1735 perfecte,
1151 1663 1289 1718 alter
1316 1659 1664 1730 imperfecte;
1694 1659 1794 1713 hoc
1819 1658 1968 1713 enim

2061 459 2231 530 aliqui
2283 460 2510 531 majoris
2550 459 2805 526 fecerunt
2856 462 3132 526 ordinem,
3185 473 3246 517 ut
3293 462 3467 530 major
3521 478 3653 531 pars

2061 548 2430 613 Orientalium
2474 567 2486 604 :
2522 551 2692 620 aliqui
2723 553 3116 623 aequalitatem,
3137 554 3251 613 sire
3283 553 3649 612 identitatem.

2065 651 2124 695 ut
2171 641 2392 710 plurimi
2444 641 2900 701 Occidentalium.
2939 645 3010 702 Et
3037 644 3505 713 quemadmodum
3559 663 3652 702 oc-

2063 732 2365 789 cidentales
2391 735 2564 803 pluris
2585 735 2852 792 facientes
2871 735 3241 805 aequalitatem
3266 736 3465 811 saepius
3487 747 3653 796 utun-

2065 832 2154 877 tur
2181 839 2267 890 εκ,
2296 825 2366 878 ita
2392 825 2714 889 orientales,
2743 825 2837 894 qui
2884 827 3137 885 ordinem
3162 825 3397 896 majoris
3459 827 3650 888 existi-

2065 924 2238 981 mant,
2277 931 2400 974 cum
2442 917 2645 986 quibus
2693 927 2748 973 et
2789 922 2986 974 beatus
3011 918 3251 975 Joannes
3278 918 3651 990 Damaseepus

2065 1020 2538 1076 connumeratur,
2595 1027 2690 1081 per
2743 1019 2804 1068 ut
2859 1011 3156 1080 plurimum
3210 1019 3481 1078 utuntur,
3524 1027 3651 1070 raro

2066 1101 2420 1162 admittentes
2460 1101 2906 1172 praepositionem
2945 1116 3010 1155 ea:
3041 1116 3064 1156 :
3101 1116 3210 1161 non
3251 1101 3358 1159 sibi
3413 1101 3649 1161 invicem

2068 1193 2540 1258 contradicentes,
2571 1194 2666 1250 sed
2705 1196 2919 1253 diversa
2953 1194 3257 1265 signiﬁcata
3291 1193 3526 1254 diversis
3556 1209 3652 1255 n0-

2069 1285 2308 1340 minihus
2337 1286 2730 1354 exprimentes.
2770 1287 2953 1352 Quare
2997 1287 3064 1341 de
3101 1286 3302 1344 mundi
3345 1285 3651 1352 creatione,

2068 1379 2176 1433 etsi
2210 1377 2420 1450 absque
2479 1379 2589 1434 ulla
2619 1379 2980 1457 ambiguitate
3006 1379 3243 1440 exiFilio
3272 1379 3437 1438 etiam
3455 1378 3650 1440 omnia

2069 1472 2339 1542 producta
2373 1472 2488 1530 sint
2531 1483 2696 1543 prout
2723 1490 2789 1537 ex
2821 1473 3007 1538 Patre,
3035 1471 3317 1529 rarissime
3343 1480 3532 1530 tamen
3565 1486 3652 1527 re-

2071 1566 2256 1635 peries
2303 1566 2447 1639 apud
2486 1567 2754 1623 doctores
2800 1567 3109 1636 prarsertim
3151 1565 3465 1632 orientales,
3500 1564 3648 1640 quod

2071 1657 2312 1714 mundus
2359 1658 2431 1712 sit
2480 1661 2783 1732 productus
2816 1676 2881 1715 ex
2932 1660 3094 1722 Filio,
3145 1659 3238 1719 sed
3276 1672 3508 1728 semper
3537 1672 3648 1738 per

392 1757 732 1813 contrarium
758 1765 845 1810 est
875 1755 1000 1810 ﬁdei
1035 1755 1274 1809 veritati.
1309 1752 1581 1814 Alterum,
1617 1751 1763 1820 quod
1797 1749 1966 1804 Filius
2000 1746 2396 1810 B'Filium.,.ob
2445 1749 2577 1812 illud
2610 1748 2894 1811 Joannis:
2926 1750 3116 1808 Omnia
3149 1765 3252 1818 per
3287 1749 3466 1820 ipsum
3502 1748 3652 1818 {acto

387 1860 446 1904 ut
476 1851 530 1905 in
553 1849 702 1912 aiiis,
733 1849 809 1904 ita
835 1851 1000 1902 cli-am
1027 1848 1080 1901 in
1113 1845 1374 1917 apirando
1407 1844 1727 1900 relationem
1785 1853 1842 1897 ct
1872 1859 1964 1898 or-

386 1945 570 2000 dinem
608 1943 808 1997 ltabeat.
853 1940 918 1996 ad
967 1940 1209 1995 Patrem.
1247 1933 1549 2008 Utrumque
1578 1935 1727 1992 enim
1769 1935 1966 1990 horum

387 2037 577 2091 insunt
611 2035 759 2089 Patri
793 2043 848 2088 et
885 2032 1044 2088 Filio.
1083 2030 1306 2088 Summa
1365 2031 1565 2085 etenim
1591 2037 1679 2082 cst
1709 2028 1764 2082 in
1788 2029 1882 2084 eis
1909 2036 1966 2082 et

389 2129 645 2198 petentia:
667 2125 974 2196 atqualitas,
1003 2123 1114 2179 imo
1146 2123 1424 2187 idcntitas,
1452 2134 1508 2177 et
1532 2136 1777 2178 summus
1797 2121 1962 2175 .ordo.

388 2220 740 2289 Qumcunque
776 2219 925 2272 enim
975 2217 1146 2274 Filius
1209 2216 1390 2281 habet,
1429 2215 1604 2284 ipsum
1647 2215 1812 2270 etiam
1841 2215 1968 2285 spis

390 2326 513 2367 rare
552 2307 840 2380 Spiritum.
878 2309 1044 2365 habet
1077 2307 1324 2362 aPatrc.
1361 2304 1417 2360 Si
1463 2307 1627 2377 igitur
1672 2321 1838 2362 unum
1871 2322 1968 2360 no-

393 2419 516 2458 men
554 2413 698 2461 esset
744 2401 1039 2465 sollicitans,
1082 2410 1137 2456 et
1175 2415 1444 2455 summam
1478 2400 1737 2470 potenti-.e
1773 2415 1966 2457 eorum

373 2495 755 2570 identitatem,
780 2507 835 2551 et
866 2509 1141 2548 summum
1171 2494 1236 2547 ad
1266 2493 1499 2546 invicem
1531 2493 1776 2547 ordinem
1804 2489 1967 2557 simul

388 2586 722 2656 signiﬁcare,
779 2588 871 2641 illo
913 2585 1158 2658 profecto
1189 2583 1450 2640 omnibus
1473 2585 1603 2639 aliis
1647 2586 1969 2654 postpositis

388 2679 656 2740 utendum
701 2688 866 2757 esset.
907 2678 1062 2734 Nunc
1100 2695 1226 2734 vero
1263 2693 1370 2734 non
1407 2679 1582 2733 solum
1629 2679 1968 2750 impOSsibile

391 2781 478 2827 est
515 2787 681 2826 unum
720 2771 824 2825 tale
859 2773 1097 2842 reperire
1127 2787 1328 2828 nomen
1364 2787 1377 2827 :
1410 2781 1464 2827 et
1505 2771 1626 2827 ideo
1654 2773 1970 2830 necessario

393 2883 505 2924 uno
543 2867 765 2922 nomine
809 2868 1042 2922 alterum
1079 2868 1300 2933 horum,
1343 2867 1518 2924 altero
1573 2883 1704 2924 vero
1735 2868 1967 2924 alterum

390 2962 804 3036 exprimendum
844 2971 947 3024 est,
984 2975 1192 3016 verum
1240 2963 1405 3018 etiam
1456 2960 1573 3017 haec
1619 2961 1833 3016 diversa
1866 2976 1970 3018 uo-

391 3056 538 3114 mina
572 3056 637 3112 ad
663 3056 765 3112 hoc
805 3055 949 3126 quod
987 3065 1410 3126 utrumqucper
1445 3071 1513 3110 .se
1539 3070 1722 3109 .unum
1759 3062 1967 3109 tantum

389 3149 755 3222 signiﬁcatum
789 3149 1174 3220 praedictorum
1200 3148 1534 3217 sigttilicnttt,
1569 3149 1732 3204 ctiam
1771 3150 1967 3220 imper-

393 3242 533 3297 lcctc
570 3242 704 3297 illud
735 3257 904 3295 unum
940 3241 1275 3313 signiﬁcant.
1312 3242 1490 3306 Quum
1523 3257 1621 3295 nos
1666 3249 1812 3296 rcctc
1843 3243 1968 3311 qui-

392 3335 516 3391 dem
569 3342 626 3388 ct
673 3336 759 3406 pie
799 3333 928 3406 quid
979 3336 1056 3388 rei
1109 3335 1480 3405 signiticandte
1512 3345 1800 3390 conveniat
1835 3338 1972 3390 reci-

397 3427 648 3495 pientes,
709 3427 1021 3498 reliquum,
1073 3437 1128 3481 ct
1160 3427 1304 3496 quod
1370 3426 1805 3498 imperfectionis
1865 3437 1968 3493 est,

397 3519 731 3592 repellimus.
767 3517 926 3576 Tales
951 3530 1077 3575 sunt
1102 3536 1181 3575 ea:
1211 3523 1625 3592 praepositiones
1654 3537 1742 3588 ex,
1778 3522 1972 3578 videli-

401 3621 488 3666 cet
518 3621 572 3666 et
604 3627 716 3682 per.
749 3611 1070 3681 Praepositio
1105 3628 1339 3684 uanique
1377 3631 1438 3667 e1.
1462 3615 1828 3684 aequati-tatem
1857 3615 1972 3686 qui-

399 3707 524 3761 dem
557 3723 680 3760 cum
713 3706 782 3761 de
840 3706 1116 3778 aliquibus
1145 3709 1364 3763 duobus
1405 3709 1489 3764 vel
1535 3709 1785 3780 pluribus
1828 3709 1973 3764 acci-

398 3799 566 3871 pitur,
600 3801 909 3870 signiﬁcat;
948 3801 1198 3858 ordinem
1245 3817 1376 3858 vero
1416 3801 1580 3859 unius
1627 3805 1691 3859 ad
1738 3803 1970 3859 alterum

398 3893 642 3950 minime.
671 3894 726 3950 Si
757 3894 887 3963 quid
913 3895 1057 3951 enim
1087 3910 1155 3950 ex
1181 3895 1394 3950 duobus
1423 3896 1538 3952 ﬁeri
1568 3897 1821 3960 dicimus,
1845 3908 1974 3968 puta

399 3985 446 4042 si
485 3985 632 4056 quod
678 3987 892 4070 pondus
926 4002 990 4043 ex
1025 3986 1242 4044 duobus
1277 3989 1533 4053 trahitur,
1575 3988 1829 4045 similiter
1853 3989 1974 4060 qui.

399 4081 526 4136 item
585 4088 638 4137 et
677 4074 959 4150 aequaliter
989 4096 1184 4137 eorum
1223 4091 1563 4152 exutroque
1596 4083 1757 4150 trahi,
1791 4085 1969 4155 quoad

399 4173 510 4228 vim
551 4173 970 4245 praepositionis
1014 4172 1412 4244 signiﬁcamus.
1463 4175 1612 4230 Ordo
1643 4192 1774 4235 vero.
1810 4178 1974 4246 unius

397 4269 463 4328 ad
492 4269 728 4324 alterum
765 4283 875 4322 non
922 4267 1051 4322 inde
1077 4278 1324 4338 apparet.
1373 4269 1442 4322 At
1473 4269 1791 4338 prmpositio
1828 4285 1919 4338 per
1941 4283 1972 4322 e

401 4371 670 4410 converso
702 4356 954 4411 ordinem
991 4355 1215 4426 quidem
1257 4357 1553 4428 signiﬁcat,
1598 4359 1970 4427 aequalitatem

2062 1847 2209 1891 sunt.
2257 1837 2334 1896 ita
2387 1842 2563 1920 magis
2596 1841 2782 1900 ordini
2831 1841 3184 1902 adllatserunt
3232 1841 3425 1910 Patres
3461 1843 3654 1906 oricu-

2067 1933 2204 1989 talcs
2227 1950 2243 2000 ;
2263 1946 2323 1990 .et
2351 1933 2476 1991 ideo
2503 1945 2736 1992 utuntur
2762 1951 2882 2006 per,
2907 1951 3027 2004 qtae
3054 1936 3169 1990 sola
3203 1935 3452 1996 ordinem
3483 1933 3655 2006 signi.

2068 2023 2212 2080 ﬁcat.
2265 2025 2529 2082 Praeterea
2565 2025 2764 2098 ,lingua
2810 2026 2998 2088 Graeca
3052 2041 3150 2097 per
3188 2026 3350 2086 banc
3391 2024 3655 2096 pra-pusi-

2066 2118 2270 2177 tionem
2325 2135 2390 2172 ex
2446 2119 2802 2190 principalem
2838 2119 3114 2190 signiﬁcat
3149 2135 3393 2190 causanti,
3423 2117 3646 2193 qualem

2067 2210 2267 2266 Filium
2295 2225 2440 2272 esse.
2466 2213 2550 2266 vel
2574 2212 2840 2282 Spiritus,
2871 2215 2956 2278 vel
2983 2213 3197 2279 mundi,
3217 2212 3404 2275 nullus
3421 2214 3652 2269 omnino

2067 2304 2356 2360 concedet.
2405 2303 2584 2376 Quare
2635 2305 2852 2381 fugiunt
2912 2310 3167 2370 doctores
3217 2308 3284 2363 de
3349 2308 3487 2362 Filio
3533 2307 3648 2376 ipsa

2069 2413 2132 2468 ea;
2175 2397 2278 2461 uti,
2323 2413 2390 2452 ne
2423 2397 2548 2470 quis
2580 2414 2707 2453 eum
2738 2399 3103 2470 principalem
3143 2415 3361 2463 causam
3398 2409 3648 2469 putaret;

2069 2497 2124 2544 et
2154 2504 2264 2546 non
2298 2489 2474 2545 solum
2507 2491 2623 2559 ipsa
2658 2507 2744 2556 ex,
2790 2508 2980 2547 verum
3026 2495 3190 2548 etiam
3240 2509 3437 2550 nomen
3471 2509 3656 2552 causa

2069 2584 2284 2653 fugiunt
2330 2584 2397 2639 de
2447 2583 2586 2640 Filio
2641 2586 2824 2646 dicere
2882 2597 3164 2657 respectu
3196 2589 3261 2656 ad
3313 2598 3648 2662 creaturam,

2069 2687 2471 2750 quanquamet
2494 2679 2671 2740 Filius
2699 2691 2753 2738 et
2785 2681 3022 2752 Spiritus
3053 2682 3256 2751 passim
3288 2682 3356 2738 ab
3383 2681 3652 2748 omnibus

2074 2771 2325 2826 ﬁdelibus
2353 2785 2520 2833 causa
2561 2770 2756 2835 mundi
2788 2787 2908 2834 esse
2946 2773 3270 2838 credantur,
3306 2782 3359 2828 ct
3388 2788 3494 2833 una
3524 2789 3652 2829 cum

2070 2863 2233 2921 Putre
2257 2880 2420 2921 causa
2464 2881 2479 2919 :
2516 2864 2774 2925 timentes
2801 2883 2867 2928 ne
2897 2867 3020 2946 quis
3054 2879 3341 2939 propterea
3372 2867 3651 2938 principa-

2070 2955 2180 3012 lem
2215 2971 2432 3012 causam
2469 2971 2596 3012 eum
2636 2973 2757 3013 esse
2797 2968 2992 3028 putet;
3026 2975 3070 3014 ,ει
3116 2975 3228 3029 quo
3271 2973 3330 3013 ut
3376 2958 3509 3020 [also
3542 2958 3651 3020 sibi

2075 3060 2294 3108 cavent.
2329 3049 2504 3110 Unam
2530 3051 2678 3113 enim
2704 3053 3059 3123 principalem
3085 3061 3140 3108 et
3172 3053 3402 3110 Deitatis
3422 3063 3470 3108 et
3501 3068 3654 3108 crea-

2079 3154 2216 3200 turae
2265 3159 2484 3208 causam
2537 3145 2721 3200 sciunt
2757 3146 2988 3202 .Patrem
3031 3145 3291 3201 videlicet
3339 3145 3540 3203 solum.
3593 3144 3650 3200 Si

2079 3238 2248 3317 igitur
2283 3237 2462 3294 Latini
2502 3253 2628 3294 eum
2664 3239 2870 3295 sanctis
2898 3239 3328 3304 occidentalibus
3360 3254 3426 3301 ex
3495 3240 3653 3301 Patre

2076 3342 2132 3388 ct
2164 3331 2302 3387 Filio
2333 3320 2600 3403 Spiritum
2633 3342 2881 3389 sanctum
2903 3333 3180 3396 dicentes,
3223 3347 3332 3387 non
3376 3334 3655 3406 principe.

2078 3423 2182 3479 lem
2231 3439 2451 3480 causam
2506 3423 2703 3480 Filium
2750 3435 2983 3496 ponunt,
3022 3425 3114 3479 sed
3164 3439 3354 3480 eorum
3395 3428 3655 3496 potentiae

2076 3516 2419 3572 identitatem
2486 3526 2544 3574 et
2589 3514 2954 3589 a-qttalitatem
2996 3533 3093 3590 per
3133 3521 3236 3575 hoc
3263 3518 3668 3586 proﬁtentur;

2076 3609 2444 3666 Damascenus
2475 3626 2606 3666 vero
2636 3612 2996 3682 principalem
3028 3625 3248 3667 causam
3283 3625 3512 3680 negans,
3536 3628 3658 3682 qua:

2077 3718 2172 3774 per
2195 3719 2258 3758 ea:
2291 3702 2584 3777 signiﬁcari
2624 3704 2784 3774 solet,
2830 3706 3025 3768 habuit
3067 3719 3377 3780 respectum
3404 3709 3471 3765 ad
3511 3708 3658 3766 ordi-

2076 3817 2224 3866 nem,
2253 3813 2310 3857 et
2355 3801 2480 3856 ideo
2513 3802 2687 3857 utitur
2713 3819 2833 3873 per,
2862 3819 2930 3862 ex
2966 3801 3128 3862 Patre
3160 3818 3259 3876 per
3303 3803 3502 3860 Filium
3529 3821 3659 3872 pro-

2075 3891 2271 3948 cedere
2294 3892 2559 3963 Spiritum
2584 3909 2858 3963 asserens,
2879 3911 2978 3967 per
2999 3911 3162 3968 quem
3191 3895 3316 3952 Filii
3336 3898 3408 3952 ad
3432 3897 3656 3960 Patrem

2075 3986 2209 4041 ordo
2246 3987 2663 4054 manifestatur,
2713 3987 3084 4059 aequalitatem
3133 3990 3250 4053 sive
3306 3981 3668 4061 identitatozu

2075 4097 2265 4139 eorum
2299 4082 2562 4151 potentiae
2596 4097 2700 4158 nec
2735 4083 2850 4154 ipse
2883 4099 3113 4154 negans,
3158 4086 3438 4155 quomodo
3482 4086 3658 4159 plagis

2077 4175 2314 4240 invicem
2357 4190 2597 4232 consona
2642 4176 2944 4233 dicantur?
2978 4163 3094 4250 ipse
3125 4179 3270 4238 enim
3312 4162 3420 4247 est,
3455 4181 3549 4252 qui
3587 4182 3657 4239 de

2076 4270 2252 4336 Patre,
2289 4272 2405 4341 ipso
2446 4271 2668 4342 quidem
2713 4263 3150 4334 est‘intellcctus
3202 4276 3362 4333 Verbi
3390 4279 3655 4356 .abySsus.

2075 4363 2238 4418 Verbi
2283 4365 2522 4432 genitor,
2567 4378 2622 4419 et
2665 4381 2763 4435 per
2795 4366 3021 4422 verbum
3055 4368 3293 4436 spirator
3335 4371 3656 4430 declaratiri

397 4465 531 4504 vero
565 4450 814 4506 minime.
855 4449 912 4506 Si
946 4450 1078 4520 quid
1106 4447 1254 4505 enim
1285 4466 1351 4505 ex
1392 4451 1577 4522 aliquo
1613 4467 1708 4522 per
1733 4452 1969 4521 aliquem
1999 4463 2052 4524 ι)
2080 4454 2331 4523 Spiritus.
2367 4458 2431 4511 Et
2467 4473 2656 4513 rursus
2688 4475 2700 4511 :
2730 4457 2966 4528 Spiritus
2997 4475 3130 4516 vero
3149 4473 3378 4519 sanctus
3411 4465 3656 4527 declara-

399 4559 522 4597 esse
556 4552 650 4597 aut
703 4543 825 4598 ﬁeri
877 4544 1115 4608 dicatur,
1160 4544 1449 4599 manifeste
1481 4544 1772 4614 apparebit
1799 4546 1977 4621 illum,

401 4641 470 4698 de
495 4650 608 4708 quo
635 4629 842 4695 dicitur
869 4653 985 4708 per,
1017 4637 1271 4693 ordinem
1297 4637 1590 4708 quemdam
1625 4637 1690 4698 ad
1725 4637 1876 4692 illum
1911 4637 1981 4692 de

405 4728 515 4796 quo
543 4731 859 4802 praepositio
887 4746 951 4786 cx
983 4729 1334 4801 pradicatur,
1366 4731 1608 4797 habere;
1636 4740 1693 4787 et
1731 4732 1880 4788 hunc
1912 4731 1982 4789 ab

404 4833 471 4874 eo
497 4819 778 4891 accepisse
819 4819 873 4876 id
907 4821 1056 4891 quod
1099 4835 1195 4890 per
1232 4835 1358 4874 eum
1393 4821 1476 4877 ﬁt.
1511 4821 1826 4892 Equalitas
1853 4837 1983 4877 vero

406 4915 602 4971 borum
646 4914 728 4970 .ad
781 4914 1021 4975 invicem
1069 4914 1300 4971 minimc
1352 4915 1712 4986 signiﬁcatur.
1757 4916 1984 4974 Minoris

414 5023 652 5078 namque
706 5010 966 5078 potentiae
1015 5023 1234 5078 semper
1285 5017 1342 5064 ct
1374 5010 1720 5064 auctoritatis
1754 5023 1836 5065 est
1869 5012 1982 5078 ille,

411 5103 480 5159 de
529 5119 638 5174 quo
690 5104 1008 5174 praepositio
1055 5119 1148 5176 per
1196 5102 1547 5174 praedicatur.
1597 5103 1752 5161 Unde
1808 5110 1980 5164 sancti

409 5195 598 5250 Patres
632 5207 688 5251 et
717 5195 972 5252 doctores
1016 5210 1141 5252 cum
1188 5195 1509 5259 orientales,
1542 5205 1656 5250 tum
1715 5198 1986 5255 occiden—

409 5287 566 5352 tales,
603 5302 728 5348 cum
752 5286 819 5342 ad
861 5288 1122 5358 potentia:
1150 5288 1539 5358 aequalitatem,
1575 5292 1686 5343 imo
1726 5289 1984 5352 identita-

412 5389 520 5435 tem
550 5379 729 5435 Patris
759 5389 816 5434 et
842 5380 963 5438 Filii
1002 5381 1326 5451 respiciunt,
1362 5396 1427 5434 ex
1455 5381 1615 5436 Patre
1643 5381 1865 5440 et‘Filio
1901 5382 1984 5435 di-

411 5487 543 5527 cun.
585 5471 850 5542 Spiritum
897 5484 1148 5528 sanctum
1196 5471 1497 5542 procedere
1543 5483 1600 5527 et
1645 5489 1788 5527 esse.
1841 5472 1980 5526 Cum

407 5578 542 5618 vero
565 5567 814 5626 ordinent
845 5580 1034 5620 eorum
1069 5565 1137 5620 ad
1179 5566 1408 5619 invicem
1444 5564 1737 5620 ostendere
1766 5565 1976 5630 volunt,

406 5643 475 5712 ex
521 5655 681 5712 Patre
712 5673 810 5728 per
838 5657 1037 5711 Filium
1077 5673 1202 5711 eum
1247 5656 1567 5728 procedere,
1618 5667 1672 5711 ct
1705 5673 1772 5712 ex
1814 5657 1978 5712 Patre

401 5763 502 5819 per
530 5749 750 5819 Filium,
785 5751 902 5807 sive
943 5765 1007 5806 ex
1033 5750 1143 5806 Deo
1178 5764 1275 5821 per
1309 5747 1530 5818 Filium,
1559 5764 1683 5804 eum
1719 5764 1838 5804 esse
1879 5753 1977 5806 do-

2084 4546 2190 4601 tiva
2226 4546 2505 4603 absconsze
2535 4548 2840 4606 divinitatis
2874 4553 3118 4623 potentia
3157 4552 3357 4620 Patris,
3391 4573 3460 4612 ex
3494 4557 3660 4620 Patre

2084 4653 2183 4710 per
2227 4640 2425 4695 Filium
2472 4653 2555 4697 est
2595 4645 2919 4713 procedens.
2960 4646 3119 4714 Quod
3149 4659 3332 4705 autem
3392 4667 3488 4718 per
3519 4653 3661 4715 hanc

2083 4733 2525 4803 praepositionem
2576 4751 2687 4805 per,
2741 4744 2852 4792 tum
2897 4754 2996 4808 per
3026 4740 3197 4804 hunc,
3233 4752 3346 4798 tum
3395 4759 3494 4813 per
3522 4746 3662 4804 alios

2083 4828 2359 4892 ductores,
2389 4827 2813 4900 Piliusquoque
2845 4845 2969 4885 cum
3008 4831 3171 4893 Patre
3202 4849 3367 4896 causa
3408 4837 3664 4905 subsuta.

2085 4917 2172 4973 tiae
2194 4918 2431 4989 Spiritus
2465 4922 2798 4989 ostenditur.
2833 4926 2977 4987 satis
2999 4925 3055 4980 in
3084 4928 3334 4989 oratione
3359 4929 3436 4984 De
3471 4932 3664 4994 unione

2084 5028 2114 5068 ει
2155 5012 2310 5068 nobis
2343 5015 2632 5085 probatura
2669 5027 2773 5078 est.
2804 5019 3105 5089 praesertim
3143 5035 3268 5081 cum
3296 5022 3527 5080 addatur
3558 5027 3664 5086 hoc

2087 5107 2313 5162 verbum
2345 5109 2643 5177 procedere,
2674 5110 2820 5183 quod
2851 5110 3044 5181 etiam,
3077 5114 3383 5171 secundum
3421 5097 3659 5183 nostros,

2085 5201 2223 5266 nihil
2267 5202 2411 5265 aliud
2465 5218 2627 5273 quam
2682 5207 2862 5277 ipsum
2917 5222 3036 5263 esse
3089 5212 3378 5279 pcrsonale
3424 5211 3684 5284 Spiritus"

2083 5295 2258 5350 sancti
2310 5296 2604 5366 signiﬁcat.
2645 5298 2712 5352 Et
2752 5301 2818 5355 ad
2868 5301 3250 5358 auctoritatem
3289 5306 3514 5375 quidem
3561 5307 3666 5364 Da-

2085 5389 2320 5441 masceni
2345 5389 2458 5444 haec
2489 5389 2782 5446 suﬁiciant.

2152 5479 2234 5534 Ad
2265 5481 2354 5534 illa
2389 5495 2520 5536 vero
2547 5485 2718 5538 sancti
2750 5484 3014 5555 Dionysii,
3050 5487 3225 5543 solum
3261 5489 3472 5544 fontem
3515 5491 3668 5546 ltivi-

2088 5565 2284 5626 uitatis
2329 5569 2543 5624 Patrem
2577 5572 2814 5632 dicentis
2837 5615 2851 5639 ,
2887 5587 2947 5631 ut
2979 5576 3182 5632 clarius
3231 5586 3487 5647 appareat
3563 5595 3664 5634 διι-

2081 5659 2390 5715 ctoritatem
2415 5661 2562 5715 illaut
2586 5677 2696 5718 non
2717 5664 2921 5720 habere
2945 5667 3095 5722 illum
3116 5669 3476 5734 intellectum,
3498 5684 3662 5740 quem

2084 5752 2264 5809 βοειτὶ
2300 5765 2518 5825 putant,
2552 5754 2890 5812 audiendum
2914 5765 2996 5814 est
3027 5759 3204 5826 primo
3234 5761 3354 5818 illos
3382 5760 3659 5824 doctores.
