4140 6140
446 279 549 343 441

446 410 550 450 nec
580 389 897 461 inquirendi
942 387 1279 446 fructuosior
1311 389 1467 445 labor
1495 398 1603 456 est,
1659 402 1762 443 nec
1816 383 2024 440 inventi

444 485 741 556 pretiosior
767 487 1000 539 fructus.
1035 481 1140 538 Sed
1174 490 1302 536 ante
1344 482 1529 535 omnia
1564 490 1886 537 sanctorum
1922 476 2025 531 Pa-

448 584 592 628 trum
617 587 673 629 et
704 571 992 627 doctorum
1018 571 1443 627 occidentalium
1467 565 1855 636 auctoritates;
1888 582 2027 637 quas

446 683 573 721 cum
607 666 695 721 his
727 664 893 721 simul
928 664 995 719 ad
1045 673 1095 718 te
1130 664 1310 729 mitto,
1370 664 1635 735 legentes,
1700 670 1909 715 attente
1960 674 2024 713 ex

449 761 544 815 his
578 759 850 829 colligetis
892 759 1251 829 problematis
1280 758 1445 829 hujus
1488 756 1846 812 clarissimam
1884 754 2027 810 veri-

1426 270 1933 338 BESSARIONIS
1967 272 2025 334 S.
2054 272 2125 332 Η.
2169 269 2236 330 Ε.
2277 263 2745 329 CARDINALIS

3604 248 3718 317 ιω

2134 381 2357 437 Patrum
2409 378 2769 433 auctoritates
2837 371 3091 429 facillime
3152 377 3445 441 arguentes
3483 364 3718 423 :omnis

2137 474 2345 529 etenim
2408 471 2547 527 ratio
2602 470 2688 525 his
2741 466 3135 526 contradiccus
3193 459 3545 533 reprobando
3606 467 3716 522 est,

2140 576 2399 635 tanquam
2428 563 2652 618 veritati
2690 561 2965 615 contraria
2987 601 2999 624 ,
3035 552 3309 628 siquidem
3347 555 3539 609 Patres
3572 550 3719 604 veri-

2137 670 2304 715 tatem
2334 659 2503 713 locuti
2534 660 2685 714 sunt.
2710 655 2791 711 Tu
2821 670 2954 732 vero
2988 668 3091 706 una
3121 666 3246 706 cum
3272 644 3713 703 Occidentalium

2135 753 2358 807 Patrum
2395 748 2730 805 testimoniis
2768 747 2931 801 etiam
2965 745 3177 815 aliquas
3212 740 3575 796 Orientalium
3618 751 3723 788 au-

2137 844 2424 901 cmritates
2451 860 2479 898 a
2518 844 2677 897 nobis
2697 842 2907 911 accipe,
2928 849 2984 893 ut
3018 838 3183 893 etiam
3222 836 3359 890 istos
3390 831 3583 887 eadem
3610 828 3725 882 illis

2136 935 2411 999 dicentes,
2434 933 2711 1003 intelligas
2734 950 2747 997 ;
2771 940 2825 985 et
2859 944 2967 984 non
2994 928 3172 983 solum
3209 922 3505 981 sententia,
3526 930 3723 973 verum

2135 1028 2303 1084 etiam
2334 1027 2469 1097 ipsis
2498 1025 2685 1081 verbis
2720 1038 2817 1079 eos
2855 1021 3183 1093 plerumque
3222 1032 3344 1073 esse
3392 1010 3724 1069 concordes.

448 864 636 910 tatem.
672 854 726 908 Si
761 856 856 923 qui
896 868 1030 907 vero
1060 868 1170 907 non
1201 852 1479 916 veritatis,
1517 848 1613 907 sed
1650 847 2031 905 contentionis

448 944 634 1010 amici,
667 952 759 997 aut
815 943 951 998 meis
982 941 1315 1007 rationibus,
1360 950 1458 996 aut
1507 940 1747 1013 dogmati
1800 938 2031 994 Latino-

448 1051 572 1091 rum
630 1035 921 1092 instantiae
975 1035 1238 1098 inferant,
1293 1049 1392 1090 eos
1429 1034 1748 1089 deridentes
1812 1044 1869 1087 et
1932 1045 2033 1100 per

456 1206 3724 1247 ~_______________________________________________________._

636 1439 1521 1601 EJUSDEM
1637 1437 2194 1595 CARD.
2305 1428 3566 1590 BESSARIONIS

1397 1748 1455 1835 A
1480 1748 1547 1833 D
1624 1741 2116 1837 GRJECOS
2192 1741 2258 1831 E
2282 1742 2788 1837 PISTOLA

458 1962 1029 2032 EXHOBTANTIS
1101 1961 1252 2025 EOS
1330 1963 1439 2025 AD
1515 1962 2074 2025 OBEDlENTlAM
2151 1961 2740 2024 SACROSANCTE
2820 1960 3191 2024 ROMANJE
3280 1946 3735 2035 ECCLESIJE,

1220 2088 1324 2149 ET
1398 2084 1997 2149 SUSCEPTIONEM
2062 2083 2359 2149 SYNODI
2419 2081 2982 2154 FLORENTINE,

694 2212 794 2274 ET
842 2211 949 2275 DE
996 2208 1457 2273 ELECTIONIS
1494 2209 1639 2275 SUA
1674 2207 1754 2269 IN
1786 2205 2365 2269 PATRIARCHAM
2423 2203 3494 2269 CONSTANTINOPOLITANUM.

1787 2526 2424 2593 ARGUMENTUM.

537 2705 712 2766 Graeci
748 2704 949 2770 nostri.
981 2718 1203 2761 mortuo
1233 2698 1475 2770 Josepbo
1509 2696 1830 2769 patriarcha
1856 2695 2476 2767 Constantinopolitano
2520 2694 2852 2760 Florentiae,
2882 2692 3198 2751 noluerunt
3244 2695 3492 2751 alterum
3524 2698 3735 2771 eligere

460 2814 520 2859 et
549 2804 604 2858 in
629 2803 811 2858 locum
842 2798 1117 2855 demortui
1151 2794 1488 2851 substituere
1510 2833 1525 2859 ,
1566 2807 1729 2862 quem
1765 2790 2123 2845 confirmaret
2151 2805 2402 2845 summus
2441 2790 2685 2860 pontifex
2722 2790 3000 2859 Eugenius
3037 2789 3126 2855 IV,
3158 2793 3306 2861 quod
3339 2793 3587 2850 dicerent
3616 2811 3732 2851 non

462 2911 590 2951 esse
624 2896 795 2949 moris
837 2908 963 2947 eum
993 2891 1231 2961 eligendi
1268 2899 1423 2943 extra
1455 2886 2015 2956 Consmntinopolim.
2049 2886 2265 2952 Quibus
2298 2884 2615 2940 excusando
2649 2899 2706 2940 se
2757 2886 3159 2942 humanissime
3206 2889 3451 2958 pontifex
3503 2906 3735 2962 respon-

460 2990 565 3056 dit,
596 3005 653 3043 se
691 3004 798 3043 non
832 3001 992 3058 posse
1038 2986 1315 3054 deponere
1348 2982 1601 3036 Latinum
1651 2978 2017 3049 patriarcham
2074 2980 2375 3043 titularem,
2418 2978 2523 3033 nisi
2557 2978 2731 3035 Graeci
2770 2990 3148 3048 preponerent
3192 2981 3429 3038 alterum
3483 2984 3733 3041 Graecum

463 3087 536 3141 ibi
574 3085 664 3137 ubi
699 3083 1084 3139 celebrabatur
1120 3078 1418 3139 concilium
1448 3118 1462 3141 ,
1497 3094 1524 3130 a
1562 3092 1619 3131 se
1652 3075 2116 3131 confirmandum.
2146 3074 2318 3141 Quem
2362 3083 2545 3129 autem
2578 3085 2768 3144 postea
2803 3072 3283 3145 Constantinopoli
3331 3079 3569 3147 primum
3616 3078 3732 3135 ele-

460 3182 662 3252 gerint,
698 3194 808 3234 non
840 3177 978 3234 adeo
1008 3187 1244 3233 constat.
1298 3178 1355 3231 lu
1414 3173 1646 3229 historia
1708 3189 1869 3243 quam
1906 3171 2128 3243 seripsit
2173 3183 2363 3226 nostra
2394 3182 2555 3227 aetate
2588 3172 2934 3229 Theodosius
2960 3173 3280 3245 Zygomalas
3317 3176 3384 3231 ad
3436 3176 3732 3232 Martinum

461 3280 717 3335 Crusium
769 3278 1111 3341 haereticum,
1148 3277 1320 3331 fertur
1352 3274 1520 3329 fuisse
1570 3271 1869 3343 Gregorius
1902 3270 2357 3340 Protosyngelus.
2417 3281 2478 3326 ut.
2520 3271 2832 3326 notavimus
2877 3272 2929 3324 in
2980 3287 3017 3325 tt
3070 3271 3212 3326 libro
3240 3272 3309 3328 de
3364 3272 3740 3330 Sacranteutis

464 3389 660 3429 versus
693 3375 878 3427 finem.
916 3371 1279 3425 Doctissimns
1304 3368 1705 3439 Caryophyllns
1737 3366 1790 3422 in
1826 3365 1968 3420 libro
1996 3366 2242 3437 quinque
2282 3367 2548 3436 capitum,
2585 3382 2750 3437 quem
2788 3366 2843 3420 in
2874 3365 3116 3438 linguam
3152 3368 3334 3422 tritam
3368 3378 3427 3425 et
3463 3385 3739 3426 vernacuo

463 3469 573 3522 lam
609 3466 925 3522 Graecorum
963 3466 1147 3530 vertit,
1183 3480 1249 3518 ex
1282 3463 1401 3518 aliis
1431 3461 1717 3517 historicis
1750 3461 1951 3532 colligit
1988 3463 2153 3519 fuisse
2180 3462 2563 3518 Bessarionem
2585 3503 2602 3529 ,
2646 3461 2792 3531 quod
2834 3476 2937 3531 ego
2970 3476 3080 3517 non
3106 3461 3294 3528 credo,
3327 3465 3551 3522 fecisset
3583 3467 3734 3523 enim

464 3562 668 3617 alicubi
703 3578 767 3616 ea
803 3561 871 3617 de
916 3575 975 3617 re
1009 3560 1302 3616 Bcssarion
1338 3558 1703 3613 mentionem.
1739 3557 1945 3612 Ferunt
1976 3572 2103 3614 eum
2152 3556 2333 3611 facere
2378 3556 2715 3609 mentionem
2755 3557 2809 3610 in
2865 3557 2968 3611 hac
2999 3560 3114 3627 ipsa
3150 3556 3383 3626 epiStola
3417 3574 3541 3614 cum
3574 3558 3734 3625 dicit,

463 3676 523 3715 se
554 3661 813 3716 habuisse
847 3662 993 3715 inter
1018 3657 1239 3714 Grmcos
1274 3672 1521 3712 summos
1555 3656 1819 3711 honores.
1851 3656 1919 3710 At
1956 3654 2059 3709 hoc
2094 3654 2394 3709 verisimile
2422 3665 2506 3708 est
2540 3669 2665 3707 eum
2703 3652 2893 3709 dicere
2923 3664 3153 3724 propter
3185 3656 3491 3711 doctrinam
3515 3667 3570 3711 et
3604 3672 3739 3727 pru-

463 3757 707 3813 dentiam
744 3774 757 3811 :
797 3754 1039 3825 alioquin
1075 3755 1240 3810 etiam
1274 3752 1576 3807 imberbem
1608 3761 1661 3805 et
1685 3752 1952 3821 juvenem
1981 3748 2124 3818 apud
2162 3748 2526 3818 imperatores
2555 3765 2667 3820 pra:
2695 3750 2909 3805 caeteris
2936 3751 3171 3820 ephebis
3222 3750 3277 3806 in
3326 3752 3536 3808 honore
3578 3752 3743 3807 habi-

466 3862 581 3907 tum
614 3852 786 3907 fuisse
816 3857 1070 3905 testatur.
1103 3847 1208 3902 Sed
1242 3862 1392 3913 eum,
1426 3845 1581 3900 aiunt
1608 3886 1621 3910 ,
1666 3845 1986 3899 substitisse
2028 3844 2217 3898 Roma:
2246 3843 2585 3899 cardiualem
2617 3855 2886 3898 creatum.
2919 3844 2974 3899 Si
3008 3844 3320 3917 intelligant
3350 3846 3740 3902 Bessariouem

465 3955 589 4016 post
614 3944 910 3999 concilium
942 3956 1051 3996 non
1081 3939 1252 3995 fuisse
1288 3954 1568 3994 reversum
1598 3938 1649 3992 in
1689 3937 1980 4004 (it-(eciam,
2035 3936 2234 3991 falsum
2266 3946 2353 3993 est
2376 3976 2390 3999 ,
2431 3946 2489 3989 ut
2522 3946 2741 3992 constat
2771 3954 2837 3992 ex
2867 3940 3097 4009 epistola
3130 3939 3479 3997 Bessarionis
3508 3941 3575 3997 ad
3606 3942 3741 3999 Las-

465 4041 634 4099 carim
671 4038 1219 4109 Philanthropinum,
1251 4036 1398 4091 circa
1436 4037 1769 4105 prommium
1796 4075 1810 4100 τ
1854 4034 1946 4088 ubi
1980 4050 2027 4088 re

2136 4035 2334 4089 'iuntur
2362 4034 2476 4089 haec
2508 4034 2708 4099 verba,
2750 4039 2888 4104 μετὰ
2918 4037 3017 4107 τὴν
3050 4039 3352 4107 γινομένην
3380 4042 3545 4107 ἁγίαν
3575 4042 3743 4095 σύνο-

465 4136 573 4201 δον,
610 4137 704 4188 καὶ
734 4135 834 4206 τὴν
869 4136 947 4198 εἰς
986 4128 1574 4187 Κωνσταντινούπολιν
1616 4128 1776 4200 ἡμῶν
1832 4128 2027 4182 ἐπάνοᾶ

2165 4137 2279 4199 post
2303 4129 2625 4184 celebratum
2678 4146 2890 4185 sacrum
2939 4132 3243 4201 concilium,
3296 4143 3345 4187 et
3387 4143 3630 4188 nostrum
3684 4136 3743 4189 in

466 4230 978 4303 Constantinopolim
1032 4231 1280 4283 reditum.
1327 4226 1382 4281 Si
1419 4236 1604 4281 autem
1658 4226 1972 4295 intelligant
2002 4241 2129 4279 eum
2164 4226 2315 4279 brevi
2347 4227 2663 4281 substitisse
2697 4225 2750 4280 in
2803 4242 2867 4282 ea
2907 4229 3043 4282 urbe
3072 4237 3125 4283 et
3159 4244 3440 4285 reversum
3483 4231 3652 4286 fuisse
3688 4233 3743 4286 in

466 4327 709 4387 Italiam,
738 4325 994 4397 quatnvis
1021 4340 1131 4380 non
1157 4323 1230 4378 sit
1253 4321 1494 4386 ccrtnm',
1526 4306 1709 4375 tamen
1740 4321 1857 4376 fieri
1892 4328 2094 4392 potest,
2128 4332 2181 4374 et
2218 4331 2350 4375 tunc
2385 4320 2580 4375 debuit
2609 4320 2912 4376 historicus
2939 4321 3159 4386 dicere,
3191 4326 3443 4394 quamvis
3472 4325 3750 4382 Constan-
3776 4317 3781 4320 ’

468 4422 699 4492 tiuopoli
752 4420 1255 4492 presens'electus
1284 4419 1475 4482 fuerit,
1509 4417 1688 4473 noluit
1740 4427 1921 4471 tamen
1961 4425 2276 4485 acceptare.
2330 4417 2651 4471 Secundum
2692 4418 2848 4471 aiunt
2882 4417 3049 4471 fuisse
3095 4416 3536 4489 Metrophanctn',
3581 4436 3746 4490 quem

468 4516 715 4571 mordaci
754 4522 1057 4570 scommate
1102 4528 1201 4584 per
1226 4521 1609 4582 contemptura
1643 4510 1920 4565 vocabant
1951 4526 2027 4579 μη

2137 4511 2322 4577 φόνον,
2372 4518 2429 4565 et
2464 4512 2877 4582 φρατριάρχην,
2906 4512 3134 4565 tertium
3181 4510 3506 4583 Gregorium
3558 4524 3750 4585 protoo

468 4608 754 4681 syngelum
788 4650 802 4674 ,
854 4607 948 4677 qui
985 4607 1089 4662 fuit
1120 4623 1152 4663 a
1190 4605 1640 4663 confessionibus
1678 4606 1908 4662 Joannis
1944 4606 2231 4677 Palreologi
2284 4607 2635 4676 imperatoris
2668 4644 2684 4671 ,
2747 4618 2803 4662 et
2850 4609 3029 4661 tenuit
3079 4608 3262 4662 locum
3302 4607 3654 4665 Alexandrini
3690 4610 3748 4667 in

469 4703 701 4776 synodo.
738 4702 803 4758 lli
842 4717 1037 4759 omnes
1065 4703 1294 4758 fuerunt
1317 4718 1383 4756 ex
1412 4700 1669 4757 l’atribus
1700 4701 1945 4765 concilii,
1982 4701 2073 4769 qui
2113 4700 2562 4771 subscripserant
2583 4744 2597 4766 ,
2625 4710 2680 4755 et
2713 4712 3145 4770 permanserunt
3174 4713 3494 4759 constantes
3530 4704 3584 4757 in
3611 4719 3749 4757 con—

470 4799 661 4856 cordia
697 4806 753 4854 et
793 4798 999 4852 unione
1035 4812 1159 4853 cum
1192 4795 1435 4851 Ecclesia
1474 4794 1740 4849 Romana.
1780 4795 1950 4848 Porro
1997 4793 2065 4849 de
2098 4794 2365 4864 Gregorio
2398 4796 2790 4866 protosyngclo
2830 4801 2955 4849 sive
2983 4796 3149 4851 fuerit
3187 4798 3438 4866 primus,
3481 4799 3598 4852 sive
3631 4806 3752 4851 ter-

474 4896 603 4958 tius,
646 4895 749 4948 hoc
775 4902 985 4949 certum
1019 4902 1124 4957 est,
1149 4907 1273 4947 eum
1306 4901 1499 4961 sponte
1532 4892 1769 4945 cessisse
1805 4889 2191 4959 patriarchatu
2217 4927 2233 4951 ,
2262 4900 2313 4943 et
2348 4906 2414 4944 eo
2443 4906 2673 4943 munere
2720 4889 3009 4959 dignitatis
3065 4907 3125 4945 se
3172 4893 3482 4957 abdicasse,
3533 4893 3643 4948 imo
3694 4900 3753 4948 et

474 4994 660 5047 Roma:
692 5004 751 5045 se
777 4988 1073 5058 recepisse,
1114 5003 1176 5041 ac
1208 4986 1546 5041 inhabitasse
1576 4986 1975 5039 monasterium
2017 4983 2077 5037 S.
2114 4982 2335 5051 Georgii
2369 4983 2423 5036 in
2475 4984 2709 5038 Velabro
2736 5026 2749 5049 ,
2786 4999 2960 5052 prope
3026 4984 3227 5038 Forum
3294 4984 3581 5040 Boarium.
3634 4984 3752 5042 Iloc

475 5096 650 5139 totum
680 5081 910 5153 contigit
940 5088 1189 5149 tempore
1216 5079 1423 5134 Nieolai
1455 5079 1514 5143 ν,
1546 5079 1640 5149 qui
1672 5078 1837 5131 etiam
1865 5075 2060 5131 scribit
2094 5074 2161 5126 ad
2198 5075 2619 5129 Cunstantinum
2660 5083 3003 5143 postremum
3042 5077 3465 5146 imperatorem,
3515 5087 3575 5133 et
3610 5093 3746 5132 eum

478 5177 755 5241 hortatur,
791 5181 851 5228 ut
887 5173 1172 5243 preprium
1202 5172 1595 5243 patriarcham,
1625 5185 1733 5225 non
1768 5180 1823 5224 ut
1860 5170 2159 5239 quemdam
2192 5167 2435 5237 aliquem
2471 5171 2651 5222 tenuis
2677 5168 2915 5224 fortunae
2958 5171 3301 5225 sacerdotem
3338 5172 3541 5226 misere
3569 5174 3750 5228 vivere

476 5274 666 5338 sinat,
699 5271 795 5327 sed
857 5282 917 5326 ut
972 5272 1134 5326 decet
1182 5286 1376 5325 verum
1436 5269 1804 5339 patriarcltam
1850 5264 2551 5335 Constantiuopolitanum,
2614 5281 2965 5333 summopere
3006 5266 3106 5335 ipsi
3158 5265 3604 5321 commendando
3659 5280 3750 5322 ro-

479 5378 590 5439 gat,
623 5377 683 5423 ut
708 5382 836 5424 eum
867 5366 1046 5423 redire
1077 5367 1143 5421 ad
1183 5382 1344 5421 suum
1381 5367 1643 5421 thronum
1675 5372 1833 5417 curet
1870 5381 1883 5417 :
1916 5363 2082 5433 eique
2126 5378 2349 5417 reverso
2384 5363 2571 5417 cuncti
2626 5363 2897 5418 honorem
2931 5371 2987 5415 et
3014 5363 3394 5419 obedientiam
3426 5364 3743 5423 exhibeant.

478 5464 743 5521 Eumdem
773 5462 957 5518 ferunt
1003 5470 1125 5531 post
1157 5462 1368 5516 obitum
1401 5458 1898 5528 Οπιτλμσιτουργῆσιι
1922 5492 1936 5519 ,
1967 5456 2208 5510 edidisse
2241 5457 2530 5510 miracula.
2564 5456 2638 5511 De
2672 5457 2865 5512 eodem
2894 5459 3183 5531 Gregorio,
3218 5461 3287 5517 de
3320 5463 3532 5519 Isidoro
3581 5466 3748 5521 etiam

478 5561 861 5618 Ruthenorum
892 5558 1163 5619 antistite,
1196 5567 1250 5610 et
1286 5554 1615 5611 Bessarione
1651 5555 1732 5609 sic
1766 5552 1966 5608 scribit
1996 5550 2128 5606 Pius
2162 5554 2441 5607 secundus
2472 5552 2614 5608 libro
2648 5568 2701 5608 ιι
2744 5555 2801 5609 in
2834 5556 2950 5610 suis
2982 5556 3431 5625 Commentariis,
3454 5562 3603 5616 circa
3642 5570 3755 5617 ter-

481 5656 610 5710 tiam
644 5664 853 5723 partem
886 5652 1061 5706 libri:
1094 5670 1111 5704 ι
1162 5650 1318 5705 Hunc
1360 5666 1565 5705 annum
1604 5650 1703 5704 viri
1759 5658 1872 5704 tres
1909 5648 1964 5703 in
2017 5648 2265 5704 Ecclesia
2317 5649 2701 5720 praecellentes
2738 5651 3015 5722 insignem
3060 5655 3366 5710 morientes
3410 5657 3747 5716 reddidere:

483 5745 697 5814 primus
725 5742 826 5797 fuit
855 5740 1095 5798 lsidorus
1128 5741 1424 5798 cardinalis
1454 5741 1745 5813 episcopus
1774 5739 2123 5809 Sabincnsis,
2155 5743 2249 5814 qui
2297 5742 2391 5801 diu
2420 5750 2582 5799 antea
2621 5758 2927 5815 percussus
2973 5746 3260 5818 opeplexia
3290 5747 3609 5819 perdiderat
3632 5765 3751 5807 ser-
