4062 6146
347 237 446 304 ιδι

1470 250 1878 316 ENCYCLICA
1921 253 2020 315 AD
2055 255 2384 323 GRAECOS.

3463 262 3571 330 462

342 354 558 449 φρτξνετν
581 353 798 425 ὑμᾶς-τε
828 361 1147 430 παρακαλῶ.
1195 364 1281 419 κατ
1310 365 1402 419 τοῦ
1437 366 1571 420 Θεοῦ
1605 368 1810 423 δεῖσθαι
1840 367 1900 419 οὐ

2012 388 2106 429 nec
2131 373 2544 444 despiciendum
2566 373 2723 432 vobis
2738 374 2926 431 volens
2944 384 2997 429 et
3015 372 3336 445 deprecans.
3360 376 3406 431 si
3423 378 3572 449 quod

342 445 644 516 παύσομαι.
674 450 823 506 Θέλω
855 454 960 525 γὰρ
993 456 1196 519 πάντας
1226 453 1362 512 εἶναι
1406 460 1482 524 ὡς
1508 458 1682 526 κάγὼ,
1719 461 1778 514 οὐ
1812 479 1897 530 μιν

338 539 471 608 κρόν
496 558 546 594 τι
579 541 740 596 τοῦτο
768 542 938 600 θᾶλων
970 565 1052 611 τε,
1104 553 1196 603 καὶ
1249 552 1540 621 εὐχόμενος
1571 553 1718 623 ὑμῖν.
1775 553 1900 606 οὐδ’

233 697 236 700 Α
335 631 827 706 εὐκαταφρόνητον,
858 641 1092 710 ἀδελφοὶ,
1133 644 1354 711 ἀγαθὸν,
1386 647 1434 698 εί
1475 647 1613 716 ὅπερ
1657 648 1899 716 ἐμαυτῷ,

334 723 494 778 τοῦτο
519 731 612 780 καὶ
645 730 776 798 ὑμῖν
802 732 1052 801 ἐπιθυμῶ
1098 737 1301 804 ἀγαθόν
1323 755 1335 769 ·
1372 739 1590 807 μείζονα
1618 740 1725 809 γὰρ
1759 739 1898 806 ἀγά-

335 833 444 890 πην
472 820 573 873 οὐκ
599 822 663 874 ἂν
691 823 806 895 ἔχοι
836 844 921 890 τις
951 829 1031 898 τῷ
1062 830 1285 899 πλησίον
1311 832 1664 900 ἐνδείξασθαι,
1694 833 1724 900 ἢ
1756 832 1901 901 ἅπερ

334 911 512 984 ἑαυτῷ
547 916 782 987 κάκείνῳ
805 921 1093 990 εὐχόμενος
1121 924 1354 991 τάγαθά.
1399 923 1751 991 Ἀγαπήσεις
1773 925 1899 995 γὰρ,

331 1005 492 1072 φησὶ.
545 1009 652 1060 τὸν
711 1013 983 1086 minuim-
1015 1030 1130 1079 σου
1152 1013 1230 1080 ὡς
1271 1015 1505 1070 ἑαυτόν.
1549 1017 1657 1072 Καὶ
1710 1017 1900 1071 τούτου

334 1095 521 1164 μεῖζον
565 1099 664 1156 οὐκ
710 1087 935 1158 ἀπαιτεί
987 1106 1114 1175 παρ’
1173 1106 1327 1174 ἡμῶν
1359 1108 1385 1160 ὁ
1436 1107 1590 1173 Θεὸς,
1634 1109 1709 1170 ὡς
1745 1109 1902 1166 τοῦτο

330 1187 432 1255 τῆς
493 1188 667 1256 ἄκρας
722 1193 944 1262 ἀγάπης
1008 1194 1069 1251 ὃν
1133 1198 1350 1265 δεῖγμα.
1422 1199 1558 1256 Οὐδὲ
1627 1200 1733 1267 γὰρ
1791 1199 1903 1254 οὐδ’

331 1279 529 1350 ἀγνοίᾳ
573 1298 630 1334 τε
690 1284 786 1336 καὶ
836 1285 1046 1356 ἀμαθίᾳ
1104 1290 1288 1359 φαίητ’
1317 1289 1383 1343 ἂν
1421 1292 1569 1360 ἡμᾶς
1624 1294 1724 1360 τῆς
1774 1293 1903 1361 ἀλη-

330 1369 482 1434 θείας
531 1371 862 1443 ἀποτυχεῖν,
922 1379 1120 1442 εἰδότες
1179 1382 1243 1434 ἐκ
1299 1381 1508 1434 παίδων
1569 1397 1641 1435 τε
1675 1385 1770 1436 καὶ
1816 1383 1904 1436 διὰ

331 1459 510 1526 λόγων
575 1464 849 1536 ἠγμένους
913 1471 1006 1530 καὶ
1069 1471 1130 1525 τό
1167 1487 1229 1531 γε
1277 1469 1409 1542 παρ’
1463 1475 1597 1545 ἡμῖν
1640 1473 1796 1538 τοῦτο
1843 1479 1904 1527 τὸ

331 1552 502 1642 μέρος
548 1553 761 1621 οὐδενὸς
815 1557 974 1622 ὖντας
1021 1559 1344 1632 δευτέρους,
1397 1567 1601 1639 πολλήν
1640 1587 1700 1624 τε
1775 1572 1904 1642 περὶ

330 1641 513 1695 τοῦτο·
574 1644 636 1697 τὸ
694 1646 870 1715 δόγμα
935 1650 1441 1722 καταδαλλομένους
1493 1660 1748 1731 σπουδὴν,
1808 1641 1902 1721 καὶ

333 1735 437 1803 τὴν
477 1735 759 1805 ἀλήθειαν,
788 1739 865 1801 ὡς
894 1740 1036 1805 ὲνὺν,
1087 1719 1535 1813 ἀνιχνεῦσαντας.
1567 1719 1766 1811 ﬂata!
1799 1719 1901 1822 γὰρ
1932 1719 1977 1780 Β

331 1826 465 1881 ἄλλο
505 1830 652 1896 είκὺς
691 1830 906 1886 ἑλέσθαι
945 1833 1272 1906 βουληθῆναι
1327 1838 1616 1906 ἄνθρωπον
1664 1843 1726 1901 ὲκ
1779 1846 1903 1904 νέου

329 1920 420 1974 διὰ
455 1923 812 1994 μετριότητός
839 1942 898 1977 τι
944 1930 1036 1989 καὶ
1062 1928 1460 1992 ,ταπεινώσεως
1502 1933 1764 2002 ἠγμένον,
1813 1937 1906 1988 καὶ

329 2014 392 2068 ιν
423 2014 676 2085 ὑποταγῇ
711 2017 806 2068 καὶ
855 2019 1082 2090 ἀρνήσει
1135 2021 1230 2082 τοῦ
1265 2023 1399 2078 ἰδίου
1450 2023 1754 2094 θελήματος
1807 2029 1906 2097 ςή-

332 2122 530 2174 σαντα,
574 2109 648 2170 ὡς
669 2110 937 2182 ὲνδνησῦν
981 2110 1129 2184 eaq);
1164 2112 1423 2187 (εἰρήσθω
1445 2115 1502 2170 δὲ
1537 2117 1665 2170 ἄνευ
1695 2120 1907 2189 καυχήσ-

331 2198 499 2264 σεως)
562 2200 732 2256 πολλὰ
779 2203 911 2272 περὶ
960 2204 1060 2273 τῆς
1115 2205 1209 2260 τοῦ
1252 2207 1459 2276 κόσμου
1510 2209 1903 2283 ματαιότητος,

331 2289 514 2346 πολλὰ
549 2291 675 2368 περὶ
709 2292 865 2362 ἠθῶν
887 2295 1246 2364 βελτιώσεως,
1279 2300 1449 2358 πολλὰ
1481 2303 1608 2371 περὶ
1643 2301 1748 2355 τῶν
1773 2304 1906 2357 ἀπο-

333 2381 611 2451 κειμένων
664 2385 916 2454 βασάνων
957 2389 990 2462 ἢ
1027 2391 1272 2458 ἀμοισῶν
1323 2394 1675 2460 ἀνεγνωκότα
1704 2412 1782 2461 τε,
1814 2399 1908 2451 καὶ

330 2476 398 2542 τῇ
460 2472 606 2548 ψυχῇ
642 2478 1086 2553 ἀποθέμενονςῆ
1143 2487 1258 2547 τοῖς
1303 2486 1486 2558 ὀρθοῖς
1538 2488 1775 2556 δόγμασι
1809 2497 1907 2561 τὴν

331 2564 522 2636 ψυχὴν
572 2567 884 2637 βελτιῶσαι,
940 2577 1036 2626 καὶ
1075 2573 1173 2645 τὴν
1203 2577 1261 2628 ὲν
1292 2578 1355 2647 τῇ
1386 2578 1568 2632 πίστει
1608 2581 1786 2650 ἀληθῆ
1811 2580 1907 2637 εὓ-

334 2673 494 2727 ρεσιν
545 2660 938 2726 ἀσπάσασθαις
967 2663 1036 2734 ἢν
1064 2664 1126 2734 δὴ
1162 2665 1420 2721 τοσοῦτον
1474 2672 1674 2738 μᾶλλον
1703 2673 1733 2739 ἦ
1773 2676 1909 2744 πρό-

328 2765 499 2820 τερον
533 2754 660 2820 περὶ
693 2753 952 2808 πλείστου
984 2774 1042 2808 τε
1099 2760 1195 2812 καὶ
1224 2760 1315 2814 τοῦ
1377 2763 1576 2826 παντὸς
1623 2765 1904 2835 ποιοῦμαι,

332 2845 446 2915 ὅσῳ
485 2845 582 2914 ῆδη
608 2847 704 2899 τοῦ
734 2850 917 2919 γήρως
951 2853 1276 2916 ἐπιστάντος
1321 2855 1723 2928 ἀλλεπάλληλοι
1761 2861 1902 2915 νόσοι

333 2933 598 2989 ἐπιοῦσαι
649 2937 933 2991 ἀπειλοῦσι
990 2958 1082 3001 μοι
1139 2942 1373 2998 θάνατον
1435 2948 1750 3017 ὁσημέραι,
1811 2953 1905 3004 καὶ

334 3025 574 3083 ἀϐίωτον
599 3029 812 3084 ποιοῦσι
837 3033 927 3085 τὸν
961 3035 1096 3100 βίον.
1127 3035 1256 3090 Οἶδα
1286 3038 1526 3103 πάντως,
1564 3042 1782 3110 ἀδελφοὶ
1810 3046 1903 3098 καὶ

334 3119 600 3189 πατέρες,
625 3117 742 3175 οἶδα
765 3126 860 3177 καί
896 3143 964 3193 με
999 3126 1224 3197 λέληθεν
1255 3132 1508 3200 οὐδαμῶς
1532 3150 1545 3164 ·
1580 3137 1679 3188 οὐκ
1708 3135 1790 3192 ἐτι
1817 3153 1906 3204 μοι

335 3213 429 3266 ἐπὶ
472 3214 608 3266 πολὺ
667 3215 911 3286 βιωτέον,
958 3223 1053 3272 καὶ
1093 3221 1168 3285 ὡς
1207 3224 1398 3294 καιρὸς
1447 3226 1548 3295 ἢδη
1611 3228 1910 3296 ἐφέστηκεν

336 3305 691 3371 ἀναλύσεως·
727 3310 815 3363 ὅτε
868 3312 1032 3378 (καθά
1076 3331 1138 3381 γε
1182 3316 1232 3368 οί
1265 3317 1471 3371 τούτων
1512 3323 1910 3393 πεπειραμένοι

337 3400 530 3475 φασιν)
557 3399 733 3454 ἔπεισι
778 3405 893 3467 τοῖς
926 3404 1236 3475 ἀνθρώποις
1282 3410 1342 3461 οὐ
1377 3411 1572 3480 μικρὸν
1607 3413 1748 3480 δέος,
1786 3417 1913 3484 περὶ

335 3487 412 3552 ὧν
471 3491 531 3548 οὐ
573 3493 713 3546 πάνυ
763 3512 815 3547 τι
872 3498 1137 3566 πρότερον
1191 3499 1490 3564 ἐδεδίεσαν,
1545 3505 1911 3576 ιφιστάμενον

336 3588 442 3656 ήδη
475 3580 566 3638 τιν
593 3587 787 3656 καιρὸν
831 3587 1089 3656 βλέπουσι
1137 3589 1229 3642 τοῦ
1265 3580 1425 3660 λόγον
1460 3594 1751 3650 ἀποδοῦναι
1801 3599 1912 3652 τῶν

340 3681 695 3748 βεϐιωμένων
725 3683 931 3744 αὐτοῖς.
975 3683 1103 3748 Ἐμὲ
1128 3683 1183 3736 δὲ
1209 3685 1357 3753 ὅμως
1382 3687 1488 3756 ὅσῳ
1537 3687 1735 3754 μᾶλλον
1769 3707 1912 3759 γειτ-

335 3776 517 3838 νιάζει
551 3777 578 3827 ό
603 3774 855 3837 θάνατος,
889 3771 1133 3846 τοσούτω
1161 3778 1324 3830 πλέον
1354 3780 1766 3848 παραμυθεῖται
1812 3784 1912 3853 τῆς

341 3871 583 3933 πίστεως
606 3871 666 3922 τὸ
702 3868 992 3940 ἁκρεφνὲς,
1020 3869 1308 3934 ἐλπίζοντα
1363 3873 1424 3926 τὸ
1457 3872 1516 3940 ἐξ
1543 3875 1721 3943 ἔργων
1747 3876 1915 3930 ἐλλεῖ-

343 3981 444 4018 πον
469 3967 534 4034 τῇ
567 3964 811 4034 σωτηρία
842 3964 1415 4034 ἅναπληρωθήσεσθαι
1465 3970 1532 4036 τῇ
1564 3968 1670 4022 τῶν
1703 3969 1912 4036 δογμά-

341 4075 450 4110 των
477 4056 586 4110 τῶν
607 4055 782 4125 ὀρθῶν
811 4054 960 4126 δόξῃ,
987 4048 1062 4109 ὧν
1108 4056 1270 4110 ἕνεκα
1307 4060 1398 4110 καὶ
1447 4061 1614 4127 τιμὰς
1646 4061 1912 4129 παριδὼν,

344 4151 397 4201 εἰ
426 4167 574 4209 τινας
614 4143 760 4217 εἶχον
790 4149 920 4216 παρ’
947 4148 1079 4218 ὑμῖν
1127 4144 1297 4218 (εἶχον
1331 4149 1387 4202 δὲ
1425 4151 1486 4203 οὐ
1536 4154 1758 4221 μικρὰς.
1791 4155 1914 4207 οὐδὲ

344 4241 558 4308 ὀλίγας)
587 4241 726 4312 ὅλως
753 4239 958 4310 ταύτης
986 4240 1253 4310 ἐγενόμην
1279 4240 1380 4311 τῆς
1419 4241 1700 4310 ἀληθείας.
1735 4243 1915 4298 Εἰόόσι

344 4337 455 4406 γὰρ
485 4334 654 4402 λέγω,
683 4335 778 4386 καὶ
808 4333 940 4399 παρ’
966 4332 1187 4386 εἰδότων
1219 4332 1488 4387 ἀκούσασί
1511 4351 1592 4406 τε,
1626 4339 1717 4387 καὶ
1751 4337 1914 4389 ἀκου-

2009 465 2142 521 mihi
2216 467 2374 535 ipse.
2426 468 2530 522 hoc
2585 469 2748 523 etiam
2808 467 2964 522 vobis
3025 477 3154 536 opto
3223 467 3451 527 bonum.
3479 467 3576 525 Et-

2009 560 2157 615 enim
2203 561 2464 631 majorem
2493 560 2816 620 cbaritatem
2846 560 3144 617 ostendere
3183 560 3432 631 proximo
3463 575 3574 616 non

2009 652 2238 710 haberet
2270 653 2491 722 aliquis,
2517 668 2680 721 quam
2713 653 2757 710 si
2789 667 2918 722 quai-
2935 652 3063 714 sibi.
3090 651 3204 708 haec
3235 663 3291 711 et
3315 653 3393 710 illi
3445 667 3574 722 pre-

2009 754 2167 800 cetur
2200 746 2364 801 bona.
2399 743 2591 816 Diliges
2621 745 2791 808 enim,
2839 744 3040 814 inquit.
3069 746 3370 811 proximum
3400 752 3575 808 tuum,

2008 836 2144 890 sicut
2175 835 2417 903 teipsum,
2457 844 2511 889 et
2556 835 2661 888 hoc
2700 834 2878 903 majus
2909 849 2938 894 a
2965 835 3122 890 nobis
3145 831 3288 889 Deus
3323 847 3434 885 non
3463 832 3578 884 exi-

2008 929 2108 999 git,
2147 929 2304 998 quasi
2337 929 2446 984 hoc
2471 942 2698 982 summa:
2720 924 3035 984 dilectionis
3064 925 3137 980 sit
3160 925 3441 979 indicium.
3467 923 3576 978 Ne-

2009 1033 2115 1087 que
2147 1018 2293 1073 enim
2327 1019 2667 1086 ignoratione
2697 1016 3000 1073 et'iuscitia
3029 1016 3226 1080 dicetis
3249 1031 3350 1071 nos
3378 1014 3576 1072 verita-

2012 1120 2118 1165 tem
2180 1127 2283 1165 non
2319 1122 2629 1174 assecutos;
2676 1125 2801 1166 cum
2846 1110 3030 1170 sciatis
3079 1126 3182 1166 nos
3236 1110 3305 1165 ab
3350 1110 3576 1169 ineunte

2007 1212 2166 1265 aetate
2196 1203 2392 1260 studiis
2416 1204 2674 1267 imbutos,
2707 1213 2763 1260 et
2792 1203 2938 1272 quod
2974 1211 3184 1272 spectat
3207 1203 3274 1258 ad
3289 1203 3432 1260 hanc
3453 1217 3580 1271 βενε

2010 1307 2139 1358 tem.
2192 1314 2360 1366 penes
2389 1314 2485 1352 vos
2537 1299 2672 1352 nulli
2713 1314 2832 1353 esse
2884 1299 3155 1353 secundos
3188 1316 3203 1352 :
3241 1306 3295 1353 et
3344 1299 3576 1353 multum

2009 1388 2173 1442 studii
2201 1389 2342 1443 circa
2365 1388 2466 1443 hoc
2483 1389 2676 1457 dogma
2703 1389 3043 1450 adhibuisse,
3063 1399 3117 1443 et
3149 1405 3365 1453 verum.
3390 1405 3567 1459 quan—

2010 1488 2126 1535 tum
2162 1478 2278 1534 ﬁeri
2315 1481 2516 1550 potuit,
2543 1482 2919 1552 investigasse,
2948 1494 3003 1535 et
3028 1481 3291 1550 quidnam
3322 1481 3466 1535 aliud
3486 1494 3581 1535 τοο

2011 1571 2240 1628 risimile
2285 1581 2367 1630 est
2399 1573 2675 1628 hominem
2707 1573 2910 1643 eligere
2944 1574 3185 1630 voluisse
3222 1589 3250 1626 α
3283 1574 3588 1644 iuventute

2011 1663 2278 1728 modeste,
2300 1673 2354 1717 et
2377 1664 2656 1721 humiliter
2691 1664 2984 1719 educatum
3008 1674 3063 1721 et
3089 1665 3425 1731 institutum,
3454 1665 3578 1734 qui-

2006 1769 2113 1824 que
2142 1755 2246 1812 sub
2279 1755 2614 1821 obedientia,
2637 1763 2694 1810 et
2718 1755 3078 1825 abnegatione
3107 1772 3222 1811 sum
3245 1757 3569 1825 voluntatis,

2005 1861 2107 1915 pro
2141 1845 2309 1909 virili,
2350 1847 2463 1903 Deo
2483 1848 2730 1918 juvante,
2766 1847 2931 1902 vitam
2957 1847 3131 1904 vixit?
3163 1849 3258 1918 qui
3291 1849 3455 1917 (absit
3482 1866 3580 1903 au-

2005 1945 2113 2002 tem
2161 1937 2448 2009 iactantia)
2496 1938 2664 1992 multa
2695 1937 2763 1992 de
2793 1938 3035 1994 vanitate
3059 1939 3272 2006 mundi,
3310 1939 3480 2001 multa
3508 1940 3578 1996 de

2005 2028 2254 2099 profectu
2291 2045 2530 2092 morum,
2591 2029 2760 2085 multa
2791 2030 2859 2084 de
2886 2030 3222 2088 cruciatibus
3255 2040 3309 2086 et
3335 2030 3576 2099 praemiis

2004 2135 2128 2190 quae
2156 2129 2536 2186 reservantur,
2569 2122 2722 2192 legit,
2753 2131 2809 2178 et
2843 2123 2895 2180 in
2930 2122 3114 2177 animo
3147 2123 3478 2190 recondidit,
3515 2132 3578 2178 ut

2004 2213 2250 2272 animum
2271 2212 2800 2283 reclisdugmatibus
2827 2216 3264 2285 praestantiorem
3293 2215 3575 2280 redderet,

2003 2312 2062 2358 et
2101 2317 2286 2367 veram
2344 2304 2822 2379 investigationem
2864 2303 2918 2357 in
2969 2304 3074 2359 [ide
3129 2304 3573 2372 amplecteretur.

2005 2394 2179 2462 Quam
2205 2397 2452 2464 profecto
2480 2409 2548 2449 eo
2578 2397 2749 2464 magis
2775 2409 2921 2449 nunc
2949 2410 3108 2464 quam
3141 2395 3296 2464 prius
3327 2396 3500 2467 pluris
3519 2403 3575 2452 et

2007 2483 2229 2544 maximi
2258 2482 2420 2550 facio,
2460 2499 2570 2554 quo
2596 2486 2704 2555 jam
2729 2495 3016 2540 senectute
3047 2485 3288 2542 instante
3321 2485 3577 2542 continui

2007 2577 2187 2632 morbi
2214 2576 2531 2648 ingruentes
2565 2576 2813 2646 quotidie
2838 2577 2971 2631 mihi
3005 2586 3235 2632 mortem
3272 2578 3577 2647 minantur,

2003 2677 2068 2725 et
2103 2667 2268 2728 vitam
2299 2665 2553 2729 acerbam
2574 2667 2782 2731 faciunt
2822 2669 3085 2726 :omnino
3119 2669 3255 2737 scio,
3289 2669 3488 2726 fratres
3518 2677 3578 2724 et

2008 2767 2217 2829 patres.
2243 2760 2359 2816 scio
2389 2769 2443 2815 et
2475 2775 2564 2828 me
2599 2761 2824 2822 minime
2853 2762 3006 2826 latet,
3038 2777 3146 2820 non
3179 2762 3416 2833 amplius
3436 2761 3576 2818 mul-

2010 2862 2122 2908 tum
2156 2853 2290 2910 mihi
2321 2866 2440 2908 esse
2487 2852 2804 2920 vivendum,
2843 2863 2898 2910 et
2929 2857 3074 2932 qlmd
3109 2865 3327 2926 tempus
3351 2856 3463 2927 iam
3492 2857 3575 2912 in-

2009 2955 2118 3003 stat
2146 2947 2523 3013 resolutionis,
2559 2947 2780 3022 quando
2813 2947 2895 3016 (ut
2922 2948 3116 3009 harum
3141 2963 3324 3008 rerum
3365 2950 3575 3020 experti

2007 3037 2182 3107 aiunt)
2219 3035 2440 3092 advenit
2485 3035 2803 3101 hominibus
2852 3052 2960 3097 non
2996 3053 3200 3105 parvus
3258 3049 3460 3106 metus,
3505 3039 3576 3097 de

2009 3130 2211 3199 quibus
2253 3144 2361 3194 non
2395 3129 2566 3186 valde.
2593 3129 2888 3194 admodum
2936 3132 3088 3199 prius
3129 3131 3432 3189 timebant:
3475 3132 3578 3190 ad-

2011 3230 2234 3275 ventare
2275 3220 2384 3300 jam
2428 3229 2645 3292 tempus
2685 3223 2962 3292 aspiciunt
2993 3222 3260 3278 reddendi
3306 3225 3577 3282 rationem

2012 3322 2144 3368 acta:
2167 3314 2310 3368 vitae.
2341 3314 2424 3368 Me
2451 3329 2583 3369 vero
2615 3321 2796 3369 tamen
2831 3330 2943 3382 quo
2972 3317 3142 3385 magis
3177 3319 3580 3388 appropinquat

2013 3421 2182 3469 mors,
2217 3421 2282 3459 eo
2307 3405 2542 3474 amplius
2579 3407 2894 3462 consolatur
2927 3407 3052 3462 (idei
3084 3408 3309 3470 candor,
3352 3424 3580 3479 speran-

2014 3503 2144 3560 tem,
2173 3498 2317 3564 quod
2349 3513 2415 3552 ex
2451 3498 2714 3566 operibus
2745 3497 2904 3554 deest
2933 3498 2999 3553 ad
3035 3498 3291 3565 salutem.
3321 3514 3584 3570 compen-

2014 3599 2192 3644 satum
2237 3592 2301 3645 iri
2338 3591 2598 3660 Opinione
2633 3601 2914 3656 rectorum
2946 3591 3282 3663 dogmatum.
3335 3592 3579 3660 Quorum

2012 3699 2175 3740 causa
2233 3682 2396 3736 etiam
2431 3683 2668 3737 honores
2698 3692 3082 3746 contemnens,
3115 3682 3163 3738 si
3196 3698 3339 3754 quos
3362 3699 3582 3740 assecu-

2015 3785 2104 3829 tus
2158 3774 2301 3844 apud
2346 3789 2442 3828 vos
2492 3789 2640 3828 eram
2678 3773 2984 3844 (assecutus
3035 3785 3220 3830 autem
3265 3791 3414 3830 eram
3466 3791 3578 3830 non

2015 3867 2249 3936 paucos)
2272 3874 2418 3922 totus
2448 3875 2673 3921 secutus
2704 3881 2825 3921 sum
2852 3868 2992 3921 hanc
3023 3867 3333 3922 veritatem.
3383 3867 3582 3922 Scien-

2019 3958 2166 4012 tibus
2218 3959 2362 4012 enim
2410 3959 2625 4028 loquor,
2662 3968 2717 4013 et
2745 3974 2772 4010 a
2813 3958 3116 4014 scientibus
3160 3960 3471 4020 audivistis.
3524 3971 3582 4018 et

2017 4051 2260 4107 audituri
2286 4056 2443 4115 estis.
2473 4053 2517 4107 si
2553 4053 2859 4110 volueritis.
2898 4052 3050 4120 Quod
3071 4053 3262 4123 juveni
3292 4053 3493 4120 adhuc,
3527 4063 3586 4110 et

2015 4145 2258 4202 nondum
2297 4146 2614 4214 pubescenti
2647 4145 2916 4199 maximus
2938 4145 3112 4200 honor
3140 4145 3360 4201 habitus
3380 4154 3485 4210 est,
3513 4146 3584 4200 ab

2018 4234 2086 4289 iis
2125 4237 2289 4289 etiam
2322 4235 2416 4304 qui
2452 4251 2539 4290 me
2568 4251 2843 4305 nunquam
2879 4236 3154 4301 viderant,
3175 4245 3227 4291 et
3255 4245 3444 4298 notum
3465 4245 3585 4292 erat

2019 4343 2219 4382 nomen
2253 4343 2434 4382 meum
2468 4329 2724 4384 omnibus
2775 4329 3090 4398 ubicunque
3125 4327 3308 4399 lingua
3357 4328 3585 4384 Graeco-

344 4427 596 4496 σομένοις
621 4426 690 4481 ἄν
734 4443 788 4478 τι
826 4424 1128 4495 βούλοισθε,
1160 4424 1235 4489 ὡς
1270 4426 1387 4478 νέον
1431 4443 1491 4480 τε
1531 4429 1609 4481 ἔτι
1636 4429 1730 4480 καὶ
1762 4427 1910 4482 οὔπω

2020 4437 2142 4474 rum
2173 4421 2416 4475 auditur.
2445 4421 2685 4476 Necdum
2739 4421 3058 4477 vicesimum
3089 4432 3344 4492 quartum
3377 4437 3586 4477 annum

344 4518 644 4588 γενειῶντα
693 4517 780 4570 διὰ
832 4517 1095 4586 πλείστης
1132 4517 1297 4584 ἧγετέ
1331 4534 1397 4588 με
1422 4522 1614 4591 τιμῆς,
1649 4523 1920 4574 mla-51:01

345 4612 394 4664 οἱ
432 4609 509 4680 μὴ
562 4609 700 4671 ὅλως
757 4607 979 4669 ἰδόντες.
1049 4607 1087 4660 Γ
1094 4606 1333 4677 νώριμον
1385 4605 1454 4680 ἦν
1513 4610 1716 4677 τούμὸν
1747 4611 1920 4680 ὄνομα

349 4702 484 4754 πᾶσι
512 4700 626 4761 τοῖς
653 4697 967 4768 ὀπηδήποτε
1023 4697 1207 4767 φωνῆς
1250 4698 1575 4769 Ἑλληνικῆς
1625 4701 1916 4754 ὲπαῖουσιυ

348 4793 444 4846 καὶ
475 4793 643 4861 μήπω
663 4791 897 4856 τέτταρα
921 4791 1013 4844 καὶ
1032 4794 1235 4844 εἴκοσιν
1255 4791 1351 4860 ἐτη
1382 4793 1696 4861 γενόμενος,
1722 4793 1920 4857 αίδοῖος

345 4885 604 4957 ἡγεμόσι,
668 4884 762 4938 καὶ
816 4883 1182 4951 ἄρχουσικαὶ
1235 4886 1404 4936 πᾶσιν
1464 4885 1592 4954 ὑμῖν
1647 4886 1916 4957 ὑπῆρχον.

350 4977 736 5042 Ποθεινότανος
775 4975 1116 5046 βασιλεῦσιν,
1156 4976 1204 5029 οἳ
1234 4977 1295 5029 οὐ
1327 4975 1435 5036 τῶν
1481 4977 1790 5047 ἡλικιωτῶν
1823 4982 1917 5049 μό-

349 5090 457 5138 νον,
496 5073 592 5126 xui.
645 5069 756 5123 τῶν
786 5070 1231 5140 προϐεϐηκότων,
1278 5071 1418 5123 ἀλλὰ
1465 5072 1701 5126 καὶτῶν
1759 5073 1919 5138 ἁξιὼ-

353 5182 498 5235 ματα
526 5163 1015 5234 περιδεδλημένων
1045 5163 1195 5232 ἡμᾶς
1227 5163 1570 5232 προετίθουν,
1616 5165 1707 5216 καὶ⁷
1756 5163 1918 5229 ἀξιώ-

353 5259 484 5328 μασί
515 5275 575 5311 τε
605 5257 700 5311 καὶ
737 5257 958 5328 ἀρχαῖς,
988 5259 1109 5318 ταῖς
1140 5256 1283 5325 ὑπὲρ
1312 5257 1412 5326 τὴν
1465 5257 1683 5326 ἡλικίαν
1717 5259 1801 5326 (οὐ
1847 5259 1916 5310 δι’

350 5352 486 5422 ἐμὴν
512 5350 734 5421 ἀρετὴν,
762 5349 896 5402 ἀλλὰ
915 5348 984 5401 δι’
1006 5347 1143 5402 ἰδίαν
1170 5342 1913 5420 καλοκάγαθίαν)ὲκόσμουν.

348 5444 542 5498 Καίτοι
574 5443 670 5497 καὶ
700 5445 748 5496 εί
783 5443 926 5512 μέγα
957 5441 1055 5494 νῦν
1098 5442 1242 5510 ἐνστῇ
1270 5440 1363 5492 τοῦ
1405 5441 1642 5511 Χριστοῦ
1685 5443 1921 5510 Ἐκκλη-

352 5536 442 5606 σία
471 5536 797 5608 περίκειμαι
836 5537 1042 5606 σχῆμα,
1083 5535 1133 5584 ει
1184 5533 1437 5603 λαμπρὸν
1487 5526 1706 5603 ἆξίωμα
1751 5549 1910 5602 περι·

352 5627 643 5700 ϐέϐλημαι,
680 5629 774 5682 καὶ
797 5627 876 5695 τῷ
904 5627 1020 5680 him
1057 5623 1300 5695 μεγάλας
1325 5627 1489 5696 τιμὰς
1519 5627 1611 5679 καὶ
1643 5626 1921 5697 ὑπερδαλ-

354 5719 545 5786 λούσας
573 5719 918 5793 καρποῦμαι,
957 5719 1049 5774 καὶ
1082 5720 1203 5773 ὅσαι
1239 5719 1376 5789 ὑπὲρ
1402 5719 1522 5789 ἐμὲ,
1559 5720 1692 5773 ἀλλὰ
1723 5722 1913 5788 πρῶτα

2022 4513 2271 4583 agebam,
2312 4513 2657 4583 ducibusque
2707 4521 2762 4568 et
2811 4514 3174 4584 principibus,
3223 4521 3281 4570 et
3328 4512 3587 4568 omnibus

2023 4604 2180 4661 vobis
2217 4605 2563 4660 venerandus
2597 4621 2770 4672 eram,
2794 4606 3215 4674 imperatoribus
3266 4604 3586 4675 acceptissi-

2024 4713 2147 4752 mus
2174 4714 2188 4752 :
2218 4699 2311 4767 qui
2348 4714 2457 4753 non
2483 4699 2660 4754 solum
2692 4699 2994 4768 a‘qualibus
3023 4708 3079 4753 et
3099 4707 3256 4754 etate
3288 4699 3586 4767 provectis,

2023 4790 2117 4845 sed
2169 4790 2334 4844 etiam
2384 4790 2450 4846 iis
2481 4792 2575 4861 qui
2610 4793 2663 4845 in
2703 4790 3063 4862 dignitatibus
3093 4790 3377 4847 constituti
3405 4800 3586 4850 erant.

2024 4900 2122 4939 nos
2163 4885 2547 4954 praeferebant,
2583 4893 2638 4938 et
2674 4884 3036 4954 dignitatibus
3082 4898 3146 4940 ac
3201 4884 3586 4953 potestatibus,

2021 4993 2142 5048 quae
2175 4988 2388 5032 aetatem
2432 4978 2786 5047 superabant,
2817 4994 2924 5032 non
2951 4985 3174 5048 propter
3213 4990 3386 5030 meam
3415 4976 3590 5030 virtu-

2024 5082 2156 5134 tem,
2182 5071 2279 5128 sed
2307 5071 2581 5140 propriam
2614 5071 2937 5135 bonitatem,
2972 5069 3261 5124 ornabant.
3295 5067 3361 5122 Et
3395 5085 3586 5140 quam.

2023 5165 2103 5218 vis
2138 5163 2298 5218 modo
2324 5179 2580 5232 magnum
2614 5163 2668 5216 in
2698 5162 2938 5218 Ecclesia
2970 5162 3065 5230 Dei
3092 5161 3340 5216 habitum
3373 5177 3584 5232 geram.

2015 5257 2270 5326 quamvis
2295 5255 2637 5325 splendidam
2658 5254 2980 5326 dignitatem
3003 5256 3301 5318 obtincam,
3320 5265 3374 5308 et
3397 5271 3582 5310 revera

2021 5350 2232 5421 magnis
2285 5349 2586 5403 honoribus
2633 5358 2690 5402 et
2738 5348 3134 5403 excellentibus
3181 5347 3353 5410 fruar,
3388 5355 3443 5400 et
3489 5349 3584 5416 qui

2021 5458 2202 5497 meum
2253 5442 2510 5495 meritum
2559 5450 2855 5511 superant;
2921 5441 3015 5496 sed
3071 5439 3306 5508 primum
3359 5439 3582 5508 quidem

2019 5544 2209 5604 postea
2257 5541 2635 5595 accesserunt,
2693 5546 2873 5601 neque
2921 5529 3146 5600 sperati,
3178 5539 3237 5582 ut
3286 5529 3427 5583 Deus
3456 5527 3581 5581 scit.

2019 5624 2224 5680 Deinde
2249 5623 2521 5689 fortassis,
2559 5624 2759 5679 dixerit
2804 5624 3026 5691 aliquis,
3060 5623 3294 5694 majores
3319 5621 3458 5690 apud
3485 5633 3584 5674 vos

2019 5717 2316 5775 exstitisse.
2378 5715 2656 5788 Siquidem
2718 5717 2792 5773 ibi
2835 5715 2976 5785 apud
3041 5729 3133 5769 vos
3209 5714 3390 5767 statim
3440 5710 3582 5766 inter
