4140 6140
358 342 361 343 ί
395 247 509 319 εδδ

1548 258 1983 322 ENCYCLICA
2038 258 2142 319 AD
2178 259 2517 324 GRAECOS.

3570 251 3677 316 ιεσ

398 370 553 439 δράσι
618 371 954 439 σοφωτάτοις
1013 391 1098 442 τε,
1154 374 1247 428 καὶ
1305 374 1745 439 εύῖασεστάτοις,
1802 375 1895 438 οὓς
1953 379 1983 447 ἠ

2101 386 2203 443 tes,
2236 394 2380 449 quos
2412 377 2659 434 Romana
2695 373 2935 431 Ecclesia
2960 372 3156 437 nutrit,
3191 367 3341 425 illius
3368 368 3677 424 doctrinam

410 462 698 532 Ῥωμαῖκὴ
748 463 1044 535 Ἐκκλησία
1097 468 1315 536 τρέφει,
1347 467 1632 537 ἑπόμενοι,
1682 469 1782 538 τήν
1813 485 1872 521 τε
1907 466 1986 520 διο

398 555 696 611 δασκαλίαν
745 559 844 612 καὶ
870 557 1054 613 πίστιν
1088 560 1308 630 εκείνης
1355 560 1719 628 ὑποδέξασθε.
1789 561 1897 614 Τόν
1923 577 1981 614 τε

398 649 663 719 ἀρχιερέα
696 650 791 704 καὶ
825 653 1061 723 ποιμένα
1108 638 1283 723 αύτῆς
1314 653 1415 723 τῆς
1455 654 1787 724 Ἑκκλησίας
1816 671 1984 722 κεφα-

396 741 500 809 λήν
522 759 601 796 τε.
651 744 748 799 καὶ
807 743 1072 815 ἄρχοντα,
1102 747 1201 800 καὶ
1250 749 1348 815 τῆς
1401 748 1643 810 πίστεως
1688 746 1884 815 ὁδηγόν
1922 762 1981 799 τε

397 834 499 887 καὶ
528 834 854 890 διδάσκαλον
882 836 1252 907 ἡγησάμενοι,
1288 837 1515 893 σέϐεσθέ
1550 854 1611 891 τε
1665 836 1853 903 αὐτὸν,
1888 836 1983 891 καὶ

399 927 693 999 ἡγουμένῳ
711 928 810 1003 τὴν
846 931 985 999 πρὸς
1009 930 1157 1001 ζωὴν
1188 929 1412 986 αίὼνιον
1452 931 1727 1000 φέρουσαν
1757 929 1979 985 ἕπεσθε.

396 1013 553 1074 Εἶναι
585 1020 696 1089 γὰρ
728 1019 792 1091 δὴ
826 1021 922 1075 καὶ
948 1020 1106 1077 τοῦτο
1141 1017 1203 1077 εὖ
1234 1023 1350 1077 ίστε
1388 1021 1500 1076 τῶν
1531 1022 1982 1090 ἀναγκαιοτάτων

398 1110 540 1181 πρὸς
573 1110 876 1182 σωτηρίαν.
932 1112 1027 1167 τον
1058 1113 1299 1185 ποιμένα
1357 1113 1557 1169 ειδέναι
1611 1115 1707 1166 τον
1757 1108 1981 1175 ἑαυτοῦ,

398 1202 794 1272 ιπιγινὼσκειν
844 1204 945 1273 τὴν
1006 1206 1254 1276 κεφαλὴν
1315 1205 1411 1259 τοῦ
1465 1204 1839 1274 πληρώματος
1869 1202 1981 1257 τῶν

394 1298 630 1364 πιστῶν,
665 1297 757 1351 τὸν
813 1297 1010 1353 ἑαυτοῦ
1059 1298 1302 1368 ἡγεμόνα
1361 1299 1458 1353 καὶ
1509 1297 1831 1367 γνωρίζειν,
1885 1295 1983 1351 καὶ

395 1391 684 1449 σέϐεσθαι.
715 1393 896 1449 Ὅπου
926 1393 1037 1465 γὰρ
1060 1395 1161 1449 οὐκ
1192 1395 1400 1465 ἄρχων,
1433 1395 1555 1447 εκεῖ
1575 1394 1772 1460 ἀταξία
1795 1410 1811 1425 ·
1842 1374 1979 1447 ὅπου

392 1482 455 1536 δι
484 1482 706 1551 ἀταξία,
739 1484 858 1539 ἐκεῖ
893 1485 1069 1550 λύσις,
1109 1485 1414 1557 Γρηγόριος
1436 1488 1463 1539 ὀ
1484 1484 1751 1553 Θεολόγος
1786 1483 1976 1554 φησίν.

392 1577 526 1631 Εῐτε
562 1580 674 1649 γάρ
698 1579 793 1631 tui.
823 1578 1006 1643 θείων,
1041 1578 1141 1632 εἴτ’
1188 1578 1284 1632 ἐπὶ
1314 1578 1679 1649 ἀνθρωπίνων
1710 1580 1979 1646 πραγμά-

389 1687 506 1724 των
544 1674 771 1727 σκοπεῖν
821 1672 1084 1735 ἐθέλοιτε,
1120 1671 1369 1737 ἀδελφοὶ,
1403 1672 1673 1741 εὑρήσετε
1715 1673 1849 1741 μίαν
1870 1672 1979 1725 δεῖν

2089 479 2147 527 et
2181 470 2346 526 tidem
2371 472 2663 542 suscipite,
2699 485 2762 525 ac
2788 468 3106 540 pontiﬁcem
3134 473 3482 535 etpastorcm
3503 462 3681 533 ipsius

2090 562 2351 618 Ecclesia
2387 575 2574 633 caput,
2606 574 2663 618 et
2710 560 3042 632 principem.
3087 566 3145 614 et
3178 557 3304 612 lidei
3357 554 3580 620 ducem,
3622 562 3682 608 et

2089 651 2379 709 doctorem
2410 668 2534 708 esse
2559 652 2967 711 existimantes.
3004 651 3187 720 ipsum
3219 644 3583 707 veneramini,
3622 650 3681 698 et

2089 745 2377 800 ductorem
2410 746 2647 807 itineris,
2682 744 2831 816 quod
2862 743 3017 798 ducit
3043 742 3110 797 ad
3139 741 3332 805 uitam,
3357 735 3677 808 sequimini.

2089 838 2338 908 Namque
2394 838 2501 894 hoc
2550 840 2717 893 etiam
2765 854 2889 894 esse
2920 836 3293 892 necessarium
3331 832 3397 888 ad
3442 831 3678 888 salutem

2088 934 2297 1001 optime
2330 933 2508 995 scitis,
2544 948 2705 987 nosse
2740 930 3024 1003 proprium
3049 939 3349 993 pastorem,
3378 937 3679 996 agnoscere

2088 1034 2254 1093 caput
2310 1023 2691 1079 universitatis
2742 1023 3011 1085 ﬁdelium,
3056 1024 3344 1093 proprium
3401 1027 3676 1075 rectorem

2087 1127 2145 1170 et
2170 1126 2361 1170 notum
2395 1117 2623 1179 habere,
2654 1126 2711 1171 et
2740 1118 2951 1172 colere.
2987 1115 3089 1172 Ubi
3111 1115 3259 1171 enim
3279 1129 3388 1169 non
3420 1121 3504 1167 est
3526 1111 3679 1180 prin-

2088 1225 2240 1277 ceps.
2301 1210 2375 1265 ibi
2428 1227 2540 1264 non
2574 1220 2658 1266 cst
2689 1210 2865 1277 ordo;
2896 1210 2990 1265 ubi
3028 1225 3134 1263 non
3167 1217 3251 1265 est
3292 1206 3450 1271 ordo,
3484 1205 3558 1260 ibi
3595 1209 3680 1258 est

2089 1302 2347 1357 confusio
2378 1318 2442 1357 ac
2464 1303 2781 1366 dissolutio,
2816 1301 2995 1371 inquit
3018 1300 3321 1373 Gregorius
3339 1297 3675 1367 Theologus;

2090 1398 2209 1450 sive
2235 1396 2384 1450 enim
2418 1400 2474 1450 in
2516 1396 2748 1457 divinis.
2784 1394 2899 1449 sive
2922 1395 2979 1449 in
3014 1393 3276 1448 humanis
3308 1391 3474 1446 rebus
3495 1387 3680 1444 cousi-

2089 1488 2289 1544 derare
2321 1488 2639 1552 volueritis,
2686 1488 2984 1557 reperietis
3040 1502 3210 1542 unum
3260 1494 3517 1554 oportere
3554 1495 3680 1539 esse

2089 1590 2418 1637 cunctorum
2472 1580 2832 1651 principium,
2881 1588 2941 1633 et
2977 1580 3137 1635 aliter
3190 1576 3309 1632 ﬁeri
3374 1591 3483 1630 non
3516 1588 3681 1645 posse

2091 1680 2151 1726 ut
2177 1687 2523 1743 quaecunque
2554 1689 2641 1729 res
2669 1669 2801 1727 sunt
2832 1681 2983 1729 recte
3005 1672 3401 1744 gubernentnr.
3433 1668 3678 1724 Primum

390 1758 539 1815 εἶναι
572 1766 671 1833 τὴν
715 1762 827 1817 τῶν
857 1764 1077 1817 πάντων
1130 1761 1324 1832 ἀρχὴν,
1376 1762 1473 1815 καὶ
1504 1761 1683 1824 ἄλλως
1735 1760 1811 1833 μὴ
1841 1757 1983 1815 εἶναι

2090 1763 2239 1820 enim
2268 1764 2327 1820 in
2354 1741 2557 1820 divinis
2582 1780 2708 1820 vcra
2723 1741 3170 1821 Christianorum
3204 1762 3476 1832 theologia
3507 1774 3677 1814 unum

387 1846 456 1907 εὖ
491 1850 816 1906 διοικεῖσθαι
853 1851 922 1905 τά
957 1850 1113 1905 ὄντα.
1150 1850 1388 1927 Αὐτίκα,
1420 1851 1517 1904 ἰπὶ
1552 1850 1651 1919 μὶν
1678 1851 1791 1905 τῶν
1814 1850 1982 1905 θείων

390 1946 431 2014 ἡ
468 1944 570 2011 μὶν
600 1943 810 2015 ἀληθὴς
832 1942 945 1997 τῶν
973 1942 1325 2015 Χριστιανῶν
1385 1942 1609 2009 εολογία
1640 1943 1739 1996 ἕνα
1772 1942 1865 1997 τὸν
1892 1942 1986 1996 ἐπὶ

392 2042 617 2093 πάντων
632 2036 879 2093 διδάσκει
906 2032 1049 2091 εἶναι
1088 2034 1248 2100 Θεὸν,
1277 2035 1373 2089 καὶ
1404 2032 1526 2088 ἐπεὶ
1558 2036 1615 2088 ιν
1636 2034 1816 2106 τρισὶν
1835 2034 1986 2088 ὶστὶν

389 2127 553 2195 οὗτος
610 2131 1007 2196 ὑποστάσεσιν,
1057 2129 1147 2184 ἵνα
1201 2127 1302 2199 τὴν
1353 2127 1587 2196 ἑνότητα
1618 2125 1832 2198 φυλάξῃ
1880 2125 1985 2196 τῆς

396 2224 577 2293 αὐτῆς
608 2239 668 2276 τε
708 2223 806 2279 καλ⁴
839 2223 985 2277 κατὰ
1015 2222 1199 2277 πάντα
1262 2221 1462 2287 ὁμοίας
1516 2219 1734 2282 οὐσίας,
1768 2220 1837 2272 τὰ
1866 2219 1985 2271 θεῖα

390 2318 581 2373 item
606 2315 813 2373 τίθεται
837 2316 1107 2387 πρόσωπα
1134 2328 1152 2345 ⁸
1174 2315 1223 2384 ἡ
1253 2313 1311 2367 δὲ
1332 2312 1441 2368 τῶν
1462 2310 1633 2367 ἐθνῶν
1654 2314 1717 2365 ἐκ
1752 2310 1860 2364 τῶν
1879 2311 1983 2390 ἀί·-

392 2409 619 2479 αθητῶν
638 2409 703 2480 δὴ
720 2408 925 2463 τούτων
953 2406 1263 2478 είλημμένη
1284 2405 1509 2473 γνῶσις,
1537 2409 1634 2458 καὶ
1654 2403 1794 2473 αὐτὴ
1816 2402 1987 2457 ταυτδ

388 2501 557 2557 τοῦτο
601 2502 873 2570 ὁμολογεῖ.
918 2501 981 2554 '0
1012 2501 1112 2569 μιν
1162 2500 1272 2567 γάρ
1298 2515 1383 2561 τις
1433 2495 1544 2551 τῶν
1606 2495 1741 2565 παρ’
1798 2494 1986 2559 αὐτοῖς

391 2594 755 2651 κλεινοτατων
778 2592 838 2647 ἓν
865 2594 925 2647 τὸ
952 2592 1171 2663 πρῶτον
1201 2591 1397 2658 αίτιον,
1426 2588 1487 2643 ἓν
1515 2588 1575 2665 τὺ
1600 2588 1824 2666 πάντων
1876 2586 1987 2641 τῶν

391 2691 569 2744 ὄντων
592 2687 968 2743 ύποστατικὸν
993 2684 1231 2751 τίθεται,
1264 2684 1372 2739 κᾶν
1400 2682 1631 2745 πολλοὺς
1660 2681 1778 2752 μετ’
1810 2683 1987 2735 ικεῖνο

390 2784 682 2853 ὁντότητος
716 2784 915 2854 εἰσάγῃ
950 2778 1217 2851 βαθμοὺς,
1257 2778 1388 2849 μίαν
1423 2776 1626 2847 ἀρχὴν,
1661 2774 1759 2827 καὶ
1784 2774 1987 2838 πολλὰς

392 2873 596 2943 ἀρχὰς,
634 2871 740 2924 ὑπὸ
792 2870 892 2941 τὴν
926 2869 1157 2940 πρώτην
1204 2884 1268 2934 γε
1318 2867 1474 2936 ὅμως
1518 2860 1684 2926 οὔσας
1723 2861 1983 2930 δοξάζων.

411 2965 474 3019 Ὅ
500 2965 559 3019 δέ
586 2982 672 3027 τις
698 2962 869 3018 ταυτὸ
901 2963 998 3017 καὶ
1025 2960 1211 3028 αὐτὸς,
1240 2957 1331 3014 διὰ
1392 2956 1605 3012 πολλῶν
1652 2955 1851 3024 λόγων,
1884 2949 1987 3007 εἶθ’

398 3055 592 3127 ῶσπερ
633 3040 1170 3122 συμπεράινόμενος,
1225 3049 1318 3101 ὑπ’
1358 3047 1522 3103 ἄλλου
1573 3064 1669 3101 του
1711 3045 1823 3098 τῶν
1850 3044 1985 3098 πολὺ

402 3146 513 3219 πρὸ
566 3145 737 3203 αὐτοῦ
792 3144 1077 3212 τὸνλόγον
1129 3141 1546 3210 δανεισάμενος,
1580 3139 1698 3193 υύκ
1753 3136 1983 3205 ἀγαθὸν,

404 3245 566 3316 φησι,
596 3240 1017 3313 πολυκοιρανίη.
1049 3234 1143 3303 Εἷς
1190 3237 1445 3309 κοίρανος
1492 3234 1657 3296 ἔστω,
1703 3230 1781 3297 εἷς
1828 3233 1983 3304 βασι-

401 3338 552 3401 λεύς.
583 3338 659 3391 Ού
708 3336 817 3406 γὰρ
850 3332 1019 3398 θέλει,
1054 3331 1213 3402 φησὶ,
1256 3330 1328 3383 τὰ
1360 3329 1491 3384 ὅντα
1537 3328 1725 3389 κακῶς
1768 3327 1987 3380 διοικεῐο

402 3432 551 3493 σθαι,
579 3430 654 3492 ὡς
686 3428 752 3499 δὴ
784 3425 970 3489 κακῶς
991 3421 1352 3493 διοικούμενα
1385 3421 1475 3489 ἂν,
1506 3420 1556 3474 εί
1586 3420 1663 3492 μὴ
1683 3420 1781 3474 ἕνα
1809 3418 1986 3491 ἔχοιεν

398 3524 494 3577 τὸν
524 3522 842 3590 ἐπιστάτην.

413 3630 421 3639 ’
476 3618 610 3686 Περὶ
659 3614 716 3668 δέ
744 3630 809 3682 γε
870 3611 980 3666 τῶν
1032 3610 1396 3683 ἀνθρωπίνων
1425 3628 1485 3664 τε
1541 3606 1640 3664 καὶ
1694 3608 1985 3663 πολιτικῶν

399 3711 744 3777 διοικήσεων,
800 3706 897 3760 καὶ
950 3703 1117 3759 αὐτοῦ
1182 3704 1280 3759 τοῦ
1343 3703 1626 3759 πολιτικοῦ
1664 3702 1898 3771 ἀγαθοῦ,
1932 3703 1983 3756 οί

398 3801 558 3854 αύτοί
587 3812 647 3851 τε
686 3798 783 3852 καὶ
836 3798 1039 3860 πάντες
1074 3797 1123 3849 oi
1176 3795 1353 3861 ἄλλοι,
1401 3797 1498 3847 καὶ
1562 3793 1670 3865 πρὸ
1716 3794 1900 3848 αὐτῶν
1955 3794 1985 3846 ὁ

397 3893 596 3962 Σωτὴρ
629 3890 790 3963 ἡμῶν
826 3887 1039 3960 Ἰησοῦς
1078 3888 1314 3960 Χριστὸς
1341 3886 1443 3958 τὴν
1471 3889 1612 3941 κατὰ
1642 3887 1844 3957 νόμους
1889 3903 1985 3956 μο-

396 3988 633 4055 ναρχίαν
692 3984 825 4055 περὶ
861 3981 1113 4045 πλείονος
1162 3981 1273 4035 τῶν
1309 3980 1487 4036 ἄλλων
1536 3982 1778 4033 ποιεῖται
1832 3981 1986 4034 πολι-

398 4079 584 4135 τειῶν.
627 4077 911 4132 Ἀπόδοτε
929 4076 1063 4146 γὰρ,
1095 4076 1266 4147 φησὶν
1301 4076 1529 4138 ἐκεῖνος,
1558 4074 1630 4128 τὰ
1675 4073 1983 4141 Καίσαρος

397 4172 681 4240 Καίσαρι.
706 4172 810 4226 καί
869 4168 941 4225 τὰ
991 4168 1101 4224 τοῦ
1132 4168 1285 4224 Θεοῦ
1317 4165 1400 4233 τῷ
1435 4166 1562 4234 Θεῷ
1583 4183 1597 4200 ο
1628 4166 1703 4231 ὼς
1725 4166 1847 4231 ἑνὸς
1882 4166 1982 4237 μὲν

398 4267 460 4319 ιν
505 4264 758 4335 ούρανοῐς
805 4262 963 4326 ὗντος
996 4259 1157 4327 θεοῦ,
1192 4260 1311 4322 ἑνὸς
1338 4261 1397 4313 ὁὶ
1442 4262 1539 4315 καὶ
1570 4258 1846 4331 μονάρχου
1875 4259 1981 4313 τοῦ

398 4356 681 4425 Καίσαρος
714 4354 810 4409 επὶ
845 4356 971 4423 γῆς.
1004 4353 1130 4407 Τῶν
1170 4353 1229 4406 δέ
1264 4368 1326 4422 γε
1358 4352 1453 4405 τοῦ
1488 4352 1700 4420 κόσμου
1735 4349 1918 4419 σοφῶν
1950 4352 1981 4405 ὁ

2087 1871 2212 1912 esse
2248 1855 2416 1911 Deum
2446 1872 2617 1927 super
2637 1857 2823 1912 omnia
2846 1857 3031 1917 docet,
3064 1856 3396 1925 etquoniam
3429 1853 3518 1909 hic
3533 1852 3681 1908 Deus

2089 1949 2145 2004 in
2176 1948 2363 2004 tribus
2390 1958 2478 2004 est
2506 1949 2921 2019 hypostasibus.
2956 1958 3016 2004 ut
3038 1949 3307 2004 unitatem
3326 1959 3503 2002 servet
3532 1946 3681 2015 ejus-

2087 2041 2214 2096 dem
2242 2056 2309 2097 ae
2362 2056 2458 2112 per
2486 2042 2672 2096 omnia
2722 2042 2923 2100 similis
2950 2042 3280 2099 substantia
3310 2042 3433 2097 illas
3463 2040 3683 2096 divinas

2090 2148 2356 2201 personas
2388 2136 2563 2202 ponit,
2597 2141 2654 2189 ct
2686 2135 2906 2191 statuit.
2941 2132 3247 2191 Gentilium
3278 2148 3410 2189 vero
3442 2148 3474 2189 a
3504 2133 3686 2188 sensi-

2089 2222 2297 2279 biiibus
2338 2224 2458 2280 istis
2498 2234 2715 2299 sumpta
2752 2225 2949 2281 notitia
3014 2237 3071 2281 et
3104 2226 3225 2295 ipsa
3257 2224 3361 2281 hoc
3405 2224 3552 2279 idem
3598 2224 3682 2277 fa-

2090 2326 2259 2372 tetur.
2293 2316 2432 2372 Nam
2471 2333 2613 2373 unus
2643 2318 2871 2387 quidem
2897 2318 3042 2388 apud
3076 2320 3225 2388 ipsos
3254 2317 3680 2380 celeberrimus,

2090 2424 2257 2465 unam
2299 2412 2536 2482 primam
2572 2426 2823 2476 causam,
2866 2427 3035 2466 unum
3068 2412 3318 2466 omnium
3353 2426 3538 2467 rerum
3582 2426 3682 2465 au-

2087 2512 2302 2559 ctorem
2339 2514 2398 2561 et
2429 2505 2779 2560 conditorem
2838 2506 3017 2574 ponit.
3052 2504 3318 2573 Quamvis
3361 2515 3487 2578 post
3527 2505 3682 2560 illum

2089 2596 2301 2651 multos
2343 2610 2556 2661 rerum,
2607 2612 2729 2667 quae
2762 2609 2915 2659 sunt,
2960 2598 3166 2667 gratius
3213 2580 3681 2654 indueatéuuuat

2087 2688 2425 2759 principium
2458 2700 2514 2745 et
2541 2689 2712 2744 multa
2744 2690 3038 2760 principia,
3061 2706 3184 2761 quae
3206 2700 3390 2746 tamen
3407 2691 3685 2748 exsistant

2087 2780 2348 2849 opinatus
2378 2781 2484 2837 sub
2528 2783 2729 2852 primo.
2755 2783 2912 2837 Alter
2941 2799 3075 2839 vero
3108 2784 3252 2839 idem
3289 2783 3445 2853 ponit
3475 2794 3531 2838 et
3563 2784 3682 2852 ipse

2088 2872 2280 2927 multis
2307 2872 2661 2934 rationibus;
2693 2871 2894 2928 deinde
2930 2874 3088 2944 quasi
3119 2874 3463 2931 concludens
3478 2873 3548 2929 ab
3575 2876 3685 2929 alio

2090 2963 2354 3033 quodam,
2400 2963 2496 3035 qui
2535 2965 2771 3020 multum
2820 2982 2946 3022 eum
2978 2967 3297 3031 antecessit,
3346 2966 3681 3031 sententiam

2093 3062 2381 3109 mutuatus
2412 3068 2429 3104 :
2458 3055 2579 3110 Non
2614 3066 2719 3118 est,
2751 3053 2952 3125 inquit,
2984 3054 3129 3109 bona
3167 3056 3470 3111 multorum
3505 3054 3683 3110 donti-

2094 3148 2244 3202 natio
2275 3165 2292 3215 ;
2327 3164 2472 3203 unus
2500 3146 2766 3203 dominus
2811 3156 2954 3214 esto,
3006 3163 3149 3205 unus
3179 3164 3301 3204 rex.
3339 3147 3460 3205 Non
3503 3148 3677 3215 enim,

2096 3242 2301 3313 inquit,
2339 3250 2576 3312 possunt
2604 3242 2757 3298 entia
2792 3251 2942 3297 recte
2977 3242 3681 3300 administrari.NimiruIt

2092 3335 2237 3389 male
2292 3333 2849 3402 administrarentur,
2895 3336 3001 3392 nisi
3029 3350 3173 3393 unus
3211 3336 3474 3394 omnibus
3502 3335 3685 3408 praeli-

2092 3439 2314 3485 σοι-ειυτ

2164 3614 2241 3670 De
2272 3612 2528 3669 humanis
2553 3626 2687 3667 vero
2711 3618 2769 3667 et
2793 3609 3035 3682 poiiticis
3090 3608 3679 3666 administrationibus

2092 3707 2326 3779 ipsoque
2367 3704 2594 3776 politico
2640 3704 2789 3761 bono
2837 3702 3007 3758 iidem
3056 3713 3336 3769 auctores,
3378 3710 3437 3758 et
3482 3718 3683 3761 omnes

2093 3800 2207 3867 alii,
2238 3810 2294 3855 et
2336 3809 2464 3853 ante
2510 3796 2662 3867 ipsos
2693 3795 2950 3851 Salvator
2991 3804 3184 3851 noster
3216 3794 3379 3851 Jesus
3426 3793 3684 3852 Christus

2092 3893 2270 3965 pluris
2295 3892 2446 3959 facit,
2477 3906 2641 3959 quam
2662 3890 2771 3944 alia
2800 3889 3096 3960 regimina,
3122 3888 3425 3959 legitimam
3460 3902 3685 3942 monar-

2090 3984 2293 4041 chiztm.
2320 3980 2540 4038 Reddite
2580 3981 2752 4042 enim,
2798 3979 2979 4049 inquit
3030 3978 3138 4045 ille,
3167 3993 3286 4050 qua:
3331 3986 3457 4031 sunt
3503 3976 3685 4032 Casa-

2092 4080 2166 4133 ris
2196 4074 2422 4141 Gauri,
2450 4083 2500 4129 et
2545 4088 2664 4146 quae
2710 4080 2834 4127 ειιηι
2879 4071 2974 4127 Dei
3003 4070 3134 4133 Des,
3186 4080 3245 4124 ιιι
3300 4086 3412 4125 uno
3457 4068 3683 4141 quidem

2094 4173 2206 4228 Deo
2251 4172 2308 4226 in
2357 4170 2513 4227 caelis
2566 4169 2890 4233 exsistcute,
2921 4182 3033 4225 uno
3063 4183 3193 4223 vero
3218 4166 3434 4223 Caesare
3461 4183 3685 4224 monar-

2090 4269 2194 4324 cha
2217 4266 2517 4322 exsistente
2545 4262 2599 4317 in
2625 4264 2811 4319 terris.
2857 4263 2939 4319 Ex
2973 4261 3314 4333 sapientibus
3363 4275 3492 4316 vero
3515 4276 3682 4316 mun-

2092 4359 2272 4427 danis,
2320 4359 2414 4431 qui
2472 4359 2617 4430 apud
2661 4372 2762 4413 eos
2795 4356 3005 4429 primas
3031 4366 3215 4427 partes
3259 4354 3545 4425 sapientiae
3572 4354 3677 4410 ob-

400 4450 503 4523 μιν
526 4450 599 4503 τά
644 4448 742 4519 τῆς
776 4446 971 4518 σοφίας
1006 4447 1258 4515 πρωτεία
1306 4444 1443 4515 παρ’
1467 4445 1700 4506 ικείνοις
1731 4444 1983 4514 κατίχων

2090 4454 2263 4519 tinet,
2310 4453 2455 4509 hanc
2498 4452 2742 4523 speciem
2806 4449 3067 4521 imperii,
3109 4458 3168 4504 et
3227 4461 3398 4503 unum
3437 4446 3679 4516 aliquem

395 4543 561 4599 τοῦτο
602 4540 705 4609 τῆς
736 4540 915 4612 ἀρχῆς
943 4538 1007 4594 τὸ
1055 4534 1221 4601 είόος,
1257 4537 1438 4591 καὶτὸ
1462 4537 1557 4591 ἱνα
1600 4536 1725 4591 τινὰ
1760 4536 1986 4590 πάντων

398 4635 593 4706 ἄρχειν
618 4630 729 4688 τῶν
762 4631 939 4688 ἄλλων
963 4630 1309 4699 ὑπερέχοντα
1355 4630 1549 4701 ἀρετῇ,
1588 4627 1731 4700 ὑπὲρ
1761 4628 1862 4689 τὰς
1891 4625 1989 4679 άλ-

396 4728 497 4793 λας
526 4726 809 4788 πολιτείας
849 4723 1021 4778 οἴεται
1064 4716 1232 4776 εἶναι.
1269 4720 1388 4774 Κᾶν
1423 4721 1596 4790 αὐτὴν
1640 4719 1819 4781 εῐποις
1865 4719 1987 4789 ἀρι-

398 4816 755 4892 στοκρατίαν,
789 4816 859 4889 ἢν
891 4814 1045 4884 παρὰ
1075 4810 1215 4868 πολῦ
1269 4812 1379 4866 τῶν
1412 4812 1590 4868 ἄλλων
1614 4810 1864 4882 βελτίονα
1903 4810 1987 4865 τί-

314 4946 321 4951 ·
397 4913 576 4980 θεται,
601 4912 677 4974 ὡς
699 4907 1035 4981 ὁμοιοτάτην
1064 4925 1123 4961 τε
1148 4909 1217 4978 τῇ
1247 4904 1484 4979 ἀληθείᾳ
1504 4905 1702 4977 ἀρχὴν,
1730 4905 1825 4959 καὶ
1850 4904 1988 4959 πάν-

396 5023 510 5062 των
568 5003 878 5076 βελτίστην,
913 5003 1115 5073 τήν-γε
1164 5000 1428 5070 τοιαύτην
1479 5000 1731 5070 ἐκκρίνει
1761 5015 1821 5053 τε
1887 4999 1984 5054 καὶ

397 5097 627 5169 ἐξαίρει.
665 5096 736 5149 '0
769 5096 818 5149 τ’
859 5096 1073 5148 ικείνου
1102 5092 1385 5163 ἀκροατής
1424 5090 1610 5147 πάντα
1643 5091 1712 5147 τὰ
1737 5091 1848 5146 τῶν
1878 5106 1984 5146 πο-

396 5188 624 5245 λιτικῶν
662 5187 987 5257 ικθίμενος,
1021 5184 1229 5255 ταύτην
1294 5184 1498 5254 μᾶλλον
1544 5184 1655 5239 τῶν
1684 5184 1865 5239 ἄλλων
1891 5184 1985 5240 do-

310 5307 322 5319 ο
400 5282 654 5354 κιμάζει,
684 5278 1097 5352 παμϐασιλείαν
1136 5278 1310 5349 αὐτὴν
1346 5278 1659 5350 ὀνομάζων.

472 5376 586 5448 Τὴν
633 5374 701 5446 δὴ
758 5374 1001 5446 ἀρίστην
1051 5373 1262 5443 ταύτην
1292 5372 1389 5427 καὶ
1440 5371 1789 5443 τελεωτάτην
1822 5371 1884 5428 ἓν
1913 5389 1982 5442 γε

401 5470 510 5531 τοῖς
542 5468 727 5540 ῥέουσι
755 5464 969 5528 τούτοις
1000 5464 1095 5518 καὶ
1121 5463 1299 5534 χαμαὶ
1342 5463 1621 5533 κειμένοις
1651 5452 1982 5534 πράγμασιν

400 5562 575 5625 οὕτως
601 5559 915 5629 ἀναγκαίαν
941 5552 1110 5611 οὖσαν
1141 5556 1200 5609 ὲν
1227 5557 1293 5627 τῇ
1335 5554 1448 5609 τῶν
1473 5553 1668 5626 ψυχῶν
1698 5555 1807 5609 τῶν
1841 5556 1983 5611 αἰω-

400 5653 557 5717 νίων,
590 5652 688 5707 καὶ
743 5651 841 5721 τῆς
871 5650 1029 5721 ίερᾶς
1068 5646 1165 5703 τοῦ
1214 5645 1354 5700 Θεοῦ
1388 5646 1723 5718 Ἐκκλησίας
1751 5649 1981 5702 ἑπιστα-

417 5749 531 5815 σία,
564 5724 1220 5818 ἀτιμάζομεν,άδε).φοί;
1276 5739 1581 5812 Μηδαμῶς.
1623 5739 1887 5799 Ἐντάὓθὰ
1922 5759 1978 5798 τε

2091 4546 2351 4601 omnibus
2381 4545 2506 4600 aliis
2529 4548 2826 4615 imperare,
2855 4540 2951 4612 qui
2986 4539 3223 4596 excellat
3250 4538 3478 4604 virtute,
3512 4551 3683 4609 super

2088 4634 2195 4691 alia
2222 4636 2491 4707 regimina
2540 4642 2734 4690 censet
2773 4620 2919 4696 esse,
2952 4628 3103 4702 quod
3134 4629 3303 4685 etiam
3351 4627 3507 4696 dicas
3534 4627 3682 4699 opti-

2091 4743 2241 4783 mum
2269 4727 2670 4799 principatum,
2689 4713 2868 4797 quem
2899 4724 3062 4795 longe
3089 4720 3535 4794 prastantiorem
3557 4720 3681 4776 aliis

2089 4818 2305 4881 statuit,
2363 4811 2624 4888 tanquam
2666 4816 3012 4873 simillimum
3053 4813 3279 4868 veritati
3331 4809 3576 4882 (divinae)
3626 4820 3685 4866 et

2087 4909 2332 4964 omnium
2364 4908 2656 4978 optimum.
2686 4894 2847 4961 nunc
2872 4905 3035 4960 talem
3087 4903 3313 4975 praefert
3336 4902 3461 4958 aliis
3489 4912 3547 4957 et
3586 4916 3685 4956 ex-

2089 5000 2254 5055 tollit.
2290 5000 2426 5070 Ejus
2467 5016 2597 5058 vero
2630 5000 2859 5055 auditor
2886 5013 3082 5052 omnes
3127 4996 3351 5067 poiitias
3395 5011 3683 5067 exponens

2088 5092 2237 5148 hanc
2285 5093 2460 5163 magis
2497 5107 2664 5163 quam
2699 5093 2839 5148 alias
2893 5092 3187 5165 approbat,
3228 5104 3354 5147 eam
3398 5088 3685 5172 appellans

2087 5198 2358 5241 summam
2389 5186 2594 5255 regiam
2630 5192 2983 5255 potestatem.

2156 5373 2312 5428 Hanc
2364 5372 2533 5443 igitur
2586 5372 2851 5444 optimam
2897 5383 2956 5430 et
3010 5354 3507 5443 absolutissimum,
3554 5395 3682 5451 quae

2085 5462 2227 5520 adeo
2251 5463 2306 5519 in
2332 5462 2418 5519 his
2450 5463 2615 5519 ﬂuxis
2660 5473 2717 5521 et
2740 5465 2969 5521 caducis
3002 5465 3171 5522 rebus
3213 5470 3526 5525 necessaria
3567 5481 3673 5534 est.

2085 5560 2140 5614 in
2198 5559 2367 5615 rebus
2405 5561 2628 5615 intentis
2676 5562 3013 5627 animorum,
3059 5570 3116 5617 et
3159 5577 3527 5620 sacrosancta:
3577 5565 3672 5622 Dei

2083 5650 2341 5707 Ecclesia:
2364 5651 2709 5721 principatus
2732 5652 3212 5711 administratione
3232 5659 3668 5725 contemnimus,

2084 5744 2324 5804 fratres?
2347 5745 2511 5802 absit.
2552 5746 2649 5803 liic
2677 5746 2826 5804 enim
2867 5749 3041 5822 magis
3070 5749 3419 5806 necessarius
3444 5756 3532 5805 est
3566 5748 3667 5807 bo.
