4062 6146
1482 281 1904 346 ENCYCLICA
1942 280 2042 341 AD
2080 278 2396 340 GRAECOS
2410 320 2425 336 .
3477 256 3586 321 482

431 430 940 497 SUPERlOREM
985 424 1443 507 EPISTOLAM
1489 421 1839 483 IPSEMET
1883 415 2328 479 BESSARION
2367 415 2415 475 E
2459 406 2752 473 GRJECA
2798 362 3166 467 LATlNAM
3213 396 3478 468 FECIT.

734 536 967 612 QUAM
1012 530 1167 593 NOS
1200 526 1507 592 POSTEA
1554 512 1997 585 REPERTAM
2044 516 2633 579 IVlPRIMENDAM
2680 511 3166 576 CURAVIMUS.

322 294 419 362 481

329 687 747 753 BESSAlllON,
788 684 974 741 divina
1006 675 1363 739 miseratione
1400 680 1712 743 sanctaque
1750 667 1910 725 Sedis
1942 675 1982 730 Α
2015 668 2212 738 potuit,
2250 677 2309 723 ut
2336 665 2642 720 moralibus
2677 662 2982 717 virtutibus
3011 657 3250 731 praediti,
3280 663 3336 715 et
3370 654 3591 727 sapien-

396 783 731 858 Apostulica:
774 778 974 849 gratia,
1017 782 1385 831 sacrosancta:
1419 770 1681 825 Romana:
1721 764 1912 820 Eccle-
2016 761 2168 826 tiam,
2210 774 2266 817 et
2328 762 2726 833 principatum,
2760 767 2816 814 et
2873 759 3045 827 ipsam
3103 753 3352 809 omnium
3406 764 3593 806 rerum

401 843 497 935 siie
528 843 853 935 cardinalis,
880 870 1202 941 patriarcha
1229 859 1910 930 ConstantinOpolitanus.
2014 857 2396 912 dulcissimam
2429 856 2744 910 libertatem
2781 849 3107 906 amiserint?
3156 848 3277 903 Non
3306 846 3452 901 enim
3487 843 3600 900 for-
3620 888 3633 897 .

314 965 317 967 ’
400 971 630 1029 Dilectis
682 970 736 1023 in
784 966 1011 1024 Christo
1051 960 1323 1021 lratribns
1369 967 1427 1013 et
1462 954 1595 1011 filiis
1639 950 1948 1022 archiepi-_
2019 951 2311 1029 tuna,_vel
2365 964 2549 1015 casus,
2584 955 2683 1002 aut
2734 944 3067 1001 temerarius
3108 956 3297 997 rerum
3338 949 3599 1000 eventus,

399 1027 609 1135 scopis,
643 1036 945 1132 episcopis.
997 1050 1363 1125 presbyteris,
1409 1048 1724 1109 monachis,
1756 1054 1916 1098 cmte-
2018 1062 2083 1101 ac
2116 1027 2296 1099 [lusus
2326 1038 2604 1098 instabilis
2634 1048 2847 1094 tantam
2878 1036 3083 1092 nostris
3115 1033 3487 1091 calamitatem
3522 1033 3606 1087 in-

401 1128 603 1228 mina
642 1128 1033 1209 ecclesiasticis
1082 1154 1139 1201 ct
1194 1140 1558 1217 saecnlarihus
1601 1136 1740 1191 viris
1789 1150 1917 1204 pro-
2019 1141 2220 1201 tulere,
2252 1139 2354 1193 nisi
2387 1138 2511 1208 quis
2540 1145 2697 1206 putet
2752 1150 2843 1191 res
2891 1132 3164 1189 humanas
3194 1130 3383 1186 divina
3417 1128 3608 1184 Provi-

404 1220 619 1309 vincies
636 1254 844 1300 sancta:
866 1239 985 1297 sedi
1009 1231 1645 1303 Constantinopolitanae
1667 1227 1919 1282 subditas
2022 1235 2209 1290 dentia
2245 1234 2473 1288 minimc
2501 1230 2825 1302 gubernari,
2854 1228 3001 1298 quod
3027 1228 3195 1282 etiam
3226 1224 3472 1295 cogitare
3506 1220 3609 1275 im-

407 1340 813 1404 habitantibus,
850 1336 1109 1405 gratiam.
1158 1342 1351 1400 pacem
1379 1302 1437 1381 ἐι
1466 1323 1919 1381 Μηεόὶοιίοιιθιη
2027 1328 2179 1398 pium
2232 1336 2338 1392 est,
2394 1334 2559 1395 atque
2611 1323 2909 1379 nefarium.
2964 1320 3071 1375 Sed
3127 1334 3231 1373 nec
3278 1302 3635 1371 delictorum.

385 1455 439 1495 ta
474 1437 588 1493 Deo
636 1432 1049 1500 omnipotente.
1086 1420 1419 1478 Veientibus
1446 1418 1739 1483 duntaxat,
1772 1429 1923 1469 eam-

2065 1428 2347 1476 ostrorum
2403 1417 2819 1475 multitudinem
2871 1416 2991 1486 ejus
3045 1415 3120 1467 rei
3172 1427 3391 1467 causam
3441 1407 3615 1464 fuisse

408 1545 520 1605 que
576 1505 836 1583 obtinere
890 1514 1378 1575 desideratum“.
1428 1519 1486 1567 ει
1542 1525 1666 1580 qua
1725 1506 1795 1562 ad
1854 1506 1947 1560 il"
2027 1513 2325 1569 dicendum
2355 1524 2461 1575 cst,
2483 1519 2544 1565 ut
2572 1510 2794 1582 quidam
2819 1511 2930 1565 Deo
2960 1524 3016 1564 se
3044 1505 3406 1586 humiiiantes
3427 1501 3615 1595 dicere

404 1590 517 1683 lam
587 1615 947 1677 obtinendam
1004 1612 1220 1666 ducunt
1269 1606 1424 1661 omni
1480 1612 1686 1660 conatu
1756 1613 1925 1670 agen-

2064 1615 2458 1677 onsueverunt.
2485 1605 2674 1678 Neque
2698 1603 2846 1659 enim
2873 1618 2976 1657 nos
3006 1600 3178 1672 magis
3204 1613 3371 1670 quam
3405 1590 3618 1652 eceterae

411 1718 590 1776 tibus.
692 1724 693 1727 ‘
2030 1701 2478 1757 Christianorum
2510 1699 2787 1763 nationes,
2827 1712 2965 1767 quas
3000 1709 3149 1748 nunc
3181 1691 3464 1747 mundana
3515 1688 3618 1746 ista

411 1811 796 1869 valuissemus
825 1799 1102 1873 profecto,
1133 1792 1323 1851 dilecti
1351 1791 1552 1847 fratres
1581 1798 1636 1845 et
1668 1786 1790 1852 ﬁlii.
1820 1782 1925 1854 ipsi
2034 1796 2300 1852 felicitate
2333 1795 2443 1848 frui
2484 1792 2764 1859 videmus,
2803 1790 3045 1862 peccatis
3078 1786 3291 1843 nostris
3326 1785 3500 1840 Deum
3539 1784 3617 1838 ir-

337 1905 629 1963 vobiaeum
677 1900 974 1969 loquentes
1000 1892 1134 1946 dare
1163 1898 1327 1959 atque
1373 1886 1629 1954 accipere
1657 1879 1928 1935 rationem

338 2013 534 2058 eorum
571 2010 709 2067 qum
729 1992 795 2048 ad
839 1997 1079 2043 vestram
1111 1984 1344 2037 salutem
1380 1974 1707 2032 necessaria
1748 1981 1877 2026 sunt
1912 2008 1927 2033 ,

341 2104 582 2167 qucque
606 2101 703 2143 vos
736 2095 793 2139 et
818 2080 994 2150 loqui,
1030 2086 1085 2133 et
1124 2089 1285 2145 agerc
1320 2071 1569 2125 fraterno
1614 2076 1667 2122 et
1703 2074 1960 2167 paterno.

338 2158 545 2244 ἑιεεὶυ
604 2178 1012 2235 desideramus.
1070 2169 1178 2223 Sed
1235 2165 1499 2237 quoniam
1568 2169 1625 2214 et
1684 2158 1934 2213 conditio

340 2277 700 2354 prater-utinm
755 2284 975 2332 rerum,
1025 2273 1082 2319 et
1128 2268 1280 2317 tanta
1336 2258 1569 2311 vastitas
1613 2251 1821 2323 pelagi,
1871 2264 1936 2305 ac

345 2343 685 2441 interiacens
716 2359 1009 2432 longitudo
1035 2367 1317 2411 terrarum
1349 2353 1402 2405 id
1433 2349 1752 2419 prohibent,
1782 2343 1931 2413 quod

345 2437 629 2533 reliquum
682 2469 802 2521 est,
861 2451 1064 2508 litteris
1114 2449 1356 2504 cilicium
1412 2451 1672 2498 nostrum
1709 2437 1938 2509 exsequi

344 2555 701 2618 conabimur,
730 2559 784 2603 et
816 2548 920 2601 hac
948 2542 1183 2614 epistola
1208 2538 1536 2611 particulam
1572 2534 1817 2603 aliquam
1845 2544 1942 2586 eo-

346 2663 472 2705 rum
498 2660 621 2717 qua:
648 2656 835 2698 coram
870 2640 1232 2716 loqueremur
1270 2630 1665 2701 exprimemus.
1698 2624 1941 2680 Obsecro

346 2749 536 2797 autem
566 2735 821 2799 Domino,
871 2740 933 2784 ut
967 2744 1033 2784 ea
1074 2741 1174 2782 vos
1213 2724 1490 2780 charitate
1520 2717 1786 2781 audiatis,
1820 2729 1944 2785 qua:

348 2834 627 2889 dicturus
657 2842 806 2890 sum,
842 2838 969 2879 cum
1005 2836 1112 2893 qua
1157 2819 1276 2889 ipse
1310 2831 1413 2872 vos
1458 2815 1733 2882 alloquor.
1762 2810 1946 2867 Testis

349 2934 437 2981 est
463 2923 610 2978 enim
650 2920 786 2974 mihi
835 2917 955 2986 ipse
1006 2914 1174 2977 Deus;
1209 2924 1375 2980 quem
1412 2907 1576 2963 nulla:
1610 2908 1816 2960 nostra?
1854 2917 1946 2958 co-

354 3014 657 3087 gitationes
696 3014 867 3067 latere
912 3015 1165 3079 possunt,
1199 3002 1345 3075 quod
1374 3000 1562 3071 primo
1603 2996 1830 3069 quidem
1854 3012 1947 3053 sc—

354 3112 444 3167 lus
472 3110 619 3180 ejus,
655 3105 857 3162 deinde
903 3100 1277 3157 arctissimum
1312 3092 1609 3151 charitatis
1635 3091 1947 3154 vinculum,

353 3219 471 3274 quo
496 3201 707 3257 nationi
744 3206 953 3253 nostrae
983 3190 1369 3267 astringimur,
1402 3203 1493 3244 me
1548 3197 1610 3241 ut
1652 3186 1767 3240 haec
1805 3184 1948 3239 scri-

2035 1890 2345 1944 ritavimus.
2384 1886 2669 1957 Siquidem
2700 1895 2757 1943 et
2787 1884 2998 1941 dictum
3030 1893 3134 1947 est,
3168 1892 3224 1936 et
3250 1893 3383 1935 vere
3411 1878 3619 1933 dictum

2035 1978 2138 2047 ést,
2168 1990 2227 2037 ut
2269 1981 2531 2044 arbitror,
2565 1988 2786 2035 nostros
2817 1974 2872 2033 in
2918 1978 2988 2034 iis
3031 1990 3156 2047 quin
3202 1972 3267 2029 ad
3316 1982 3504 2028 mores
3562 1978 3621 2025 et

2037 2078 2163 2131 vita:
2196 2076 2541 2131 honestatem
2591 2073 2895 2143 pertinent,
2925 2069 3092 2126 nullis
3125 2082 3250 2124 esse
3301 2064 3622 2129 inferiores.

2040 2167 2355 2223 Verendum
2399 2168 2568 2238 igitur
2594 2180 2665 2220 ne
2690 2150 2877 2235 p0tius
2912 2172 2993 2219 tot
3029 2169 3425 2230 tantorumque
3449 2156 3624 2237 malo-

2039 2277 2164 2316 rum
2196 2261 2396 2324 fomes.
2452 2268 2508 2317 et
2556 2259 2789 2315 materia
2823 2256 3014 2321 fuerit,
3061 2254 3207 2326 quod
3247 2252 3418 2309 Graci
3474 2244 3624 2307 veris

2042 2348 2394 2424 ddgmatihus
2435 2368 2536 2422 per
2590 2351 2903 2407 socordiam
2938 2347 3159 2405 omissis
3192 2349 3262 2403 ab
3297 2338 3624 2401 intemerata

2045 2446 2175 2503 ﬁdei
2216 2448 2449 2502 veritate
2484 2453 2861 2507 secesserunt,
2894 2453 2953 2501 et
2984 2442 3375 2500 inconsutilcm
3410 2437 3625 2495 Domini

2045 2542 2295 2597 tunicam
2321 2540 2638 2596 scindentes
2665 2556 2695 2595 a
2718 2539 2989 2595 catholica
3014 2535 3262 2595 Ecclesia
3286 2541 3419 2591 sunt
3443 2530 3627 2590 divisi.
3652 2540 3653 2543 ‘

2045 2631 2221 2703 Cujus
2248 2632 2325 2686 rei
2358 2647 2525 2688 causa
2562 2631 2667 2686 iuit
2700 2631 2986 2686 temeritas
3013 2626 3379 2699 quorumdam
3414 2632 3633 2683 nostro-

2048 2740 2195 2791 rum,
2226 2740 2294 2781 ne
2342 2720 2501 2780 alteri
2544 2712 2896 2794 principatus
2937 2724 3025 2778 sui
3071 2724 3344 2777 rationem
3398 2720 3633 2776 reddere

2048 2822 2404 2890 cogerentur.
2454 2806 2566 2873 Hos
2616 2817 2817 2874 deinde
2869 2817 3205 2887 posteriores
3259 2830 3481 2885 quoque
3524 2828 3634 2869 nou

2046 2922 2161 2969 tam
2189 2896 2292 2967 sua
2332 2911 2605 2981 pravitate
2634 2912 2796 2973 moti,
2824 2926 2989 2980 quam
3024 2909 3245 2965 illorum
3291 2908 3473 2964 alleCti
3513 2922 3641 2977 per-

2051 3006 2317 3062 versitate
2345 3014 2472 3061 sunt
2497 3004 2699 3059 secuti.
2749 3003 2860 3059 Sed
2909 3002 3190 3072 deponere
3219 2999 3542 3071 aliquando,
3574 3011 3640 3053 ac

2053 3113 2287 3169 prorsus
2318 3098 2543 3164 abigere
2575 3096 2719 3150 hanc
2770 3094 3074 3164 perniciem
3113 3092 3339 3156 decens,
3391 3106 3455 3146 ac
3494 3091 3640 3149 saltt-

2055 3188 2281 3247 tii‘erum
2309 3201 2415 3246 est.
2443 3189 2818 3258 Quamobrem
2841 3203 2939 3243 vos
2962 3187 3158 3242 hortor
3184 3197 3241 3241 et
3266 3200 3419 3258 rogo,
3440 3186 3641 3240 fratres

354 3295 487 3353 bam
523 3300 769 3357 movent.
822 3302 1003 3358 neque
1049 3300 1117 3341 ea
1165 3284 1459 3355 patiuntur
1529 3279 1789 3340 reticere.
1829 3290 1951 3360 quae
1976 3287 2023 3347 ο
2056 3293 2113 3339 et
2140 3285 2235 3340 lilii
2270 3288 2325 3339 in
2357 3283 2569 3356 Spiritu
2604 3292 2797 3339 sancto
2820 3281 3311 3349 desideratissimi,
3344 3280 3495 3351 omni
3521 3289 3641 3335 stu-

355 3386 523 3444 vobis
552 3384 781 3453 cognitu
832 3377 1151 3435 necessaria
1199 3383 1351 3431 sunt.
1385 3373 1528 3430 Ante
1564 3370 1750 3427 omnia
1781 3368 1948 3440 igitur
2052 3376 2170 3443 dio,
2220 3392 2285 3431 ac
2328 3386 2556 3439 conatu,
2603 3378 2885 3446 antiquam
2935 3375 3289 3432 nobilitatem
3337 3375 3640 3442 resumite,
3718 3442 3721 3443 ν

361 3485 726 3539 metuentote.
756 3474 960 3530 fratres
992 3483 1049 3527 et
1100 3469 1223 3532 lilii,
1269 3467 1454 3538 qualis
1485 3465 1642 3531 olim,
1673 3477 1951 3534 quamque
2050 3458 2333 3526 Vindicate
2392 3469 2557 3526 nobis
2609 3470 2899 3540 pristinam
2946 3468 3203 3541 gloriam.
3242 3470 3470 3527 Veteres
3517 3472 3644 3540 illos

355 3574 639 3633 excellens
684 3570 855 3625 fuerit
906 3568 1057 3622 nalio
1104 3572 1318 3627 MSle
1365 3569 1482 3615 lum
1521 3558 1798 3620 (Ιοοιτίηειν
1834 3564 1951 3609 “Im
2052 3581 2115 3620 ac
2140 3566 2525 3622 sanctissimos
2568 3566 2763 3623 Patres
2795 3577 2853 3622 et
2907 3567 3164 3622 doctores
3199 3577 3423 3623 nostros
3458 3566 3646 3637 sequi-

359 3668 513 3724 omni
542 3662 858 3737 sapientia.-
905 3674 1134 3731 genere,
1182 3670 1310 3711 cum
1363 3653 1580 3709 caeteris
1624 3647 1950 3711 virtutibus.

360 3776 486 3835 qua
511 3766 775 3831 praeterea
804 3755 971 3819 vires,
1004 3764 1129 3822 qua:
1158 3748 1429 3820 potentia,
1458 3744 1555 3817 qui
1605 3742 1956 3816 principatus

361 3865 687 3912 nostrorum
722 3848 956 3903 iuerint.
1007 3844 1142 3912 Quis
1194 3844 1345 3898 enim
1387 3839 1607 3895 dubitet
1634 3838 1954 3893 Graecorum

361 3956 587 4022 gentem
633 3944 882 3999 omnium
932 3938 1249 3994 liberalium
1299 3934 1523 3997 artium,
1553 3946 1619 3987 ac
1663 3922 1835 3986 totius
1869 3942 1956 3984 sa-

362 4040 589 4116 pientia:
623 4052 734 4093 non
769 4035 935 4090 modo
974 4030 1362 4094 inventricem,
1396 4040 1593 4107 verum
1635 4024 1804 4080 etiam
1833 4037 1957 4093 pcr-

365 4136 650 4194 l’ectricem
678 4125 1006 4186 exstitisse?
1026 4125 1146 4180 Illic
1178 4137 1398 4193 semper
1428 4129 1484 4200 et
1513 4120 1716 4183 virtus,
1748 4125 1805 4172 et
1830 4117 1960 4172 reli-

366 4229 480 4301 gio,
531 4234 590 4283 et
634 4220 1001 4278 sanctimonia
1055 4216 1333 4282 ﬂoruere;
1378 4214 1495 4270 illic
1544 4208 1752 4269 enituit
1789 4212 1962 4267 totTus

367 4319 525 4379 orbis
559 4313 881 4387 imperium,
915 4324 1065 4366 nunc
1095 4322 1230 4365 vero
1271 4306 1403 4377 (heu
1433 4304 1739 4369 infelicem,
1766 4311 1825 4360 et
1851 4304 1962 4358 mi-

2055 3660 2218 3724 niini,
2248 3675 2489 3730 quorum
2522 3660 2718 3715 eadem
2753 3659 3039 3716 confessio
3081 3662 3234 3725 lldci,
3268 3661 3463 3717 cadent
3500 3674 3648 3717 sem-

2058 3770 2161 3825 per
2189 3753 2297 3810 fuit
2327 3753 2579 3810 doctrina
2622 3754 2867 3824 pietatis,
2897 3770 3021 3809 cum
3053 3770 3116 3810 ea
3155 3769 3319 3824 quam
3356 3771 3503 3811 nunc
3535 3756 3649 3811 llo-

2058 3866 2221 3905 mana
2278 3847 2523 3906 Ecclesia
2564 3856 2741 3914 tenet,
2789 3862 2856 3904 ac
2910 3850 3230 3918 profitetur.
3286 3850 3647 3907 Rccentiores

2059 3944 2197 4000 istos
2237 3953 2345 3997 tam
2386 3940 2667 4013 pestiferae
2716 3941 3017 3998 divisionis
3064 3955 3325 3999 auctores
3374 3945 3649 4000 condem-

2058 4049 2213 4107 nate,
2265 4037 2711 4110 persequimini,
2772 4037 3157 4094 exterminate.
3215 4037 3648 4109 (Ecumenicarn

2061 4133 2334 4205 synodum
2374 4131 2670 4188 Florentia:
2705 4132 2949 4189 habitam
2996 4133 3195 4190 devota
3233 4143 3417 4189 mente
3467 4135 3651 4191 suscL-

2064 4229 2207 4299 pite,
2255 4236 2315 4283 et
2336 4243 2461 4298 quin
2490 4227 2563 4283 ibi
2590 4237 2783 4283 sancto
2810 4239 3147 4298 cooperante
3175 4228 3388 4300 Spiritu
3424 4230 3651 4287 decreta

2065 4331 2218 4387 sunt,
2249 4321 2469 4379 sincero
2498 4319 2669 4377 corde
2701 4321 2935 4388 credite,
2968 4331 3025 4377 et
3081 4322 3439 4393 proﬁtemini.
3468 4323 3654 4380 Multae

367 4424 551 4469 Iuram
580 4407 770 4474 patriae.
789 4414 993 4460 nostra:
1012 4399 1393 4458 conditionem
1414 4395 1458 4468 ι)
1486 4407 1597 4452 non
1622 4393 1787 4452 modo
1811 4390 1957 4463 prin-

2066 4412 2434 4481 eillcacestiue
2461 4425 2529 4467 eo
2578 4410 2631 4465 in
2680 4411 2803 4467 loco
2848 4390 3097 4467 rationes
3118 4411 3371 4468 adductae
3403 4423 3536 4491 sunt
3579 4412 3655 4467 de

380 4503 650 4575 eipatum,
688 4508 861 4569 atque
906 4493 1205 4567 imperium
1235 4491 1393 4547 orbis
1428 4486 1739 4552 amisimus,
1770 4499 1964 4541 verum

382 4598 551 4655 etiam
577 4592 903 4650 servitutem
931 4585 1201 4659 patimur,
1238 4593 1305 4639 et
1324 4587 1470 4640 hanc
1500 4581 1725 4653 quidem
1769 4579 1966 4635 crude-

379 4690 515 4753 lem.
546 4696 715 4758 atque
758 4676 1179 4753 turpissimam;
1225 4677 1588 4733 dominantur
1616 4673 1767 4730 enim
1799 4673 1963 4728 nobis

377 4781 636 4841 homines
675 4788 887 4841 truces,
924 4766 1173 4853 barbari,
1217 4778 1389 4841 atque
1434 4768 1725 4833 inﬁdeles;
1779 4779 1962 4836 neque
2004 4784 2007 4789 λ

376 4879 561 4936 solum
603 4875 713 4931 hoc
755 4868 927 4943 passi.
958 4880 1180 4930 sumus,
1218 4863 1420 4922 sed-ne
1449 4860 1812 4919 simulacrum
1841 4860 1965 4932 qui:-

379 4972 507 5027 dem
560 4966 916 5035 disciplinae,
959 4968 1069 5016 .aut
1117 4956 1292 5013 ullum
1338 4953 1630 5026 sapientiae
1670 4954 1969 5024 vestigium

378 5064 527 5136 apud
569 5066 790 5117 nostros
816 5057 1080 5112 relictum
1108 5060 1216 5108 est.
1238 5049 1434 5106 Somn.
1486 5048 1637 5104 enim
1663 5046 1974 5118 disciplinae

379 5167 441 5215 ot
468 5156 838 5216 bonarartea,
872 5145 1333 5221 paratisprimo,
1356 5158 1484 5214 quae
1524 5143 1592 5197 ad
1634 5140 1838 5198 victum
1874 5155 1975 5197 ne-

385 5247 635 5312 cessaria
668 5251 826 5307 sunt,
862 5241 1036 5312 queri
1101 5248 1271 5308 atque
1320 5234 1666 5307 investigari,
1696 5250 1820 5306 qua
1845 5247 1975 5290 cum

387 5341 554 5400 nobis
582 5340 639 5395 in
672 5332 970 5409 praesentia
999 5333 1090 5387 ob
1118 5332 1449 5387 servitutem
1495 5338 1553 5383 et
1585 5327 1832 5398 inopiam
1880 5327 1976 5382 de-

385 5436 520 5500 aiut,
556 5431 711 5488 nulla
744 5427 990 5497 amplius
1038 5424 1331 5494 sapientiae
1376 5422 1520 5478 ratio
1559 5429 1668 5485 est,
1700 5419 1853 5477 nulla
1891 5421 1978 5476 di-

389 5524 749 5596 sciplinarum
792 5534 948 5583 cura,
994 5517 1212 5572 nullum
1247 5513 1586 5584 optimarum
1617 5512 1825 5567 artium
1855 5518 1978 5566 stu-

393 5621 560 5678 dium.
592 5616 785 5673 Virtus
814 5615 957 5678 sola,
991 5625 1115 5681 quae
1137 5608 1209 5663 ad
1247 5622 1435 5663 mores
1457 5607 1720 5676 pertinet,
1741 5618 1985 5676 qumque

391 5712 676 5769 studiosos
704 5705 797 5762 sui
844 5704 1022 5761 bonos
1049 5701 1245 5765 efﬁcit,
1270 5714 1337 5755 ea
1369 5713 1503 5755 vero
1534 5706 1755 5765 manet;
1790 5711 1978 5754 mane-

395 5812 565 5874 atque
603 5813 825 5870 semper
869 5794 1015 5866 apud
1057 5802 1302 5848 nostros.
1347 5789 1455 5847 Sed
1496 5805 1620 5861 qua:
1654 5802 1819 5845 causa
1853 5803 1975 5846 esse

736 5916 1039 5991 "Paxaea.
1080 5914 1201 5977 Gn.
1251 5910 1465 5974 CLXI.

2071 4504 2424 4577 processione
2450 4502 2628 4558 sancti
2658 4500 2922 4572 Spiritus.
2963 4503 3131 4559 Multa
3166 4505 3433 4575 utrinque
3453 4518 3498 4557 ea
3530 4519 3656 4573 par-

2073 4595 2222 4651 tibus
2247 4594 2302 4648 in
2338 4593 2628 4665 utriusque
2654 4584 2947 4650 sententia:
2971 4593 3458 4652 conﬁrmationem
3484 4596 3655 4652 dicta.

2070 4688 2214 4744 Vicit
2248 4687 2467 4743 tandem
2495 4688 2641 4757 apud
2675 4702 2870 4742 omnes
2931 4688 3049 4745 hare
3096 4691 3404 4752 sententia,
3435 4687 3658 4744 Patrem
3698 4742 3701 4745 ,

2073 4791 2130 4838 ct
2161 4780 2364 4848 Filium
2415 4794 2586 4834 unum
2633 4793 2756 4834 esse
2799 4778 3042 4849 Spiritus
3072 4778 3253 4835 sancti
3296 4777 3658 4849 principium.

2056 4878 2317 4939 cumque
2348 4863 2417 4922 es
2449 4877 2686 4938 utroque
2722 4876 2983 4939 tanquam
3006 4883 3077 4923 ex
3108 4883 3220 4923 uno
3248 4869 3501 4939 spirante
3535 4884 3663 4940 pro-

2078 4954 2301 5019 cedere.
2354 4960 2525 5016 Multa
2581 4971 2899 5017 sanctorum
2954 4963 3271 5026 doctorum,
3329 4977 3443 5019 non
3485 4964 3660 5020 modo

2073 5054 2532 5119 Occidentalium,
2584 5067 2775 5108 verum
2832 5054 2999 5108 etiam
3046 5052 3660 5128 Orientalium,atque

2076 5156 2393 5203 nostrorum
2445 5145 2512 5201 ad
2557 5144 2610 5201 id
2666 5139 3008 5215 probandum
3058 5147 3370 5203 teatimouia
3417 5148 3657 5206 adducta

2074 5249 2227 5305 sunt,
2261 5238 2454 5295 multis
2491 5238 2547 5293 id
2598 5238 2915 5294 rationibus
2959 5238 3429 5311 demonstratum,
3475 5257 3670 5314 neque.

2077 5332 2132 5388 id
2162 5342 2480 5388 nostrorum
2531 5330 2743 5386 incuria
2791 5332 3012 5397 evenit;
3049 5346 3160 5387 non
3209 5332 3358 5387 enim
3391 5336 3660 5405 segniter.

2076 5441 2257 5496 neque
2284 5424 2635 5496 negligenter
2679 5439 2802 5480 eam
2835 5440 2953 5480 rem
2989 5425 3323 5494 investigare
3356 5428 3543 5483 conati
3567 5443 3663 5484 su-

2076 5533 2222 5585 mus,
2257 5532 2293 5572 ο
2325 5516 2560 5583 fratres;
2586 5586 2591 5594 ι
2614 5516 2820 5573 multas
2873 5524 3066 5593 noctes
3114 5518 3397 5574 insomnes
3423 5521 3659 5592 egimus,

2075 5619 2336 5678 magnam
2367 5605 2731 5678 vigilantiam,
2756 5606 2933 5663 solers
2963 5607 3235 5675 studium,
3264 5625 3539 5669 summam
3563 5627 3690 5668 cu-.

2077 5714 2191 5755 ram
2237 5697 2624 5763 adhibuimus,
2674 5699 2877 5755 cedere
2926 5701 3177 5771 oportuit
3213 5702 3474 5771 veritati;
3528 5705 3659 5760 victi

2079 5789 2288 5846 luimus
2337 5787 2633 5846 doetorum
2682 5789 2976 5847 sententiis
3040 5792 3198 5850 Absit
3238 5798 3389 5851 enim
3435 5812 3466 5852 a
3518 5796 3693 5860 bona~

3218 5914 3295 5978 16
