4062 6146
438 293 545 361 483

1361 271 1888 349 ’ΒΕδδΑΒΙοΝΙδ
1945 284 2009 346 s.
2054 282 2131 344 n.
2170 280 2240 343 E.
2280 276 2759 341 CARDINALIS
2810 230 2811 233 γ

3602 271 3701 341 484

434 416 618 474 anima
649 423 706 473 et
740 411 912 482 fideli,
946 418 1007 469 ut
1036 418 1273 469 ostensa:
1305 390 1779 466 verita'ticiaudat
1802 406 2015 471 oculos,
2048 407 2091 467 Δ
2124 404 2257 462 dam
2276 404 2570 459 veritatem
2606 399 2953 467 dicitsolent,
2990 398 3199 455 nullius
3237 413 3369 455 sane
3400 403 3698 467 momenti;

436 524 669 580 eamque
724 507 975 564 victoriae
1029 504 1333 560 ambitione
1382 501 1670 580 despiciat.
1726 500 2015 557 Refer-rem

435 608 586 657 nunc
618 594 778 657 vobis
805 593 1133 665 particulam
1170 593 1417 663 aliquam
1461 591 1739 653 rationum
1770 591 2014 654 illarum,

419 688 549 750 nisi
601 690 690 753 lex
738 686 987 758 epistolae
1034 685 1405 757 prohiberet:
1453 684 1619 742 simul
1662 682 1809 755 quod
1856 682 2018 739 vobis

433 782 569 837 licet
593 780 755 852 longe
785 775 1113 851 pluraalibi
1159 776 1369 843 videre,
1399 783 1454 836 et
1480 775 1689 846 legere,
1717 791 1884 846 quam
1915 790 2019 831 nos

432 856 648 929 referre
681 870 735 926 in
772 863 1064 941 praesentia
1115 882 1424 939 possemus.
1460 866 1719 940 Plerique
1753 868 1902 924 enim
1950 882 2016 923 ex

440 961 528 1017 his
565 961 658 1031 qui
704 976 807 1018 nos
837 958 1203 1017 antecessisse
1254 956 1565 1021 doctissimi
1596 967 1655 1013 et
1682 955 2027 1015 sanctissimi-

435 1054 541 1107 viri
578 1053 754 1127 multa
784 1060 955 1122 atque
990 1052 1251 1121 praeclara
1284 1050 1354 1107 de
1378 1050 1486 1106 hoc
1514 1050 1771 1120 dogmate
1812 1050 2019 1107 litteris

431 1145 863 1202 mandaverunt.
906 1144 1020 1201 Nos
1064 1159 1286 1217 quoque
1316 1158 1425 1199 non
1460 1158 1632 1214 pauca
1663 1143 2019 1215 scripsimus,

432 1241 634 1313 partim
667 1248 729 1296 ut
765 1236 1069 1296 amicorum
1101 1238 1155 1295 id
1185 1238 1390 1297 obnixe
1426 1236 1848 1309 eiliagitantium
1901 1253 2019 1299 m0.-

430 1347 553 1391 rem
591 1347 913 1403 gereremus
939 1331 1236 1398 voluntati,
1274 1330 1478 1402 partim
1514 1339 1574 1385 ut
1615 1330 1705 1386 vel
1735 1345 1836 1387 nos
1874 1331 2022 1403 cogi-

432 1430 567 1491 tata,
613 1424 697 1479 vel
730 1423 855 1479 aliis
899 1422 1108 1480 frustra
1144 1420 1613 1481 contendentibus
1663 1422 2016 1494 responsa'in

430 1531 785 1573 communem
813 1516 1108 1573 utilitatem
1135 1515 1501 1577 traderemus.
1525 1515 1659 1587 Quae
1680 1510 1866 1571 omnia
1890 1530 2017 1571 cum

432 1610 579 1681 apud
611 1624 711 1666 vos
744 1610 878 1677 sint,
925 1608 969 1663 si
1019 1609 1145 1679 quis
1190 1618 1439 1664 vestrum
1492 1609 1612 1664 sine
1660 1604 2019 1665 contentione

434 1702 521 1759 vel
565 1702 733 1772 leget,
766 1702 855 1757 vel
893 1700 1104 1757 audiet.
1154 1701 1375 1773 Legetis
1414 1710 1601 1756 autem
1651 1702 1737 1756 vel
1778 1701 2019 1757 audietis

433 1807 633 1851 omnes
662 1778 741 1866 (si.
775 1792 989 1864 licebit)
1037 1808 1147 1849 non
1200 1807 1456 1866 parvam,
1482 1794 1629 1865 quod
1664 1794 1733 1850 ad
1764 1794 1861 1851 Dei
1902 1795 2020 1867 glo—

438 1889 574 1945 riam
621 1888 829 1946 dictum
879 1889 973 1953 sit,
1023 1888 1322 1945 utilitatem
1379 1897 1779 1960 consequetur.
1811 1888 2017 1961 Verum

438 1992 620 2037 tamen
659 1996 823 2043 unam
859 1980 1149 2050 duntaxat,
1173 1989 1228 2036 et
1259 1996 1377 2037 eam
1409 1983 1765 2051 perbrevem,
1793 1983 1835 2038 si
1864 1981 2017 2051 libet,

425 2078 706 2133 rationem
744 2078 1114 2133 adducamus.

701 2263 704 2266 .
757 2214 833 2270 De
862 2213 1091 2283 Spiritus
1127 2216 1301 2272 sancti.
1330 2217 1678 2287 processione.

510 2348 757 2425 Spiritus
786 2363 1019 2411 sanctus
1046 2352 1288 2424 Spiritus
1318 2352 1443 2409 Filii
1468 2344 1707 2421 dicitur,
1731 2364 1871 2411 teste
1894 2354 2020 2426 ipso

433 2444 599 2516 Filio,
640 2448 734 2521 qui
768 2447 1037 2519 Spiritum
1072 2436 1234 2503 illum
1267 2455 1429 2502 vocat
1453 2446 1721 2516 Spiritum
1748 2448 2026 2532 veritatis.

432 2544 654 2599 'Veritas
688 2557 821 2599 vero
869 2540 961 2596 ille
1008 2542 1127 2609 ipse
1173 2551 1279 2597 est.
1314 2540 1380 2595 Et
1432 2539 1635 2595 Paulus
1667 2562 1681 2596 :
1720 2541 1890 2608 Misit,
1928 2543 2017 2597 in-

432 2636 573 2710 quit,
617 2632 756 2688 Deus
791 2632 1054 2703 Spiritum
1101 2628 1237 2687 Filii
1267 2634 1353 2686 sui
1383 2633 1438 2685 in
1470 2632 1633 2687 corda
1660 2642 1843 2688 nostra
1868 2635 1885 2667 ³
1913 2653 1929 2703 ;
1965 2644 2022 2693 et

435 2741 653 2781 rursum
694 2741 709 2781 ς
754 2722 815 2780 Si
864 2724 981 2796 quia
1014 2720 1269 2790 Spiritum
1305 2722 1507 2779 Christi
1536 2741 1639 2778 non
1685 2728 1861 2795 habet,
1909 2720 2021 2798 ipse

436 2833 541 2872 non
583 2828 659 2871 est
709 2816 893 2885 ejus’.
937 2814 1094 2881 Quod
1144 2814 1268 2871 aliis
1318 2831 1537 2886 quoque
1588 2816 1640 2871 in
1691 2817 1828 2873 locis
1872 2819 2019 2875 idem

433 2912 735 2983 Apostolus
774 2908 1116 2967 creberrime
1151 2910 1407 2979 replicat.
1462 2907 1577 2964 Hoc
1623 2911 1881 2979 verbum,
1907 2912 2021 2967 fra'-

441 3014 575 3069 tres,
610 3003 747 3058 satis
777 3016 1053 3073 superque
1084 3000 1151 3056 ad
1182 2999 1234 3054 id
1272 3000 1617 3069 probandum
1650 3002 1719 3057 de
1757 3016 1869 3071 quo
1907 3004 2023 3073 agi-

2120 486 2274 568 piurs
2318 510 2453 552 vero
2485 493 2826 565 melioraque
2856 492 3129 551 dicuntur
3160 492 3340 549 abhis
3369 496 3462 564 qui
3503 495 3700 550 verita-

2122 596 2231 644 tem
2286 597 2614 659 sequuntur.
2660 588 2793 654 Qute
2836 594 2889 641 et
2936 585 2982 641 si
3023 599 3125 641 nos
3169 586 3375 656 optime
3426 596 3697 652 tenemus,

2119 698 2247 739 cum
2285 696 2431 753 sape
2476 696 2710 737 numero
2762 678 3271 735 contradicentibus
3317 680 3594 737 adversati
3627 681 3702 737 si-

2121 790 2268 843 mus,
2288 773 2577 830 brevitatis
2606 780 2788 828 tamen
2812 772 2986 842 gratia
3014 770 3300 826 mittimus
3321 770 3390 826 ad
3418 771 3663 827 monitos
3688 790 3702 826 :

2123 867 2170 923 si
2216 866 2310 937 qui
2360 875 2527 927 erunt
2558 864 2958 935 investigandae
3003 861 3495 935 veritatiscupidi,
3528 872 3591 919 ut
3641 880 3703 920 ea

2122 957 2332 1030 legant,
2380 972 2503 1029 qua
2536 958 2667 1013 olim
2717 957 2787 1015 de
2838 955 2943 1013 hac
2990 970 3053 1012 re
3097 955 3557 1034 conscripsimus.
3588 956 3703 1013 Hoc

2122 1057 2319 1107 tamen
2342 1050 2496 1108 vobis
2523 1050 2783 1117 dicimus,
2816 1058 2876 1106 et
2908 1048 3173 1120 intrepidi
3199 1048 3521 1116 asset-imus,
3548 1049 3593 1106 si
3618 1064 3706 1105 res

2124 1144 2366 1212 tulisset,
2400 1158 2463 1199 ut
2496 1152 2797 1214 przesentes
2826 1143 2983 1209 dare,
3034 1148 3200 1211 atque
3230 1140 3491 1212 accipere
3543 1140 3708 1195 ratio-

2122 1251 2248 1292 nem
2279 1237 2445 1308 hujus
2474 1236 2552 1290 rei
2580 1236 2979 1307 potuissemus,
3009 1233 3359 1308 iudicaturos
3384 1248 3485 1288 vos
3510 1234 3699 1288 fuisse.

2122 1328 2241 1388 Hoc
2272 1345 2468 1397 unum,
2502 1330 2651 1401 quod
2705 1328 2971 1396 diximus,
3004 1329 3147 1385 satis
3162 1342 3606 1400 superqueesse
3636 1326 3702 1381 ad

2121 1423 2420 1480 veritatem
2462 1422 2889 1489 ostendendam,
2938 1418 3199 1492 nihilque
3226 1419 3593 1477 dubitationis
3621 1435 3705 1475 rc-

2121 1514 2321 1585 linqui,
2351 1515 2486 1589 quin
2533 1514 2774 1586 Spiritus
2820 1514 2897 1571 ita
2942 1530 3010 1570 ex
3051 1513 3192 1571 Filio
3239 1512 3700 1583 quemadmodum

2121 1624 2185 1664 ex
2226 1607 2413 1673 Patre,
2453 1618 2719 1679 tanquam
2754 1623 2835 1664 cr
2868 1623 2988 1663 uno
3038 1606 3314 1679 principio
3350 1615 3407 1664 et
3454 1623 3569 1663 uno
3595 1606 3708 1677 Spi-

2124 1707 2281 1755 rante
2311 1698 2595 1770 procedat.
2646 1685 3070 1770 Multa'quoque
3100 1699 3208 1754 alia
3240 1714 3523 1757 sacrarum
3554 1701 3705 1755 testi-

2127 1792 2311 1850 monia
2340 1804 2470 1849 sunt
2511 1794 2846 1861 litterarum,
2890 1803 2951 1848 ut
2998 1802 3132 1863 puta
3165 1793 3503 1857 Pandam.
3555 1809 3706 1864 quem

2125 1905 2216 1960 ego
2245 1890 2453 1942 mittam
2486 1887 2629 1942 vobis
2655 1904 2687 1939 a
2711 1886 2872 1942 Patre
2892 1904 2925 1954 ;-
2947 1897 3004 1942 et
3034 1901 3229 1943 rursus
3258 1904 3278 1941 :
3308 1885 3381 1941 De
3571 1888 3709 1941 acci-

2123 1984 2248 2052 piet,
2288 1992 2341 2036 et
2377 1980 2718 2035 annuntiabit
2766 1981 2943 2036 vobis.
2981 1981 3047 2036 Et
3089 1980 3333 2051 iterum:
3368 1978 3706 2050 chunque

2123 2075 2300 2135 audiet
2328 2073 2593 2146 loquetur,
2615 2084 2674 2129 et
2703 2073 2811 2129 alia
2844 2075 2914 2129 iis
2959 2073 3185 2129 similia.
3230 2072 3563 2144 Estquibtts-
3584 2088 3705 2127 om-

2123 2167 2289 2223 nibus
2319 2167 2442 2223 luce
2470 2167 2676 2222 clarius
2696 2181 2757 2221 ea
2785 2166 2913 2222 fidei
2942 2167 3156 2223 veritas
3175 2166 3522 2233 ostenditur,
3541 2182 3707 2237 quam-

2120 2266 2180 2314 et
2226 2268 2417 2313 sancta
2458 2256 2705 2313 Romana
2754 2259 2999 2315 Ecclesia
3055 2268 3114 2313 ut
3157 2269 3592 2331 semper-antea,
3628 2259 3699 2315 ita

2123 2366 2275 2407 nunc
2307 2359 2476 2417 tenet,
2507 2362 2586 2406 tet
2634 2351 2923 2423 praedicat,
2975 2364 3031 2408 et
3076 2351 3208 2408 olim
3241 2351 3425 2407 omnis
3450 2352 3702 2409 Ecclesia

2123 2442 2423 2499 fatebatur.
2480 2441 2587 2499 Sed
2622 2442 2773 2499 dicet
2820 2443 3061 2500 fortasse
3110 2444 3313 2515 aliquis
3358 2462 3372 2499 :
3414 2443 3534 2501 Cur
3584 2445 3704 2517 ipse

2094 2548 2097 2553 ‘
2125 2537 2397 2619 Dominus
2425 2551 2551 2593 cum
2586 2537 2654 2593 de
2682 2536 2895 2608 Spiritu
2926 2538 3289 2608 loqueretur:
3317 2538 3577 2611 Spiritus,
3604 2542 3702 2607 ait,

2123 2631 2215 2703 qui
2243 2646 2277 2686 α
2309 2630 2471 2686 Patre
2496 2632 2752 2697 procedit,
2782 2645 2969 2699 neque
2988 2628 3205 2689 addidit
3233 2632 3403 2687 etiam
3433 2649 3465 2687 a
3487 2649 3548 2690 se
3581 2636 3703 2704 ipso

2127 2724 2465 2795 precederei
2492 2725 2624 2793 Quae
2665 2725 2909 2792 tandem,
2939 2736 3033 2782 aut
3059 2727 3239 2797 qualis
3264 2736 3350 2784 est
3379 2728 3515 2785 haec
3536 2733 3702 2798 ratio,

2120 2818 2371 2875 fratres?
2397 2819 2512 2875 Etsi
2545 2820 2704 2876 enim:
2734 2818 3023 2875 dixerat'a‘
3048 2820 3213 2877 Patre
3244 2824 3546 2893 procedere
3574 2826 3703 2897 Spi-

2127 2910 2317 2975 ritum,
2362 2926 2473 2966 non
2503 2918 2687 2968 tamen
2720 2913 2943 2983 negavit
2969 2928 3099 2969 eum
3130 2928 3165 2970 ι
3204 2930 3270 2971 se
3300 2930 3527 2988 quoque
3572 2935 3704 2992 pro-

2133 3004 2357 3058 cedere.
2393 3002 2529 3058 Nam
2563 3006 2610 3061 si
2641 3004 2698 3060 id
2734 3004 2989 3074 dixisset,
3031 3007 3249 3078 aliquid
3277 3010 3513 3067 fortasse
3554 3014 3706 3070 vide-

439 3109 587 3152 mus.
621 3096 812 3166 Neque
844 3094 989 3149 enim
1016 3092 1292 3149 excedere
1310 3091 1470 3147 decet
1496 3092 1718 3148 modum
1747 3095 2013 3164 epistola.
2044 3118 2092 3182 ο
2124 3104 2275 3149 retur
2310 3096 2563 3164 ingerere
2607 3096 2976 3152 difficultatis.
3029 3098 3351 3171 Quanquam
3382 3119 3561 3171 neque
3599 3106 3707 3161 hoc

432 3188 529 3245 Est
565 3191 753 3259 itaque
792 3186 1031 3259 Spiritus
1064 3195 1289 3242 sanctus
1315 3185 1527 3242 Christi
1570 3184 1813 3256 Spiritus
1861 3197 2019 3243 natu-

438 3283 629 3338 raliter
658 3291 717 3338 et
743 3279 1144 3347 essentiaiiter,
1171 3294 1283 3334 non
1319 3278 1754 3337 accidentaiiter.
1785 3280 1843 3336 id
1888 3296 2020 3338 vero

434 3374 594 3447 cujus
627 3373 833 3445 aliquid
870 3374 977 3429 hoc
1010 3373 1174 3428 modo
1206 3379 1315 3440 est,
1355 3374 1687 3429 auctoritate
1735 3374 1917 3444 aliqua
1964 3384 2019 3431 et

433 3463 760 3519 excellentia
787 3461 837 3517 id
864 3462 1101 3517 excellat
1131 3477 1360 3519 necesse
1390 3470 1496 3528 est,
1524 3464 1669 3534 quod
1713 3476 1873 3521 suum
1897 3482 2017 3522 esse

436 3554 663 3611 dicitur.
708 3555 830 3611 Haec
856 3570 987 3611 vero
1021 3556 1325 3613 auctoritas
1360 3556 1609 3627 profecto
1641 3574 1751 3615 non
1786 3561 1907 3615 talis
1929 3560 2017 3615 di-

435 3651 607 3706 cenda
660 3660 765 3718 est,
808 3650 999 3722 qualis
1052 3660 1136 3706 est
1182 3649 1401 3706 Domini
1457 3650 1527 3706 ad
1579 3667 1826 3710 servum.
1881 3652 2016 3720 Quis

436 3746 582 3802 enim
627 3745 855 3801 auderet
910 3752 1221 3799 creatorem
1290 3744 1344 3798 in
1409 3752 1719 3799 creaturam
1768 3754 2012 3811 vertere,

432 3839 584 3907 quod
611 3838 777 3893 etiam
807 3837 1051 3910 cogitare
1083 3838 1415 3910 sacrilegum
1449 3839 1572 3893 est?
1620 3839 1881 3911 Superest
1911 3840 2015 3910 igi-

436 3942 526 3987 tur
550 3933 962 3996 auctoritatem,
1013 3939 1178 4003 atque
1206 3931 1596 3988 excellentiam
1632 3933 1858 4003 originis
1892 3948 2017 3988 esse

432 4028 551 4099 ejus
581 4028 676 4096 qui
706 4027 903 4097 spirat,
934 4025 1002 4079 ad
1037 4026 1293 4096 spiritum
1327 4026 1423 4094 qui
1458 4026 1721 4095 spiratur.
1757 4029 1821 4084 Et
1863 4038 2014 4086 certe

432 4118 582 4174 aliud
604 4133 854 4175 asserere
888 4116 1163 4173 nefarium
1196 4127 1307 4173 est.
1339 4118 1479 4173 Nam
1516 4119 1661 4189 quod
1697 4131 2015 4178 nostrorum

436 4214 603 4284 aliqui
647 4229 685 4267 ε.
710 4211 947 4267 veritate
984 4211 1352 4277 declinantes,
1384 4211 1511 4266 ideo
1538 4212 1649 4268 diei
1678 4214 1803 4270 Filii
1837 4216 2013 4283 Spiri-

439 4317 554 4359 tum
585 4302 951 4366 contenduut,
992 4304 1143 4372 quod
1167 4302 1414 4371 ejusdem
1446 4303 1515 4359 sit
1545 4318 1671 4357 cum
1717 4320 1784 4359 eo
1829 4320 2015 4361 essenv

436 4400 545 4463 tim,
586 4397 666 4453 vel
722 4396 871 4467 quod
924 4411 989 4450 ex
1037 4411 1102 4449 eo
1143 4379 1417 4462 mittatur,
1456 4414 1785 4454 aranearum
1833 4400 2014 4471 potius

2122 3187 2188 3241 ad
2217 3186 2503 3242 tutandam
2534 3196 2781 3243 vestram
2807 3190 3132 3259 opinionem
3179 3192 3501 3255 sufficeret.
3523 3196 3710 3267 Siqui-

2123 3280 2246 3337 dem
2298 3283 2417 3350 ipse
2468 3283 2723 3338 Salvator
2758 3300 2774 3337 :
2810 3282 2893 3337 De
2942 3285 3025 3339 die
3062 3284 3161 3340 itla
3211 3290 3467 3355 et‘hora,
3496 3292 3704 3363 inquit,

2121 3391 2272 3429 nemo
2303 3377 2466 3440 novit,
2495 3392 2664 3447 neque
2695 3376 2897 3449 angeii,
2926 3394 3093 3450 neque
3126 3380 3295 3436 Filius
3322 3385 3572 3451 hominis,
3602 3388 3705 3444 nisi

2120 3468 2262 3520 solus
2306 3466 2486 3522 Pater.
2520 3468 2580 3525 Et
2615 3483 2803 3525 rursus
2836 3484 2852 3521 :
2890 3467 3013 3526 Mea
3039 3472 3284 3530 doctrina
3315 3494 3423 3531 non
3451 3464 3528 3531 est
3559 3498 3701 3545 mea,

2120 3559 2210 3615 sed
2259 3560 2374 3631 ejus
2420 3564 2508 3633 qui
2541 3564 2681 3616 misit
2729 3579 2808 3618 me
2852 3565 3060 3621 Patris.
3114 3567 3183 3622 Et
3227 3570 3434 3625 iterum
3469 3588 3486 3627 :
3522 3567 3704 3629 Nemo

2121 3655 2261 3709 novit
2307 3652 2509 3711 Filium
2540 3658 2638 3712 nisi
2665 3658 2851 3715 Pater.
2881 3658 3125 3727 Quorum
3161 3666 3411 3720 omnium
3439 3676 3538 3723 nos
3568 3685 3705 3740 pro-

2121 3750 2209 3803 cul
2248 3750 2418 3805 dubio
2450 3752 2803 3807 contrarium.
2840 3761 2896 3808 et
2929 3757 3220 3821 sentimus,
3250 3770 3308 3812 et
3348 3762 3697 3828 proﬁtemur.

2118 3844 2195 3897 Ae
2232 3840 2433 3897 Filium
2474 3842 2587 3909 Dei,
2618 3843 2847 3913 perinde
2879 3844 3025 3901 diem
3062 3846 3218 3903 illum
3265 3859 3326 3906 et
3381 3852 3572 3910 horam
3606 3870 3702 3912 co-

2120 3948 2412 4003 gnoscere,
2452 3946 2511 3989 ut
2535 3934 2753 4025 Patrem
2780 3936 3185 3997 existimamus.
3211 3941 3597 4017 Eumdemque
3630 3950 3704 4005 ita

2122 4045 2179 4084 se
2216 4044 2405 4095 nosse,
2440 4040 2500 4085 ut
2526 4032 2688 4087 Pater
2721 4046 2848 4087 eum
2880 4034 3059 4097 novit,
3089 4036 3516 4111 doctrinamque
3554 4042 3703 4098 illius

2119 4138 2274 4180 suam
2329 4125 2610 4196 praecipue
2667 4125 2980 4183 doctrinam
3012 4144 3158 4186 esse.
3190 4129 3251 4186 Si
3298 4132 3470 4203 igitur
3503 4151 3700 4195 eorum

2119 4232 2240 4288 quae
2282 4226 2476 4288 aperte
2512 4219 2731 4289 negavit
2765 4218 3041 4287 Christus,
3074 4236 3177 4278 nos
3211 4223 3437 4294 quidem
3479 4237 3631 4286 recte
3672 4245 3702 4286 e

2118 4312 2341 4366 diverso
2390 4312 2693 4379 credimus,
2727 4326 2830 4368 cur
2875 4330 2985 4369 non
3021 4317 3189 4370 etiam
3224 4317 3353 4382 hoc,
3387 4320 3538 4390 quod
3590 4339 3698 4381 non

2120 4392 2361 4473 negavit,
2398 4406 2485 4477 pie
2515 4408 2830 4463 credimus?
2864 4408 3164 4465 Enimvero
3197 4412 3337 4467 illud
3393 4414 3448 4469 in
3502 4418 3700 4488 primis

435 4494 558 4547 tela:
590 4500 738 4553 sunt,
791 4505 963 4559 quam
1006 4488 1267 4553 rationes,
1318 4501 1377 4544 ut
1416 4506 1557 4561 saepe
1614 4491 2012 4548 demonstravi-

2122 4502 2493 4558 attentissime
2534 4504 3005 4560 considerandum
3060 4514 3162 4573 est,
3194 4507 3394 4565 fratres
3422 4518 3479 4565 et
3502 4482 3611 4567 lilii
3645 4514 3701 4568 in

435 4602 577 4641 mus.
611 4584 664 4639 Si
696 4585 845 4637 enim
880 4593 1105 4655 propter
1132 4584 1763 4640 cousuhstantialitatem
1794 4585 2016 4642 dicatur

434 4678 693 4747 Spiritus.
736 4676 858 4732 Filii
910 4675 1180 4747 Spiritus,
1221 4686 1450 4748 propter
1492 4678 1743 4733 eamdem
1789 4694 2012 4735 causam

431 4783 485 4826 et
505 4769 686 4826 Filius
716 4771 932 4826 dicetur
960 4768 1205 4840 Spiritus
1249 4764 1430 4827 sarscti
1463 4770 1659 4839 Filius,
1687 4774 1834 4843 quod
1871 4790 2015 4830 nuu-

434 4879 595 4935 quam
628 4867 682 4917 in
716 4864 889 4919 sacris
919 4862 1126 4919 litteris
1171 4864 1417 4920 auditum
1450 4874 1558 4920 est.
1596 4865 1650 4921 Si
1704 4883 1839 4923 vero
1883 4873 2010 4938 quia

431 4977 495 5014 ex
527 4959 666 5013 Filio
701 4960 962 5025 mittitur,
994 4958 1067 5013 ita
1107 4958 1332 5020 dicitur.
1364 4975 1427 5015 ea
1469 4970 1621 5015 certe
1658 4962 1799 5017 ratio
1838 4965 2011 5034 magis

340 5080 343 5083 ν
430 5052 653 5109 ruberet
697 5054 1031 5109 sententiam
1088 5062 1351 5125 nostram.
1398 5048 1553 5119 Quod
1591 5055 1737 5109 enim
1794 5055 2011 5111 mittere

432 5146 600 5209 istud,
628 5155 683 5201 et
710 5146 1008 5210 scaturire,
1051 5157 1108 5200 et
1146 5147 1445 5215 proﬂuere,
1476 5156 1785 5218 caeteraque
1812 5149 2011 5205 similia

432 5239 815 5307 aspirationem,
844 5254 905 5293 ac
936 5240 1356 5294 sulistantiaiem
1381 5239 1676 5308 quamdam
1706 5242 2014 5311 processio-

430 5348 557 5387 nem
588 5342 1049 5403 praesuppouant;
1072 5332 1327 5402 quodque
1354 5333 1692 5403 impossibile
1716 5336 1793 5387 sit
1811 5333 2011 5389 Filium

431 5425 653 5481 mittere
685 5423 951 5493 Spiritum
987 5434 1260 5491 sanctum,
1291 5427 1397 5482 nisi
1430 5428 1596 5481 etiam
1630 5427 1782 5482 illum
1814 5431 2007 5499 Spiret,

430 5520 708 5590 plerisque
760 5520 815 5573 in
866 5519 1003 5573 locis
1045 5519 1390 5575 ostendimus
1446 5521 1629 5575 mimis
1686 5522 2007 5591 idoneisquc

434 5608 766 5666 rationibus.
806 5609 924 5664 Alia
951 5626 1173 5682 quoque
1207 5612 1379 5667 multa
1416 5628 1445 5668 c
1483 5614 1687 5669 nostris
1714 5614 1780 5669 ad
1817 5617 2007 5671 volan-

508 5800 527 5833 ί
558 5764 730 5854 Calai.
764 5814 835 5869 tv,
867 5797 919 5854 6.
951 5801 970 5832 ¹
1005 5799 1162 5855 Rom.
1195 5796 1247 5869 8,
1282 5799 1337 5857 9.

2118 4592 2340 4649 Christo
2388 4595 2873 4651 desideratissimi.
2940 4596 3201 4653 Promisit
3258 4599 3391 4654 olim
3441 4601 3701 4664 Christus

2116 4703 2285 4758 super
2316 4689 2664 4747 confessione
2704 4690 2855 4746 Petri
2881 4688 3153 4757 aediﬁcare
3179 4692 3479 4750 Eeciesiam
3517 4714 3694 4765 suam,

2118 4788 2173 4835 ct
2211 4783 2357 4850 quod
2412 4793 2587 4853 porta:
2625 4782 2809 4849 inferi,
2846 4783 2951 4839 hoc
2999 4793 3105 4847 est,
3141 4783 3533 4845 hrercticorum
3583 4792 3699 4846 bia-

2116 4874 2381 4942 sphemiae
2439 4890 2724 4946 nunquam
2788 4876 3154 4946 praevalerent
3223 4877 3493 4934 adversus
3553 4899 3694 4939 eam.

2116 4964 2485 5030 Quaerendum
2516 4975 2624 5035 est,
2659 4968 2879 5037 fratres,
2909 4976 3161 5040 quaenam
3191 4974 3295 5027 ista
3324 4976 3395 5029 sit
3427 4976 3695 5035 Ecclesia.

2115 5058 2253 5113 Nam
2288 5075 2470 5115 veram
2520 5074 2842 5133 certamque
2875 5064 3050 5123 fuisse
3097 5069 3524 5139 promissionem
3574 5072 3699 5127 nul-

2116 5151 2204 5207 lus
2238 5156 2384 5207 ausit
2425 5169 2629 5223 negare
2678 5156 3054 5219 Christianus.
3104 5160 3216 5217 Aut
3259 5160 3430 5233 igitur
3479 5162 3695 5231 Latina,

2119 5254 2213 5299 aut
2238 5244 2432 5301 Graeca
2463 5242 2707 5306 Ecclesia
2752 5259 2860 5307 est.
2894 5252 3079 5307 Tertia
3129 5255 3274 5309 enim
3306 5256 3427 5311 dari
3457 5273 3567 5315 non
3602 5275 3695 5329 po-

2122 5346 2249 5392 test.
2286 5337 2571 5403 Siquidem
2602 5342 2721 5397 aiize
2754 5358 2947 5401 omnes
2977 5329 3441 5403 hmresibus'suut
3480 5352 3693 5421 plenae;

2120 5446 2257 5501 quas
2289 5432 2464 5488 sancti
2494 5434 2707 5501 Patres,
2736 5446 2789 5490 et
2814 5438 3101 5508 generales
3132 5440 3325 5509 εγω)όὶ
3357 5444 3690 5499 condemna-

2118 5536 2266 5581 runt.
2304 5525 2359 5579 Si
2382 5543 2511 5595 ergo
2541 5529 2680 5583 hunc.
2705 5529 3005 5587 Ecclesium
3036 5532 3353 5594 Graecorum
3389 5536 3690 5592 Eceiesiam

2117 5618 2279 5690 dicis,
2313 5619 2369 5677 in
2415 5634 2705 5694 angustum
2752 5625 2917 5682 nimis
2956 5636 3164 5684 arctam
3218 5629 3546 5697 Ecclesiam,
3581 5632 3688 5687 imo
