4062 6146
419 205 540 272 187‘

1373 203 1883 268 BESSARIONIS
1919 203 1980 265 S.
2026 202 2096 263 Β.
2139 200 2212 263 Ε.
2254 199 2724 262 CARDINALIS

3573 195 3674 260 L88

419 323 676 392 fulgeant,
721 335 1058 392 magnosque
1112 331 1168 378 et
1204 320 1365 392 longe
1412 337 1576 392 supra
1615 321 1811 377 merita
1875 333 1993 374 mea
2025 323 2075 386 Α
2097 315 2229 370 olim
2261 313 2328 371 de
2357 315 2458 370 hac
2488 331 2544 370 re
2576 315 2884 370 orationem
2921 312 3219 376 edidimus,
3242 312 3678 371 manifestissime

418 416 651 485 adeptus
684 414 786 470 sim
839 416 1100 479 honores,
1149 423 1332 471 tamen
1390 414 1507 472 hinc
1562 415 1745 470 omnia
1798 424 1991 485 postea

416 519 548 563 sunt
573 518 785 574 secuta,
837 516 975 562 etut
1027 505 1170 562 Deus
1199 507 1448 562 omnium
1506 523 1691 562 rerum
1737 507 1994 562 conscius

415 595 624 666 optime
657 595 831 661 novit,
872 612 1050 665 neque
1079 583 1394 666 CXSpCClala
1437 613 1468 653 a
1504 613 1612 661 me,
1662 613 1841 669 neque
1868 613 1995 669 spe-

393 689 558 741 rata.
597 685 671 738 At
703 686 847 740 enim
881 687 1110 742 fortasse
1147 687 1253 741 dici
1305 702 1414 741 non
1444 686 1726 743 immerito
1777 702 1993 758 possem

423 777 628 848 majora
665 777 756 832 illa
792 793 915 848 quae
958 779 1102 848 apud
1148 793 1249 834 vos
1297 779 1487 835 habui.
1536 778 1993 850 Quandoquidem

419 872 536 926 illic
566 871 724 926 facile
768 871 916 926 inter
962 872 1170 941 primos
1215 872 1644 938 aduumerabar,
1701 873 1792 927 hic
1839 888 1993 941 vero,

420 979 544 1017 eum
581 963 734 1018 multi
764 963 895 1024 sint,
953 963 1063 1018 imo
1107 980 1244 1035 pene
1281 965 1736 1029 innumerabiles,
1768 966 1860 1037 qui
1911 980 1997 1020 me

420 1056 714 1125 sapientia,
769 1055 1024 1110 doctrina
1055 1097 1068 1122 ,
1107 1049 1435 1127 eaeterisque
1485 1058 1786 1114 virtutibus
1844 1068 1998 1115 ante-

419 1148 646 1213 cellunt,
677 1149 764 1203 vix
801 1148 945 1203 inter
989 1159 1302 1220 postremos
1330 1149 1510 1207 habeo
1557 1151 1763 1206 locum.
1794 1151 1995 1207 Notum

418 1259 503 1301 est
535 1257 716 1301 autem
751 1245 884 1300 illud
917 1244 1151 1301 Romani
1186 1247 1449 1317 principis
1486 1246 1715 1310 dictum,
1751 1249 1843 1318 qui
1873 1263 1997 1300 cum

418 1347 568 1394 esset
597 1339 824 1392 honoris
838 1339 1282 1394 studiosissimus
1308 1340 1468 1394 malle
1499 1356 1556 1394 se
1582 1340 1799 1394 dicebat
1824 1340 1877 1394 in
1902 1355 2000 1410 0p-

418 1432 567 1503 pido,
602 1433 855 1502 quamvis
886 1432 1083 1486 humili
1151 1440 1314 1503 atque
1356 1433 1594 1489 obscuro
1625 1433 1863 1504 primum
1900 1435 1997 1487 ha-

421 1525 557 1579 bere
584 1525 789 1590 locum,
823 1541 985 1594 quam
1022 1524 1076 1578 in
1131 1525 1557 1594 gloriosissima,
1602 1533 1765 1596 atque
1816 1527 1998 1581 excel-

401 1606 725 1672 lentissima
763 1620 898 1672 urbe
934 1617 1101 1671 Rt'llila
1130 1618 1436 1672 secundum
1466 1633 1609 1673 esse.
1648 1619 1821 1673 [labet
1852 1620 1997 1672 enim

2097 407 2210 462 illic
2265 406 2549 462 veritatem
2586 407 2898 470 invenietis,
2957 415 3014 461 et
3069 406 3172 460 nisi
3211 406 3473 472 fallimur,
3535 407 3676 463 idem

2097 500 2388 557 nobiscum
2421 500 2756 558 fatebimini.
2787 499 2968 554 Nolite
3012 499 3252 579 aemulari
3309 500 3678 555 contentiosos

2099 593 2374 661 homines,
2402 609 2580 664 neque
2633 593 2833 648 imitari
2877 593 2998 647 illos
3052 591 3300 661 quicum
3357 591 3519 646 aliter
3570 607 3709 650 non.
3778 617 3782 620 ·

2098 686 2335 757 possint,
2390 687 2584 741 saltem
2633 685 2932 757 pugnando
2969 684 3538 756 veritatem,gloriam
3588 701 3681 739 au-
3750 690 3792 699 ”

2100 778 2289 850 cupari
2307 787 2600 834 conantur.
2624 779 2948 833 Humilitate
2976 793 3074 833 vos
3096 778 3228 840 Deo,
3250 789 3305 832 ct
3332 787 3412 832 tot
3438 779 3679 847 talesque

2101 873 2249 927 viros
2308 871 2573 942 singulari
2610 871 2870 941 prteditos
2919 871 3234 935 devotione,
3271 886 3332 924 ac
3383 870 3673 939 sapientia,

2102 966 2358 1021 Romana:
2389 967 2643 1022 Ecclesia!
2693 966 2944 1021 alumnos
2979 967 3177 1032 secuti,
3216 965 3532 1037 lidemejus
3564 977 3684 1018 sus--

2099 1059 2288 1128 cipite,
2324 1060 2637 1129 pontificem
2676 1060 2985 1114 Romanum
3033 1073 3223 1114 verum
3276 1058 3452 1128 ipsius
3498 1068 3678 1126 pastae

2103 1169 2244 1214 rem,
2284 1155 2452 1208 totius
2472 1160 2635 1223 caput
2659 1153 2955 1213 Ecclesiae,
2991 1152 3278 1207 ductorem
3337 1150 3486 1214 tidei,
3519 1158 3680 1218 atque

2104 1244 2422 1313 magistrum
2458 1241 2749 1296 credentes
2779 1240 3146 1306 veneramini,
3181 1247 3236 1294 et
3265 1240 3429 1300 viam,
3462 1255 3584 1310 qure
3615 1237 3681 1291 ad

2103 1345 2362 1390 :eternani
2397 1333 2546 1390 ducit
2575 1334 2742 1388 vitam
2770 1342 3168 1399 ostentantem,
3200 1333 3514 1402 sequimini.
3544 1331 3680 1398 Nam

2101 1428 2283 1484 ethoc
2319 1441 2488 1482 unum
2515 1442 2703 1481 eorum
2724 1435 2831 1489 est,
2862 1444 2983 1497 qua:
3005 1426 3073 1481 ad
3105 1426 3340 1482 salutem
3376 1426 3682 1481 necessaria

2105 1531 2253 1586 sunt,
2322 1524 2606 1592 prepn'um
2650 1537 2812 1576 nosse
2853 1532 3171 1591 pastorem,
3203 1531 3259 1576 et
3297 1530 3685 1592 recognoscere

2109 1617 2433 1685 principem,
2469 1626 2523 1669 et
2569 1615 2707 1669 scire
2742 1625 2904 1684 atque
2955 1615 3229 1668 honorare
3255 1610 3685 1668 ductorcm.Ubl

419 1710 759 1780 principatus
784 1712 1077 1778 quamdam
1113 1710 1216 1765 etsi
1261 1713 1316 1767 in
1371 1711 1642 1777 minimis,
1698 1714 1995 1766 maximam
2031 1706 2073 1759 Β
2103 1706 2247 1762 enim
2280 1721 2388 1759 non
2410 1705 2803 1776 cstprinccps,
2854 1705 2934 1758 ibi
2981 1703 3365 1770 illordiuatio;
3411 1703 3506 1758 ubi
3545 1703 3689 1757 inor-

422 1813 615 1869 tamen,
638 1816 699 1856 ac
724 1801 1100 1856 dulcissimam
1139 1803 1498 1873 voluptatem.
1531 1803 1600 1859 At
1627 1820 1726 1858 nos
1747 1844 1762 1871 ,
1796 1811 1852 1858 et
1879 1821 2001 1875 quas

420 1895 567 1964 apud
602 1909 699 1949 vos
746 1894 1086 1950 habebamus
1119 1912 1230 1951 non
1261 1897 1441 1968 magni
1478 1896 1732 1962 fecimus,
1784 1905 1841 1952 et
1879 1912 2001 1967 quas

420 2006 570 2045 nunc
629 1990 894 2044 habemus
949 2001 1141 2046 testem
1194 1990 1516 2048 invocamus
1575 1992 1788 2058 Deum,
1846 2005 1999 2061 teque

421 2083 908 2153 parvifecissemus
935 2124 949 2149 ,
989 2086 1119 2152 quin
1154 2085 1336 2154 potius
1386 2086 1607 2155 spretis,
1635 2087 1999 2154 contemptis-

423 2191 534 2246 que
589 2175 871 2240 erunibus,
920 2178 1087 2231 etiam
1124 2177 1168 2231 si
1223 2177 1394 2233 multo
1439 2178 1596 2248 plura
1643 2178 1994 2243 haberemus,

422 2271 489 2324 ad
521 2283 619 2323 vos
644 2283 809 2339 quam
848 2269 1141 2325 celerrime
1187 2270 1613 2336 defeeisscmus,
1673 2273 1778 2326 nisi
1837 2271 1998 2326 nobis

419 2369 669 2422 essemus
695 2363 906 2417 conscii
944 2362 1177 2432 elegisse
1211 2363 1463 2431 meliora,
1496 2365 1602 2419 nisi
1651 2364 1997 2435 exploratum

422 2453 756 2511 haberemus
810 2454 954 2510 hanc
1012 2468 1256 2510 sanctam
1315 2465 1371 2511 et
1427 2456 1754 2513 catholicam
1798 2457 1997 2513 Eccle-

422 2547 564 2603 siam
602 2547 693 2602 illa
730 2548 978 2612 credere,
1013 2548 1103 2602 illa
1139 2549 1377 2614 tradere,
1421 2561 1475 2604 et.
1508 2551 1729 2616 docere,
1777 2566 1898 2622 qua:
1929 2541 1997 2606 ad

423 2639 590 2693 vitam
637 2647 898 2692 aeternam
951 2639 1056 2693 iter
1091 2635 1322 2693 faciunt.
1354 2639 1412 2695 Si
1448 2640 1617 2709 igitur
1667 2642 1734 2696 ad
1789 2657 1853 2697 ea
1900 2657 1998 2698 vos
2040 2689 2042 2691 ,

423 2728 640 2790 hortor,
696 2742 816 2797 quae
849 2727 1013 2782 saluti
1054 2734 1250 2782 vestr-.e
1292 2729 1580 2800 profutura
1635 2746 1746 2785 non
1786 2732 1998 2798 dubito,

423 2831 550 2871 cum
600 2817 932 2883 humilitate,
976 2826 1030 2871 ct
1066 2817 1376 2872 reverentia
1421 2819 1618 2872 audire
1659 2818 1997 2883 debetis,“

418 2921 545 2961 cum
585 2906 815 2976 gaudio,
876 2917 930 2960 et
981 2907 1266 2963 alacritate
1321 2908 1496 2966 animi
1545 2909 1754 2965 monita
1809 2918 1996 2966 nostra

419 3003 703 3070 suscipere
741 3001 1028 3058 salutaria.
1218 3001 1221 3004 ’

2111 1798 2340 1860 dinatio,
2370 1797 2443 1850 ibi
2477 1798 2704 1862 solutio,
2741 1805 2800 1850 ut
2832 1794 3132 1866 Gregorius
3154 1795 3534 1850 Nazianzenus
3572 1793 3685 1860 ait;

2111 1899 2164 1943 et
2193 1900 2338 1944 certe
2371 1889 2484 1943 sive
2521 1889 2756 1950 divinas.
2794 1904 2890 1944 seu
2924 1888 3192 1943 humanas
3226 1905 3315 1943 res
3345 1888 3687 1942 considerate

2109 1979 2413 2045 volueritis,
2447 1981 2664 2044 fratres,
2699 1979 2990 2033 invenietis
3017 1993 3189 2033 unum
3225 1979 3472 2033 omnium
3488 1977 3689 2032 debere

2108 2087 2228 2126 esse
2257 2070 2610 2141 principum,
2644 2084 2748 2124 nec
2804 2076 2954 2123 recte
2979 2069 3139 2124 aliter
3181 2085 3270 2125 res
3298 2085 3456 2139 posse
3484 2069 3690 2140 guber-

2107 2164 2267 2233 nari;
2296 2180 2420 2218 nam
2456 2175 2515 2218 ut
2543 2182 2573 2218 a
2607 2165 2812 2220 divinis
2865 2164 3218 2235 incipiamus,
3248 2165 3688 2218 Christianorum

2111 2258 2383 2328 theologia
2418 2276 2586 2313 unum
2616 2261 2706 2330 qui
2747 2274 2913 2329 supra
2944 2273 3137 2313 omnes
3175 2267 3282 2322 est,
3311 2257 3489 2312 docet
3519 2256 3688 2312 Deum

2109 2364 2248 2416 esse,
2279 2352 2370 2420 qui
2407 2366 2532 2404 cum
2565 2350 2622 2404 in
2665 2351 2844 2407 tribus
2871 2351 3122 2422 personis
3164 2351 3236 2406 sit
3267 2349 3345 2405 uti
3386 2349 3550 2405 illaesa
3579 2362 3689 2404 ser-

2106 2451 2270 2498 vetur
2296 2443 2494 2502 unitas,
2525 2444 2774 2514 ejusdem
2798 2443 3108 2514 similisque
3135 2443 3458 2498 substantia:
3488 2442 3688 2497 divinat

2109 2533 2214 2587 illa:
2249 2542 2530 2604 ponuntur
2561 2549 2682 2589 esse
2714 2549 2986 2604 personae.
3013 2532 3315 2589 Gentilium
3348 2549 3483 2589 vero
3509 2547 3578 2588 ex
3617 2534 3686 2590 iis

2107 2629 2481 2698 sensibilibus,
2501 2639 2726 2700 accepta
2745 2628 2994 2695 scientia,
3023 2629 3137 2701 ipsa
3167 2643 3387 2701 quoque
3411 2629 3519 2684 hoc
3540 2629 3685 2685 idem

2089 2719 2332 2777 'fatetur.
2365 2722 2597 2789 Quidam
2623 2722 2766 2778 enim
2817 2723 2960 2778 inter
3001 2729 3228 2778 αξιοι-οε
3258 2737 3449 2778 eorum
3507 2724 3687 2794 philo-

2107 2815 2311 2885 sophos
2338 2815 2596 2882 nobilior,
2618 2831 2779 2870 unam
2809 2829 2930 2869 esse
2972 2814 3204 2884 primam
3238 2830 3480 2880 causam,
3518 2831 3688 2870 unum

2111 2904 2360 2959 omnium
2407 2921 2590 2960 rerum
2649 2906 2849 2961 asserit
2914 2903 3275 2972 Creatorem;
3336 2917 3392 2961 et
3438 2907 3699 2976 quamvis“

2108 2997 2311 3053 multos
2361 2998 2528 3053 etiam
2575 3007 2702 3069 post
2755 2998 2910 3053 illum
2965 3001 3171 3068 gradus
3206 3000 3417 3054 entiam
3467 3000 3688 3069 credat,
3751 3021 3754 3024 -

489 3095 558 3148 At
584 3105 839 3164 magnum
871 3096 1011 3163 apud
1044 3110 1140 3151 vos
1172 3096 1488 3152 scandalum
1517 3097 1772 3169 genuisse
1805 3098 1996 3153 dicitis
2023 3070 2069 3135 ο
2108 3107 2273 3146 unum
2331 3092 2687 3164 principium,
2725 3101 2782 3147 et
2827 3091 2997 3146 multa
3031 3089 3327 3163 principia,
3368 3095 3554 3148 omnia
3609 3104 3688 3148 ta-

416 3183 752 3240 additionem
778 3185 1098 3242 Latinorum
1131 3189 1184 3243 in
1217 3190 1633 3262 Symbolo.Cur
1665 3189 2007 3247 ita-fratres?

415 3274 579 3332 Certe
612 3276 657 3333 si
693 3287 839 3332 recte
885 3279 1241 3337 considerare
1274 3283 1582 3349 volueritis,
1631 3297 1741 3338 non
1792 3284 2002 3340 additio

417 3368 511 3424 illa
540 3367 666 3431 fuit,
689 3369 784 3424 sed
812 3372 1103 3440 expositio,
1155 3372 1250 3428 sed
1298 3375 1632 3444 explanatio,
1669 3377 1765 3431 sed
1816 3378 1998 3434 decla-

419 3460 577 3514 ratio.
625 3461 846 3515 Additio
892 3477 1128 3532 namque
1178 3465 1344 3519 etiam
1375 3467 1526 3537 juxta
1559 3467 1851 3524 doctorum
1902 3483 2001 3524 no-

417 3564 651 3611 strorum
702 3555 1031 3609 sententiam
1096 3556 1188 3610 illa
1233 3567 1342 3621 est,
1373 3572 1495 3628 quae
1547 3561 1822 3615 contraria
1868 3560 1999 3631 deg-

420 3660 562 3703 mata
623 3648 968 3703 introducit:
1028 3664 1150 3728 qua}
1207 3664 1338 3705 vero
1391 3651 1628 3717 eadem,
1683 3651 1999 3722 similiaque

417 3741 726 3811 profitetur.
779 3741 1101 3805 declaratio,
1135 3757 1246 3797 non
1305 3742 1514 3798 additio
1571 3754 1676 3800 est.
1707 3743 1918 3816 Quippe
1953 3745 2001 3801 si

420 3850 608 3890 verum
664 3850 774 3888 non
824 3843 991 3898 esset,
1026 3835 1170 3905 quod
1217 3834 1752 3907 dieitur,-fugienda
1811 3838 2000 3908 utique

419 3931 536 3984 hinc
556 3929 763 3984 additio
792 3928 951 3984 foret.
985 3928 1143 3996 Quod
1174 3928 1220 3984 si
1260 3945 1446 3986 verum
1480 3940 1584 3998 est,
1621 3939 1676 3986 et
1719 3929 1845 3986 fidei
1876 3947 2000 3986 san-

419 4027 633 4076 ctorum
660 4035 991 4086 consonans,
1026 4020 1100 4075 ibi
1145 4023 1404 4077 timemus
1445 4021 1720 4087 timorem,
1766 4021 1861 4076 ubi
1886 4037 1996 4076 non

416 4123 502 4166 est
533 4113 718 4177 timor,
771 4122 826 4166 et
851 4112 1234 4182 superstitioni
1264 4113 1460 4183 magis,
1491 4129 1653 4184 quam
1681 4113 1874 4186 pietati
1917 4115 2002 4169 in-

419 4203 725 4276 dulgemus.
752 4204 916 4259 Multa
947 4204 1164 4261 Nicaeae
1197 4204 1459 4276 Symbolo
1485 4206 1729 4263 secunda
1754 4207 1997 4280 synodus
2047 4254 2049 4256 .

419 4297 634 4354 addidit
685 4297 754 4351 de
808 4297 1095 4352 divinitate
1144 4294 1385 4368 Spiritus
1426 4299 1621 4366 sancti,
1651 4298 1721 4355 de
1787 4301 1996 4372 unitate

421 4389 699 4454 Ecclesiae,
722 4389 791 4444 de
812 4388 1161 4459 baptismate,
1180 4389 1249 4445 de
1276 4391 1599 4446 remissione
1616 4403 1992 4462 peccatorum.

421 4483 488 4537 de
532 4484 937 4538 resurrectione
977 4489 1346 4550 mortuorum,
1382 4481 1452 4538 de
1501 4483 1613 4538 vita
1661 4493 1885 4540 asterna.
1920 4486 1996 4541 De

420 4575 619 4645 quibus
649 4576 888 4645 primum
922 4573 1215 4631 concilium
1248 4575 1455 4632 nullam
1486 4577 1715 4634 omnino
1742 4572 1998 4648 expedite

422 4671 760 4723 mentionem
810 4666 1034 4725 fecerat.
1085 4667 1251 4722 Multa
1306 4678 1570 4739 praeterea
1629 4670 1720 4724 alii
1780 4686 2000 4742 quoque

420 4761 692 4824 doctores,
722 4761 813 4830 qui
875 4761 982 4815 illis
1030 4769 1415 4816 successerunt
1468 4758 1671 4827 Latini,
1727 4777 1888 4832 quam
1925 4763 2002 4818 illi

421 4851 702 4921 fecerant,
743 4855 1060 4920 tradidere;
1112 4870 1233 4924 qua:
1273 4863 1454 4909 tamen
1501 4870 1610 4911 non
1667 4855 1997 4924 additiones,

423 4947 519 5005 sed
548 4945 949 5003 declarationes
1002 4947 1243 5003 fuerunt.
1284 4947 1396 5004 Cur
1428 4947 1593 5019 igitur
1631 4949 1996 5005 eteatholicze

423 5036 678 5093 Ecclesia:
712 5055 818 5092 non
846 5039 1064 5094 licuerit
1108 5024 1391 5095 hocidem
1441 5041 1643 5108 facere,
1673 5041 1836 5096 simili
1890 5043 2001 5096 tiae-

423 5131 717 5187 rcticoruin
745 5132 1066 5187 necessitate
1109 5131 1382 5203 urgente?
1405 5132 1539 5188 Nam
1572 5134 1717 5203 quod
1771 5149 2001 5205 respon-

422 5225 554 5281 dere
609 5224 816 5290 soletis,
878 5237 1008 5280 tunc
1041 5226 1296 5294 quidem,
1355 5225 1603 5293 licuisse,
1662 5243 1811 5283 nunc
1869 5243 2000 5283 vero

423 5325 713 5389 postquam
748 5319 903 5372 tertia
955 5318 1197 5389 synodus
1244 5334 1463 5374 omnem
1495 5320 1834 5376 additionem
1871 5336 1999 5390 pro-

423 5412 622 5472 hihuit.
663 5427 731 5467 ne
776 5414 950 5483 ipsam
976 5412 1204 5483 quidem
1261 5413 1546 5470 veritatem
1578 5413 1783 5470 addere
1806 5415 1999 5482 licere,

423 5504 587 5558 stulta
618 5521 747 5560 sane
779 5515 831 5559 et
885 5521 1018 5560 vana
1056 5507 1194 5562 ratio
1217 5517 1318 5562 est.
1353 5506 1558 5578 Legite,
1583 5506 1627 5562 si
1658 5507 1809 5576 libet,
1829 5523 1994 5580 quam

496 5693 509 5722 ‘
544 5688 733 5744 Matth.
754 5705 896 5763 χιιι,
934 5690 1028 5743 21.

2105 3198 2232 3237 men
2267 3183 2372 3238 sub
2417 3185 2599 3254 primo
2644 3184 2740 3239 illo
2766 3182 3079 3240 constituit.
3114 3185 3270 3240 Alius
3302 3200 3446 3252 vero
3504 3186 3690 3244 multis

2106 3275 2210 3331 hoc
2269 3276 2413 3331 idem
2449 3292 2704 3333 asserens
2736 3277 2938 3344 verbis,
2993 3287 3353 3350 mutuataque
3379 3281 3594 3335 tandem
3656 3298 3684 3336 a

2103 3365 2340 3438 quodam
2367 3369 2680 3438 antiquiore
2714 3369 3028 3425 sententia:
3061 3370 3180 3425 Non
3213 3380 3319 3433 est.
3356 3373 3559 3444 inquit,
3587 3375 3713 3429 boo-

2104 3473 2209 3514 nus
2261 3459 2558 3514 multorum
2603 3461 2984 3532 principatus;
3020 3478 3165 3519 unus
3196 3465 3478 3536 princeps,
3539 3483 3686 3523 unus

2104 3566 2197 3605 rex
2223 3563 2366 3606 esto.
2393 3554 2586 3624 Neque
2616 3553 2763 3607 enim
2792 3555 2984 3609 volunt
3006 3556 3154 3613 entia
3188 3558 3331 3613 male
3363 3558 3688 3631 gubernari,

2102 3646 2256 3715 quasi
2294 3647 2434 3699 male
2458 3646 2752 3716 gubernari
2779 3647 3096 3714 videantur,
3134 3650 3241 3705 nisi
3279 3667 3420 3707 unus
3457 3654 3548 3720 sit,
3589 3656 3686 3724 qui

2102 3740 2286 3808 praesit
2328 3739 2620 3794 universis.
2663 3741 2723 3794 ln
2761 3740 2929 3796 rebus
2959 3753 3144 3796 autem
3172 3743 3468 3808 humanis.
3517 3758 3686 3816 atque

2101 3830 2355 3885 civilibus
2376 3830 2541 3886 iidem
2571 3831 2696 3901 ipsi,
2753 3846 2991 3902 quorum
3029 3834 3368 3890 mentionem
3427 3837 3685 3907 fecimus,

2096 3924 2393 3995 cate-rique
2417 3939 2630 3992 omnes,
2661 3933 2714 3979 et
2750 3936 2878 3981 ante
2907 3941 3006 3982 eos
3030 3926 3282 3985 Salvator
3307 3940 3495 3987 noster
3518 3931 3686 3992 Iesus

2097 4015 2350 4072 Christus
2371 4018 2670 4088 legitimam
2697 4018 3075 4074 monarehiam
3102 4023 3316 4077 exteris
3341 4023 3687 4093 gubernandi

2098 4111 2276 4164 modis
2313 4109 2970 4183 anteponuntmﬂzddite.
3024 4111 3204 4182 inquit
3252 4113 3366 4182 ille,
3395 4131 3514 4187 qua
3563 4125 3688 4172 sunt

2099 4199 2326 4256 Cesaris
2358 4199 2575 4266 Ccsan',
2604 4209 2666 4255 et
2689 4216 2803 4271 qua:
2833 4200 2934 4256 Dei
2963 4199 3074 4256 Deo
3093 4205 3110 4234 ¹
3137 4219 3154 4270 ;
3209 4208 3367 4276 quasi
3395 4201 3540 4264 unus
3569 4211 3691 4279 qui-
3761 4236 3763 4238 -

2099 4293 2222 4347 dem
2261 4292 2335 4347 sit
2371 4293 2516 4348 Deus
2566 4296 2622 4348 in
2649 4293 2826 4358 caelis,
2856 4301 2916 4348 et
2944 4309 3086 4350 unus
3126 4298 3384 4369 princeps
3410 4299 3464 4355 in
3491 4303 3686 4369 terris;

2102 4387 2194 4442 hic
2247 4402 2376 4442 vero
2427 4390 2522 4456 qui
2575 4389 2720 4442 inter
2775 4389 3138 4461 philosophos
3192 4392 3435 4463 primum
3469 4397 3687 4454 obtinet
3738 4422 3744 4425 -

2103 4481 2305 4544 locum,
2341 4478 2476 4534 illud
2503 4479 2818 4550 reipublica:
2855 4498 3027 4559 genus
3062 4499 3172 4540 non
3203 4486 3366 4542 modo
3392 4489 3689 4559 generibus

2101 4573 2336 4640 caeteris,
2370 4573 2466 4629 sed
2496 4573 2660 4629 etiam
2709 4576 3042 4645 optimatum
3087 4569 3421 4651 principatui
3455 4591 3687 4654 antepo.
3767 4603 3774 4609 ·

2101 4667 2205 4734 nit,
2248 4676 2304 4722 et
2345 4667 2534 4722 divino
2589 4682 2754 4739 quam
2813 4665 3175 4725 simillimum-
3216 4680 3339 4729 esse
3385 4673 3545 4733 dicit.
3580 4675 3682 4734 Ubi

2102 4777 2267 4827 unus,
2299 4762 2391 4831 qui
2429 4763 2727 4818 virtutibus
2756 4765 3014 4833 ,eieteros
3070 4769 3384 4838 antecellat,
3421 4775 3682 4831 omnibus

2105 4854 2441 4908 dominetur.
2499 4855 2657 4910 Alius
2702 4868 2888 4911 autem
2944 4855 3110 4930 hujus
3157 4862 3377 4918 auditor
3426 4867 3682 4923 omnibus

2105 4947 2309 5020 politiae
2335 4950 2674 5005 enumeratis
2722 4951 3052 5021 generibus,
3091 4956 3345 5011 eumdem
3393 4957 3540 5014 hunc
3591 4976 3685 5030 gu-

2108 5042 2378 5098 bernandi
2409 5041 2632 5097 modum
2658 5054 2787 5097 ante
2809 5059 3000 5099 omnes
3028 5048 3336 5113 constituit,
3359 5050 3688 5120 perfeetissi-

2109 5149 2260 5189 mum
2290 5149 2516 5204 regnum
2548 5137 2851 5208 appellans.
2892 5139 3048 5195 Hunc
3075 5140 3241 5210 igitur
3270 5157 3301 5195 a
3339 5139 3450 5197 Deo
3479 5143 3680 5199 bonum

2108 5236 2167 5282 et
2217 5227 2540 5296 perfectum,
2591 5239 2648 5283 et
2699 5231 3075 5285 necessarium
3132 5233 3384 5289 ordinem
3435 5236 3491 5292 in
3524 5236 3687 5293 rebus

2106 5319 2426 5387 ﬂuentibus,
2449 5329 2613 5391 atque
2675 5322 2911 5378 terrenis
2951 5326 3319 5393 servabimus,
3351 5327 3552 5386 fratres
3581 5349 3596 5388 :
3630 5334 3683 5386 in

2103 5425 2436 5470 antemarum
2461 5429 2594 5472 vero
2624 5417 2955 5484 animarum,
2983 5427 3040 5474 et
3064 5429 3266 5474 sanctae
3302 5420 3394 5476 Dei
3429 5422 3684 5479 Ecclesia

2104 5507 2503 5581 gubernatione
2556 5510 3022 5568 contemnemus?
3071 5511 3338 5571 lndecens
3390 5525 3543 5574 certe
3579 5523 3678 5586 est,
