4062 6146
393 275 497 334 489

1454 283 1551 348 DE
1591 285 1878 350 VERBIS
1916 286 2598 350 CONSECRATIONIS.

3552 289 3668 352 490

391 405 444 451 et
468 395 538 451 ab
577 397 728 454 omni
755 399 970 459 ratione
994 401 1258 461 alienum.
1287 404 1386 462 llic
1414 406 1562 462 enim
1591 408 1826 464 maxime
1850 423 1969 462 om-
1996 412 2045 471 Α
2074 407 2404 481 pontiﬁcalis
2431 405 2706 480 sententia
2745 403 2962 460 roboris
3015 403 3296 460 habuisset
3325 442 3341 466 ,
3390 418 3499 459 non
3543 405 3656 462 illis

387 488 538 544 nium
575 500 661 546 est
686 497 823 547 ordo
852 496 1178 552 servandus.
1233 495 1521 567 Siquidem
1558 508 1827 570 perpetua
1880 500 1967 555 di-

386 581 572 651 gniora
603 591 732 639 sunt
783 583 968 652 ﬂuxis,
1016 591 1415 650 momentaneis
1439 631 1454 657 ,
1519 599 1686 661 atque
1720 592 1963 651 caducis.

387 671 525 728 llinc
570 675 858 745 legislator
887 689 1098 745 noster,
1132 692 1187 735 et
1223 680 1489 737 Dominus
1514 682 1678 740 Iesus
1708 684 1966 741 Christus

383 781 602 822 omnem
632 767 926 823 humanam
944 770 1294 840 sapientiam,
1323 775 1480 845 cujus
1511 778 1626 844 ipse
1665 775 1825 846 dator
1857 788 1965 844 est,

381 859 674 924 excedens,
707 862 976 931 optimum
1000 865 1340 934 gubernandi
1367 868 1590 922 modum
1609 883 1723 924 sum
1742 869 1967 940 reliquit

381 948 660 1018 Ecclesiae,
682 966 807 1007 cum
824 953 1024 1030 Petro,
1051 963 1104 1010 et
1135 970 1232 1025 per
1252 969 1378 1012 eum
1409 959 1824 1014 successoribus
1845 960 1966 1032 ejus

380 1041 748 1112 principatum
771 1045 916 1101 illius
939 1047 1186 1104 tradidit.
1221 1048 1296 1104 Tu
1330 1067 1408 1113 es,
1435 1049 1636 1119 inquit,
1667 1050 1881 1120 Petrus,
1910 1064 1963 1107 et

378 1150 535 1202 super
582 1137 722 1188 hanc
752 1146 958 1206 petram
989 1139 1264 1206 adiﬁcabo
1299 1141 1595 1196 Ecclesium
1640 1160 1813 1198 meam
1834 1146 1870 1202 ¹.
1898 1147 1966 1201 Et

377 1241 572 1281 rursus
598 1245 610 1280 :
641 1226 752 1282 Tibi
783 1230 918 1284 dabo
941 1230 1112 1286 claves
1133 1234 1281 1302 regni
1303 1234 1549 1290 ccelorum
1569 1237 1611 1290 ¹.
1631 1237 1696 1289 Et
1727 1238 1961 1292 iterum:

377 1317 545 1375 Pasce
571 1336 687 1374 oues
723 1338 888 1385 meas,
911 1339 1066 1390 pasce
1105 1341 1268 1394 agnos
1293 1341 1431 1380 meos
1453 1327 1493 1384 ⁸.
1520 1328 1585 1380 Et
1608 1328 1736 1383 alibi
1763 1347 1775 1382 :
1818 1328 1881 1382 Et
1908 1338 1963 1382 tu

374 1412 666 1482 aliquando
693 1431 970 1471 conuersus
1005 1417 1260 1486 confirma
1310 1413 1501 1488 fratres
1529 1432 1644 1478 tuos
1665 1423 1704 1477 ⁸.
1737 1423 1850 1479 Nec
1876 1439 1964 1480 me

374 1506 584 1573 putetis
609 1506 809 1560 fratres
867 1523 1063 1562 novam
1116 1510 1289 1579 legem
1343 1511 1718 1578 introducere,
1754 1531 1964 1570 novum

376 1597 573 1666 dogma
605 1598 825 1653 docere.
861 1599 1116 1670 Repetite
1158 1602 1421 1658 memoria
1447 1643 1461 1666 ,
1501 1605 1594 1674 qui
1629 1607 1834 1676 priscas
1880 1608 1964 1663 hi-

372 1689 641 1752 storicas,
675 1691 770 1759 qui
825 1692 1183 1746 conciliorum
1230 1704 1348 1748 acta
1403 1695 1647 1767 legistis,
1691 1708 1960 1767 quantum

2077 500 2356 554 attulisset
2402 499 2818 561 detrimentum,
2850 496 2956 553 nisi
3003 495 3246 552 Romano
3278 496 3500 567 praesuli
3526 498 3663 554 sub-

2077 591 2176 646 diti
2213 591 2572 647 exstitissent.
2605 589 2864 644 Photium
2917 589 3114 644 deinde
3151 588 3661 660 Constantinopoli-

2076 691 2259 738 tanam
2310 682 2500 739 sedem
2550 692 2912 748 occupantem
2939 721 2954 745 ,
2993 686 3085 752 qui
3128 681 3481 738 sanctissimo
3534 682 3658 739 viro

2074 774 2286 845 lgnatio
2331 775 2512 847 ejecto
2548 775 2853 832 Ecclesiam
2905 774 3010 831 sibi
3065 775 3279 831 viribus
3345 776 3660 848 subegerat,

2073 883 2261 924 nonne
2309 867 2572 927 Nicolaus
2617 867 2898 923 Romanus
2927 867 3177 937 pontifex
3211 865 3458 922 fidelium
3503 883 3658 924 com-

2075 961 2333 1017 munione
2362 959 2617 1032 privavit,
2652 968 2710 1016 et
2743 961 3014 1016 "restituto
3067 958 3273 1031 lgnatio
3301 959 3371 1016 ab
3410 959 3659 1018 Ecclesia

2073 1053 2320 1123 repulit?
2354 1054 2472 1120 Qua
2528 1052 2744 1108 ratione
2774 1051 2828 1108 id
2871 1051 2986 1123 egit
3030 1052 3310 1120 Nicotaus,
3359 1052 3467 1110 nisi
3525 1053 3658 1125 quia

2073 1160 2242 1215 super
2280 1160 2473 1200 omnes
2506 1143 2778 1200 Ecclesiae
2826 1152 3153 1213 potestatem
3191 1142 3454 1200 habebat.
3498 1145 3658 1201 Post-

2075 1251 2240 1307 quam
2275 1251 2404 1290 vcro
2433 1236 2515 1290 vir
2557 1247 2782 1291 sanctus
2836 1235 3078 1306 lgnatius
3101 1236 3168 1290 ad
3220 1217 3514 1291 Dominum
3557 1237 3659 1292 mi-

2073 1328 2296 1397 gravit,
2355 1343 2538 1382 nonne
2621 1327 2985 1396 imperatores
3055 1325 3654 1397 Constantinopolitani

2075 1419 2284 1485 multis,
2316 1435 2378 1472 ac
2404 1411 2621 1473 crebris
2653 1420 2911 1490 precibus
2953 1419 3006 1473 in
3044 1418 3289 1474 favorem
3321 1419 3503 1474 Photii
3545 1420 3654 1476 llo-

2072 1524 2237 1564 mano
2263 1508 2507 1576 pontitici
2541 1508 2999 1579 interpellarunt?
3037 1509 3231 1564 Nonne
3260 1509 3526 1576 Joannes,
3556 1508 3658 1579 qui

2072 1609 2197 1669 post
2237 1599 2545 1665 Nicolaum,
2587 1611 2643 1656 et
2673 1599 2974 1656 Adrianum
3005 1600 3335 1657 universalis
3393 1598 3656 1656 Ecclesia

2072 1690 2448 1762 gubernacula
2481 1701 2819 1761 susceperat,
2854 1694 2909 1746 in
2950 1692 3374 1762 patriarchalem
3407 1690 3653 1747 restituit

375 1795 594 1852 semper
625 1782 905 1838 Romanus
935 1784 1176 1853 pontifex
1203 1802 1370 1854 super
1403 1803 1619 1843 omnem
1657 1789 1957 1846 Ecclesiam
1984 1778 2038 1836 Β
2068 1783 2274 1845 sedem.
2306 1783 2644 1853 palliumque
2676 1785 2751 1838 illi
2804 1785 2973 1842 misit.
3005 1785 3057 1837 in
3107 1799 3215 1853 quo
3247 1783 3480 1854 refulget
3512 1797 3654 1853 pon-

372 1875 757 1950 auctoritatem
830 1877 1048 1932 habuit.
1108 1878 1440 1935 Coelestinus
1515 1897 1654 1951 papa
1725 1883 1956 1951 primam

373 1964 710 2033 Epliesinam
744 1967 1028 2038 synodum
1051 1968 1199 2022 solus
1219 1971 1554 2037 reprobuvit,
1585 1972 1956 2042 irritavitque,

371 2055 630 2126 quamvis
664 2059 844 2112 omnis
890 2055 1183 2114 Orientalis
1207 2059 1478 2126 Ecclesia,
1505 2070 1559 2116 et
1589 2062 1692 2132 ipsi
1731 2063 1961 2132 patriar-

371 2150 490 2205 cha:
537 2150 824 2204 unanimes
880 2151 935 2203 in
985 2165 1048 2204 ea
1101 2155 1508 2209 convenissent.
1549 2154 1750 2209 Leonis
1779 2154 1956 2226 Magni

369 2239 664 2306 epistolam
705 2240 893 2294 Patres
917 2239 1398 2298 Chalcedonenses
1432 2248 1662 2299 numero
1687 2248 1957 2311 sexcenti,

371 2341 429 2386 et
480 2332 702 2402 triginta
745 2333 989 2404 episcopi
1023 2334 1196 2390 instar
1233 2337 1378 2392 sacri
1418 2337 1699 2408 Evangelii
1735 2354 1959 2409 recepe-

371 2435 528 2492 runt,
551 2441 783 2496 eamque
816 2427 1138 2483 orthodoxa
1182 2427 1309 2484 ﬁdei
1341 2415 1652 2485 columnam
1702 2432 1958 2487 nomina-

373 2524 544 2582 runt;
590 2531 804 2570 necnon
840 2517 993 2589 juxta
1026 2519 1145 2590 ejus
1174 2521 1527 2588 sententiam,
1570 2537 1713 2585 eam,
1743 2517 1809 2576 de
1851 2537 1958 2594 qua

369 2608 659 2678 agebatur,
708 2611 1079 2665 terminarunt
1124 2614 1503 2682 quaestionem.
1537 2613 1707 2669 Iidem
1766 2615 1958 2670 Patres

369 2699 745 2756 Alexandrino
765 2701 1437 2773 Constantinopolitanum
1469 2722 1567 2776 per
1592 2698 1958 2763 imitationem

370 2793 605 2848 secundi
653 2792 874 2848 concilii
928 2805 1372 2864 przeposuerunt,
1401 2813 1503 2853 nec
1535 2806 1718 2854 tamen
1761 2798 1959 2854 feeisse

368 2899 432 2940 se
495 2885 704 2956 aliquid
748 2900 1104 2957 censuerunt,
1140 2890 1243 2944 nisi
1297 2892 1398 2946 hoc
1431 2891 1576 2946 idem
1603 2890 1713 2946 Leo
1759 2895 1959 2947 contir-

369 2987 554 3033 maret
577 2996 591 3032 :
612 2979 757 3048 quod
787 2990 844 3034 ut
867 2980 1248 3048 impetrarent,
1275 2983 1460 3039 multis
1478 2994 1534 3038 et
1561 2983 1954 3055 legationibus,

369 3077 428 3124 et
458 3070 712 3138 precibus
742 3068 1170 3145 Contendernnt,
1191 3073 1398 3143 quibus
1420 3083 1602 3130 tamen
1623 3077 1705 3130 vir
1734 3088 1958 3132 sanctus

2070 1873 2235 1926 titicis
2265 1872 2525 1942 dignitas.
2574 1874 2712 1940 Quid
2761 1874 2979 1928 tandem
3019 1873 3134 1928 haec
3177 1875 3360 1928 omnia
3390 1872 3650 1943 praescie-

2069 1972 2225 2024 runt,
2263 1964 2480 2026 fratres,
2511 1965 2615 2019 nisi
2651 1980 2920 2020 summam
2956 1980 3079 2020 esse
3114 1965 3346 2020 Romani
3374 1966 3650 2035 pontiﬁcis

2067 2070 2234 2125 super
2291 2071 2512 2111 omnem
2567 2055 2867 2112 Ecclesium
2919 2059 3328 2123 auctoritatem,
3368 2072 3642 2114 summam

2067 2156 2394 2218 potestatem
2464 2149 2591 2204 llaec
2621 2149 2788 2218 igitur
2817 2152 3000 2204 omnia
3023 2155 3348 2220 cogitantes,
3369 2149 3493 2204 hac
3517 2165 3646 2206 cum

2066 2240 2234 2296 animi
2269 2243 2574 2298 attentione
2602 2241 3018 2297 considerantes
3047 2257 3268 2298 omnem
3306 2257 3500 2297 vanam
3530 2241 3650 2314 opi-

2066 2337 2288 2389 nionem
2317 2334 2502 2389 exuite
2536 2372 2553 2399 ,
2583 2330 2749 2391 omne
2775 2329 3114 2390 immeritum
3147 2334 3337 2390 odium
3363 2335 3648 2405 deponite,

2067 2438 2228 2480 omine
2261 2424 2393 2479 illud
2428 2425 2494 2481 de
2529 2425 2746 2480 Latinis
2776 2441 2885 2480 non
2913 2435 3126 2481 rectum
3154 2425 3424 2498 judicium
3447 2426 3503 2482 in
3537 2442 3652 2481 me-

2065 2518 2172 2574 lius
2203 2527 2440 2585 mutate;
2473 2519 2869 2588 ample‘ctimini
2915 2521 3239 2586 veritatem;
3275 2519 3646 2590 integritatem

2067 2609 2190 2663 fidei
2235 2625 2342 2663 una
2367 2624 2492 2663 cum
2524 2609 2800 2664 catholica
2829 2618 2883 2663 et
2909 2599 3110 2664 sancta
3133 2597 3378 2664 Romana
3404 2608 3650 2665 Ecclesia

2066 2700 2167 2771 ipsi
2223 2717 2443 2772 quoque
2492 2701 2712 2756 maximi
2752 2701 3135 2757 existimantes
3161 2701 3453 2757 nobiscum
3515 2716 3650 2757 con-

2070 2795 2272 2848 venite.
2310 2794 2504 2854 Missos
2546 2793 2715 2866 facite
2746 2808 2843 2850 eos
2901 2792 2995 2863 qui
3046 2792 3424 2848 contentionis
3466 2793 3652 2864 potius

2067 2890 2262 2955 gratia,
2294 2901 2457 2956 quam
2484 2886 2736 2941 veritatis
2777 2901 2916 2940 vana
2959 2886 3268 2955 loquentes,
3307 2900 3406 2940 vos
3430 2900 3459 2939 a
3498 2893 3648 2940 recta

2068 2981 2175 3034 fide
2201 2980 2491 3035 seducunt.
2521 2981 2807 3034 Pastorem
2846 2979 3104 3035 Ecclesiae
3137 2980 3396 3035 Romanae
3429 2977 3652 3032 univer-

2069 3073 2234 3129 salem
2296 3074 2534 3134 Patrem,
2569 3057 2733 3142 atque
2763 3073 3082 3144 magistrum
3127 3073 3460 3130 existimate.
3494 3076 3652 3131 Hunc

369 3176 622 3216 annuere
647 3168 920 3218 recusavit
945 3183 960 3230 ;
1010 3174 1064 3218 et
1099 3167 1201 3220 nisi
1231 3177 1420 3237 postea
1475 3169 1542 3224 ab
1571 3170 1678 3225 alio
1709 3167 1956 3224 Romano
1983 3142 2028 3200 θ
2064 3167 2210 3220 enim
2245 3166 2479 3231 honore,
2511 3165 2672 3220 laude
2731 3180 2795 3219 ac
2828 3165 3186 3221 veneratione
3226 3167 3648 3236 prosequimini.

367 3255 643 3312 Pontiﬁce
673 3270 997 3312 concessum
1023 3258 1351 3322 exstitisset,
1381 3263 1587 3319 nullius
1611 3263 1807 3317 fuisset
1827 3279 1956 3318 sane

367 3349 822 3406 momenti.Ante
847 3357 994 3408 hunc
1021 3356 1376 3410 innocentius
1407 3357 1692 3412 Romanus
1713 3356 1955 3426 pontifex

369 3437 670 3493 Arcadium
721 3447 778 3494 et
815 3440 1116 3497 Eudoxiam
1191 3461 1365 3516 reges,
1424 3446 1569 3516 quod
1597 3446 1861 3502 Joannem
1900 3462 1960 3502 os

369 3543 603 3583 aureum
636 3531 820 3601 inique
846 3533 912 3587 de
939 3533 1180 3590 Ecclesia
1216 3539 1579 3606 pepulissent,
1600 3539 1954 3594 anathemate

369 3621 559 3688 feriit,
620 3634 674 3677 et
733 3624 1170 3683 Christianorum
1237 3631 1629 3686 communione
1703 3633 1958 3701 privavit.

370 3715 717 3792 Quodgcerte
756 3733 865 3774 non
914 3718 1154 3786 fecisset,
1190 3722 1299 3776 nisi
1326 3738 1490 3786 supra
1521 3738 1739 3787 omnem
1771 3723 1958 3779 Eccle-

368 3809 512 3866 siam
570 3809 854 3866 habuisset
915 3811 1232 3881 imperium.
1265 3812 1478 3884 Quippe
1502 3814 1574 3870 "si
1611 3830 1723 3870 non
1771 3815 1966 3871 luisset

372 3901 702 3957 universalis
734 3914 943 3974 pastor,
975 3916 1030 3960 et
1084 3907 1352 3975 pontifex,
1395 3917 1450 3962 et
1493 3907 1804 3962 communis
1853 3921 1969 3962 om-

372 3990 530 4048 nium
587 3991 1026 4050 Christianorum
1061 3997 1243 4060 Pater,
1303 4005 1354 4052 et
1413 3997 1696 4069 magister.
1733 3997 1790 4054 Si
1827 3996 1974 4054 Con-

373 4087 860 4156 stantinOpolitana
893 4089 1030 4144 urbs
1085 4097 1139 4142 et
1182 4089 1549 4160 imperatores
1612 4090 1718 4159 illi;
1749 4090 1816 4146 de
1849 4091 1970 4163 ejus

374 4195 541 4251 grege
560 4177 668 4235 non
695 4180 946 4248 fuissent,
981 4197 1089 4236 non
1115 4192 1537 4253 separasseteos
1562 4183 1686 4240 talis
1716 4182 1970 4254 pontifex

375 4271 448 4328 ab
493 4272 724 4338 unitate,
783 4284 839 4328 et
877 4273 1268 4330 communione
1321 4273 1589 4331 ﬁdelium.
1638 4272 1790 4330 Nihil
1819 4272 1970 4331 enim

2059 3256 2172 3312 Nos
2215 3270 2348 3310 vero
2371 3271 2692 3326 quanquam
2729 3255 3075 3324 immeritos,
3123 3265 3302 3311 tamen
3347 3260 3516 3328 gratia
3552 3255 3648 3314 Dei

2061 3365 2161 3419 per
2187 3349 2546 3427 apostolicam
2579 3348 2765 3403 sedem
2801 3355 2854 3402 et
2883 3364 3161 3404 summum
3196 3349 3511 3420 pontiﬁcem
3541 3349 3650 3406 Do-

2067 3443 2274 3495 minum
2305 3450 2573 3504 nostrum,
2609 3441 2764 3496 vobis
2787 3442 2841 3495 in
2881 3441 3247 3511 patriarcham
3279 3442 3521 3514 legitime
3547 3443 3647 3498 da-

2065 3543 2206 3597 tum,
2242 3543 2422 3603 utpar
2445 3542 2549 3598 est,
2577 3517 2870 3602 suscipite.
2921 3533 3127 3588 Monita
3167 3541 3355 3589 nostra
3389 3544 3647 3605 tanquam

2066 3638 2320 3696 paternas
2349 3627 2765 3682 adhortationes
2789 3624 2996 3682 audite.
3035 3625 3297 3681 Eamdem
3330 3642 3545 3682 mecum
3595 3639 3654 3682 et

2065 3720 2390 3776 sententiam
2443 3727 2498 3773 et
2529 3717 2689 3773 ﬁdem
2722 3719 2909 3780 colite,
2950 3726 3008 3771 ut
3043 3719 3100 3772 in
3129 3721 3326 3773 eodem
3367 3721 3564 3789 spiritu
3592 3730 3652 3776 et

2068 3821 2252 3870 meate
2282 3811 2593 3878 credentes,
2619 3809 2874 3880 idemque
2909 3813 2975 3866 de
3009 3811 3112 3864 tide
3145 3811 3448 3867 sentientes
3475 3826 3653 3882 quan-

2064 3903 2159 3958 diu
2191 3905 2294 3959 hac
2323 3903 2608 3974 fungimur
2645 3903 2752 3956 vita
2785 3903 3025 3957 invicem
3059 3903 3376 3975 diligamus,
3412 3905 3652 3960 invicem

2066 3997 2440 4054 consolemur.
2475 3996 2609 4050 Post
2654 4010 2787 4050 vero
2815 3994 2985 4065 hujus
3017 3995 3273 4050 mortalis
3305 3996 3531 4052 sarcina
3558 3995 3657 4053 de-

2066 4089 2399 4161 positionem
2427 4087 2678 4143 eamdem
2705 4089 2760 4143 in
2783 4087 3004 4143 Christo
3021 4088 3251 4158 gloriam
3279 4088 3650 4152 obtineamus.

2064 4190 2123 4239 et
2150 4181 2522 4238 desideratum
2548 4183 2712 4236 linem
2744 4178 2956 4252 adepti,
2993 4180 3106 4236 vita
3138 4179 3390 4236 fruamur
3420 4189 3650 4237 aeterna.
3706 4259 3710 4263 η

2064 4271 2263 4332 Amen.

429 4375 470 4447 ’⁸
493 4413 690 4471 Matth.
727 4432 838 4484 xvt,
896 4415 982 4470 l8.
1054 4419 1074 4448 ¹
1105 4415 1244 4473 ibid.
1282 4417 1375 4475 l9.
1451 4417 1472 4449 ³
1502 4415 1660 4473 Joan.
1697 4430 1843 4484 xxvr,
1884 4412 2077 4471 15-17.
2153 4414 2174 4447 ⁸
2209 4412 2344 4470 Luc.
2375 4427 2512 4483 xxii,
2549 4410 2642 4468 32.

410 4546 3637 4574 ww

1157 4592 1999 4800 eamconUM
2086 4679 2881 4796 CONFESSIO

853 4890 955 4951 DE
987 4889 1274 4951 VERBIS
1312 4889 2006 4954 CONS’ECRATIONIS
2037 4892 2139 4952 ET
2176 4885 3208 4962 TRANSSUBSTANTIATIONE,

744 5017 800 5080 Δ
852 5015 1395 5082 BESSARIONE
1453 5014 1894 5081 EXPOSITA
1945 5014 2050 5079 IN
2107 5012 2512 5078 CONCILIO
2568 5009 3119 5075 FLORENTINO
3180 5005 3290 5092 (ι).

1436 5139 1733 5205 (Halanos,
1761 5135 2280 5207 Mummltalicum,
2307 5137 2348 5199 Ι,
2385 5152 2437 5197 n,
2463 5134 2598 5196 243.)

1973 5275 2049 5291 ανη.

452 5393 548 5450 Die
580 5387 883 5456 Dominica,
906 5385 1096 5458 quinta
1125 5385 1255 5442 Julii
1293 5377 1535 5442 MCCCC
1561 5374 1874 5455 XXXVII",
1908 5386 1972 5442 in-

384 5484 627 5558 generali
680 5479 1138 5552 congregatione,
1175 5477 1500 5550 praesidente
1533 5479 1587 5532 in
1625 5480 1812 5534 eadem
1842 5495 1964 5534 san-

384 5579 631 5635 ctissimo
681 5577 906 5631 domino
953 5581 1145 5627 nostro
1193 5572 1418 5627 domino
1475 5571 1740 5641 Eugenio,
1779 5571 1965 5626 divina

458 5695 534 5766 (l)
591 5692 1090 5766 llujusuversioAnis
1141 5689 1543 5766 autographum
1590 5689 1644 5742 in
1698 5689 1961 5744 thesauro

389 5759 729 5823 serenissimi
759 5763 934 5834 Magni
975 5760 1208 5818 Etruriae
1257 5759 1420 5817 Ducis
1449 5767 1788 5827 asservatur,
1835 5775 1960 5813 cum

2071 5383 2414 5456 providentia
2453 5394 2589 5450 papa
2627 5388 2847 5452 quarto,
2889 5379 3255 5452 praesentibus
3301 5381 3652 5441 reverendis-

2072 5478 2226 5533 simis
2270 5473 2698 5543 reverendisque
2747 5471 2999 5528 Patribus
3047 5483 3102 5529 et
3160 5473 3399 5529 dominis
3446 5485 3650 5534 sancta:

2071 5571 2332 5626 Romana:
2357 5565 2628 5621 Ecclesias-
2641 5564 3036 5626 cardinalibus.
3061 5565 3408 5634 patriarchis,
3431 5567 3648 5624 archie-

2072 5684 2403 5747 authenticis
2461 5683 2663 5737 litteris
2717 5680 2964 5753 unionjs,
3013 5681 3242 5753 Latinos
3291 5684 3438 5741 inter
3484 5692 3650 5753 atque

2068 5765 2287 5813 (uaces
2318 5754 2474 5809 facta:
2505 5753 2559 5807 in
2591 5752 2829 5807 concilio
2869 5751 3214 5808 Florentino.
3255 5754 3406 5811 lianc
3443 5751 3651 5811 versio.
