4062 6146
366 269 473 336 493

1358 276 1457 339 DE
1511 276 2020 341 SACRAMENTO
2074 272 2645 339 EUCHARISTIIE.

3527 275 3650 344 illi

365 382 491 444 cum
558 386 1046 446 reverendissimis
1096 388 1533 463 reverendisque
1574 388 1843 449 Patribus
1893 400 1949 449 et
1978 388 2290 462 Aquisitus
2343 388 2400 443 in
2438 387 2601 446 tidem
2649 396 2706 445 et
2764 388 3147 447 testimonium
3198 388 3635 462 praemissorum.

363 478 607 537 dominis
655 470 1001 551 pﬁeiaiis‘ac
1019 485 1358 540 connotario
1390 498 1514 541 tneo
1556 487 1941 557 suprascripto

362 580 607 642 praesens
652 570 1107 644 interful,eaque
1146 573 1229 631 sic
1280 571 1398 631 ﬁeri
1452 575 1565 632 vidi
1617 584 1673 632 et
1719 574 1946 634 audivi:

359 661 486 720 ideo
512 660 622 720 hoc
641 674 891 741 praem
920 664 1204 737 publicum
1226 668 1691 737 instrumentum,
1728 682 1829 742 per
1858 669 1946 726 in-

361 762 662 826 terpretem
691 753 857 827 hujus
887 756 1033 813 sacri
1066 759 1377 831 ycnmeuici
1427 760 1651 817 'con‘ciiii
1698 761 1948 820 subscri—

358 855 538 919 μείω,
572 859 683 901 una
710 858 835 901 cum
868 846 1021 905 dicto
1050 850 1377 908 connotario
1425 851 1728 924 subscripsi
1756 894 1772 920 ,
1803 854 1945 912 etin

362 936 506 993 bane
552 936 832 1009 publicam
882 938 1119 996 formam
1170 940 1384 1014 redegi,
1416 942 1577 1016 ligno
1626 953 1686 1002 et
1716 948 1943 1004 nomine

360 1029 715 1089 ureissolills
738 1038 800 1089 et
852 1034 1138 1092 consuetis
1184 1032 1403 1108 signavi
1458 1045 1684 1110 rogatus
1746 1048 1809 1098 ct
1849 1054 1944 1100 tte-

379 1189 3317 1221 W—W

2070 498 2073 499 '
2119 477 2241 555 Ego
2290 482 2585 551 Julianus,
2632 479 2777 539 tituli
2828 481 3040 541 Sanctae
3080 481 3303 539 Sabinae
3342 475 3637 556 presbyter

2058 576 2380 643 cardinaiis,
2420 574 2613 633 Sancti
2645 576 2841 647 Angeli
2887 576 3201 655 vulgariter,
3236 584 3592 647 nuncupatus
3619 614 3638 642 ,

2051 677 2300 741 praesens
2336 665 2417 726 fui
2448 669 2707 726 omnibus
2730 666 3045 739 praedictis;
3078 677 3134 726 et
3174 681 3511 741 recognosco
3532 664 3637 737 lit-

2050 769 2229 825 teram
2272 762 2537 841 scriptam
2584 777 2756 818 manu
2786 759 3001 837 praelati
3048 758 3259 819 Nicolai
3293 759 3637 834 Sagudinei.,

2051 852 2365 933 communis
2390 853 2711 925 interpretis
2738 854 3062 929 Latinorum
3091 862 3147 909 et
3174 847 3494 910 Graecorum
3535 868 3554 908 :
3581 862 3640 911 et

2050 947 2122 1004 ad
2171 952 2495 1019 perpetuam
2543 947 2627 1005 rei
2676 936 3003 1004 memeri'atn
3030 942 3263 1019 propria
3294 956 3462 1001 manu
3501 942 3640 1001 sub-

2048 1040 2263 1112 scripsi.

3324 1196 3613 1216 ﬂ

1353 1276 2634 1540 BESSARIONIS
2740 1292 2746 1299 ”

1556 1647 1917 1713 EPISCOPI
1962 1648 2437 1728 TUSCULANI,

590 1798 933 1887 SANCTE
976 1797 1352 1867 RDMANE
1404 1798 1815 1866 ECCLESIE
1862 1801 2372 1883 CARDINALIS,
2412 1803 2847 1872 CPOLITANI
2892 1801 3439 1899 PATRIARCHE

851 1973 1034 2090 DE
1113 1971 2083 2093 SACRAMENTO
2158 1970 3181 2112 EUCHARISTIAE

875 2180 998 2247 ET
1043 2180 1375 2259 QUIBUS~
1402 2180 1712 2245 VERBIS
1752 2179 2106 2247 CHRISTI
2141 2176 2462 2247 CORPUS
2504 2181 3099 2249 CONFICIATUR.

1059 2332 1249 2399 (Claud.
1286 2330 1533 2395 Saiucles,
1568 2333 1803 2399 Liturgice
1824 2316 1923 2384 SS.
1944 2333 2175 2386 Rati-um.
2200 2334 2526 2398 Antwerplas.
2559 2333 2700 2388 1562.
2722 2332 2946 2396 Latine.)

1945 2494 2020 2510 κ

417 2615 666 2674 Sacrum
702 2614 1061 2686 divinumque
1092 2621 1180 2673 est
1212 2614 1579 2673 Eucharistiae
1605 2615 1954 2691 mysterium,
1985 2630 2031 2689 Β
2062 2615 2536 2695 praesumpsissem
2556 2659 2571 2683 ,
2605 2616 2709 2674 nisi
2742 2632 2831 2675 me
2860 2626 2915 2675 et
2940 2615 3091 2690 juste
3123 2612 3469 2688 precantium
3497 2602 3647 2690 peti-

351 2722 459 2784 pnr
490 2710 637 2782 quod
679 2707 781 2765 lilii
808 2706 949 2775 Dei,
980 2716 1041 2765 et
1066 2707 1357 2777 haeredes,
1412 2716 1471 2766 et
1502 2709 1859 2775 cohaeredes.
1891 2722 1951 2765 et

353 2804 614 2879 ejusdem
652 2818 781 2861 cum
818 2802 1059 2859 Domino
1097 2802 1348 2875 corporis
1386 2802 1662 2860 efﬁcimur
1693 2820 1819 2862 cum
1862 2800 1952 2862 di-

354 2915 469 2973 gne
500 2910 572 2955 eo
604 2896 1028 2971 participamus.
1066 2895 1173 2954 Sed
1212 2897 1390 2969 quaeri
1420 2898 1568 2954 inter
1596 2899 1952 2958 Christianos

353 2992 543 3058 solet,
579 2992 785 3063 quibus
823 2988 1177 3062 p0tissimum
1219 2990 1408 3051 verbis
1431 3032 1448 3057 ,
1483 2991 1633 3048 intra
1672 2992 1951 3050 solemnes

352 3076 655 3144 Missurum
697 3085 841 3142 ritus
870 3124 885 3153 ,
927 3096 1345 3147 sacrosanctum
1380 3086 1603 3144 Domini
1643 3101 1847 3159 corpus
1895 3094 1954 3141 et

356 3178 595 3249 sanguis
652 3174 1004 3235 conﬁciatur.
1065 3178 1177 3237 Alii
1234 3179 1383 3235 enim
1438 3178 1546 3236 hoc
1601 3178 1784 3234 facere
1844 3175 1953 3234 alia

358 3270 754 3349 existimantes
778 3311 794 3339 ,
846 3269 1040 3353 Latini
1095 3272 1455 3335 Ambrosium
1484 3316 1499 3341 ,
1541 3272 1913 3344 AuguStinum
1935 3313 1953 3341 ,

360 3361 699 3434 Gregorium
726 3403 741 3429 ,
784 3359 1037 3435 aliosque
1073 3364 1334 3421 doctores
1372 3380 1507 3422 suos
1546 3364 1769 3430 secuti,
1825 3379 1952 3420 cum

358 3456 619 3515 doctrina
646 3497 661 3523 ,
696 3465 816 3511 tum
836 3456 974 3513 vita:
1005 3458 1299 3515 sanctitate
1332 3468 1655 3529 praestantes
1675 3499 1691 3526 ,
1724 3458 1815 3514 illa
1844 3458 1956 3523 Do«_-

362 3548 511 3605 mini
544 3549 719 3605 verba
760 3550 812 3604 id
855 3548 1040 3606 facere
1098 3549 1548 3609 manifestissime
1601 3559 1955 3620 asseverant,

356 3638 479 3695 Hoc
516 3632 605 3695 est
632 3654 827 3711 corpus
867 3657 1080 3708 meum;
1119 3651 1195 3711 et,
1242 3639 1347 3699 Hic
1398 3652 1475 3699 est
1513 3644 1735 3715 sanguis
1769 3660 1953 3711 meus,

358 3745 677 3802 vanamque
717 3742 949 3802 prorsus
981 3734 1105 3791 sine
1140 3733 1211 3791 iis
1251 3749 1376 3792 esse
1413 3735 1731 3793 orationem
1770 3752 1958 3794 sacer-

361 3822 513 3880 dotis
544 3826 867 3895 opinantur.
898 3827 1088 3885 Graeci
1122 3841 1256 3885 vero
1282 3867 1299 3894 ,
1330 3830 1639 3903 praesertim
1677 3829 1958 3885 recentio-

364 3931 459 3995 res
485 3957 503 3984 ,
537 3931 671 3973 eum
700 3918 904 3977 Iacobo
940 3919 1111 3978 iratre
1140 3919 1399 3989 Domini,
1424 3920 1637 3979 Basilio
1675 3932 1733 3979 et
1776 3923 1957 3995 Chry-
1982 3968 2029 4044 Ο

364 4020 612 4044 inuam-va
651 4012 956 4044 ..-κοξηηιηο
1030 4015 1329 4044 ,ἀκωκὴ-ι.
1371 4018 1602 4044 ,ενι-...ιε
1647 4027 1697 4044 ,ι
1742 4019 1919 4044 ---ηοξ

360 4020 614 4069 'sostomo
651 4012 957 4071 sentientes
981 4054 997 4083 ,
1030 4015 1331 4088 singularis
1369 4018 1604 4089 exempli
1644 4027 1701 4074 et
1741 4019 1956 4074 sancti-

362 4106 573 4163 monia:
615 4106 801 4177 viris,
851 4123 967 4166 non
1010 4108 1135 4166 illis
1190 4108 1496 4166 Salvatoris
1544 4110 1723 4166 nostri
1769 4110 1959 4167 verbis

368 4201 586 4258 Christi
627 4216 831 4273 corpus
868 4212 925 4260 et
963 4202 1291 4276 sanguinem
1333 4191 1536 4259 conﬁci
1578 4210 1814 4272 putant,
1858 4203 1955 4257 sed

364 4295 701 4367 quibusdam
743 4310 867 4367 qua:
904 4307 1219 4367 sequuntur
1254 4293 1521 4366 precibus
1578 4295 1953 4352 sacerdotum.

365 4390 583 4458 Quibus
631 4389 689 4445 in
732 4388 1022 4449 Missurum
1065 4384 1305 4453 caelis,
1347 4398 1471 4457 quae
1512 4385 1712 4455 singuli
1753 4386 1960 4458 quique

359 4492 567 4537 ’eorum
610 4494 1020 4551 composuere,
1057 4476 1152 4532 ditt
1193 4488 1317 4549 post
1346 4476 1735 4532 multationem
1768 4476 1959 4532 verbo-

365 4586 490 4627 rum
539 4570 817 4635 Domini,
876 4586 999 4644 qua:
1046 4584 1214 4640 supra
1264 4568 1729 4633 memoravimus,
1779 4567 1960 4623 adhuc
2000 4586 2008 4597 ’

369 4678 570 4734 partem
612 4668 669 4719 et
704 4663 899 4719 Vinum
934 4663 1121 4720 oblata
1148 4659 1268 4716 ﬂeo
1300 4672 1532 4715 munera
1563 4660 1839 4731 appellant
1860 4700 1874 4723 .
1895 4656 1961 4714 ‘ett

366 4759 641 4831 Spiritum
681 4767 936 4815 sanctum
959 4801 974 4827 ,
1017 4765 1080 4813 ut
1113 4773 1280 4829 super
1319 4773 1383 4814 ea
1415 4756 1748 4823 descendat,
1784 4755 1958 4811 bene-

370 4852 557 4919 dicat,
588 4850 899 4909 sanctiﬁcet
921 4866 1028 4919 ,ac
1062 4864 1265 4921 corpus
1295 4858 1352 4906 et
1381 4851 1708 4921 sanguinem
1728 4844 1958 4903 Domini

2055 2716 2237 2774 tiones
2244 2753 2271 2786 ρ
2319 2727 2384 2769 ac
2424 2712 2627 2785 cupido
2661 2711 2917 2769 utilitatis
2954 2720 3279 2768 nostrorum
3309 2711 3600 2769 hominum
3622 2750 3640 2778 ,

2056 2826 2294 2885 quorum
2348 2810 2543 2866 salutis
2575 2816 2630 2866 et
2660 2808 2849 2878 gloriae
2880 2822 3099 2879 semper
3132 2806 3492 2864 avidissimus
3523 2802 3602 2861 fui
3624 2846 3640 2867 .

2062 2905 2131 2961 ad
2183 2901 2242 2961 id
2286 2902 2397 2959 mei
2445 2900 2624 2973 ipsius
2667 2894 2900 2961 oblitum
2944 2898 3376 2971 compulissent,
3418 2906 3477 2955 et
3521 2895 3646 2952 illos

2063 2997 2213 3070 inter
2248 3008 2307 3052 se
2337 2992 2648 3050 concordes
2679 2991 2914 3048 reddere
2937 3030 2951 3057 ,
2987 2989 3175 3048 divino
3205 2990 3384 3048 fretus
3412 2983 3644 3054 auxilio,

2056 3085 2360 3163 sperarem.
2388 3086 2464 3146 Ut
2502 3087 2672 3159 igitur
2688 3095 2856 3141 recte
2896 3086 3088 3141 nostra
3123 3083 3390 3156 procedat
3425 3081 3640 3147 oratio,

2063 3190 2121 3238 et
2152 3180 2356 3237 veritas
2392 3178 2475 3236 rei
2518 3194 2683 3251 quam
2730 3176 3030 3248 quaerimus
3070 3167 3290 3232 facilius
3326 3175 3639 3239 elucescat,

2058 3274 2246 3346 aliqua
2282 3272 2450 3329 altius
2483 3270 2785 3343 repetenda
2815 3278 2977 3336 sunt,
3025 3278 3321 3338 antequam
3371 3264 3641 3321 institutae

2058 3366 2387 3439 quastionis
2420 3365 2621 3421 seriem
2658 3363 3067 3434 aggrediamur.

2066 3448 2067 3451 “
2128 3458 2272 3516 Ante
2302 3456 2493 3513 omnia
2530 3456 2702 3528 igitur
2740 3453 3032 3511 sciendum
3076 3459 3198 3520 est,
3232 3460 3343 3507 tam
3390 3448 3495 3506 hoc
3546 3461 3643 3505 sa-

2060 3565 2414 3610 crosanctum
2451 3548 2897 3619 communionis,
2935 3548 3006 3605 de
3038 3562 3150 3620 quo
3186 3548 3439 3619 agimus,
3476 3558 3642 3618 quam

2060 3657 2259 3705 caetera
2288 3644 2553 3718 Ecclesiae
2586 3654 2932 3701 sacramenta
2982 3642 3108 3697 ideo
3154 3648 3501 3698 sacramenta
3542 3646 3643 3694 vo-

2059 3736 2262 3807 citari,
2294 3738 2557 3808 quoniam
2593 3734 2743 3791 aliud
2774 3733 2838 3789 in
2873 3748 2933 3791 se
2968 3732 3177 3789 habent
3206 3733 3356 3805 quod
3396 3731 3645 3804 videtur,

2058 3828 2207 3887 aliud
2239 3828 2386 3899 quod
2414 3844 2528 3884 non
2560 3827 2813 3898 corporis
2838 3824 3045 3894 oculis,
3081 3825 3178 3881 sed
3206 3825 3324 3887 solo
3355 3824 3639 3880 intellectu

2058 3920 2574 3993 comprehenditur.
2624 3920 2754 3997 Quae
2799 3915 3083 3985 videntur,
3134 3916 3423 3977 sensibilis
3473 3921 3641 3997 sunt;

2061 4030 2184 4087 qua:
2219 4030 2354 4071 vero
2390 3995 2680 4069 intellectu:
2711 4000 3117 4083 percipiuntur,
3152 4008 3462 4080 spiritalia:
3489 3995 3647 4063 Unde

2060 4110 2290 4181 spiritus
2342 4118 2399 4166 et
2450 4107 2562 4162 vita
2618 4106 2905 4161 dicuntur.
2950 4102 3117 4159 Verba
3160 4110 3339 4156 autem
3373 4116 3492 4168 qua:
3531 4097 3647 4155 diri

2060 4202 2204 4258 vobis
2230 4242 2244 4269 ,
2282 4200 2461 4271 inquit
2492 4199 2795 4265 Dominus,
2841 4198 3060 4268 spiritus
3102 4202 3225 4250 sunt
3268 4202 3318 4249 et
3365 4195 3499 4250 vita.
3530 4192 3648 4249 Ἠο-

2063 4311 2184 4349 rum
2253 4303 2525 4369 praetcrea
2590 4302 3074 4348 sacramentorum,
3130 4287 3347 4359 singula
3410 4295 3647 4356 quasque

2055 4380 2279 4461 duobus
2306 4381 2653 4453 accipiuntur
2680 4376 2861 4437 modis
2890 4399 2902 4436 :
2933 4383 3029 4435 aut
3057 4380 3207 4434 enim
3237 4388 3647 4433 sacramentum

2061 4480 2276 4549 signum
2335 4487 2457 4538 est,
2522 4475 2701 4529 autid
2762 4473 2911 4545 quod
2968 4473 3331 4543 signiﬁcatur.
3396 4470 3647 4528 Primum

2062 4571 2281 4641 quidem
2318 4568 2536 4639 signum
2570 4565 2955 4627 tantummodo
2988 4575 3044 4621 et
3074 4574 3164 4621 est
3196 4576 3250 4621 ut
3278 4562 3504 4620 dicitur.
3542 4562 3650 4619 Se-

2062 4663 2303 4716 cundum
2354 4675 2486 4713 vero
2537 4676 2623 4715 res
2655 4668 2738 4738 est
2764 4702 2780 4725 ,
2812 4662 2937 4729 qua:
2966 4672 3039 4713 eo
3070 4646 3603 4727 signosi'gnilicatur
3627 4671 3648 4709 :

2059 4757 2255 4813 Omnis
2286 4756 2436 4811 enim
2478 4757 2790 4826 theologica
2823 4754 3077 4815 doctrina
3101 4794 3115 4817 ,
3150 4758 3288 4807 teste
3314 4750 3647 4819 Augustino,

2062 4849 2234 4921 signis
2258 4859 2483 4907 constat
2518 4858 2573 4903 ct
2610 4836 2796 4907 rebus.
2823 4846 2893 4916 Et
2921 4860 3010 4902 res
3046 4846 3270 4916 quidem
3308 4853 3488 4908 sunt,
3522 4854 3648 4911 quae

370 4946 613 5015 efﬁciat,
657 4949 923 5005 invocant
962 4954 1020 5003 et
1058 4958 1382 5020 precantur.
1423 4945 1562 5001 Cum
1607 4943 1729 4999 talis
1771 4943 1958 5011 itaque
1993 5015 2023 5020 _
2063 4954 2123 4999 ut
2172 4942 2492 5015 signiﬁcatae
2543 4942 2916 5012 accipiuntur,
2969 4940 3122 5011 signa
3173 4951 3348 5003 vero,
3397 4950 3638 5007 quorum

372 5050 632 5111 tantaque
673 5039 744 5096 sit
780 5040 850 5096 de
900 5056 961 5096 re
994 5015 1234 5096 maxima
1268 5042 1417 5095 inter
1449 5038 1676 5094 Latinos
1706 5036 1957 5093 Graecos-
1991 5015 2035 5071 Ῑ)
2065 5038 2245 5089 omnis
2292 5036 2345 5088 in
2394 5034 2755 5105 signiﬁcando
2797 5041 2883 5086 est
2930 5045 3085 5086 usus.
3136 5029 3251 5086 Etsi
3295 5028 3444 5085 enim
3474 5041 3641 5083 omne

370 5148 478 5205 que
520 5132 836 5195 dissensio.
870 5132 917 5189 si
949 5131 1171 5203 quidem
1210 5131 1355 5186 inter
1402 5142 1703 5201 prmseutes
1748 5138 1957 5183 tantum

2060 5129 2277 5198 signum
2315 5142 2401 5180 res
2433 5127 2501 5179 sit
2533 5124 2703 5196 (nam
2754 5123 2900 5194 quod
2945 5137 3057 5178 non
3103 5134 3190 5180 cst
3232 5137 3360 5187 res.
3395 5130 3456 5177 ut
3495 5120 3637 5175 idem

373 5240 437 5282 ac
466 5237 678 5282 nostra
712 5226 893 5282 etatis
925 5228 1074 5280 viros
1108 5225 1489 5280 controversia
1526 5222 1665 5277 foret
1689 5265 1703 5287 ,
1741 5221 1959 5275 facilius
2056 5215 2398 5296 Augustinus
2428 5215 2636 5283 inquit,
2666 5214 2804 5277 nihil
2833 5213 3061 5267 omnino
3086 5222 3172 5269 est
3193 5254 3207 5280 ,
3229 5222 3287 5269 et
3316 5212 3397 5267 sic
3421 5210 3640 5283 signum

372 5318 439 5374 de
482 5318 551 5374 iis
599 5328 789 5390 posset
839 5315 1023 5389 quivis
1067 5332 1167 5387 pro
1207 5332 1306 5371 sua
1342 5315 1604 5384 Opinione
1637 5312 1954 5367 disserere:

370 5427 494 5467 cum
531 5427 667 5466 vero
698 5414 844 5466 inter
879 5424 1200 5465 communes
1247 5408 1503 5465 Ecclesiae
1536 5409 1821 5467 doctores.
1860 5420 1957 5458 ve-

376 5513 629 5575 teresque
675 5516 731 5560 et
780 5503 1159 5559 sanctissimos
1197 5501 1385 5558 Patres
1420 5512 1637 5555 nostros
1670 5497 1953 5553 contentio

372 5599 613 5672 agitetur
649 5598 723 5669 (ii
762 5609 893 5653 sunt
932 5596 1079 5652 enim
1114 5596 1207 5667 qui
1253 5606 1304 5652 et
1338 5594 1634 5651 dissentire
1679 5590 1951 5672 invicem,

374 5668 430 5746 et
452 5701 510 5746 ut
541 5692 632 5747 alii
664 5668 885 5762 quoque
914 5690 1283 5755 dissentiant,
1315 5686 1497 5743 facere
1530 5685 1810 5753 videntur)
1837 5668 1955 5751 ipse

374 5801 459 5841 me
492 5787 638 5841 inter
672 5798 768 5841 eos
821 5782 1112 5840 arbitrium
1169 5782 1512 5837 constituere
1556 5778 1698 5833 haud
1749 5787 1956 5832 temere

2056 5323 2179 5363 esse
2214 5318 2321 5361 non
2367 5306 2627 5375 potest),
2670 5305 2773 5358 hoc
2820 5315 3003 5369 tamen
3049 5306 3172 5360 loco
3224 5305 3440 5373 signum
3488 5300 3638 5358 acci-

2060 5400 2226 5470 pitur,
2283 5413 2391 5453 non
2442 5408 2501 5451 ut
2547 5414 2632 5452 res
2666 5398 2971 5468 significata
2997 5440 3013 5463 ,
3043 5397 3142 5451 sed
3177 5404 3239 5452 ut
3268 5396 3489 5466 signum
3521 5408 3638 5447 rem

2064 5494 2236 5562 ipsam
2288 5491 2640 5562 signiﬁcans,
2687 5501 2959 5561 quatenus
3008 5490 3216 5545 scilicet
3264 5490 3478 5559 signum
3520 5495 3638 5554 est,

2063 5596 2119 5638 et
2167 5601 2275 5637 non
2330 5594 2605 5653 quatenus
2663 5600 2750 5639 res
2791 5583 2971 5652 aliqua
3021 5592 3125 5636 est.
3163 5579 3637 5649 Quemadmodum

2062 5682 2190 5731 cum
2250 5674 2641 5731 ascendentem
2697 5675 2976 5753 cernimus
3021 5674 3282 5741 fumum,
3342 5688 3453 5728 non
3501 5685 3643 5740 qua-

2049 5781 2229 5827 'tenus
2267 5766 2571 5823 substantia
2598 5768 2780 5836 aliqua
2814 5765 2933 5822 sive
2964 5780 3050 5821 res
3086 5775 3205 5832 est,
3240 5765 3335 5821 sed
3370 5773 3648 5835 quatenus
