4140 6140
390 180 502 269 tos

1356 212 1863 279 BESSARIONIS
1902 218 1961 281 S.
2001 220 2076 282 R.
2118 219 2189 285 E.
2234 219 2709 289 CARDINALIS

3463 229 3662 296 -496

389 328 572 401 solum
623 335 710 382 est
769 325 989 399 signum
1036 326 1215 401 ignis,
1252 331 1473 403 signum
1524 346 1648 387 esse
1695 330 2052 398 dicimus,A
2082 336 2520 401 cramentaliter.
2573 349 2632 395 et
2681 355 2793 396 non
2846 340 3234 411 spiritualiter,
3288 343 3325 399 ii
3383 350 3516 399 sunt
3566 344 3662 416 qui

387 420 520 491 quia
551 419 862 476 substantia
895 437 951 477 et
988 437 1078 478 res
1114 422 1302 493 aliqua
1338 433 1445 479 est.
1481 422 1619 479 Nam
1655 439 1819 479 omne
1850 422 1975 494 qui-

386 509 515 567 dem
551 512 770 585 signum
807 529 897 571 res
929 515 1110 586 aliqua
1142 526 1263 582 est,
1303 533 1413 582 non
1455 526 1641 573 tamen
1674 518 1857 572 omnis
1890 530 1976 571 res

386 606 619 689 alterius
646 609 723 663 rei
756 618 840 665 est
870 608 1113 679 signum.
1145 609 1287 665 Sunt
1308 610 1456 664 enim
1491 624 1581 671 res
1609 608 1807 680 aliqua:
1836 609 1979 665 dun-

388 711 542 759 taxat
582 714 643 759 ut
692 704 1051 776 signiﬁcatus,
1086 720 1199 761 non
1237 714 1422 761 autem
1456 713 1517 759 ut
1552 704 1711 773 signa
1760 702 1973 773 aliquid

394 796 547 852 aliud
577 796 945 868 signiﬁcantia
966 840 979 863 ,
1002 798 1152 869 quod
1184 797 1238 853 in
1270 796 1395 852 aliis
1427 795 1790 852 sacramentis
1818 794 1978 851 facile

387 886 789 956 comprehendi
824 898 1029 957 potest.

466 978 687 1035 Etenim
721 980 777 1034 in
803 989 1151 1036 sacramento
1175 977 1528 1050 baptismatis
1555 975 1765 1031 ablutio
1790 973 1979 1028 carnis

386 1088 490 1143 per
520 1088 721 1143 aquam
760 1074 833 1129 ita
872 1082 957 1129 est
991 1082 1438 1136 sacramentum,
1489 1080 1553 1125 ut
1597 1070 1865 1124 duntaxat
1907 1066 1980 1122 si-

389 1182 558 1235 gnum
607 1167 678 1221 sit
726 1164 1033 1220 ablutionis
1079 1175 1454 1233 peccatorum.
1509 1160 1630 1231 Ipsa
1664 1160 1814 1215 enim
1851 1171 1982 1229 pec-

388 1269 643 1315 catorum
679 1256 939 1311 remissio
979 1270 1071 1310 res
1121 1264 1209 1310 est
1258 1239 1608 1325 signiﬁcata,
1652 1250 1792 1305 nihil
1836 1251 1981 1305 ultra
2014 1293 2021 1299 .

393 1350 743 1422 significans.
808 1346 926 1404 [ioc
989 1346 1134 1401 idem
1197 1345 1251 1401 in
1310 1345 1542 1415 reliquis
1595 1340 1980 1399 sacramentis.

392 1444 542 1516 Ergo
575 1455 630 1498 et
668 1443 721 1497 in
761 1448 1112 1499 sacramento
1157 1436 1556 1501 Encharistite,
1608 1437 1845 1491 alterum
1894 1442 1983 1489 est

394 1537 579 1593 solum
620 1534 840 1604 signum
870 1574 885 1601 ,
924 1546 984 1590 ut
1018 1530 1177 1603 panis
1206 1541 1264 1586 et
1297 1529 1410 1585 \‘iltl
1449 1527 1686 1583 visibilis
1718 1524 1934 1596 species
1965 1542 1979 1576 :

395 1626 632 1681 alterum
680 1641 767 1682 res
809 1622 1159 1692 signiﬁcata.
1207 1630 1271 1676 ut
1315 1620 1497 1690 ipsum
1532 1632 1726 1673 verum
1762 1614 1981 1670 Domini

2078 425 2306 499 indigne
2337 432 2753 489 communicant
2784 451 2799 488 :
2832 447 3061 492 sumunt
3091 437 3241 492 enim
3293 452 3487 493 verum
3541 452 3669 494 cor~

2078 531 2182 587 pus
2212 516 2463 584 Christi,
2495 537 2606 577 non
2642 531 2824 580 tamen
2856 526 3193 582 sacramenti
3224 526 3486 583 eﬁ‘ectum
3523 527 3672 584 acci-

2079 606 2271 676 piunt,
2307 625 2409 665 nec
2434 610 2659 667 Christo
2730 615 3027 672 uniuntur.
3069 615 3147 672 De
3191 616 3261 672 iis
3300 616 3484 688 inquit
3525 617 3671 686 Apo-

2078 697 2293 765 stolus,
2325 704 2477 769 quod
2502 702 2773 770 judicium
2822 705 2929 761 sibi
2959 706 3301 762 manducant
3345 718 3402 764 et
3444 708 3667 765 bibunt.

2077 787 2201 855 Non
2231 793 2384 847 enim
2428 794 2705 866 judicium
2751 806 2808 851 et
2854 801 3388 857 condemnationem
3434 801 3673 858 mandu-

2084 895 2281 938 carent
2335 896 2390 939 et
2436 886 2729 952 biberent,
2784 890 2829 944 si
2880 891 3210 961 spiritaliter
3258 895 3671 950 communicas-

2080 984 2240 1039 sent,
2288 976 2398 1032 imo
2423 978 2533 1048 jam
2582 978 2808 1036 Christo
2858 984 3178 1041 unirentur.
3234 984 3381 1041 Sunt
3407 986 3506 1042 alii
3535 988 3671 1055 qui,

2082 1068 2185 1121 etsi
2218 1084 2331 1123 non
2366 1070 2506 1126 ﬁunt
2538 1075 3023 1131 sacramentaliter
3067 1079 3390 1148 participes,
3442 1080 3701 1149 spiritao.

2054 1158 2211 1223 liter
2242 1172 2426 1216 tamen
2471 1165 2926 1229 communicant,
2971 1170 3446 1239 quemadmodum
3492 1171 3538 1227 si
3586 1171 3672 1231 rel

2084 1251 2267 1308 infans
2296 1265 2423 1323 post
2454 1255 2792 1325 baptismum
2815 1300 2830 1321 .
2867 1260 2953 1315 vel
2982 1271 3144 1318 aetate
3175 1271 3502 1333 provectus.
3533 1278 3676 1321 nunc

2084 1341 2249 1410 dum,
2284 1344 2356 1399 ob
2384 1345 2628 1415 aliquam
2674 1348 3057 1407 inevitabilem
3107 1354 3540 1420 necessitatem,
3588 1371 3677 1410 rev

2084 1448 2243 1507 cepto
2290 1437 2500 1495 Christi
2546 1457 2777 1516 corpore
2804 1483 2819 1510 ,
2853 1445 3145 1515 repentina
3181 1456 3360 1504 morte
3388 1447 3672 1507 deﬁciant.

2085 1527 2235 1585 Nihil
2295 1530 2446 1585 enim
2504 1531 2691 1589 minus
2740 1538 3083 1593 sacramenti
3135 1538 3443 1610 participes
3493 1541 3676 1609 ﬁunt.

2086 1634 2254 1689 quam
2313 1623 2358 1678 si
2416 1628 2863 1682 communionem
2924 1631 3213 1701 cepissent
3238 1632 3464 1691 :»ﬁunt
3520 1635 3676 1693 enim

391 1736 597 1788 corpus
650 1731 707 1776 et
754 1718 1001 1789 sanguis,
1055 1715 1203 1787 quod
1256 1730 1321 1769 ex
1377 1708 1753 1769 immaculatis
1805 1708 1982 1764 beatas
2014 1704 2056 1760 Β
2088 1711 2336 1767 membra
2364 1711 2573 1770 Christi
2601 1725 2659 1772 et
2690 1718 2845 1786 regni
2880 1720 3126 1776 cmlestis
3157 1722 3433 1780 heredes.

392 1815 641 1887 Virginis
686 1812 1055 1884 sanguinibus
1096 1805 1420 1876 assumpsit.
1456 1803 1661 1861 Verum
1706 1802 1812 1858 hoc
1854 1816 1986 1872 pro-

395 1910 573 1980 prium
600 1906 771 1963 habet
806 1914 1005 1975 praeter
1026 1902 1131 1957 alia
1162 1900 1411 1955 divinum
1445 1898 1552 1952 hoc
1578 1903 1984 1953 sacramentum

396 2000 798 2061 EuchariStim.
847 1996 995 2066 quod
1048 1996 1102 2050 in
1150 2011 1217 2049 eo
1267 2008 1353 2047 res
1397 1989 1707 2061 signiﬁcata
1755 1987 1985 2043 alterius

392 2098 565 2152 etiam
602 2096 679 2149 rei
713 2092 929 2163 signum
965 2096 1073 2145 est.
1110 2088 1293 2159 ipsum
1340 2084 1488 2140 enim
1534 2098 1726 2138 verum
1764 2078 1986 2135 Domini

394 2200 601 2255 corpus
629 2194 688 2240 et
714 2183 978 2253 sanguis,
1014 2194 1141 2234 cum
1177 2176 1265 2232 res
1294 2180 1366 2231 sit
1402 2176 1560 2244 signo
1594 2174 1753 2244 panis
1785 2180 1839 2227 et
1872 2168 1986 2225 vini

395 2276 708 2349 signiﬁcata
737 2315 749 2337 ,
783 2282 844 2330 ut
871 2289 994 2330 mox
1032 2269 1428 2341 ostendemus.
1480 2276 1566 2322 est
1617 2276 1799 2321 tamen
1850 2263 1986 2319 alte-

396 2371 516 2423 rius
566 2368 647 2422 rei
682 2365 901 2435 signum
926 2404 942 2429 ,
978 2379 1103 2420 cum
1143 2362 1420 2433 signiﬁcet
1455 2358 1749 2431 mysticum
1778 2354 1984 2412 Chrisri

396 2476 638 2533 corpus,
672 2469 730 2515 et
764 2458 1027 2515 Ecclesiae
1062 2458 1116 2509 in
1156 2455 1368 2526 Spiritu
1420 2460 1616 2509 sancto
1668 2449 1938 2504 unitatem
1968 2464 1983 2502 :

334 2537 339 2541 ’
401 2555 690 2613 hoc.tero
728 2566 835 2608 non
882 2548 1124 2620 amplius
1154 2548 1320 2603 aliam
1367 2534 1482 2602 rem
1524 2543 1843 2616 signiﬁcat,
1890 2539 1984 2594 sed

398 2657 615 2707 tantum
665 2642 1031 2717 signiﬁcatur.
1075 2640 1153 2697 Ita
1196 2640 1255 2696 ﬁt
1309 2649 1370 2693 ut
1420 2636 1659 2693 visibilis
1706 2632 1872 2691 simul
1924 2647 1990 2688 ac

398 2741 686 2811 sensibilis
720 2739 936 2812 species
969 2737 1131 2809 panis
1157 2743 1213 2791 et
1251 2734 1364 2789 vini
1386 2773 1401 2799 ,
1433 2729 1668 2804 duplicis
1705 2728 1784 2784 rei
1820 2725 1988 2798 signi-

401 2836 618 2899 ﬁcatrix
669 2835 744 2905 sit
772 2848 788 2888 :
838 2829 1118 2904 signiﬁcat
1144 2826 1293 2884 enim
1325 2836 1381 2881 et
1412 2840 1603 2881 verum
1636 2836 1842 2894 corpus
1877 2818 1987 2874 Do-

403 2928 580 2997 mini,
613 2934 671 2985 et
706 2940 797 2981 res
828 2922 1139 2995 signiﬁcata
1172 2930 1228 2977 et
1256 2921 1476 2991 signum
1520 2933 1740 2973 sacrum
1787 2928 1907 2981 est,
1934 2922 1991 2969 et

2159 1801 2286 1861 "ilic
2322 1806 2488 1877 igitur
2518 1823 2645 1864 cum
2692 1812 2951 1869 omnibus
3001 1814 3293 1871 manifesta
3343 1819 3458 1874 sint
3506 1818 3679 1891 (quis

2087 1898 2237 1951 enim
2283 1910 2486 1969 neget,
2520 1918 2585 1955 ex
2637 1902 2722 1957 his
2769 1904 2867 1974 qui
2913 1908 3364 1965 communionem
3410 1920 3677 1979 sumunt,

2088 1988 2226 2043 alios
2255 1992 2480 2061 quidem
2509 1995 2718 2050 nullam
2745 1999 2978 2067 gratiam
3001 2039 3018 2066 ,
3048 2001 3160 2055 imo
3208 2016 3346 2058 vero
3374 2018 3477 2074 pro
3499 2007 3678 2077 gratia

2079 2080 2356 2149 judicium
2383 2094 2437 2138 ct
2466 2101 2688 2155 prunam
2712 2129 2725 2154 ,
2758 2089 2901 2146 alios
2930 2107 3064 2147 vero
3091 2095 3332 2165 gratiam
3356 2094 3680 2168 largissime

2091 2178 2416 2247 consequi:
2483 2180 2755 2251 quosdam
2815 2183 2985 2239 etiam
3044 2184 3171 2243 sine
3231 2189 3681 2258 communione,

2089 2266 2394 2324 dummodo
2427 2270 2482 2325 id
2516 2287 2625 2327 non
2657 2282 2981 2347 contemptu
3006 2317 3022 2345 ,
3054 2277 3143 2333 vel
3173 2277 3507 2351 negligentia
3531 2321 3551 2349 ,
3579 2282 3682 2339 sed

2087 2364 2420 2419 necessitate
2451 2362 2579 2437 ﬁat,
2613 2365 2861 2422 divinam
2885 2368 3088 2425 mereri
3127 2373 3359 2443 gratiam
3382 2373 3482 2443 2):
3511 2389 3640 2434 cum
3663 2417 3683 2444 ,

2089 2451 2349 2524 inquam,
2412 2455 2532 2512 haec
2570 2457 2710 2513 adeo
2747 2459 2895 2515 clara
2934 2468 2990 2515 et
3030 2463 3327 2533 perspicua
3363 2463 3514 2530 sint,
3579 2467 3685 2523 tri-

2090 2546 2351 2617 partitam
2410 2548 2556 2605 hanc
2598 2549 2918 2606 divinorum
2962 2564 3442 2611 sacramentorum
3484 2558 3683 2616 distri-

2093 2636 2383 2695 butionem
2424 2655 2611 2697 veram
2645 2651 2704 2699 et
2733 2642 3106 2699 necessariam
3132 2658 3254 2701 esse
3296 2648 3568 2719 probant,
3609 2666 3679 2708 ex

2091 2731 2181 2789 his
2233 2734 2395 2803 sequi
2430 2735 2653 2790 videtur
2690 2738 2895 2794 Christi
2948 2755 3170 2812 quoque
3216 2756 3423 2810 corpus
3473 2741 3681 2814 duplex

2089 2838 2251 2891 esse,
2285 2841 2479 2883 verum
2517 2827 2753 2884 alterum
2782 2868 2797 2895 ,
2836 2831 3074 2887 alterum
3110 2832 3430 2902 mysticum.
3473 2833 3544 2889 Et
3578 2848 3684 2891 ve-

2092 2934 2215 2974 rum
2250 2919 2472 2990 quidem
2502 2930 2589 2977 est
2611 2963 2626 2987 ,
2659 2923 2806 2994 quod
2841 2923 2897 2980 in
2933 2924 3038 2980 hoc
3078 2925 3270 2981 divino
3310 2924 3681 2981 Eucharistim

400 3024 700 3094 mysticum
732 3018 995 3076 Ecclesia:
1026 3033 1249 3089 corpus.
1294 3015 1477 3081 Quare
1526 3012 1683 3085 panis
1712 3022 1769 3069 et
1799 3010 1988 3067 vinum
2093 3023 2441 3071 sacramento
2471 3026 2845 3073 consecratur
2879 3031 3050 3090 atque
3084 3020 3377 3076 conﬁcitur
3407 3020 3513 3077 sub
3549 3019 3682 3077 visi-

400 3113 618 3187 signum
652 3120 740 3169 est
769 3108 1068 3173 duntaxat,
1104 3107 1283 3176 ipsum
1319 3116 1508 3160 autem
1544 3118 1732 3158 verum
1780 3102 1987 3159 Christi

404 3221 611 3279 corpus
658 3215 715 3262 et
750 3204 1013 3274 sanguis,
1053 3200 1202 3272 quod
1234 3202 1337 3254 sub
1370 3197 1563 3261 umbra
1597 3196 1802 3268 tegitur
1830 3194 1990 3267 panis

400 3310 460 3371 ct
504 3300 617 3355 vini
639 3342 657 3368 ,
702 3296 1077 3369 signiﬁcatum
1124 3293 1351 3365 quidem
1385 3307 1413 3345 a
1450 3306 1593 3360 parm
1625 3298 1682 3346 et
1713 3288 1846 3344 vino
1869 3327 1885 3351 .
1917 3285 1993 3343 εἰ·

407 3392 683 3466 gniﬁcans
712 3398 897 3455 autem
929 3388 1221 3460 mysticum
1258 3384 1521 3441 Ecclesia
1551 3396 1752 3453 corpus
1777 3423 1791 3448 ,
1819 3389 1877 3436 ct
1904 3395 1993 3436 res

407 3492 494 3551 est
532 3492 587 3539 et
616 3482 837 3553 signum
868 3497 885 3536 :
919 3479 1215 3547 mysticum
1246 3490 1377 3532 vero
1411 3490 1476 3530 es
1514 3484 1752 3544 utroque
1787 3469 1996 3543 signiﬁ‘

405 3586 591 3637 catum
615 3618 632 3642 ,
664 3591 754 3633 res
790 3582 1005 3630 tantum
1040 3580 1126 3629 est
1148 3613 1162 3638 ,
1193 3587 1294 3629 nec
1323 3570 1467 3628 ultra
1501 3571 1730 3634 alterius
1754 3570 1993 3638 signum.

406 3669 688 3727 Prmterea
716 3666 867 3740 quod
902 3677 1117 3731 tantum
1144 3664 1362 3734 signum
1390 3672 1475 3718 est
1495 3702 1510 3727 ,
1541 3661 1775 3717 duarum
1812 3672 1997 3713 rerum

403 3773 493 3822 est
544 3763 762 3834 signum
797 3799 815 3825 ,
871 3759 988 3815 veri
1050 3757 1268 3814 scilicet
1322 3764 1382 3819 et
1442 3753 1660 3825 mystici
1716 3751 1995 3822 corporis.

404 3856 565 3927 Quod
620 3865 808 3911 autem
868 3866 959 3908 res
1016 3859 1137 3917 est,
1191 3858 1250 3905 et
1293 3862 1405 3904 non
1458 3846 1697 3917 amplius
1744 3846 1997 3914 signum.

406 3953 647 4006 duorum
692 3959 985 4003 sacrorum
1020 3944 1311 4014 signorum
1343 3955 1432 3995 res
1461 3949 1548 3995 est
1568 3977 1585 4001 ,
1618 3936 1723 3999 hoc
1753 3945 1839 3992 est
1869 3934 2001 3990 visi..-

409 4043 541 4107 bilis
568 4042 774 4116 speciei
808 4040 968 4110 panis
997 4046 1054 4093 et
1084 4037 1202 4092 vini
1231 4074 1248 4100 ,
1281 4044 1337 4091 et
1369 4033 1485 4090 veri
1520 4033 1573 4088 in
1620 4034 1704 4087 eis
1749 4029 1998 4095 contenti

407 4137 665 4208 corporis
697 4134 937 4200 Domini.
968 4132 1170 4189 Verum
1203 4139 1391 4185 autem
1426 4140 1629 4197 corpus
1654 4134 1712 4180 et
1741 4123 1995 4195 sanguis,

406 4230 456 4287 si
488 4227 557 4285 ad
590 4228 831 4294 alterum
865 4224 1107 4294 aspicias
1137 4218 1398 4275 invisible
1426 4226 1838 4273 sacramentum
1862 4253 1878 4281 ,
1910 4231 2001 4271 res

407 4332 534 4391 est;
569 4322 615 4379 si
645 4323 712 4385 ad
748 4319 1042 4390 mysticum
1087 4328 1325 4386 corpus.
1366 4320 1452 4366 εει
1496 4310 1734 4380 είεηωη.
1784 4308 2002 4375 ﬁliis!!!

2102 3106 2198 3163 bili
2258 3111 2440 3177 specie
2496 3108 2654 3179 panis
2698 3118 2755 3165 et
2801 3111 2939 3166 vini.
2980 3111 3098 3167 Hoc
3135 3111 3284 3168 idem
3322 3124 3408 3169 est
3441 3128 3571 3170 cum
3609 3126 3684 3171 eo

2094 3216 2327 3272 corpore
2367 3201 2515 3271 quod
2554 3200 2663 3257 fuit
2694 3216 2765 3258 ex
2798 3202 2957 3259 beata
2978 3202 3205 3276 Virgine
3232 3204 3478 3275 Spiritus
3506 3206 3683 3263 sancti

2096 3296 2521 3355 obumbratione
2570 3304 2928 3367 conceptum.
2980 3297 3060 3353 De
3109 3312 3223 3369 quo
3255 3298 3375 3370 ipse
3417 3297 3687 3355 Dominus

2096 3389 2155 3455 in
2184 3389 2530 3447 exhibitione
2575 3388 2951 3455 sacramenti,
2988 3405 3115 3447 cum
3159 3390 3321 3448 nobis
3361 3390 3683 3449 sensibiiem

2098 3498 2294 3554 panem
2332 3483 2630 3553 vinumque
2665 3483 3042 3551 ostendisset,
3077 3483 3197 3540 ait:
3232 3484 3344 3541 Hoc
3373 3493 3454 3540 est
3485 3501 3680 3557 corpus

2097 3590 2308 3638 meum;
2340 3584 2430 3640 et,
2462 3574 2563 3629 Hic
2595 3584 2675 3630 est
2710 3579 2930 3649 sanguis
2966 3590 3155 3644 meus;
3185 3576 3389 3634 deinde
3424 3577 3640 3634 addidit
3665 3620 3680 3642 .
3710 3626 3713 3627 ν

2099 3668 2246 3739 quod
2273 3683 2371 3740 pro
2396 3667 2554 3724 vobis
2584 3669 2842 3735 traditur,
2861 3678 2918 3726 et
2950 3672 3044 3741 qui
3073 3686 3176 3741 pro
3200 3671 3359 3726 vobis
3384 3671 3691 3728 eﬁ‘unditar

2103 3763 2156 3818 in
2193 3762 2582 3819 remissionem
2615 3774 2995 3830 peccator-um.
3030 3763 3321 3834 Mysticum
3357 3773 3540 3819 autem
3568 3766 3692 3837 ejus

2103 3868 2311 3923 corpus
2339 3865 2426 3910 est
2459 3854 2729 3921 Ecclesia,
2753 3864 2809 3910 et
2840 3856 3195 3927 congregatio
3227 3855 3502 3912 ﬁdelium.
3536 3856 3691 3915 Hauc
3732 3889 3738 3895 -

2102 3945 2254 4001 enim
2289 3958 2494 4015 negare
2525 3958 2725 4013 corpus
2747 3941 2952 3999 Christi
2986 3957 3151 3999 nemo
3176 3942 3359 4005 ausit,
3390 3944 3692 4012 praesertim

2104 4036 2337 4093 audiens
2402 4038 2730 4106 Apostolum
2795 4036 3077 4093 dicentem
3110 4075 3127 4102 ,
3195 4034 3466 4092 Ecclesia:
3523 4043 3692 4108 caput

2104 4128 2385 4185 Christum
2413 4143 2555 4185 esse.
2586 4126 2765 4199 Caput
2790 4129 2937 4185 enim
2965 4128 3088 4185 sine
3143 4126 3409 4185 membris
3453 4143 3565 4184 non
3605 4144 3697 4186 es-

2103 4237 2189 4278 set
2216 4232 2404 4292 caput.
2430 4221 2781 4294 Quapropter
2801 4220 3047 4275 membra
3070 4219 3277 4281 Christi
3308 4226 3414 4275 nos
3444 4234 3640 4275 sumus
3673 4258 3692 4286 ,

2104 4322 2162 4369 et
2237 4323 2405 4384 caput
2465 4320 2716 4368 nostrum
2773 4319 2882 4379 est,
2923 4309 3203 4369 Christus.
3264 4307 3423 4366 Unde
3492 4310 3697 4367 clamat

407 4417 655 4485 primum
704 4413 930 4484 quidem
953 4453 969 4479 ,
1010 4412 1158 4481 quod
1195 4408 1417 4480 signum
1468 4404 1856 4468 tantummodo
1885 4411 2004 4467 est,
2032 4406 2086 4469 ι)
2110 4404 2408 4477 Apostolus
2439 4421 2456 4459 :
2499 4402 2603 4458 Vos
2639 4405 2764 4459 eatis
2797 4419 2989 4473 corpus
3023 4401 3222 4467 Clu-isti
3262 4412 3315 4457 et
3366 4399 3603 4457 membra
3628 4417 3699 4458 es

411 4511 595 4570 oculis
630 4506 865 4572 subest;
897 4503 1242 4564 secundum.
1276 4488 1425 4570 quod
1464 4511 1551 4552 res
1584 4506 1668 4552 est
1696 4503 1753 4550 et
1781 4493 2000 4565 signum

413 4605 606 4661 animo
655 4598 987 4663 exceditur;
1044 4594 1312 4673 tertium,
1368 4589 1517 4662 quod
1576 4603 1665 4644 res
1713 4586 1829 4643 sola
1865 4596 2002 4652 est,

415 4697 585 4759 corde
633 4692 965 4768 percipitur.
1015 4687 1099 4745 Ad
1157 4686 1273 4742 haec
1324 4683 1567 4756 primum
1616 4680 1843 4753 quidem
1892 4693 2004 4733 non

417 4791 584 4850 modo
614 4787 924 4863 signiﬁcat,
960 4782 1061 4842 sed
1095 4782 1259 4838 etiam
1292 4779 1545 4834 continet
1576 4772 1909 4830 secundum.
1942 4771 2005 4826 In

419 4884 610 4955 specie
649 4881 799 4939 enim
846 4876 1005 4949 panis
1050 4883 1107 4930 ct
1135 4871 1250 4933 vini
1283 4870 1486 4925 veritas
1517 4866 1766 4937 corporis
1794 4873 1852 4919 et
1881 4877 2008 4916 san—

419 4954 607 5047 guinis
639 4970 982 5030 continetur,
1017 4980 1144 5023 cum
1179 4963 1236 5024 in
1274 4961 1367 5024 illa
1397 4957 1707 5015 substantia
1742 4956 1905 5025 panis
1930 4954 2010 5007 vi-

422 5070 595 5140 nique
646 5074 917 5122 mutetur.
964 5061 1214 5117 Tertium
1266 5069 1401 5112 vero
1455 5067 1774 5124 quanquam
1834 5047 2011 5119 signi—

422 5162 592 5220 ﬁcet.
647 5173 761 5213 non
812 5167 996 5210 tamen
1045 5152 1316 5208 continet.
1368 5144 1496 5201 Ha-c
1547 5160 1673 5201 cum
1723 5140 2009 5198 verissima

428 5256 586 5322 sint,
622 5250 758 5306 illud
790 5250 957 5305 etiam
999 5246 1274 5317 sequitur,
1308 5256 1372 5297 es
1419 5239 1486 5294 iis
1528 5238 1623 5308 qui
1674 5232 1847 5299 divini
1890 5248 2014 5291 cor-

428 5347 583 5423 poris
609 5342 909 5415 participes
954 5340 1129 5405 ﬁunt,
1175 5336 1318 5392 alios
1362 5330 1591 5404 quidem
1635 5336 2011 5423 sacramenta-

429 5421 558 5501 liter
589 5435 1066 5507 spiritualiterque
1097 5428 1397 5501 participes
1439 5423 1556 5493 ﬁeri
1580 5460 1596 5488 .
1648 5421 1841 5493 quales
1881 5427 2014 5474 sunt

429 5534 526 5605 qui
559 5530 723 5600 digne
753 5526 1203 5587 communionem
1238 5521 1558 5590 accipiunt,
1590 5515 1730 5571 alios
1762 5526 1896 5569 vero
1924 5528 2012 5569 sa-

507 5716 731 5783 ‘Hlot'.
769 5713 987 5783 1:527.
1032 5715 1049 5743 ε
1090 5711 1109 5769 ι
1144 5709 1272 5769 Cor.
1316 5724 1368 5775 χ,
1418 5664 1508 5760 is.
1545 5704 1565 5735 ι
1598 5700 1733 5759 ibid.
1777 5698 1867 5755 t7.

2107 4506 2267 4569 parte
2298 4497 2341 4551 ⁸.
2372 4496 2444 4553 Et
2477 4511 2713 4553 rursus:
2747 4496 2919 4551 Partis
2954 4511 3114 4565 quem
3147 4494 3483 4565 frangimus,
3518 4509 3697 4549 nonne

2105 4590 2519 4646 communicatio
2563 4580 2800 4659 corporis
2851 4586 3066 4644 Domini
3112 4595 3193 4642 est
3224 4585 3301 4641 '1
3342 4586 3412 4647 Et
3447 4586 3693 4641 iterum:

2113 4680 2262 4738 Unus
2313 4684 2468 4752 panis
2490 4723 2505 4746 ,
2540 4681 2654 4746 ait,
2688 4690 2737 4736 et
2793 4696 2959 4737 unum
2995 4694 3189 4750 corpus
3234 4677 3393 4738 multi
3435 4694 3620 4734 sumus
3649 4676 3695 4733 ³.

2114 4775 2180 4831 Et
2206 4776 2444 4832 reddens
2498 4773 2620 4846 ejus
2665 4772 2940 4829 rationem
2976 4760 3179 4827 addit:
3229 4768 3422 4827 Omnes
3456 4772 3603 4832 enim
3629 4784 3698 4825 ea:

2113 4886 2221 4924 una
2255 4883 2395 4937 parte
2428 4867 2842 4937 participantus.
2888 4863 3023 4930 Qua
3050 4862 3217 4918 verba
3249 4863 3380 4918 dum
3415 4876 3697 4933 exponere

2107 4960 2303 5015 nititur
2331 4959 2757 5028 Chrysostomus
2788 4965 3003 5020 noster,
3034 4954 3111 5009 ita
3142 4953 3327 5025 inquit
3353 4972 3368 5007 :
3395 4951 3539 5030 Quid
3568 4952 3696 5009 dico

2107 5049 2801 5121 communionemiipsnm
2850 5046 2988 5103 illud
3034 5061 3240 5115 corpus
3287 5061 3505 5103 sumus.
3551 5045 3695 5114 Quid

2108 5142 2263 5199 enim
2296 5150 2381 5197 est
2423 5139 2603 5211 panis,
2632 5138 2753 5193 ἰιἰεί
2789 5154 2987 5207 corpus
3015 5135 3257 5193 Christi?
3296 5152 3410 5199 non
3458 5152 3696 5209 corpora

2118 5236 2312 5301 multa,
2368 5233 2466 5289 sed
2522 5242 2726 5300 corpus
2767 5244 2963 5299 unum.
3014 5225 3489 5295 Quemadmodum
3548 5227 3697 5284 enim

2120 5324 2308 5397 panis,
2360 5339 2425 5379 ex
2476 5320 2664 5376 multis
2705 5329 2967 5383 constans
2999 5319 3223 5390 granis,
3261 5317 3333 5375 ita
3362 5321 3699 5389 compositus

2119 5425 2225 5478 est,
2253 5425 2313 5471 ut
2348 5428 2618 5485 nusquam
2674 5426 2843 5483 grana
2877 5408 3200 5479 videantur;
3228 5419 3443 5466 etsunt
3472 5411 3695 5482 quidem

2118 5523 2312 5582 grana,
2334 5506 2429 5563 sed
2460 5513 2687 5577 propter
2714 5502 3163 5574 conjunctionem
3192 5503 3345 5560 nullo
3372 5501 3699 5575 uiscrimine
