4140 6140
484 241 590 305 497

1487 241 1588 303 DE
1639 237 2148 303 SACRAMENTO
2196 241 2762 309 EUCHARISTIE.

3664 245 3774 308 ωδ

485 361 886 436 discernuntur
922 376 938 414 :
971 357 1044 412 ita
1096 374 1196 413 nos
1232 368 1456 428 quoque
1488 367 1546 414 et
1581 359 1821 413 invicem
1868 360 1923 412 in
1963 352 2066 428 [αι.
2093 345 2144 408 Δ
2172 356 2444 413 Vinitatis.
2481 361 2638 426 Quod
2687 360 2937 430 apertius
2979 369 3036 417 et
3085 357 3387 430 Gregorius
3411 355 3572 424 dicit,
3618 364 3770 429 quod

484 452 567 524 et]
594 452 817 508 Christo
861 451 1270 524 conjungimur.
1306 450 1683 507 Damascenus
1729 467 1947 522 quoque
1982 449 2073 505 ubi

485 544 558 601 de
588 544 958 600 sacrosanctis
983 544 1261 615 mysteriis
1296 553 1498 601 tractat
1524 562 1539 598 :
1566 543 1932 604 Honoremus,
1974 545 2079 609 ait,

482 638 692 696 Christi
726 654 932 708 corpus
981 639 1132 693 omni
1178 639 1350 694 animi
1393 639 1752 710 corporisque
1807 638 2078 709 puritate,

487 733 692 804 duplex
725 735 932 790 ctenim
961 747 1064 790 est.
1100 735 1443 804 Augustinus
1481 736 1672 797 etiam,
1707 732 2080 790 Occidentalis

485 823 753 880 Ecclesiae
778 825 967 882 iumen
1005 841 1020 881 :
1057 824 1536 892 Quemadmodum
1557 864 1575 890 ,
1613 825 1816 894 inquit,
1841 839 1908 880 ex
1938 822 2080 878 mul-

488 917 564 974 tis
615 917 804 990 granis
850 933 994 972 unus
1035 920 1329 975 coniicitur
1373 917 1570 988 panis,
1618 926 1675 973 et
1726 931 1796 974 ex
1844 917 2081 975 racemis

487 1010 682 1067 multis
704 1025 847 1067 unus
870 1011 1015 1067 calix
1040 1011 1396 1082 exprimitur,
1421 1011 1502 1067 sic
1527 1026 1591 1065 ea
1619 1011 1808 1066 multis
1829 1011 2086 1092 ﬁdelibus

393 1137 396 1139 λ
489 1120 663 1159 unum
713 1119 921 1176 corpus
952 1103 1244 1177 mysticum
1299 1104 1625 1175 intcgratur.
1669 1103 1968 1160 Enimvero
2007 1106 2084 1160 si-

488 1208 586 1256 cut
617 1213 684 1254 ex
718 1200 912 1258 multis
949 1200 1214 1256 membris
1240 1212 1296 1256 ct
1346 1203 1593 1271 partibus
1645 1204 2084 1272 unumquodque

488 1306 702 1362 corpus
723 1301 964 1358 constat,
988 1292 1059 1348 ita
1090 1292 1353 1348 Ecclesia;
1381 1293 1566 1348 unitas
1595 1282 1661 1348 ex
1687 1295 1925 1351 diversis
1955 1310 2082 1366 per-

491 1384 652 1441 sonis
683 1385 1002 1451 coniicitur,
1043 1386 1301 1442 videlicet
1331 1402 1398 1440 ex
1427 1386 1698 1454 prmscitis
1719 1428 1734 1452 ,
1794 1387 2088 1455 praedesti-

491 1479 658 1542 natis,
681 1477 918 1536 vocatis.
939 1477 1280 1548 justillcatis.
1305 1488 1361 1532 et
1391 1479 1738 1549 glorillcatis.
1763 1478 1908 1544 Quos
1932 1480 2080 1532 enim

489 1571 756 1639 prascirit
791 1570 956 1634 Deus,
995 1571 1088 1625 Iros
1113 1581 1165 1626 et
1195 1572 1624 1640 prinde-stillavit;
1679 1582 1728 1626 et
1765 1587 1913 1645 quos
1941 1589 2080 1642 prmo

2183 469 2331 509 nunc
2376 453 2600 522 quidem
2661 455 3056 524 participamus
3093 470 3296 524 corpus
3349 467 3405 509 et
3444 456 3768 525 sanguinem

2182 545 2290 603 sub
2314 545 2607 616 speciebus
2636 548 2794 617 panis
2829 559 2885 602 et
2917 549 3026 603 vini
3056 589 3072 612 ,
3130 557 3261 602 tunc
3295 562 3477 602 autem
3509 547 3658 603 clara
3689 549 3771 602 vi-

2190 639 2371 705 sione,
2406 650 2462 695 et
2497 639 2642 696 sicut
2672 657 2802 696 vere
2835 651 2941 707 est,
2969 642 3284 698 videbimus
3311 642 3465 696 illud.

2257 732 2584 789 Cavendum
2619 745 2811 789 autem
2839 775 2860 800 ,
2899 751 2969 790 ne
3004 735 3132 804 quis
3161 745 3456 805 propterea
3489 732 3637 804 quod
3671 749 3771 787 eu-

2185 826 2465 883 cbaristlze
2512 830 2836 900 mysterium
2872 829 3043 900 ﬁgura
3073 844 3193 884 esse
3219 827 3444 891 dicitur,
3466 828 3649 881 dicere
3678 835 3774 881 aut

2185 921 2417 977 omnino
2456 923 2735 994 suspicari
2774 924 2998 988 audeat,
3032 938 3141 978 non
3174 938 3301 977 esse
3331 937 3526 977 verum
3552 921 3769 976 Domini

2186 1010 2413 1086 corpus.
2433 1016 2591 1071 Absit
2615 1027 2763 1071 tanta
2789 1015 3128 1086 blasphemia
3152 1032 3180 1070 a
3206 1015 3444 1070 fidelium
3476 1016 3774 1071 mentibus.

2188 1108 2305 1165 Hoc
2336 1110 2503 1163 modo
2556 1120 2612 1166 et
2657 1111 2897 1180 pretiosa
2935 1125 3084 1165 mors
3113 1112 3237 1181 ejus
3275 1125 3387 1163 non
3435 1119 3585 1164 essut
3643 1123 3775 1163 vera

2187 1218 2363 1270 mors,
2411 1202 2560 1272 quod
2598 1204 2798 1270 partim
2835 1203 3139 1258 ablutiouis
3179 1202 3511 1256 delictorum
3541 1211 3776 1255 nostro-

2188 1311 2336 1360 rum,
2375 1295 2578 1364 partim
2611 1293 3029 1364 justiticationis
3061 1303 3267 1348 nostra:
3298 1295 3469 1363 tigura
3523 1292 3616 1348 sit.
3668 1293 3778 1348 Vas

2188 1401 2428 1455 namque
2462 1385 2753 1440 electionis
2795 1394 2882 1439 est
2913 1385 3007 1454 qui
3039 1385 3176 1439 dicit
3205 1402 3219 1437 ε
3261 1383 3498 1438 Christus
3537 1390 3776 1436 mortuus

2189 1489 2268 1533 est
2299 1495 2396 1548 pro
2425 1480 2653 1550 peccatis
2701 1480 2917 1538 nostris,
2951 1486 3002 1530 et
3049 1476 3344 1530 resurrexit
3382 1483 3597 1546 propter
3617 1475 3779 1544 justi-

2189 1574 2496 1642 ﬁcationem
2526 1574 2825 1626 uostram’.
2861 1572 2927 1626 Et
2959 1572 3155 1625 Petrus
3181 1592 3189 1623 ς
3219 1569 3460 1625 Christus
3490 1585 3677 1638 passus
3698 1573 3778 1622 est

489 1662 799 1726 destinavit,
833 1663 926 1716 Iros
960 1664 1201 1729 vocavit;
1228 1673 1280 1717 ct
1305 1680 1433 1734 quas
1463 1666 1698 1727 vocavit,
1731 1665 1823 1719 Iros
1853 1674 1901 1719 et
1919 1665 2082 1737 justi-
2124 1698 2164 1752 Β
2191 1686 2287 1740 pro
2315 1670 2461 1724 nobis
2509 1669 2812 1740 relinquens
2861 1669 3010 1722 nobis
3043 1666 3343 1736 exemplum
3368 1666 3388 1696 ³
3431 1664 3577 1718 Mors
3607 1660 3779 1733 igitur

488 1755 672 1825 [iacvit
697 1771 717 1821 ;
747 1765 794 1809 et
816 1771 945 1826 quos
960 1756 1308 1825 justi/ienuit,
1338 1757 1430 1809 hos
1463 1766 1512 1809 et
1538 1755 1878 1828 gloriﬁcavit,
1906 1758 2088 1827 inquit

441 1913 445 1915 λ
489 1847 790 1917 Apostolus
815 1847 856 1902 '.
894 1845 1154 1903 Etilciens
1190 1863 1319 1904 vero
1351 1849 1518 1920 hujus
1547 1850 1764 1921 mystici
1810 1849 2088 1919 Corporis,

403 2005 407 2009 ,
488 1949 581 1996 est
613 1941 794 2010 ipsum
824 1955 1015 1995 verum
1049 1939 1255 1995 Christi
1296 1956 1497 2010 corpus
1523 1952 1578 1996 et
1618 1943 1739 2012 ejus
1779 1943 2091 1998 communi-

500 2034 674 2098 catio,
711 2035 756 2088 si
789 2033 956 2105 digne
986 2034 1096 2090 tiat.
1129 2035 1288 2101 Quod
1322 2034 1639 2104 signiﬁcant
1668 2037 1832 2093 verba
1865 2038 2088 2094 illorum

494 2126 592 2198 qui
638 2126 830 2182 dicunt
864 2144 880 2184 :
922 2125 1158 2182 Oramus
1199 2138 1259 2182 ut
1290 2129 1396 2184 hoc
1425 2143 1630 2199 corpus
1662 2141 1815 2184 tuum
1867 2142 2090 2203 praestet

498 2219 967 2292 participantibus
1017 2221 1378 2277 sobrietatem
1409 2221 1609 2278 animm
1633 2266 1648 2288 ,
1703 2221 2087 2282 remissionem

494 2324 894 2386 peccatorum,
937 2317 1385 2372 communionem
1444 2325 1648 2372 tecum.
1720 2319 1863 2386 Quid
1939 2323 2087 2378 enim

494 2407 646 2461 aiiud
675 2415 761 2463 est
789 2409 1132 2472 communio,
1157 2425 1323 2482 quam
1349 2411 1528 2466 unitas
1561 2427 1683 2466 cum
1717 2412 1959 2479 Christo,
1993 2431 2092 2469 an-

496 2506 662 2554 nexio
701 2501 1074 2557 membrorum
1109 2504 1178 2557 ad
1213 2513 1399 2572 caput,
1432 2505 1816 2561 convenientia
1851 2508 2087 2575 partium

497 2590 569 2647 ad
601 2592 816 2648 totum?
851 2593 996 2650 unde
1023 2605 1077 2650 et
1109 2596 1430 2652 communio
1467 2609 1697 2653 vocatur
1731 2601 1952 2670 proprie
1986 2602 2091 2657 hoc

498 2695 932 2742 sacramentum.
964 2689 1029 2742 Et
1058 2690 1282 2762 synaxis
1316 2690 1464 2762 apud
1496 2690 1820 2764 Dionysium
1860 2695 2089 2763 dicitur,

497 2783 604 2836 hoc
631 2794 712 2837 est
741 2782 1001 2838 collectio.
1025 2784 1246 2854 Colligit
1269 2786 1416 2841 enim
1447 2801 1570 2856 qua:
1598 2787 1745 2856 apud
1768 2804 1825 2843 se
1860 2787 2088 2858 distant,

495 2887 554 2930 ct
590 2877 760 2930 multa
810 2892 982 2931 unum
1038 2877 1192 2946 facit,
1221 2868 1275 2933 et
1316 2880 1608 2937 dissimilia
1659 2891 1860 2952 aquat,
1915 2891 1972 2937 et
2032 2883 2090 2938 in

499 2982 671 3021 unum
706 2982 894 3037 sparsa
933 2969 1171 3024 reducit.
1213 2968 1584 3035 Quamobrem
1618 2972 1762 3029 idem
1799 2976 2089 3031 Damasce-

496 3076 606 3115 nus
643 3078 712 3115 eo
741 3079 850 3132 quo
881 3078 1048 3134 supra
1095 3066 1526 3123 memoravimus
1567 3067 1710 3135 loco,
1761 3070 2090 3127 Communia
2121 3039 2167 3102 θ

425 3147 435 3156 ’
500 3149 702 3218 inquit,
737 3150 968 3217 dicitur,
1001 3165 1059 3209 et
1091 3161 1178 3209 est
1207 3156 1356 3216 ideo.
1384 3157 1511 3228 quia
1543 3173 1641 3227 per
1668 3175 1789 3215 eam
1838 3175 2089 3217 commuo

498 3241 751 3297 nicamus
775 3259 900 3299 cum
929 3244 1177 3311 Christo,
1205 3257 1262 3302 et
1287 3249 1474 3307 carnis
1502 3250 1930 3325 divinitatisque
1972 3257 2093 3327 ejus

495 3337 802 3406 participes
847 3353 1064 3406 sumus,
1111 3348 1168 3394 et
1208 3341 1446 3398 invicem
1493 3346 1884 3417 conjungimur
1928 3359 2094 3419 atque

500 3428 745 3485 unimur.
799 3431 936 3486 Cum
985 3433 1134 3488 enim
1187 3449 1255 3490 ex
1306 3449 1418 3492 uno
1484 3453 1626 3509 pane
1673 3441 2091 3512 participamus,

497 3536 692 3578 omnes
721 3539 892 3578 unum
933 3524 1140 3582 Christi
1176 3542 1404 3598 corpus,
1449 3541 1507 3586 et
1541 3547 1687 3588 unus
1740 3534 1988 3604 sanguis,
2037 3545 2097 3592 et

501 3615 773 3680 membra.
802 3617 945 3673 alter
968 3618 1221 3682 alterius,
1245 3621 1499 3690 ejusdem
1552 3638 1678 3678 cum
1708 3625 1938 3681 Christo
1965 3641 2098 3681 cor-

499 3709 653 3780 poris
681 3709 970 3765 cﬂicimur.
1001 3711 1071 3767 Et
1102 3728 1298 3770 rursus
1325 3715 1533 3789 ibidem
1559 3731 1575 3772 :
1600 3716 1703 3784 Per
1731 3717 1941 3773 Christi
1974 3733 2098 3774 cor-

501 3815 609 3871 pus
629 3811 686 3856 et
714 3805 1046 3874 sanguinem
1089 3808 1333 3879 purgati,
1369 3796 1595 3864 enimur
1627 3813 1846 3880 corpori
1876 3812 2094 3868 Domini

502 3905 560 3950 et
592 3897 813 3965 spiritui
848 3898 994 3969 ejus,
1031 3909 1090 3955 et
1125 3915 1329 3972 corpus
1377 3902 1584 3959 Christi
1619 3904 1911 3960 ellicimnr.
1941 3904 2095 3962 Unde

501 3998 562 4043 et
592 3988 840 4056 Messias,
874 4006 974 4047 seu
1013 4000 1071 4047 et
1105 3992 1399 4060 Mediator,
1430 4007 1489 4052 ct
1513 3995 1655 4064 lapis
1693 3999 1980 4064 angularis
2010 3999 2096 4055 di-

502 4084 649 4139 citur
685 4081 973 4147 Dominus,
997 4087 1152 4157 quasi
1177 4090 1522 4161 conjungens
1540 4099 1786 4146 extrema
1811 4101 1868 4148 et
1895 4093 2097 4152 uniens

503 4177 703 4236 divisa.
758 4180 1026 4236 Mediator
1056 4185 1225 4240 unius
1253 4197 1366 4238 non
1403 4193 1488 4240 est
1512 4227 1525 4252 ,
1563 4185 1658 4240 sed
1693 4188 1970 4256 duorum,
2006 4189 2091 4243 in-

501 4273 627 4343 quit
675 4272 880 4341 Paulus
924 4282 983 4330 et
1026 4276 1170 4345 lapls
1219 4278 1500 4347 angularis
1532 4279 1773 4335 duorum
1821 4282 2093 4351 parietum

2190 1761 2398 1817 Christi
2434 1762 2635 1817 mortis
2689 1772 2896 1817 nostra:
2943 1761 3248 1816 secundum
3281 1767 3566 1828 peccatum
3611 1764 3667 1810 et
3692 1769 3779 1810 re-

2192 1857 2466 1911 surrectio
2513 1854 2637 1924 ejus
2680 1855 2808 1910 vitae
2873 1863 3074 1910 nostra!
3134 1868 3237 1924 per
3281 1851 3780 1922 justificationem,

2186 1949 2342 2020 juxta
2380 1949 2775 2018 primariorum
2801 1948 3180 2016 apostolorum
3213 1946 3567 2010 sententiam,
3591 1958 3779 2000 exem-

2191 2042 2340 2111 plum
2376 2051 2430 2096 ct
2469 2042 2640 2112 ﬁgura
2691 2040 2814 2096 fuit.
2845 2041 2955 2096 Nec
2989 2049 3171 2093 tamen
3216 2038 3352 2093 adeo
3388 2051 3536 2091 mors
3580 2042 3638 2091 et
3687 2050 3780 2090 re-

2193 2133 2467 2188 surrectio
2502 2136 2622 2203 ejus
2657 2152 2764 2188 non
2803 2134 2907 2188 fuit
2950 2149 3076 2187 vera
3117 2147 3266 2188 mors
3293 2141 3347 2187 et
3391 2129 3727 2185 resurrectio
3759 2147 3777 2185 :

2192 2233 2277 2277 est
2311 2225 2479 2294 igitur
2507 2224 2864 2279 eucharistiae
2904 2235 3339 2288 sacramentum,
3383 2230 3440 2277 et
3469 2223 3696 2284 veritas,
3722 2228 3782 2275 et

2195 2298 2404 2388 ﬁgura;
2436 2335 2503 2373 ex
2526 2333 2635 2388 quo
2667 2318 2804 2374 nihil
2840 2317 3067 2373 ahsurdi
3100 2318 3259 2387 sequi
3291 2315 3536 2372 videtur.
3561 2313 3780 2368 Etenim

2194 2412 2375 2483 ipsum
2424 2429 2647 2482 quoque
2698 2413 3033 2468 sacramenti
3085 2427 3284 2467 nomen
3334 2411 3474 2467 nihil
3509 2409 3786 2480 signiﬁcat

2194 2504 2341 2557 aliud
2375 2519 2540 2571 quam
2576 2503 2802 2573 figuram
2829 2503 3066 2572 alicujus
3097 2512 3150 2558 et
3173 2503 3391 2574 signum
3414 2502 3665 2557 alterius.
3697 2499 3785 2556 Si-

2200 2595 2426 2663 quidem
2464 2606 2874 2651 sacramentum
2913 2607 3114 2650 tectum
3157 2596 3440 2667 mysteriis
3482 2604 3786 2651 secretum-

2194 2703 2303 2758 que
2335 2703 2456 2742 esse
2490 2689 2675 2754 decet,
2706 2698 2764 2744 et
2805 2688 2953 2743 aliud
2989 2690 3340 2744 extrinsecus
3375 2703 3487 2758 prat-
3523 2702 3582 2742 se
3611 2686 3785 2752 ferre,

2197 2784 2343 2839 aliud
2377 2785 2586 2842 habere
2620 2785 2770 2856 quod
2803 2786 3144 2855 intelligatur
3182 2786 3538 2842 intrinsecus.
3590 2785 3778 2842 Nemi-

2197 2893 2321 2932 nem
2353 2889 2536 2933 autem
2575 2879 2910 2933 conturbare
2958 2877 3122 2932 debet
3157 2892 3356 2930 nomen
3393 2875 3537 2930 istud
3568 2876 3784 2946 ﬁgurat,

2197 2988 2299 3026 nec
2334 2973 2386 3026 id
2442 2972 2589 3042 quod
2622 2971 2698 3025 ait
2740 2970 3118 3026 Damascenus
3167 2969 3325 3039 panis
3361 2979 3418 3023 et
3443 2969 3638 3024 vinum
3669 2983 3784 3025 non

2197 3075 2281 3121 est
2312 3066 2412 3119 nisi
2450 3064 2621 3134 ﬁgura
2658 3065 2909 3134 corporis
2941 3075 2995 3117 et
3022 3064 3306 3135 sanguinis
3329 3061 3558 3119 Christi.
3587 3060 3782 3118 Absit!

2196 3161 2290 3215 sed
2325 3161 2503 3230 ipsum
2531 3174 2732 3230 corpus
2766 3158 2982 3213 Domini
3017 3157 3333 3212 dcilicatum
3357 3196 3372 3219 ,
3407 3155 3528 3224 ipso
3551 3148 3788 3208 Domino

2196 3255 2436 3314 dicente,
2467 3254 2578 3309 Hoc
2618 3263 2696 3308 est
2741 3270 2933 3326 corpus
2968 3267 3137 3307 meum
3163 3291 3176 3313 ,
3207 3260 3262 3305 et
3293 3264 3424 3312 non,
3462 3249 3630 3317 ﬁgura
3663 3263 3789 3303 cor-

2195 3346 2347 3416 poris
2382 3345 2526 3409 mei;
2559 3355 2636 3409 ct,
2668 3343 2763 3398 Hic
2788 3351 2864 3397 cst
2905 3344 3124 3413 sanguis
3155 3355 3320 3402 meus,
3363 3347 3420 3394 et
3450 3353 3585 3401 non,
3613 3337 3784 3407 ﬁgura

2197 3438 2485 3511 sanguinis
2517 3437 2644 3492 mei.
2682 3437 2871 3492 Primo
2905 3436 3051 3490 enim
3089 3435 3246 3505 panis
3276 3444 3332 3488 et
3366 3431 3480 3487 vini
3531 3431 3780 3492 nomine,

2195 3545 2306 3585 non
2361 3532 2533 3598 ipsam
2577 3528 2851 3583 visibilem
2901 3525 3143 3597 speciem
3188 3525 3347 3596 panis
3388 3537 3441 3578 et
3485 3524 3623 3586 vini,
3683 3522 3782 3578 sed

2196 3619 2650 3681 substantialiter’
2675 3632 3098 3678 transmutatam
3136 3622 3189 3674 in
3221 3635 3423 3689 corpus
3469 3628 3526 3673 et
3555 3619 3786 3688 sangui-

2198 3736 2325 3776 nem
2363 3701 2642 3787 intelligit.
2680 3717 2889 3773 Deinde
2946 3717 3176 3788 ﬁguram
3224 3717 3331 3770 hoc
3371 3715 3496 3770 loco
3531 3712 3791 3783 intelligit

2201 3816 2451 3871 umbram
2486 3814 2633 3869 illam
2658 3856 2672 3881 ,
2699 3829 2823 3884 quae
2850 3813 2985 3868 nihil
3011 3812 3160 3865 aliud
3209 3822 3577 3881 praeterquam
3613 3807 3788 3877 ﬁgura

2197 3916 2305 3969 est,
2334 3905 2666 3976 simpliciter
2699 3905 2848 3960 aliud
2898 3904 3246 3974 significans,
3295 3903 3504 3958 trullam
3555 3899 3788 3955 omnino

2197 3998 2441 4054 faciendi
2462 4001 2573 4053 vim
2605 4007 2662 4053 et
2695 4007 3021 4068 potestatem
3054 3995 3282 4073 habens.
3311 3991 3788 4063 Quemadmodum

2199 4103 2543 4148 sacramenta
2574 4091 2776 4144 veteris
2825 4088 2995 4158 legis,
3030 4087 3167 4142 Novi
3219 4087 3558 4142 Testamenti
3600 4098 3789 4139 sacra-

2199 4195 2514 4240 mentorum
2546 4183 2718 4254 ﬁgura
2752 4183 2997 4247 luerunt,
3022 4191 3081 4236 ut
3107 4179 3462 4234 circumcisio
3486 4177 3792 4247 baptisma-

2200 4280 2294 4342 tis.
2325 4279 2550 4346 sanguis
2591 4278 2874 4331 hircorum
2909 4285 2964 4330 et
3002 4274 3306 4330 vitulorum
3355 4269 3628 4326 Dominici
3661 4281 3787 4325 san-

504 4367 794 4422 viuculum
830 4377 888 4423 et
918 4370 1238 4440 coniunctio
1267 4380 1371 4426 est.
1406 4373 1537 4428 Post
1565 4373 1678 4429 haec
1711 4375 1846 4430 illud
1871 4390 2093 4446 quoque
2119 4382 2176 4447 ι)
2201 4372 2388 4444 guinis
2431 4373 2488 4426 in
2527 4385 2667 4445 arca
2713 4370 2899 4424 crucis
2929 4369 3121 4432 eﬂ'usi,
3158 4381 3216 4424 et
3262 4382 3493 4438 serpens
3537 4367 3791 4438 pendens

483 4462 674 4516 tertio
703 4462 826 4517 loco
855 4461 1172 4518 addendum
1221 4475 1328 4528 est,
1384 4468 1534 4535 quod
1593 4468 1822 4521 verbum
1877 4467 2094 4522 Domini

503 4567 711 4623 corpus
749 4562 808 4611 et
843 4556 1046 4611 veritas
1073 4566 1158 4611 est
1193 4570 1248 4612 et
1279 4559 1478 4627 ﬁgura.
1503 4557 1788 4629 Siquidem
1813 4569 2095 4617 ostensum

503 4656 614 4709 est.
644 4650 1116 4716 quemadmodum
1147 4650 1308 4721 panis
1352 4660 1410 4705 et
1447 4650 1562 4708 vini
1598 4651 1837 4707 visibilis
1861 4653 2094 4724 species,

506 4739 684 4811 ﬁgura
717 4757 816 4797 seu
847 4741 1064 4812 signum
1089 4754 1171 4800 est
1205 4743 1321 4799 veri
1354 4757 1409 4800 et
1440 4745 1494 4799 in
1527 4745 1612 4800 eis
1637 4745 1884 4802 contenti
1918 4747 2102 4802 Domi-

504 4834 619 4888 niei
655 4835 908 4906 corporis
935 4846 991 4890 et
1018 4837 1186 4891 etiam
1224 4839 1446 4914 mystici
1473 4841 1722 4908 corporis
1745 4879 1761 4903 ,
1795 4841 1867 4894 ita
1895 4855 2103 4912 corpus

504 4940 701 4981 verum
725 4930 955 4996 ﬁguram
979 4927 1191 4997 mystici
1208 4937 1264 4982 et
1293 4928 1652 4983 ecclesiastici
1678 4929 1929 4996 corporis
1954 4943 2100 4983 esse.

507 5019 590 5076 Ad
631 5020 748 5076 hac
783 5035 974 5074 verum
1001 5020 1222 5076 Domini
1270 5037 1474 5091 corpus
1505 5022 1652 5091 quod
1686 5023 1740 5076 in
1775 5022 1935 5076 altari
1966 5037 2100 5077 eon-

505 5128 781 5177 secratur.
824 5115 1138 5171 futurorum
1167 5116 1397 5184 ﬁguram
1433 5117 1541 5170 dici
1567 5156 1585 5182 ,
1630 5117 2003 5172 Damascenus
2031 5133 2097 5172 eo

505 5227 618 5281 quo
645 5227 813 5280 supra
863 5212 1301 5266 niemoravimus
1333 5212 1480 5277 loco,
1513 5221 1772 5268 testatur.
1807 5212 2101 5280 Signiﬁcao

509 5306 642 5366 tiva.
687 5305 890 5373 inquit,
929 5305 1245 5359 futurorum
1280 5304 1568 5370 dicuntur,
1615 5320 1724 5359 non
1756 5307 1884 5376 quia
1909 5320 2101 5360 verum

509 5401 625 5452 sint
684 5413 889 5468 corpus
932 5402 1266 5468 sanguisque
1312 5399 1518 5453 Christi
1573 5415 1777 5463 verus,
1826 5400 1942 5454 sed'
1975 5401 2102 5470 quia

511 5507 662 5548 nunc
686 5491 911 5563 quidem
937 5508 1034 5560 per
1058 5491 1146 5545 illa
1169 5491 1481 5546 divinitatis
1505 5489 1809 5561 participes
1830 5491 2103 5548 etiicimur

514 5595 650 5642 tunc
676 5599 811 5641 vero
844 5600 944 5654 per
975 5584 1314 5640 intellectum
1351 5584 1469 5639 sola
1495 5585 1707 5639 visione
1737 5584 1989 5640 fruemur
2017 5585 2103 5641 di-

589 5766 607 5800 ¹
641 5766 802 5823 Boitn.
835 5781 953 5832 vui,
985 5768 1076 5823 50.
1150 5767 1208 5822 ³1
1237 5755 1375 5823 Cor.
1421 5781 1512 5833 xv,
1540 5764 1599 5820 3.
1673 5764 1740 5816 ³1
1771 5761 1917 5820 Pctr.
1960 5780 2016 5831 ll,
2051 5763 2144 5819 2|.

2204 4469 2259 4524 in
2288 4482 2478 4522 eremo
2505 4465 2757 4536 corporis
2786 4465 3005 4519 Domini
3038 4465 3091 4518 in
3123 4479 3288 4519 cruce
3325 4462 3642 4533 pendentis.
3684 4460 3791 4518 Ve-

2201 4577 2322 4618 rum
2359 4560 2452 4616 illa
2478 4561 2704 4631 quidem
2748 4559 2936 4628 lignrze
2983 4567 3198 4613 tantum
3224 4566 3405 4617 erant.
3448 4567 3507 4612 et
3551 4557 3787 4613 aliorum

2200 4656 2588 4728 significativa,
2635 4669 2750 4710 non
2793 4653 3073 4716 ellectiva,
3121 4659 3176 4706 et
3229 4665 3515 4706 sacrorum
3563 4650 3788 4721 quidem

2200 4741 2626 4813 significativa,
2661 4757 2772 4798 non
2825 4742 2946 4814 ipsa
2999 4756 3179 4798 sacra.
3242 4740 3437 4796 Nostra
3489 4755 3623 4797 vero
3677 4755 3791 4796 non

2203 4838 2371 4892 modo
2403 4837 2768 4908 signitirativa
2803 4844 2860 4890 et
2909 4835 3098 4906 ﬁgurae
3141 4833 3340 4889 salutis
3373 4843 3542 4898 sunt,
3597 4848 3790 4889 verum

2201 4930 2368 4984 ctiam
2395 4930 2714 4994 salutifera,
2741 4928 2848 4984 hoc
2895 4938 2984 4983 cst
3037 4925 3292 4982 eﬂ'ectiva
3315 4925 3530 4990 salutis,
3562 4924 3790 4994 ipsaque
3874 4963 3878 4965 ›

2205 5040 2364 5080 sacra
2395 5034 2455 5080 et
2492 5039 2664 5079 sacra:
2712 5039 2996 5078 sacrarum
3027 5037 3213 5075 rerum
3247 5020 3451 5089 ﬁgurae.
3487 5019 3603 5074 Hoc
3637 5015 3786 5072 enim

2207 5119 2440 5173 interest
2493 5115 2640 5170 inter
2689 5117 2893 5170 veteris
2923 5124 2977 5168 et
3017 5129 3170 5168 novae
3218 5113 3355 5182 legis
3397 5122 3746 5168 sacramenta
3771 5149 3790 5176 ,

2201 5212 2350 5281 quod
2389 5211 2479 5265 illa
2517 5210 2743 5280 quidem
2780 5209 3048 5262 duntaxat
3091 5207 3482 5277 signiﬁcabant
3529 5207 3790 5276 salutem,

2200 5304 2319 5358 haec
2347 5304 2513 5358 etiam
2544 5303 2811 5373 praebent,
2847 5311 2900 5354 et
2936 5300 3025 5354 illa
3081 5299 3304 5370 quidem
3337 5314 3450 5353 non
3481 5313 3662 5364 sacra,
3688 5298 3787 5356 sed

2200 5412 2486 5451 sacrarum
2542 5392 2924 5450 tantummodo
2971 5408 3154 5446 rerum
3205 5391 3569 5461 signiﬁcativa
3613 5408 3632 5447 :
3669 5389 3789 5446 hac

2201 5501 2385 5546 autem
2422 5500 2478 5546 et
2524 5488 2886 5560 signiﬁcativa
2933 5500 3216 5540 sacrarum
3250 5500 3435 5538 rerum
3485 5489 3651 5553 atque
3705 5478 3791 5537 οἵα

2202 5586 2400 5643 fectiva
2447 5592 2599 5640 sunt.
2645 5581 2796 5638 Hinc
2843 5591 3067 5640 sanctus
3117 5577 3359 5641 Hilarius
3407 5579 3532 5636 ait:
3567 5576 3786 5646 Corpus
