4062 6146
441 211 553 299 499

434 512 736 586 sensibus,
780 524 993 581 veritas
1030 516 1212 584 autem
1247 539 1352 600 est,
1405 546 1676 605 quatenus
1723 512 1929 613 corpus
1974 540 2032 615 εἴ

437 612 661 682 sanguis
693 612 747 668 in
776 615 1017 674 veritate
1045 621 1211 693 corde
1240 623 1511 711 creditur.
1544 626 1613 686 Et
1638 612 2026 705 Augustinus:

436 704 639 762 Christi
676 724 895 780 corpus.
920 713 1119 784 inquit,
1154 714 1211 774 el
1240 704 1445 779 Veritas
1467 710 1531 796 et
1565 704 1741 799 ﬁgura
1774 739 1859 786 est
1890 749 1909 789 :.
1936 746 2033 787 ve-
2104 738 2107 739 ⁷

440 798 577 855 ritas
610 801 865 872 quidem,
898 796 955 861 in
989 819 1259 877 quantum
1305 812 1509 872 virtute
1541 796 1770 888 spiritus
1790 837 1859 879 ex
1892 825 2030 882 sub-

416 892 637 949 stantia
663 897 829 965 panis
875 907 931 962 et
976 900 1090 957 vini
1120 912 1325 976 corpus
1352 907 1627 975 eﬁicitur;
1676 915 1849 988 ﬁgura
1897 932 2029 975 vero

434 991 521 1085 est
548 984 680 1040 illud
723 991 867 1060 quod
899 995 1267 1055 exterioribus
1296 995 1551 1063 sensibus
1576 984 1881 1082 subjaceat.
1912 1012 2027 1071 Nos

333 1100 335 1104 ι
436 1072 624 1148 itaque
653 1079 1014 1153 ﬁguram'b'oc
1038 1090 1265 1150 locoita
1297 1079 1642 1170 accipimus,
1665 1072 1787 1174 qua:
1811 1082 2029 1163 scilicet

435 1171 616 1239 quoad
636 1175 946 1271 sensibiles
980 1181 1195 1254 species
1218 1189 1385 1259 panis
1428 1200 1485 1249 et
1510 1192 1631 1249 vini
1658 1171 1858 1260 ,valiud
1887 1198 2032 1256 dun,

434 1271 585 1356 taxat
598 1264 877 1356 signiticet
898 1275 1079 1344 quoad
1096 1292 1297 1337 verum
1322 1297 1526 1354 corpus
1545 1282 1777 1356 Christi,
1798 1268 1855 1347 et
1876 1290 2027 1349 aliud

413 1352 745 1425 signiﬁcet,
794 1369 851 1417 et
899 1372 1084 1423 tamen
1133 1372 1342 1429 veritas
1394 1352 1485 1431 sit.
1549 1352 2027 1446 Quemadmodum

436 1442 812 1530 Damascenus
855 1471 1119 1529 quoque,
1158 1463 1323 1520 sicuti
1362 1468 1527 1539 paulo
1574 1442 1706 1529 ante
1754 1490 2029 1532 memora-

433 1540 638 1610 vimus,
667 1557 884 1604 veteres
917 1561 1142 1610 secutus
1183 1558 1461 1628 doctores,
1497 1578 1692 1620 verum
1742 1580 1944 1639 corpus
1965 1580 2029 1627 et

417 1634 759 1721 sanguinem
785 1638 994 1700 Christi
1029 1644 1319 1718 ﬁgurativa
1353 1653 1667 1715 futurorum
1698 1634 2022 1721 nominavit.

435 1720 539 1788 Ubi
566 1726 716 1781 enim
762 1728 1049 1801 ﬁguratior:
1091 1737 1251 1806 dixit,
1286 1751 1343 1798 et
1385 1745 1620 1816 ﬁguram
1666 1750 1785 1808 sine
1831 1720 2102 1814 disct'is'B

435 1816 586 1874 mine
616 1818 801 1879 dicere
831 1828 1123 1896 potuisset.
1154 1833 1260 1891 Sed
1298 1836 1366 1891 de
1391 1837 1457 1894 iis
1484 1842 1640 1911 satis,
1671 1854 1730 1900 ut
1762 1847 2025 1916 arbitror,

416 1908 823 1986 disseruimus,
848 1937 997 1978 nunc
1017 1927 1163 1996 quod
1196 1930 1469 2001 reliquum
1496 1944 1585 1991 est
1614 1908 2023 2009 aggrediamur.

436 1999 557 2065 Erit
586 2015 769 2062 autem
796 2019 985 2068 nostra
1020 2017 1200 2071 omnis
1241 1999 1422 2078 oratio
1448 1999 1746 2095 tripartite.
1772 2028 2025 2091 Primum

427 2094 585 2149 enim
636 2099 965 2159 conabimur
1012 2106 1307 2170 ostendere
1355 2115 1761 2178 divinissinrum
1824 2134 2027 2198 carpus

436 2182 640 2243 Christi
671 2199 727 2245 et
751 2194 1101 2267 sanguinem,
1126 2200 1298 2261 nullis
1328 2206 1454 2264 aliis
1485 2210 1691 2279 verbis,
1718 2224 1808 2269 aut
1836 2182 2025 2274 sac'cr-

417 2277 631 2336 dotem
670 2285 938 2354 precibus
972 2293 1192 2362 conﬁci,
1232 2311 1395 2369 quam
1426 2299 1499 2357 iis
1533 2317 1656 2373 quae
1680 2277 1684 2279 ⁷
1708 2322 1871 2378 supra
1906 2326 2024 2367 me-

438 2378 779 2436 moravimus
824 2382 1040 2440 Domini
1092 2389 1312 2446 verbis:
1353 2391 1460 2448 Hoc
1486 2405 1561 2451 est
1593 2415 1781 2470 corpus
1810 2418 1981 2458 nicum
2002 2418 2023 2470 ,-

430 2477 517 2536 ει,
550 2462 647 2527 Hic
672 2484 750 2527 est
775 2480 995 2549 sanguis
1027 2497 1191 2536 meus.
1235 2485 1364 2541 Post
1398 2487 1515 2545 haec
1560 2502 1875 2550 sanctorum
1918 2496 2025 2553 Ec-

432 2562 621 2623 clesiae
669 2567 959 2627 doctorum
1010 2589 1074 2629 ac
1121 2572 1348 2634 Patrum
1402 2572 1717 2642 uestrorum
1772 2603 1934 2644 unam
1969 2600 2025 2646 et

438 2656 685 2715 eamdem
726 2678 846 2718 esse
870 2670 1211 2725 sententiam
1259 2669 1687 2734 declarabimus.
1737 2681 2025 2740 Postremo

415 2765 564 2818 qua:
591 2749 981 2824 huicopinioni
1007 2760 1289 2824 adversari
1312 2763 1589 2838 videntur,
1609 2767 1746 2829 duce
1768 2773 2021 2843 Domino,

443 2846 602 2914 cuius
629 2862 718 2902 res
745 2842 927 2918 agitur
945 2893 959 2917 ,
992 2852 1377 2915 dissolvemus.

366 3122 369 3123 ⁷
414 3129 579 3210 sisne
616 3118 671 3184 et
705 3132 829 3190 luce
878 3133 1080 3192 clarius
1112 3153 1363 3210 apparet.
1398 3138 1697 3203 Enimvero
1726 3164 1891 3207 nemo
1936 3160 2022 3208 est

442 3239 603 3293 quem
628 3212 805 3282 lateat
831 3270 847 3295 ,
894 3232 1355 3300 quemadmodum
1389 3242 1550 3310 panis
1579 3250 1633 3298 et
1678 3244 1790 3300 vini
1824 3261 2025 3319 corpus

407 3338 409 3342 ·
441 3325 496 3371 et
516 3320 847 3392 sanguinem
867 3320 1071 3382 Christi
1095 3328 1151 3382 in
1186 3328 1412 3387 instanti
1434 3333 1581 3401 facta
1610 3340 1992 3398 transsubstan
2018 3374 2026 3383 -

414 3409 679 3477 ‘tialitas,
718 3414 1016 3473 humanam
1049 3434 1266 3478 omnem
1309 3423 1628 3484 facultatem
1658 3432 1900 3501 excedit,
1935 3433 2047 3496 in-r

442 3518 690 3575 gensque
740 3522 880 3578 opus
939 3520 1062 3579 est,
1109 3522 1166 3568 et
1217 3505 1365 3573 certe
1420 3518 1666 3576 divinum
1703 3541 1719 3580 :
1750 3524 1825 3581 ita
1858 3526 2027 3585 etiam

442 3596 611 3668 huius
637 3606 963 3660 sacramemi
991 3604 1281 3665 eﬁicientia
1310 3611 1503 3678 verba,
1539 3616 1714 3672 instar
1737 3605 2026 3690 ipsiussa-

443 3687 998 3769 eramenti,eximiae
1026 3697 1312 3769 cujusdam
1362 3704 1585 3761 virtutis
1630 3687 1770 3764 esset
1799 3709 2025 3769 debere.
2094 3710 2097 3711 ⁷

1408 234 1915 319 BESSARIONIS
1951 243 2130 313 S._R.
2173 249 2244 313 E.
2292 252 2763 325 CARDINALIS

416 332 647 419 Christi
681 348 793 406 quo
827 335 879 425 in
924 337 1085 430 altari
1126 342 1528 418 participamus
1554 392 1568 419 ,
1598 338 1790 424 ﬁgura.
1814 355 2033 429 quidem
2141 362 2275 420 Nam
2315 369 2360 431 si
2395 370 2651 433 humanae

413 434 543 493 "est,
569 434 849 497 quatenus
882 434 1043 501 panis
1072 444 1136 522 et
1156 437 1345 497 vinum
1395 445 1769 505 exterioribus
1801 464 2030 522 apparet

2675 395 2879 448 preces
2928 382 3039 441 hoc
3068 398 3316 457 possent,
3350 392 3535 461 potius
3564 391 3719 452 vim.

2140 473 2261 516 rum
2295 461 2570 527 bonorum
2604 486 2826 541 prem,
2852 477 2963 533 etsi
2998 494 3108 534 non
3142 483 3517 553 sacerdotum,
3555 496 3716 558 quam

2141 567 2437 621 pravorum
2464 564 2815 631 sacerdotum
2842 569 2951 626 hoc
2969 571 3222 629 divinum
3255 577 3717 648 opuseﬁicerent.

2134 644 2306 718 Atqui
2336 649 2604 712 indecens
2631 671 2799 727 esset,
2825 671 2994 735 atque
3017 665 3085 721 ab
3109 644 3350 726 humana
3372 670 3551 727 salute
3578 672 3717 730 alle-

2137 752 2308 816 ηιιωι
2339 742 2663 811 “humare
2713 760 2925 813 tantum
2960 772 3369 820 sacramentum
3394 780 3433 820 a
3461 780 3521 821 re
3548 751 3717 825 dubia

2139 827 2491 925 dependere:
2532 842 2744 915 quippe
2780 846 3020 905 dubium
3052 860 3219 924 atque
3262 856 3583 927 ambignnm
3607 866 3718 923 est.

2108 941 2215 999 an,
2256 918 2450 997 preces
2487 947 2551 989 ac
2596 937 3028 1017 supplicationes
3062 918 3266 1003 nostra:
3309 918 3447 1005 :Debv
3465 959 3723 1021 acceptas

2136 1018 2480 1089 sint‘futurre
2522 1042 2537 1081 :
2574 1040 2641 1083 ex
2673 1042 2785 1099 quo
2811 1028 2988 1101 ﬁeret,
3032 1042 3184 1092 utet
3205 1058 3209 1065 ε
3232 1037 3577 1098 salusnobis
3605 1018 3717 1097 vir-

2134 1115 2257 1167 tute
2309 1112 2473 1185 bujns
2506 1120 2756 1190 mysterii
2785 1133 3105 1195 exspectata
3150 1128 3320 1197 dubia
3371 1130 3535 1188 foret.
3565 1132 3715 1201 Quod

2136 1216 2208 1259 ne
2243 1206 2481 1277 accidat,
2518 1210 2631 1268 imo
2662 1214 2811 1271 salus
2846 1225 3060 1284 nostra,
3090 1221 3455 1292 quamdigue
3502 1225 3717 1294 partici-

2136 1297 2542 1364 pantibusphoc
2592 1316 2998 1364 sacramentum
3034 1313 3298 1383 praebet,
3353 1325 3506 1372 certa
3550 1326 3718 1388 atque

2134 1385 2364 1465 indubia
2387 1396 2481 1461 sit,
2506 1410 2736 1456 necesse
2761 1408 2849 1457 est
2880 1401 3188 1463 Dominicis
3218 1402 3402 1467 verbis
3431 1385 3717 1480 duntanat,

2136 1489 2194 1538 et
2215 1484 2380 1541 nullis
2394 1488 2527 1545 aliis
2548 1498 2764 1548 tantum
2789 1498 2985 1553 conﬁci
3010 1511 3446 1559 sacramentum.
3470 1506 3557 1560 Ad
3584 1506 3714 1572 huc,

2132 1576 2400 1645 precibus
2450 1582 2676 1653 quidem
2706 1589 2916 1644 nostris
2944 1606 3058 1646 non
3092 1593 3435 1665 perticimus,
3464 1597 3564 1653 sed
3599 1607 3716 1655 tan-

2140 1673 2425 1729 tummodo
2478 1689 2735 1747 rogamus
2796 1689 2859 1737 ut
2919 1684 3240 1754 perﬁciatur
3289 1703 3718 1767 sacramentum,

2131 1758 2313 1818 Verba
2346 1780 2477 1822 vero
2503 1783 2628 1839 quas
2658 1771 2765 1828 hoc
2781 1774 3268 1849 divinumvcorpus
3293 1795 3613 1855 operantur,
3635 1758 3718 1843 cf;

2131 1850 2374 1911 ﬁcientia
2407 1862 2744 1918 sacramenti
2790 1881 2912 1923 esse
2963 1867 3191 1939 debent,
3223 1850 3346 1930 non
3376 1878 3714 1935 utconﬁeia-

2129 1953 2222 2003 tur
2252 1946 2637 2017 deprecantis.
2670 1955 2814 2029 Ergo
2836 1975 2948 2015 non
2982 1964 3192 2020 nostris
3222 1968 3405 2036 verbis
3440 1986 3563 2041 quas
3603 1988 3716 2029 non

2128 2038 2455 2112 conﬁciunt,
2487 2047 2584 2105 sed
2631 2058 2693 2107 ut
2722 2053 3052 2112 conﬁciatur
3080 2060 3264 2129 orant”,
3309 2038 3528 2121 tantum
3577 2081 3716 2137 opus

2130 2130 2516 2207 tribuendum,
2546 2142 2644 2198 sed
2672 2145 2859 2202 verbis
2910 2148 3212 2209 Dominicis
3243 2168 3374 2213 vere
3417 2159 3715 2217 conﬁciam

2126 2226 2301 2296 tibus,
2332 2244 2401 2285 eo
2432 2232 2598 2291 modo
2641 2252 2753 2309 quo
2788 2238 3052 2300 Dominus
3082 2244 3203 2316 ipse
3234 2250 3559 2318 pes-eadem
3593 2269 3715 2310 ver-

2127 2320 2222 2390 ba,
2257 2332 2316 2379 ut
2351 2323 2554 2398 legitur
2587 2330 2640 2385 in
2673 2331 3013 2406 Evangelia,
3044 2343 3411 2403 consecravit.
3446 2343 3715 2405 Praeterea

2130 2412 2297 2470 verba
2346 2415 2565 2475 Domini
2628 2424 2988 2492 proferuntur
3010 2445 3052 2485 .a
3094 2434 3422 2503 sacerdote,
3452 2445 3711 2508 tanquam

2127 2515 2459 2577 potestatem
2496 2512 2740 2574 habente
2784 2535 2849 2575 ea
2900 2522 3225 2592 perﬁciendi
3256 2542 3381 2599 quae
3405 2528 3523 2601 ipsa
3550 2532 3712 2588 verba

2127 2599 2460 2673 signiﬁcant.
2517 2606 2784 2667 Precibus
2830 2630 2962 2671 vero
3020 2618 3140 2676 suis
3190 2599 3517 2692 potestatem
3581 2625 3714 2697 petit

2127 2694 2271 2751 idem
2308 2701 2566 2760 sacerdos
2597 2712 2857 2778 tanquam
2911 2711 3158 2768 nondum
3204 2716 3443 2774 habens.
3488 2719 3709 2776 Atenim

2128 2790 2328 2848 melius
2376 2797 2698 2868 certiusque
2740 2816 2830 2859 res
2877 2804 2950 2881 ab
2972 2820 3045 2861 co
3063 2814 3400 2879 potestatem
3449 2809 3710 2879 habente,

2126 2897 2291 2956 quam
2320 2899 2351 2940 a
2380 2888 2627 2944 nondum
2665 2891 2929 2962 habente,
2962 2896 3058 2971 sed
3086 2906 3147 2956 ut
3176 2914 3296 2957 eam
3347 2901 3570 2969 habeat,
3622 2919 3713 2959 ro-

2127 2985 2310 3044 gante,
2340 2976 2647 3049 perﬁcitur,
2668 2982 3001 3057 faciliusque
3024 2989 3077 3046 id
3100 2990 3213 3062 agit
3239 2992 3334 3063 qui
3353 2994 3467 3065 jam
3504 3004 3710 3065 potest,

2042 3091 2089 3158 α
2130 3081 2293 3137 quam
2327 3064 2430 3140 qui
2459 3086 2620 3142 posse
2651 3088 2710 3130 se
2758 3087 2963 3147 sperat.
2996 3079 3116 3144 Non
3170 3081 3338 3154 igitur
3360 3064 3715 3157 supplicibus

2129 3162 2506 3233 sacerdotum,
2557 3170 2650 3224 sed
2690 3171 3051 3230 euuntiatisis
3100 3175 3314 3234 Domini
3353 3182 3537 3238 verbis
3568 3180 3709 3240 efﬁci

2128 3253 2471 3312 credendum
2502 3268 2588 3315 est
2621 3261 2737 3337 hate
2765 3278 2932 3323 sacra,
2964 3270 3252 3339 mysteria.
3285 3268 3421 3327 Item
3452 3272 3584 3330 dum
3621 3289 3713 3329 ro-

2127 3352 2218 3417 gat
2248 3349 2513 3405 sacerdos
2535 3394 2550 3416 ,
2579 3363 2675 3408 aut
2700 3354 2837 3424 petit
2861 3356 3115 3415 obtinere
3160 3367 3495 3435 potestatem
3539 3362 3712 3421 conﬁ-

2128 3440 2314 3498 ciendi
2344 3448 2614 3517 mysterii,
2642 3460 2735 3513 aut
2760 3466 2906 3519 rion;
2938 3438 2983 3509 si
3017 3453 3178 3523 petit,
3204 3469 3313 3510 non
3338 3453 3507 3526 igitur
3533 3457 3713 3521 inerat

2129 3532 2434 3618 sacerdoﬁs
2475 3539 2734 3610 precibus
2768 3558 2831 3599 ea
2858 3545 3115 3617 potentia
3143 3546 3294 3618 (quis
3319 3548 3469 3605 enim
3494 3557 3714 3621 peteret

2128 3615 2284 3702 quod
2302 3631 2419 3702 jam
2443 3641 2591 3689 tenet
2617 3635 2661 3705 ‘2)
2691 3633 2857 3702 Quod
2891 3616 2937 3693 si
2970 3653 3077 3694 non
3103 3615 3264 3710 petit,
3294 3615 3517 3699 frustra.
3535 3657 3709 3715 rogat.

2128 3720 2481 3805 Quapropter
2506 3744 2615 3785 non
2648 3728 2796 3800 ipsas
2820 3715 3173 3810 sacerdotum
3218 3748 3431 3803 preces.
3459 3737 3560 3794 sed
3611 3739 3714 3799 Do-

2130 3801 2266 3874 mini
2294 3814 2463 3875 verba
2494 3821 2886 3878 eucharistiam
2924 3807 3201 3884 coniicere
3225 3828 3581 3885 manifestum
3604 3841 3709 3911 est.

2128 3908 2285 3966 Adde
2313 3911 2460 3982 quod
2487 3912 2934 3985 verborumgquze
2961 3915 3078 3972 haec
3100 3918 3360 3990 mysteria
3386 3908 3709 3991 coniiciunt,

2129 4001 2280 4059 nulla
2312 3991 2633 4079 diversitas
2661 4053 2676 4073 ,
2728 4006 2881 4063 nulla
2918 4010 3156 4065 mutatio
3204 4025 3328 4087 esse
3357 4010 3524 4069 debet
3554 4031 3569 4067 :
3604 4028 3711 4072 una

2129 4082 2277 4153 enim
2312 4076 2583 4169 cujusque
2611 4107 2669 4156 et
2714 4088 3073 4158 immutabilis
3107 4102 3281 4160 forma
3317 4115 3419 4174 est,
3452 4121 3561 4174 qua
3592 4122 3712 4163 mnu

408 3774 644 3837 ~Christi
692 3799 822 3841 vero
867 3788 1071 3845 divinis
1094 3793 1291 3849 verbis
1318 3832 1333 3860 ,
1376 3796 1515 3853 nihil
1548 3814 1673 3856 esse
1720 3801 2057 3873 potentius,‘
2102 3806 2105 3807 ⁷

412 3870 583 3964 ’νηῆᾒῆ
606 3877 881 3955 eﬁlcacius
908 3898 1028 3944 esse
1049 3901 1211 3958 posse
1239 3891 1589 3949 manifestum
1616 3870 1735 3952 est;
1752 3870 2029 3964 Quamob-

413 3959 559 4036 τετυ
607 3973 773 4033 fateri
823 3992 1052 4037 necesse
1098 3992 1215 4048 est,
1248 3983 1547 4043 Dominicis
1570 3989 1689 4045 illis
1721 3992 1931 4061 verbis,
1972 4004 2030 4052 et

409 4084 414 4091 '
445 4067 614 4124 nullis
639 4069 761 4131 aliis
776 4071 1023 4143 divinum
1049 4075 1156 4133 hoc
1177 4091 1584 4137 sacramentum
1608 4085 1806 4141 con‘ﬁci
1841 4093 2024 4158 posse.

443 4159 559 4216 Nec
579 4162 732 4217 enim
767 4164 1111 4223 divinissima
1147 4184 1245 4240 per
1284 4166 1541 4228 divinam
1563 4172 1862 4245 potentiam
1894 4194 2028 4236 con-
2109 4185 2112 4187 λ

437 4254 534 4324 "ﬁci
578 4256 864 4327 negaverit
909 4260 1204 4330 quispiam,
1260 4278 1363 4319 nec
1412 4266 1597 4345 verbis
1628 4266 1838 4325 Christi
1887 4272 2027 4331 nihil

428 4348 675 4407 *otnnino
703 4350 980 4411 efﬁcacius
1010 4371 1155 4424 esse,
1182 4358 1322 4413 cum
1378 4373 1483 4414 non
1523 4363 1684 4419 modo
1718 4367 1903 4433 homo,
1939 4384 2028 4424 ve-

2129 4198 2241 4247 tata
2271 4200 2446 4248 totum
2481 4192 2645 4248 etiam
2678 4202 2943 4250 mutatur.
2977 4193 3136 4252 Unde
3178 4195 3465 4254 Mattha’us
3496 4199 3716 4265 ctMar-

2131 4300 2229 4340 cus
2258 4278 2316 4341 et
2359 4283 2575 4348 Lucas,
2607 4295 2664 4341 et
2710 4300 2835 4342 cum
2882 4286 2951 4342 iis
2991 4289 3276 4358 apostolus
3308 4289 3513 4347 Paulus
3535 4332 3551 4355 ,
3586 4305 3710 4347 cum

2133 4378 2300 4450 huius
2341 4376 2774 4437 consecrationis
2830 4386 3165 4437 mentionem
3216 4380 3468 4452 faciunt,
3504 4400 3629 4455 quae
3667 4401 3711 4440 .a

407 4459 417 4475 ι
447 4444 570 4499 rum
616 4446 783 4502 etiam
816 4446 961 4505 Deus
981 4441 1080 4515 sit,
1113 4462 1438 4527 creatorquc
1471 4460 1743 4527 omnium,
1783 4464 1875 4532 qui
1908 4465 2027 4519 solo
2061 4478 2103 4531 1)
2135 4441 2417 4527 Salvatore
2438 4481 2598 4527 nocte
2626 4487 2731 4541 qua
2756 4472 3076 4529 tradebatur
3105 4474 3347 4545 perfecta
3372 4487 3479 4542 est,
3520 4480 3712 4535 eadem

445 4550 585 4595 nutu
611 4550 816 4597 cuncta
861 4540 1161 4613 produxit,
1215 4548 1306 4618 qui
1352 4551 1527 4605 verbo
1576 4568 1758 4624 aegros
1792 4558 2026 4623 curavit,

447 4630 702 4701 mortuos
720 4633 1009 4691 suscitavit
1034 4678 1049 4704 ,
1081 4641 1389 4712 ceteraque
1425 4645 1688 4701 miracula
1720 4648 1870 4712 fecit,
1906 4666 2029 4720 quae

410 4730 416 4737 '
446 4726 501 4778 in
530 4708 833 4804 Enngeliis
860 4729 1184 4787 recitantur.
1211 4733 1478 4792 Praeterea
1504 4733 1765 4798 humanae
1813 4736 2024 4821 preces,

433 4825 581 4879 tunc
627 4819 773 4888 quod
826 4816 984 4897 orant
1019 4823 1289 4883 facillime
1328 4836 1782 4904 consequunturf,
1822 4820 1945 4892 cum
1974 4839 2026 4893 id

447 4910 659 4965 merita;
711 4913 841 4976 sint,
892 4922 946 4970 et
993 4931 1025 4971 a
1070 4918 1432 4977 bene-meritis
1487 4925 1810 4984 etinnditur.
1862 4932 2030 5001 Αιᾳυί

448 5005 605 5074 panis
639 5015 694 5059 et
724 5006 835 5061 vini
872 5008 926 5061 in
958 5024 1158 5080 corpus
1184 5022 1240 5068 et
1263 5019 1583 5088 sanguinem
1611 5024 2025 5094 transmutatio,

449 5111 559 5151 non
616 5100 925 5167 petentium
975 5104 1211 5170 meritis,
1252 5108 1347 5162 sed
1383 5107 1503 5179 ejus
1540 5114 1789 5183 potentia
1836 5115 1928 5186 qui
1964 5132 2029 5173 ex

449 5186 625 5242 nihilo
662 5198 860 5245 cuncta
904 5193 1207 5263 produxit,
1248 5213 1347 5269 per
1368 5203 1720 5260 sacerdotem
1771 5216 2027 5279 tanquam

449 5294 550 5351 per
594 5279 1033 5340 instrumentum
1087 5290 1365 5359 quoddam
1419 5292 1677 5352 edicitur.
1720 5297 1880 5355 Unde
1918 5318 2031 5357 non

451 5362 633 5431 minus
682 5374 753 5429 ab
802 5375 1042 5449 indignis
1088 5381 1473 5440 sacerdotibus
1519 5395 1684 5457 atque
1731 5393 2027 5461 perversis,

451 5480 614 5535 quam
640 5483 671 5523 a
710 5466 872 5524 bonis
906 5466 1221 5542 Sanctisque
1247 5489 1627 5535 consecratur.
1664 5480 1740 5538 sx
1768 5502 1877 5556 quo
1913 5504 2032 5544 ma-

451 5557 714 5617 nifestum
759 5571 865 5629 est,
898 5580 1005 5618 non
1040 5566 1251 5624 orantis
1281 5571 1625 5628 sanctitatem
1648 5617 1660 5639 ,
1709 5578 1805 5633 sed
1849 5581 2028 5651 ipsum

454 5656 747 5712 Dominum
780 5663 1020 5732 prepriis
1050 5665 1164 5718 suis
1183 5666 1390 5734 verbis,
1412 5684 1439 5723 a
1462 5671 1756 5730 sacerdote
1783 5677 2030 5745 prolatis,

458 5763 651 5817 panem
684 5759 738 5805 et
764 5751 950 5807 vinum
986 5753 1039 5806 in
1082 5754 1361 5823 proprium
1394 5771 1594 5829 corpus
1640 5773 2028 5822 transmutare.

2133 4564 2509 4621 verbaomncs
2530 4565 2721 4623 eodem
2744 4566 2910 4623 modo
2937 4570 3298 4637 pronuntiant
3334 4587 3350 4623 :
3378 4574 3631 4643 quamvis
3657 4580 3716 4631 et

2130 4647 2604 4731 in’supcriorihus’
2633 4669 2689 4713 et
2720 4659 2790 4737 in
2823 4659 3186 4730 sequentibus
3236 4662 3442 4720 diversi
3492 4664 3714 4723 diverso

2133 4751 2298 4813 modo
2349 4760 2478 4808 sunt
2521 4738 2715 4808 locuti.
2767 4753 2867 4811 llic
2916 4754 3126 4829 pariter
3155 4771 3352 4814 omnes
3397 4758 3716 4844 dixerunt:

2132 4845 2241 4900 Hoc
2263 4856 2337 4900 est
2366 4863 2555 4917 corpus
2583 4863 2791 4915 meum;
2824 4858 2899 4913 et,
2926 4849 3022 4905 Hic
3046 4859 3124 4905 est
3149 4854 3367 4925 sanguis
3396 4869 3559 4910 meus.
3582 4853 3715 4911 Pro-

2132 4953 2224 4996 ces
2247 4954 2377 4995 vero
2410 4949 2465 4995 et
2488 4928 2920 5019 supplicationes
2949 4944 3323 5013 sacerdotum,
3348 4946 3554 5019 quibus
3580 4965 3719 5005 non—

2132 5029 2271 5084 nulli
2299 5030 2622 5089 exiStimant
2645 5031 2751 5086 hoc
2786 5018 3113 5105 mysterium
3140 5033 3360 5103 conﬁci,
3406 5018 3541 5099 alias
3570 5040 3715 5109 apud

2133 5121 2271 5177 alios
2305 5130 2362 5177 et
2391 5123 2553 5192 longe
2602 5120 2825 5194 quidem
2856 5124 3104 5183 diversas
3138 5142 3259 5183 esse
3292 5128 3572 5185 videmus.
3605 5132 3715 5187 Alii

2132 5215 2281 5269 enim
2314 5214 2556 5286 optando
2578 5256 2594 5281 ,
2627 5216 2721 5270 alii
2750 5216 3075 5287 imperando
3115 5217 3169 5274 id
3203 5232 3392 5291 agunt.
3425 5221 3712 5293 Siquidem

2128 5303 2388 5360 Clemens
2421 5313 2477 5361 et
2504 5305 2744 5361 Jacobus
2770 5307 3107 5381 :Rogamus,
3135 5309 3433 5380 inquiunt,
3474 5321 3535 5368 ut
3587 5313 3715 5370 mit-

2136 5405 2216 5451 tas
2250 5397 2518 5469 Spiritum
2553 5410 2801 5455 sanctum
2835 5407 2991 5456 tuum
3030 5418 3199 5473 super
3226 5404 3332 5461 hoc
3355 5405 3711 5472 sacriﬁcium,

2135 5489 2230 5559 qui
2261 5489 2459 5545 eﬁiciat
2486 5492 2633 5549 hunc
2666 5508 2861 5563 panem
2896 5509 3097 5567 corpus
3124 5493 3331 5554 Christi
3364 5500 3465 5563 tui,
3488 5512 3543 5561 et
3566 5502 3711 5572 quod

2137 5580 2194 5635 in
2228 5580 2335 5636 hoc
2359 5580 2531 5638 calice
2560 5591 2679 5652 est,
2713 5585 3037 5658 sanguinem
3074 5588 3282 5646 Christi
3324 5592 3425 5647 tui.
3471 5590 3708 5650 Jacobns

2134 5687 2266 5729 vero
2302 5694 2317 5731 :
2354 5675 2651 5747 Rogamus,
2680 5678 2884 5750 inquit,
2922 5689 2983 5736 ut
3013 5679 3255 5752 Spiritus
3280 5694 3507 5742 sanctus
3551 5686 3707 5742 adve-

2136 5766 2298 5827 niens
2333 5781 2544 5841 sancta,
2582 5772 2722 5831 bona
2756 5781 2921 5846 atque
2957 5776 3195 5847 gloriosa
3235 5779 3354 5850 ejus
3416 5781 3705 5851 prmseutia
