4062 6146
460 289 567 354 503

1427 273 1935 342 BESSARlONIS
1979 276 2040 338 S.
2083 276 2168 352 B._
2197 275 2265 339 Ε.
2302 263 2768 342 CARDINALIS

3627 269 3730 335 504

461 403 748 471 unicuique
793 406 948 470 prout
982 397 1094 453 vult
1124 399 1165 452 ⁸.
1201 395 1265 451 Et
1313 395 1506 451 David.
1544 395 1742 450 Emitte
1781 392 2044 463 Spiritum
2073 395 2122 456 Α
2151 407 2295 464 qua,
2327 391 2432 448 etsi
2459 391 2527 447 ad
2556 407 2683 448 esse
2711 392 2793 448 rei
2820 389 3050 447 minime
3081 386 3392 446 necessaria
3421 386 3560 455 sint,
3592 388 3731 442 mul-

462 504 609 548 tuum
633 502 680 546 et
710 490 1034 545 creabantur
1065 491 1105 542 ².
1138 488 1274 543 Illud
1307 503 1440 541 sane
1472 486 1799 556 simpliciter
1854 494 2046 539 tenen-

462 589 617 648 dum,
649 595 703 638 ct
732 600 832 653 pro
862 584 1103 653 generali
1133 581 1365 651 quadam
1401 579 1588 646 regula
1612 576 2044 642 observandum,

460 681 660 736 divinae
702 677 990 732 Trinitatis
1037 664 1419 745 operationes,
1446 674 1490 728 si
1539 672 1667 742 quis
1711 672 2049 726 intrinsecus

367 768 370 772 ’
458 788 581 826 eam
613 772 784 840 ipsam
812 777 1043 838 spectet,
1075 768 1373 821 distinctas
1399 766 1627 818 omnino
1661 780 1725 817 ac
1765 774 2046 832 separatas

458 881 606 928 esse,
640 863 934 934 aliquando
963 862 1129 916 etiam
1154 860 1304 914 nullo
1325 860 1489 914 modo
1522 859 1757 913 invicem
1795 872 2045 911 commu-

463 959 674 1021 nicare,
708 955 1175 1024 quemadmodum
1224 967 1283 1008 se
1313 952 1521 1005 habent
1571 963 1833 1021 generare
1863 955 1918 1001 et
1953 961 2046 1014 ge-

461 1047 671 1104 nerari.
708 1049 916 1114 Spirare
952 1054 1010 1098 et
1035 1044 1258 1112 spirari,
1293 1054 1351 1095 et
1379 1040 1485 1094 alia
1532 1039 1780 1108 quadam
1822 1036 2043 1092 similia.

464 1140 820 1194 Extrinsecus
846 1153 995 1203 vero,
1021 1147 1072 1192 et
1094 1147 1367 1206 quatenus
1393 1133 1458 1188 ad
1481 1143 1787 1185 creaturam
1814 1138 2044 1199 spectat,

465 1250 573 1286 una
621 1244 705 1286 est
739 1233 1011 1301 operatio,
1045 1240 1100 1285 et
1148 1230 1291 1283 idem
1339 1242 1483 1297 opus
1521 1225 1700 1281 Patris
1741 1231 1794 1276 et
1845 1223 1964 1277 Filii
1994 1231 2046 1275 ct

465 1324 706 1392 Spiritus
739 1323 939 1383 sancti,
984 1322 1236 1387 nihilque
1268 1326 1356 1372 est
1392 1331 1588 1372 eorum
1621 1329 1743 1384 quae
1779 1315 1833 1368 in
1885 1313 2048 1366 nobis

465 1415 623 1481 fiunt;
674 1414 819 1483 quod
861 1429 970 1467 non
1008 1427 1072 1466 es
1108 1420 1219 1466 tota
1253 1410 1531 1464 Trinitate
1565 1414 1805 1471 emanet,
1833 1421 1940 1459 una
1968 1413 2049 1458 ta-

462 1519 588 1560 men
645 1505 1002 1576 operatione,
1051 1520 1160 1559 una
1213 1500 1498 1574 potentia,
1569 1515 1676 1555 una
1739 1499 2040 1554 voluntate.

462 1596 644 1661 Quare
671 1615 813 1652 unus
834 1599 1001 1653 etiam
1039 1596 1243 1651 dicitur
1273 1603 1512 1658 creator,
1551 1601 1608 1646 et
1637 1605 1809 1646 unum
1842 1590 2048 1660 princi-

463 1694 613 1759 pium
649 1705 840 1745 eoruin
873 1686 1145 1749 omnium.
1178 1703 1300 1757 qua-
1327 1693 1634 1755 sunt.'qu:e
1676 1682 2044 1748 ﬁunt,Trini-

463 1756 546 1837 tas
614 1797 738 1837 esse
794 1781 1067 1838 creditur.
1111 1756 1328 1846 Quibus
1373 1775 1558 1834 autem
1616 1777 1803 1833 verbis
1859 1756 2120 1846 potiusB

461 1876 780 1928 consentire
810 1874 970 1928 decet
998 1874 1212 1928 Patrem
1233 1880 1289 1927 et
1311 1870 1582 1942 Spiritum
1607 1885 1662 1926 sa
1675 1878 1862 1925 notum
1881 1885 2047 1941 quam

462 1967 610 2031 Filii,
649 1968 740 2036 qui
778 1967 1025 2037 ejusdem
1057 1978 1144 2022 est
1175 1978 1412 2031 naturae,
1435 1964 1802 2034 ejusdemque
1832 1977 1957 2018 cum
1981 1977 2048 2017 eo

461 2058 836 2115 substantiae?
885 2060 1233 2114 Manifestum
1272 2058 1379 2113 hoc
1409 2047 1671 2112 omnibus
1701 2064 1784 2111 est
1811 2065 2047 2111 conten-

457 2156 596 2213 .dcre
641 2155 979 2208 nolentibus.
1013 2154 1112 2208 Est
1141 2163 1326 2207 autem
1359 2152 1422 2206 ad
1474 2152 1589 2206 haec
1618 2149 1965 2205 necessarius
1992 2157 2050 2204 et

462 2247 701 2302 idoneus
735 2257 789 2301 et
811 2246 1090 2301 sulliciens
1120 2245 1394 2300 minister.
1424 2243 1715 2300 Suillciens
1741 2254 1924 2298 autem
1965 2249 2058 2295 est"

460 2340 559 2410 qui
594 2349 919 2410 potestatem
947 2355 1043 2408 per
1066 2341 1542 2394 consecrationem
1569 2332 1759 2393 habuit
1786 2345 1842 2391 et
1863 2350 2049 2390 sacer-

464 2435 564 2488 dos
597 2434 769 2488 factus
802 2444 908 2488 est.
939 2432 1050 2489 Nec
1079 2435 1224 2487 enim
1249 2449 1276 2487 a
1297 2446 1633 2502 quocunque
1663 2431 1872 2499 prolata
1898 2430 2050 2502 ejus-

465 2529 614 2581 modi
672 2529 842 2582 verba
872 2524 1088 2583 edicere
1142 2541 1371 2596 possunt
1415 2527 1561 2596 quod
1603 2527 1892 2595 quaeritur,
1939 2526 2050 2579 imo

465 2635 597 2674 vero
626 2620 764 2672 nihil
806 2621 1033 2674 omnino
1072 2629 1328 2691 possunt,
1364 2621 1469 2673 nisi
1506 2634 1534 2672 a
1585 2618 1872 2674 secerdote
1921 2632 2051 2686 pro-

467 2713 736 2765 ferantur.
771 2711 902 2781 Ejus
927 2713 1006 2765 rei
1042 2713 1180 2767 ratio
1233 2721 1314 2768 est
1349 2711 1494 2778 quod
1535 2713 1607 2764 ita
1640 2709 1752 2764 Deo
1787 2709 2049 2779 placitum

467 2810 574 2864 est,
604 2802 674 2855 ita
719 2801 1016 2867 ordinavit,
1059 2804 1201 2857 hanc
1235 2805 1362 2857 tulit
1395 2803 1592 2873 legem.
1628 2800 2047 2872 Transgressori

468 2895 639 2964 igitur
676 2895 811 2966 legis
836 2906 894 2949 et
932 2896 1234 2950 voluntatis
1263 2897 1383 2966 ejus
1415 2894 1640 2964 dignum
1669 2902 1924 2965 paratum
1965 2903 2050 2949 cst

465 2991 745 3047 meritum.
781 3004 848 3041 ne
871 2987 1000 3056 quid
1027 2987 1205 3043 facere
1239 2987 1435 3059 possit.
1460 2987 1691 3057 Oportet
1730 2994 1912 3041 autem
1961 3002 2050 3040 sa—

2151 497 2269 541 tum
2313 494 2496 541 tamen
2526 485 2820 541 conferunt
2840 485 2908 540 ad
2936 483 3194 540 decorem
3229 482 3736 554 perfectionemque

2151 578 2398 646 mysterii
2423 596 2438 643 ;
2472 593 2537 632 ex
2561 579 2766 648 quibus
2798 580 2844 633 si
2873 577 3004 648 quid
3034 574 3334 647 aliquando
3359 575 3508 645 justa
3539 585 3735 627 neces-

2153 671 2316 726 sitate
2349 674 2829 741 pra-terminatur,
2858 674 3006 727 nulla
3045 674 3258 741 jactura
3292 670 3362 725 sit
3395 683 3411 721 :
3451 668 3739 738 hujusmo—

2150 764 2205 819 di
2237 777 2366 820 sunt
2403 765 2721 836 mysterium
2759 782 2927 838 super
2953 765 3111 821 altari
3145 763 3444 829 conficere,
3475 760 3738 817 sacerdo-

2151 857 2351 912 talibus
2397 857 2642 912 vestibus
2674 857 2850 919 indui.
2885 857 3256 919 sacerdotem,
3305 855 3475 909 multa
3519 860 3579 909 et
3610 861 3740 908 ante

2150 948 2317 1002 verba
2358 949 2574 1001 Domini
2615 957 2672 1004 et
2704 958 2827 1016 post
2855 949 2909 1002 in
2946 948 3164 1002 laudem
3212 945 3329 1006 Dei,
3377 947 3430 998 in
3463 942 3741 1000 narratio-

2150 1056 2276 1094 nem
2307 1057 2534 1109 operum
2565 1057 2814 1104 suorum,
2850 1040 2905 1094 in
2941 1039 3392 1108 impetrationem
3426 1037 3551 1091 vita:
3577 1044 3743 1090 atter-

2128 1148 2255 1194 ’hze,
2306 1133 2506 1202 partim
2552 1151 2580 1186 a
2631 1133 3036 1199 sacerdotibus,
3065 1133 3265 1202 partim
3296 1130 3563 1202 apopqu
3605 1127 3739 1184 dici.

2156 1223 2310 1278 Unde
2343 1236 2398 1279 et
2429 1226 2534 1278 alia
2566 1225 2710 1288 apud
2742 1224 2880 1278 alios
2903 1225 3190 1288 dicuntur,
3219 1234 3276 1279 et
3294 1223 3438 1294 apud
3468 1221 3744 1293 quosdam

2151 1317 2335 1385 plura,
2377 1319 2520 1385 apud
2558 1317 2695 1371 alios
2723 1317 3003 1386 pauciora.
3033 1316 3175 1370 llinc
3198 1325 3282 1371 est
3305 1315 3453 1386 quod
3481 1314 3742 1380 Basilius,

2148 1408 2338 1464 Jacobi
2367 1448 2383 1474 ,
2423 1409 2854 1480 Chrysostomus
2869 1425 2999 1464 vero
3023 1409 3209 1464 Basilii
3233 1409 3432 1463 missas
3451 1406 3744 1463 breviores

2151 1500 2426 1567 fecerunt,
2480 1502 2626 1570 quod
2678 1517 2786 1556 non
2821 1503 3135 1556 necessaria
3179 1502 3362 1556 forent
3397 1501 3586 1555 omnia
3620 1512 3746 1569 quat

2149 1596 2497 1652 dicebantur.
2561 1598 2733 1652 Nemo
2802 1599 2952 1652 enim
3010 1597 3390 1653 necessarium
3437 1593 3744 1665 quidquam

2153 1690 2446 1744 detrahere
2491 1691 2951 1760 praesumpsisset.
2983 1689 3140 1757 Quod
3187 1690 3233 1744 si
3275 1687 3402 1758 quis
3439 1703 3591 1744 nunc
3630 1701 3742 1742 non

2153 1795 2252 1850 per
2282 1790 2659 1851 contemptum
2714 1780 2994 1846 Ecclesiae,
3039 1795 3164 1850 quae
3211 1780 3286 1836 ita
3314 1779 3614 1847 ordinavit,
3643 1792 3747 1834 nec

2154 1882 2415 1942 tanquam
2455 1888 2654 1928 novam
2689 1873 3104 1929 introducendo
3141 1873 3402 1940 hreresin,
3441 1873 3536 1928 sed
3569 1870 3743 1927 inevi-

2117 1963 2308 2019 tabili
2367 1961 2931 2032 aliqua‘necessitate
2989 1970 3236 2029 coactus,
3288 1962 3408 2018 sola
3458 1951 3746 2016 Dominica

2152 2053 2318 2110 verba
2357 2070 2482 2109 cum
2513 2054 2709 2110 debita
2751 2054 3060 2110 intentione
3090 2053 3412 2124 protulerit,
3439 2051 3560 2122 ipsa
3593 2051 3743 2106 dun-

2154 2156 2302 2204 taxat
2330 2163 2453 2217 quae
2486 2147 2578 2203 ille
2608 2147 2748 2202 dixit
2773 2156 2830 2203 et
2851 2147 3005 2214 fecit,
3025 2145 3219 2203 dicens
3245 2155 3299 2202 et
3320 2139 3549 2211 faciens,
3576 2144 3743 2198 dum-

2153 2240 2316 2293 modo
2381 2241 2641 2296 sacerdos
2697 2239 2807 2308 sit,
2861 2239 3403 2308 convenientemque
3457 2235 3745 2291 materiam

2152 2333 2375 2400 habeat,
2415 2333 2664 2403 profecto
2698 2348 2886 2388 verum
2920 2331 3130 2388 Christi
3155 2346 3357 2402 corpus
3387 2331 3749 2400 sanguinem—

2151 2420 2258 2497 que
2309 2426 2560 2497 perfecit.
2583 2427 2787 2482 Contra
2821 2442 2957 2482 vero
2987 2426 3032 2482 si
3066 2425 3193 2496 quis
3223 2436 3419 2480 caetera
3451 2423 3662 2489 omnia,
3691 2430 3749 2478 et

2150 2504 2256 2574 alia
2291 2533 2432 2588 pene
2480 2517 2690 2574 inﬁnita
2719 2517 3029 2590 proferens,
3075 2519 3243 2574 verba
3277 2516 3496 2573 Domini
3541 2516 3749 2573 omise-

2163 2609 2262 2681 rit,
2298 2613 2436 2669 lusit
2467 2629 2713 2684 operam,
2754 2625 2813 2669 ut
2850 2614 3028 2679 aiunt,
3064 2613 3314 2683 nihilque
3339 2611 3571 2684 peregit.

2222 2705 2380 2773 Quod
2428 2707 2475 2762 si
2527 2706 2671 2762 forte
2707 2707 2980 2779 quispiam
3042 2709 3113 2763 iis
3173 2705 3403 2762 minime
3449 2712 3753 2762 contentus

2146 2799 2544 2856 auctoritatem
2599 2809 2828 2870 quaerat,
2877 2812 2936 2856 et
2990 2801 3124 2872 quid
3185 2800 3441 2856 doctores
3489 2797 3752 2855 Ecclesia

2152 2893 2431 2949 senserint
2476 2893 2675 2950 audire
2721 2894 3026 2960 desideret,
3077 2895 3130 2949 in
3168 2893 3368 2964 primis
3403 2892 3593 2949 videat
3618 2893 3753 2950 Am-

2153 2989 2409 3042 brosium'
2447 2997 2608 3043 aetate
2638 2987 2862 3058 quidem
2919 2986 3324 3060 praecedentem
3357 2997 3607 3051 caeteros,
3659 3001 3748 3043 sa-

467 3079 747 3132 cerdotem
800 3095 923 3132 cum
955 3079 1137 3133 debita
1187 3080 1500 3134 intentione
1531 3079 1597 3133 ad
1620 3095 1684 3133 ea
1716 3093 1838 3146 qua:
1864 3077 2049 3132 Domi-
2076 3107 2121 3164 α
2155 3083 2360 3153 pientis
2385 3097 2520 3138 vero
2537 3097 2600 3136 ac
2625 3086 2750 3137 vita:
2769 3084 3059 3138 sanctitate
3089 3082 3249 3144 nulli.
3275 3082 3357 3136 vel
3383 3079 3750 3136 Orientalium

471 3190 580 3232 nus
608 3173 889 3228 mandavit
915 3174 1203 3229 acet-dere.
1240 3167 1529 3242 Siquidem
1565 3175 1846 3228 mandavit
1891 3172 2051 3227 nobis

471 3276 532 3322 ut
577 3267 633 3323 in
681 3268 804 3338 ejus
835 3268 1414 3322 commemorationem
1471 3267 1588 3322 haec
1634 3282 1943 3336 ageremus.
1993 3273 2051 3319 ut

467 3360 708 3417 sciamus
730 3376 932 3432 corpus
958 3361 1076 3427 ejus
1102 3370 1156 3414 et
1184 3360 1505 3431 sanguinem
1532 3359 2056 3427 (instrumentaliter

468 3453 576 3522 ipsi
612 3453 897 3520 facientes,
943 3470 1069 3509 cum
1122 3455 1239 3508 haec
1290 3455 1608 3524 operemur)
1654 3465 1887 3509 mortem
1934 3455 2055 3524 ejus

468 3547 829 3602 adnuntiare.
871 3547 928 3602 Si
977 3549 1104 3618 quis
1155 3548 1304 3601 enim
1347 3549 1434 3602 vel
1478 3532 1646 3602 verba
1684 3548 1923 3612 Domini,
1970 3548 2053 3602 vel

473 3641 579 3694 alia
619 3638 902 3708 quaelibet,
946 3640 1152 3711 quibus
1190 3641 1475 3695 existimet
1523 3638 1837 3711 bnjusmodi
1869 3655 2056 3694 saera-

477 3744 726 3809 ntentum
765 3734 984 3796 confici,
1030 3734 1372 3802 pronuntiet,
1406 3749 1513 3788 non
1553 3734 1619 3786 ad
1645 3748 1710 3786 ea
1744 3747 1867 3802 quae
1909 3732 2056 3788 dicta

478 3835 608 3880 sunt
640 3825 957 3892 intendens,
993 3842 1163 3895 seque
1200 3826 1251 3878 id
1291 3842 1453 3895 agere
1481 3825 1634 3895 quod
1668 3824 1759 3880 ille
1786 3825 1953 3896 jussit
1970 3841 2058 3878 ar-

477 3915 734 3980 bitretur,
767 3917 902 3969 nihil
943 3918 1170 3970 omnino
1199 3916 1346 3986 agit;
1381 3917 1476 3971 sed
1509 3931 1612 3970 suo
1640 3917 1938 3970 frustratus
1958 3913 2060 3968 de-

475 4011 684 4064 sidcrio
721 4009 950 4063 fallitur.
984 4008 1268 4064 Materiam
1309 4018 1572 4078 praeterea
1625 4008 1693 4062 ad
1727 4008 1843 4062 hinc
1873 4018 2058 4078 aptam

475 4103 987 4156 et-conveuientem
1045 4115 1168 4155 esse
1203 4114 1430 4154 necesse
1475 4110 1584 4155 est.
1634 4099 1870 4170 Oportet
1907 4100 2059 4154 enim

478 4208 674 4264 pantm
703 4209 768 4247 ex
796 4191 1099 4255 frutnento,
1134 4195 1320 4245 vinum
1353 4205 1421 4244 ex
1457 4191 1569 4246 vite
1599 4190 1741 4247 ﬁeri.
1775 4189 1896 4247 Nisi
1921 4193 2063 4247 enim

473 4303 703 4356 granum
731 4286 1004 4351 frumenti,
1038 4285 1176 4338 dicit
1226 4283 1509 4348 Dominus,
1554 4283 1749 4338 cadens
1777 4285 1833 4339 in
1862 4293 2064 4339 terram

476 4388 744 4435 mortuum
775 4372 954 4449 fuerit,
979 4378 1180 4432 nullum
1213 4375 1444 4447 fructum
1463 4378 1645 4447 afferet
1674 4376 1716 4430 ³.
1740 4375 1807 4431 Et
1827 4391 2060 4432 rursus:

2158 3176 2239 3230 vel
2269 3172 2733 3239 Occidentalium,
2765 3176 3080 3230 cedentem.
3102 3173 3202 3229 llic
3220 3173 3275 3229 in
3305 3189 3563 3229 sermone
3586 3188 3750 3242 quem

2156 3267 2224 3322 de
2260 3267 2623 3325 sacramentis
2654 3267 2900 3338 scripsit,
2936 3268 3010 3324 ita
3036 3267 3216 3338 inquit
3248 3283 3265 3323 :
3295 3264 3587 3332 Quomodo
3601 3266 3751 3320 enim

2158 3362 2317 3431 panis
2370 3371 2552 3432 potest
2603 3375 2727 3415 esse
2763 3375 2969 3431 corpus
3023 3359 3279 3416 Christi?
3321 3359 3532 3427 Quibus
3563 3357 3751 3414 verbis

2157 3465 2256 3511 aut
2281 3471 2516 3526 quorum
2565 3455 2753 3510 verbis
2787 3454 2906 3509 haec
2943 3462 3293 3509 sacramenta
3342 3450 3756 3522 perficiuntur?

2161 3549 2228 3604 Et
2258 3548 2410 3602 addit
2444 3564 2459 3601 ι
2489 3547 2632 3618 Ipsis
2661 3545 2877 3601 Domini
2916 3545 3089 3600 tt0stri
3122 3545 3252 3600 Jesu
3299 3542 3532 3599 Christi.
3575 3542 3642 3597 Et
3673 3542 3756 3598 in-

2160 3640 2245 3696 fra
2280 3660 2294 3696 ;
2334 3643 2469 3695 Cum
2504 3652 2687 3695 autem
2728 3640 2832 3694 hoc
2887 3646 3295 3693 sacramentum
3343 3635 3583 3706 perﬁcit,
3638 3649 3754 3689 non

2158 3734 2402 3804 propriis
2431 3732 2618 3788 verbis
2644 3730 2927 3796 sacerdos,
2964 3731 3057 3784 sed
3099 3729 3274 3799 ipsius
3301 3727 3505 3783 Christi
3534 3726 3750 3781 utitur:

2161 3827 2327 3882 verba
2373 3826 2524 3881 enim
2573 3824 2784 3881 Christi
2832 3825 2940 3879 hoc
2974 3831 3384 3878 sacramentum
3429 3820 3752 3876 conﬁciunt.

2161 3918 2231 3975 Et
2258 3929 2381 3990 post
2409 3935 2583 3985 pauca
2611 3936 2626 3974 :
2652 3919 2795 3975 Ante
2817 3922 3295 3974 consecrationem
3328 3917 3485 3987 panis
3505 3926 3612 3981 est,
3631 3927 3778 3995 vere

2162 4013 2252 4069 bis
2278 4024 2462 4069 autem
2503 4012 2710 4068 Christi
2759 4011 2948 4077 dictis,
2987 4028 3110 4066 mox
3143 4025 3344 4078 corpus
3385 4009 3590 4065 Christi
3623 4016 3756 4065 est:

2163 4106 2397 4178 Accipite
2435 4106 2609 4170 enim,
2646 4106 2848 4174 inquit,
2908 4106 3159 4159 comedite
3196 4119 3260 4158 ea:
3311 4119 3371 4158 ea
3416 4119 3618 4167 omnes,
3662 4101 3762 4157 Ima

2163 4209 2240 4255 est
2273 4214 2462 4267 corpus
2485 4213 2685 4252 meum.
2714 4196 2985 4252 Similiter
3013 4197 3067 4251 in
3099 4195 3274 4252 calice
3298 4206 3438 4250 ante
3469 4195 3636 4250 verba
3655 4193 3764 4249 Do-

2167 4291 2300 4346 mini
2335 4292 2527 4346 vinum
2566 4297 2655 4346 est
2685 4303 2828 4358 aqua
2863 4288 3121 4352 mistum,
3161 4285 3368 4343 Christi
3408 4286 3598 4342 verbis
3623 4301 3762 4358 ope-

2170 4382 2422 4438 rantibus
2447 4383 2676 4452 sanguis
2701 4380 2961 4438 edicitur.
3004 4381 3224 4436 Rursus
3252 4381 3400 4436 idem
3429 4378 3762 4437 Ambrosius

476 4473 591 4544 Ego
613 4488 730 4526 sum
765 4472 884 4537 citis
908 4487 1031 4525 cera
1051 4471 1096 4522 δ.
1127 4470 1283 4536 Quod
1314 4470 1357 4525 si
1393 4470 1553 4526 aliter
1587 4469 1864 4531 sacerdos.
1896 4468 2062 4524 etiam
2093 4456 2148 4516 1)
2172 4493 2300 4534 cum
2336 4477 2510 4532 multa
2534 4477 2688 4547 signa
2713 4482 2770 4532 et
2807 4475 3075 4530 miracula
3103 4482 3622 4536 commemorasset,
3638 4487 3766 4544 qua

475 4581 604 4621 cum
628 4563 816 4622 debita
854 4563 1184 4628 attentione,
1227 4561 1313 4618 vel
1352 4563 1469 4633 ipsa
1523 4563 1688 4616 verba
1722 4561 1944 4616 Domini
1977 4563 2060 4616 vel

475 4659 584 4714 alia
616 4670 959 4727 quacunque
995 4656 1338 4727 pronuntiet,
1360 4670 1536 4710 vanus
1559 4665 1644 4710 est
1664 4654 1845 4711 omnis
1861 4655 2059 4722 labor;

478 4767 575 4807 nec
625 4751 769 4805 cutim
802 4765 1042 4820 unquam
1069 4766 1134 4805 es
1189 4750 1400 4806 hordeo
1445 4749 1672 4804 miliove
1705 4760 1801 4804 aut
1830 4749 1939 4804 alio
1973 4764 2060 4806 se-

475 4845 685 4900 minum
719 4859 920 4916 genere
973 4844 1133 4914 panis
1160 4843 1359 4908 factus,
1390 4858 1570 4913 neque
1602 4841 1780 4898 siccra
1810 4850 1909 4897 aut
1944 4843 2054 4908 lac,

475 4946 572 4994 aut
611 4936 722 4993 mel
754 4937 808 4990 in
843 4952 1045 5006 corpus
1075 4947 1130 4993 et
1162 4937 1489 5007 sanguinem
1523 4933 1737 4990 Domini
1779 4945 2059 4991 tranmud

459 5025 702 5086 'taretur.
737 5029 854 5085 Hoc
887 5045 1132 5086 canones
1160 5030 1562 5099 apostolorum,
1581 5029 1696 5084 hoc
1721 5031 2060 5101 posteriores

472 5125 730 5180 doctores
763 5125 1053 5180 aﬂirmant.
1111 5123 1481 5190 Quamobrem
1505 5123 1651 5180 hoc?
1672 5124 1941 5192 Quoniam
1967 5125 2057 5180 ille

476 5218 661 5288 opifex
706 5231 893 5271 rerum
938 5219 1012 5272 ita
1044 5219 1242 5284 voluit,
1271 5218 1344 5273 ita
1374 5217 1696 5273 constituit:
1747 5217 2057 5287 transgredi

479 5317 663 5362 autem
704 5315 763 5362 et
787 5312 962 5364 vitare
986 5311 1284 5380 quidquam
1314 5327 1508 5366 eorum
1544 5329 1668 5382 qua:
1707 5312 1799 5367 ille
1833 5312 2060 5367 ordina-

484 5400 584 5462 vit,
621 5399 774 5455 nefas
804 5410 909 5456 cst.
948 5403 1073 5456 llazc
1098 5419 1229 5474 ergo
1257 5404 1325 5459 ad
1355 5406 1498 5459 sacri
1535 5405 1783 5476 mysterii
1807 5421 2067 5460 consum—

486 5494 786 5547 mationem
829 5499 1140 5551 necessaria
1175 5513 1404 5566 prorsus
1445 5507 1596 5561 sunt,
1633 5506 1690 5553 et
1724 5499 1845 5554 sine
1871 5498 2070 5567 quibus

489 5585 626 5639 llihll
663 5578 889 5643 omnino
917 5589 1034 5644 ileri
1070 5601 1272 5660 potest.
1303 5591 1447 5646 Sunt
1472 5601 1655 5646 autem
1680 5590 1786 5645 alia
1820 5590 2073 5661 quaedam

565 5779 582 5812 ³
615 5776 634 5832 l
663 5778 790 5835 Cor.
823 5773 1042 5845 sn,'ll.
1121 5772 1139 5803 ³
1165 5770 1308 5828 Psal.
1342 5783 1461 5837 cnt,
1491 5767 1581 5825 50.

1662 5769 1681 5801 ³
1707 5768 1871 5824 Juan.
1903 5783 1998 5836 sit,
2026 5765 2116 5821 24.

2169 4571 2292 4628 solo
2327 4571 2547 4628 Domini
2576 4571 2749 4627 verbo
2776 4570 2914 4625 facta
2945 4571 3123 4635 fuere,
3145 4570 3580 4638 universumque
3601 4581 3765 4622 mun-

2168 4665 2301 4721 dum
2336 4664 2506 4719 verbo
2530 4663 2724 4718 eodem
2752 4678 2820 4717 ex
2848 4661 3022 4717 nihilo
3038 4676 3158 4716 esse
3179 4659 3535 4730 productum,
3559 4659 3765 4714 multa-

2169 4775 2283 4829 que
2321 4757 2428 4813 alia
2483 4757 2857 4820 orationibus,
2891 4763 2949 4810 et
2989 4752 3478 4810 benedictionibus
3500 4750 3765 4820 humanis

2166 4851 2314 4907 facta
2357 4850 2717 4915 ostendisset,
2779 4859 3064 4919 postremo
3106 4847 3225 4902 haec
3250 4845 3456 4902 addit:
3501 4843 3561 4900 Si
3591 4843 3765 4916 igitur

2168 4953 2386 5001 tantum
2439 4943 2621 5016 potuit
2663 4942 2902 4998 humana
2937 4941 3253 4996 benedictio
3282 4939 3348 4993 ad
3381 4946 3765 4994 transmutan-

2164 5036 2291 5092 dam
2322 5051 2510 5090 rerum
2539 5045 2820 5097 naturam.
2852 5032 2984 5104 quid
3011 5034 3079 5087 de
3115 5033 3220 5086 hac
3245 5030 3436 5087 divina
3468 5042 3764 5085 consecra-

2163 5127 2316 5182 tione
2343 5125 2616 5189 dicemus,
2634 5124 2727 5177 ubi
2757 5127 2873 5192 ipsa
2896 5122 3061 5178 verba
3083 5120 3382 5178 Salva-toris
3403 5129 3712 5190 operantur
3737 5118 3762 5172 ἲ

2163 5219 2280 5274 Hoc
2307 5222 2456 5274 enim
2491 5226 2898 5273 sacramentum
2928 5213 3079 5284 quod
3107 5213 3336 5283 accipis,
3364 5211 3535 5267 verbo
3551 5208 3761 5265 Christi

2164 5311 2476 5366 coniicitur.
2521 5309 2654 5366 Aliis
2705 5307 2929 5379 quidem
2974 5306 3113 5362 locis
3162 5305 3307 5361 idem
3351 5304 3551 5360 doctor
3582 5302 3762 5360 multo

2171 5404 2328 5473 pltm
2381 5404 2435 5456 in
2497 5383 3029 5456 hanc'sententiam
3087 5389 3539 5453 manifestissime
3601 5396 3758 5452 dicit.

2174 5497 2520 5566 Augustinus
2537 5510 2670 5550 vero
2696 5492 3080 5549 sanctissimus
3100 5500 3157 5548 et
3183 5492 3298 5561 ipse
3329 5490 3546 5557 doctor,
3580 5488 3759 5545 Divini

2179 5588 2433 5658 corporis
2477 5586 2850 5654 consecratio,
2887 5576 3091 5656 inquit,
3126 5600 3154 5640 a
3189 5583 3464 5640 catholica
3515 5581 3758 5640 Ecclesia

2191 5766 2212 5798 ⁸
2236 5766 2393 5826 lolii.
2444 5782 2532 5835 sv,
2568 5766 2618 5825 1.
