4140 6140
375 235 486 299 505

1388 231 1486 294 DE
1529 229 2041 292 SACRAMENTO
2078 229 2641 292 EUCHARISTIIE.

3552 230 3660 298 50-3

363 355 617 414 creditur
651 372 760 414 non
795 357 973 430 magis
1003 370 1032 411 a
1060 355 1232 424 bono,
1265 368 1378 410 non
1409 354 1595 408 minus
1623 366 1656 407 a
1695 351 1844 407 malo
1875 333 1967 407 sa—
1998 360 2046 418 Α
2073 348 2251 419 ipsum
2285 350 2464 421 inquit
2492 350 2833 405 Salvatorem
2870 350 2987 404 lucc
3013 348 3299 420 perficere,
3333 347 3510 420 ipsum
3541 364 3663 416 om-

361 450 597 508 eordote
628 451 828 507 confici
862 471 876 507 :
914 465 1096 521 neque
1130 450 1279 504 enim
1329 447 1530 504 merito
1562 445 1966 510 cunsecrantis,

359 544 463 599 sed
491 543 768 599 Creatoris
794 543 1028 599 efficitur
1051 542 1248 598 verbo.
1275 542 1343 596 Et
1368 540 1504 596 alibi
1544 560 1558 596 :
1590 539 1964 607 Credendum,

360 631 574 690 Christi
624 635 812 691 verbis
867 627 1275 690 sacramentum
1324 633 1521 688 confici
1565 635 1770 699 :cujus
1815 631 1965 684 enim

359 725 610 796 potentia
641 727 797 795 prius
828 737 1012 781 creata
1042 737 1173 781 sunt
1208 742 1272 781 ea
1307 741 1429 796 qua:
1454 734 1604 786 sunt,
1635 725 1802 794 hujus
1818 733 1964 777 certe

357 803 539 871 verbo
566 817 632 873 ad
665 819 864 873 melius
888 824 1196 873 mutantur.
1224 818 1374 874 idem
1401 818 1456 872 in
1485 815 1523 870 2
1549 817 1616 870 de
1644 816 1824 871 verbis
1855 813 1964 866 Do.

360 910 549 965 mini:
584 909 725 964 Ante
781 911 951 966 verba
1007 911 1249 977 Domini,
1310 909 1511 980 inquit,
1550 924 1694 977 quae,
1727 908 1839 962 Hoc
1886 916 1966 962 est

358 1019 556 1074 corpus
592 1021 792 1070 nicum,
827 1005 1047 1071 dicunt,
1081 1006 1242 1076 panis
1275 1004 1484 1059 dicitur
1508 1003 1656 1073 quod
1689 1003 1960 1069 offertur;

359 1097 554 1153 verbis
613 1106 800 1153 autem
852 1098 964 1153 illis
1010 1098 1196 1165 dictis,
1239 1113 1349 1153 non
1384 1097 1620 1167 amplius
1650 1096 1830 1165 panis,
1865 1095 1960 1149 sed

361 1205 575 1261 corpus
633 1205 880 1247 vocatur.
931 1193 1000 1248 Et
1043 1209 1236 1248 rursus
1291 1194 1346 1248 in
1392 1190 1741 1261 expositione
1793 1204 1962 1258 super

359 1282 632 1338 Joannem
676 1293 905 1339 vocatur
955 1301 1156 1354 corpus
1185 1296 1240 1340 et
1265 1282 1804 1352 caroCbristi,quod
1834 1294 1963 1336 caro

359 1375 656 1430 continere
690 1393 798 1431 non
838 1387 1039 1447 potest.
1096 1377 1415 1434 Conficiunt
1443 1390 1626 1432 autem
1664 1375 1799 1450 illud
1841 1390 1961 1429 car-

358 1467 456 1522 nis
485 1466 674 1531 verba,
709 1485 831 1538 qua:
856 1470 1030 1539 ipsius
1060 1470 1244 1525 carnis
1271 1469 1478 1524 Christi
1513 1471 1678 1524 verba
1712 1468 1959 1523 fuerunt.

356 1559 460 1615 Ait
501 1560 669 1617 enim;
736 1563 846 1617 Hoc
892 1577 968 1617 est
1009 1580 1200 1634 corpus
1232 1580 1426 1618 meum.
1462 1563 1603 1629 Quid
1632 1564 1836 1617 clarius
1875 1562 1962 1617 his

361 1654 748 1713 testimoniis?
779 1656 912 1727 quid
946 1645 1295 1712 manifestius
1346 1672 1468 1711 esse
1506 1654 1724 1724 potest?
1767 1656 1960 1723 Neque

2072 442 2162 495 nia
2185 443 2404 512 operari
2434 462 2446 498 :
2484 459 2586 498 nec
2623 443 2777 498 addit
2803 442 3061 514 precibus
3087 443 3434 499 sacerdotum
3462 442 3515 496 id
3539 440 3659 496 fieri

2070 535 2218 605 quod
2274 545 2427 591 certe
2481 536 2803 597 addidisset.
2861 534 2905 589 si
2962 535 3214 590 scivisset
3275 535 3652 589 necessarium

2071 626 2211 691 fore,
2261 626 2529 683 subticuit
2565 639 2748 683 autem
2804 641 3062 698 tanquam
3108 644 3217 684 non
3256 630 3652 683 necessarium.

2071 717 2174 784 Qui
2207 718 2356 774 enim
2381 721 2565 774 omnia
2599 721 2754 786 facit,
2781 718 2936 777 nullo
2963 723 3173 794 indiget
3208 729 3520 789 Operatorc.
3557 720 3657 774 Ve-
3755 730 3758 733 λ

2072 826 2192 866 rum
2226 827 2290 866 ex
2314 811 2424 866 illis
2457 811 2858 884 Chrysustomi,
2892 831 3014 884 quae
3036 829 3201 884 supra
3225 812 3659 874 memoravimus

2069 905 2254 960 verbis
2303 905 2537 964 discitur
2564 908 2826 978 quaedam
2852 908 3003 964 haud
3033 899 3438 962 contemnenda
3469 903 3656 959 consi-

2069 998 2306 1052 deratio.
2338 999 2428 1053 Ait
2457 1001 2628 1065 enim,
2659 1018 2768 1061 non
2797 1003 3079 1070 accepisse
3110 1003 3339 1059 Paulum
3369 1017 3402 1056 a
3434 1000 3657 1056 Christo

2069 1090 2212 1147 hanc
2243 1079 2616 1160 traditionem,
2640 1079 2765 1148 cum
2803 1103 2986 1150 tamen
3014 1097 3132 1166 ipse
3159 1111 3216 1151 se
3254 1095 3533 1163 accepisse
3561 1108 3654 1148 as-

2066 1193 2234 1236 serat.
2276 1181 2341 1236 Et
2398 1195 2544 1238 recte
2584 1186 2808 1255 quidem
2851 1186 3298 1257 Clirysostomus.
3342 1187 3474 1241 Erat
3501 1185 3650 1241 enim

2069 1283 2180 1328 tum
2223 1273 2427 1332 Paulus
2467 1292 2791 1347 persecutor
2839 1289 2892 1333 et
2942 1280 3115 1335 hostis
3144 1281 3385 1335 nominis
3419 1279 3648 1349 Christi,

2066 1377 2121 1422 et
2148 1369 2320 1424 multo
2346 1380 2467 1439 post
2505 1372 2890 1426 ascensionem
2919 1373 3218 1429 Salvatoris
3249 1373 3304 1428 in
3344 1373 3535 1439 cretus,
3569 1389 3657 1428 sa-

2066 1474 2216 1514 cram
2255 1459 2417 1527 fidem
2451 1462 2516 1515 ab
2545 1479 2610 1517 eo
2647 1463 2739 1533 qui
2766 1465 2867 1520 sibi
2895 1467 2949 1519 in
2994 1465 3076 1520 ria
3098 1465 3277 1521 fuerat
3304 1466 3522 1530 obvius,
3571 1467 3655 1519 di-

2065 1551 2296 1607 dicerat.
2332 1554 2550 1621 Quibus
2574 1557 2740 1628 igitur
2778 1547 3121 1620 tradentibus
3151 1561 3414 1628 accepit?
3439 1559 3652 1626 Nempe

2065 1646 2330 1718 apostolis
2359 1656 2414 1702 et
2438 1649 2503 1703 iis
2534 1650 2758 1718 quidem
2802 1668 2911 1706 non
2948 1654 3119 1707 verbo
3148 1661 3361 1708 tantum
3399 1653 3652 1709 docenti-

359 1744 516 1802 enim
569 1734 666 1802 uois
712 1746 969 1802 doctor-(3
1025 1747 1318 1816 quisquam
1370 1748 1573 1802 [neniis
1616 1761 1864 1816 compos,
1903 1754 1959 1801 et
1989 1735 2032 1791 Β
2061 1734 2185 1799 bus,
2220 1738 2315 1811 sed
2361 1739 2873 1796 demonstrantibus
2920 1758 3105 1812 opere.
3148 1743 3349 1798 Paulus
3377 1757 3504 1797 vero
3540 1753 3648 1798 tra-

359 1833 719 1892 Cbristianus
763 1853 881 1892 esse
916 1837 1242 1892 desiderans
1288 1845 1763 1907 respttcrettquos
1787 1852 1959 1892 sacrae

361 1941 563 1983 omnes
589 1929 810 2000 synodi,
848 1939 904 1984 et
942 1945 1267 1985 communes
1287 1930 1552 1986 Ecclesiae
1576 1929 1834 1984 doctores
1869 1944 1959 1984 ac-

362 2029 682 2091 ceptarum,
717 2038 856 2093 quos
907 2033 968 2078 ut
1012 2034 1235 2078 sanctos
1279 2039 1344 2079 ac
1392 2025 1506 2081 Deo
1542 2024 1960 2094 acceptissimus

363 2099 581 2182 magnis
614 2114 905 2183 praeconiis
957 2115 1296 2180 extulerunt,
1338 2131 1576 2186 quorum
1636 2108 1958 2171 memoriam

362 2221 494 2260 cum
539 2223 754 2261 summa
804 2208 966 2262 laude
999 2226 1109 2263 non
1145 2209 1307 2263 modo
1338 2208 1732 2272 Occidentalis,
1766 2225 1956 2265 verum

363 2296 537 2352 etiam
570 2297 881 2352 Orientalis
919 2299 1166 2354 Ecclesia
1203 2300 1475 2356 celebrat.
1506 2301 1851 2356 Manifestum
1873 2311 1960 2357 est

367 2389 536 2459 igitur
564 2388 664 2442 hos
696 2407 805 2444 non
838 2390 1098 2455 obscure,
1172 2406 1354 2461 neque
1390 2392 1492 2446 sub
1517 2393 1708 2458 dubio,
1745 2396 1839 2449 sed
1866 2411 1960 2465 pa-

362 2481 477 2539 lam
508 2493 564 2536 et
598 2481 894 2538 manifeste
930 2485 1196 2549 sensisse,
1228 2485 1621 2540 sacratissimis
1657 2487 1805 2542 illius
1849 2488 1957 2543 Do-

363 2574 504 2630 mini
536 2575 723 2630 t'erbis
753 2575 856 2629 hoc
891 2588 1304 2631 sacramentum
1336 2579 1557 2643 conﬁci,
1599 2579 1712 2635 (loc
1741 2592 1818 2634 est
1842 2597 1960 2636 coro

364 2685 467 2739 pus
503 2684 678 2722 meum
714 2685 726 2721 :
762 2679 840 2734 et,
871 2667 970 2722 Hic
1000 2678 1076 2722 est
1122 2673 1340 2748 sanguis
1379 2689 1544 2726 meus.
1576 2673 1716 2739 Quid
1751 2675 1960 2745 igitur?

365 2762 433 2820 Hi
457 2763 678 2834 quidem
710 2764 814 2819 hoc
843 2764 1010 2817 modo
1042 2763 1259 2828 dicunt,
1296 2764 1605 2821 Orientales
1642 2783 1774 2822 vero
1799 2770 1960 2825 aliter

363 2858 636 2912 sentiunt.
693 2856 764 2910 At
812 2855 918 2911 huc
962 2862 1129 2911 modo
1173 2841 1284 2913 non
1337 2855 1484 2914 idem
1531 2859 1584 2912 in
1620 2860 1701 2913 eis
1738 2861 1958 2916 locutus

364 2949 566 3006 fuisset
597 2950 843 3019 Spiritus
878 2967 892 3003 :
926 2965 1031 3005 nec
1081 2951 1257 3005 sancti
1300 2950 1566 3024 Spiritus,
1599 2952 1695 3007 sed
1751 2954 1959 3008 ventris

365 3043 453 3098 sui
502 3045 885 3101 eructationes
938 3054 1127 3100 essent
1187 3059 1473 3103 sermones
1533 3061 1742 3099 eorum.
1797 3045 1957 3102 Nunc

363 3150 500 3192 vero
536 3151 680 3193 unus
709 3145 876 3207 atque
914 3135 1058 3192 idem
1111 3137 1351 3206 Spiritus
1389 3138 1609 3192 locutus
1643 3148 1726 3192 est
1769 3153 1865 3208 per
1894 3154 1956 3194 os

365 3235 752 3297 utrorumque.
788 3229 856 3291 At
874 3227 1345 3298 quemadmodum
1376 3228 1430 3283 in
1455 3229 1672 3284 caeteris
1695 3230 1956 3285 omnibus

362 3322 442 3377 ita
467 3322 635 3377 etiam
668 3321 724 3376 in
766 3321 871 3376 hoc
899 3330 1255 3377 sacramento
1282 3321 1590 3377 concordes
1629 3329 1758 3375 sunt
1796 3320 1958 3376 Occi-

361 3414 678 3472 dentalibus
718 3414 1048 3470 Orientales.
1093 3415 1236 3469 Audi
1295 3413 1609 3484 enimquid
1655 3426 1814 3469 antea
1862 3417 1952 3469 illa

359 3505 592 3564 Joannis
637 3504 824 3577 lingua
877 3505 932 3560 in
973 3521 1123 3560 xxxn
1173 3521 1340 3575 super
1373 3504 1693 3561 Matthazum
1726 3506 1952 3561 humilia

363 3597 516 3654 dicat
551 3614 566 3651 :
599 3596 720 3653 Non
751 3609 904 3662 sunt,
935 3599 1142 3668 inquit,
1185 3599 1441 3653 humana:
1469 3599 1734 3669 potentia.
1757 3615 1949 3668 opera,

361 3705 489 3761 quat
509 3690 790 3760 proposita
820 3699 987 3756 sunt;
1017 3691 1110 3762 qui
1137 3701 1270 3746 tttnc
1294 3705 1360 3745 ea
1394 3690 1524 3746 fecit
1556 3691 1611 3744 in
1637 3705 1816 3756 coena,
1837 3693 1952 3760 ipse

359 3800 514 3842 nunc
543 3800 608 3841 ea
641 3799 864 3856 quoque
894 3796 1182 3854 operatur,
1222 3801 1326 3838 nos
1351 3785 1734 3839 ministrorum
1767 3784 1951 3840 locum

362 3885 638 3933 tenemus.
676 3875 782 3944 Qui
830 3890 964 3932 vero
1020 3875 1356 3942 sanctificat,
1396 3886 1452 3931 et
1508 3890 1574 3931 ea
1604 3886 1800 3942 mutat,
1835 3875 1954 3946 ipse

360 3978 476 4026 est.
510 3970 726 4025 Rursus
759 3970 907 4026 idem
950 3973 1009 4024 in
1039 3984 1188 4024 mut
1225 3984 1388 4038 super
1420 3967 1439 4023 l
1467 3969 1534 4023 ad
1565 3967 1820 4024 Corinth.
1852 3969 1952 4024 hu-

357 4061 482 4120 Ilii.
512 4061 588 4117 ita
635 4061 816 4132 inquit
848 4080 866 4117 ε
908 4059 1197 4129 Quomodo
1233 4059 1438 4115 Paulus
1461 4077 1491 4116 a
1527 4062 1760 4117 Domino
1792 4078 1950 4117 accc-

357 4156 487 4229 pit‘i
514 4154 634 4211 Non
674 4156 824 4211 enim
854 4156 1048 4211 aderat
1085 4166 1237 4221 tunc,
1263 4156 1360 4210 sed
1394 4170 1538 4211 unus
1568 4164 1688 4230 erat
1723 4172 1789 4211 ex
1825 4172 1951 4232 per-

357 4249 732 4308 uocatoribus.
787 4247 864 4306 Ut
912 4247 1212 4320 intelligas,
1262 4249 1359 4315 ait,
1413 4249 1551 4304 nihil
1610 4249 1738 4320 plus
1799 4249 1948 4306 illam

359 4356 609 4399 mensam
645 4341 928 4406 habuisse,
977 4356 1142 4411 quam
1190 4342 1427 4397 habeant
1464 4344 1547 4397 ha:
1586 4343 1947 4413 posteriores.

2063 1829 2203 1885 didit
2231 1831 2390 1887 nobis
2424 1849 2544 1902 quae
2579 1845 2890 1905 acceperat.
2921 1831 3057 1890 Cum
3098 1847 3281 1891 autem
3313 1852 3376 1889 ea
3409 1836 3654 1889 sulatra—

2062 1923 2268 1980 diderit
2301 1942 2419 1994 quae
2451 1928 2505 1981 in
2532 1928 2779 1998 Epistula
2806 1928 2870 1982 ad
2902 1928 3220 1983 Corinthius
3251 1930 3466 1993 scribit,
3500 1937 3652 1984 certe

2061 2018 2158 2072 illa
2187 2018 2300 2073 sola
2332 2022 2568 2089 accepit,
2600 2030 2656 2076 et
2695 2021 2782 2076 illa
2824 2021 2936 2076 sola
2971 2024 3247 2092 apostolus
3275 2021 3456 2075 facere
3491 2021 3649 2078 vidit.

2061 2107 2199 2162 Nam
2227 2109 2272 2163 si
2298 2111 2454 2180 plura
2483 2112 2666 2165 facere
2699 2114 2949 2177 vidisset,
2976 2130 3039 2168 ea
3065 2128 3284 2184 quoque
3312 2113 3652 2168 tradidisset.

2060 2201 2208 2256 Nihil
2232 2214 2416 2258 autem
2452 2205 2506 2258 in
2540 2221 2602 2260 ea
2641 2204 2884 2275 Epistula
2915 2207 3044 2260 dicit
3075 2207 3311 2276 amplus,
3346 2208 3448 2260 nisi
3489 2204 3651 2260 Citri-

2061 2304 2206 2349 stum
2245 2297 2524 2365 accepisse
2553 2313 2756 2372 panetn’
2783 2298 2838 2352 in
2879 2314 3070 2353 manus
3101 2314 3248 2364 suas,
3275 2298 3650 2364 benedixisse,

2061 2389 2281 2446 dedisse
2310 2391 2623 2462 discipulis.
2655 2401 2819 2463 atque
2851 2393 3056 2449 dixisse
3093 2412 3104 2446 :
3133 2392 3367 2463 Accipite
3394 2403 3441 2446 et
3471 2409 3647 2446 come-

2060 2483 2189 2545 dite,
2239 2485 2335 2539 huc
2387 2493 2466 2539 est
2521 2502 2711 2556 corpus
2747 2505 2943 2543 meum.
2996 2487 3142 2543 idem
3183 2487 3348 2560 igitur
3390 2487 3539 2542 omni
3583 2503 3649 2543 ex

2061 2583 2220 2642 parte
2248 2578 2502 2645 apostoli,
2531 2579 2738 2647 quibus
2780 2581 3124 2636 tradentibus
3159 2581 3363 2636 Paulus
3387 2581 3438 2634 id
3486 2595 3646 2638 acce-

2061 2663 2162 2733 pit,
2207 2664 2521 2729 faciebant.
2568 2667 2682 2724 Hoc
2714 2680 2925 2726 tantum
2972 2672 3276 2740 accepitab
3304 2672 3411 2725 iliis
3445 2671 3654 2726 Paulus

2063 2757 2164 2813 huc
2186 2760 2413 2814 tradidit
2444 2762 2626 2817 nobis.
2655 2762 2853 2819 Postea
2894 2779 3026 2818 vero
3066 2766 3182 2819 sive
3211 2765 3488 2830 Clemens,
3531 2764 3651 2820 sive

2057 2853 2322 2920 Iacobus,
2379 2861 2495 2911 sive
2543 2857 2687 2914 alius
2730 2859 3051 2928 quicunque
3108 2859 3244 2914 alias
3283 2853 3567 2916 Orationes
3594 2872 3651 2915 et

2063 2949 2297 3017 hymnos
2317 2951 2611 3009 etcautica
2638 2967 2749 3006 nun
2783 2952 2850 3005 ad
2893 2953 3303 3016 necessitatem,
3335 2954 3429 3008 sed
3459 2955 3524 3007 ad
3559 2969 3650 3009 or-

2064 3051 2250 3095 natum
2282 3041 2639 3098 addiderunt.
2667 3043 2797 3112 Quae
2817 3061 2944 3101 cum
2981 3047 3054 3102 ita
3087 3047 3222 3110 sint,
3260 3046 3398 3102 satis
3433 3055 3652 3102 constat

2061 3133 2207 3189 beati
2237 3134 2616 3206 Chrysustomi
2651 3137 3032 3194 testimonium
3074 3142 3213 3195 adeo
3240 3140 3447 3195 clarum
3480 3153 3664 3213 atque-

2059 3234 2310 3294 apertum
2337 3241 2479 3295 esse,
2511 3234 2576 3281 ut
2609 3231 2758 3284 nulla
2792 3230 3096 3295 excusatio,
3123 3232 3335 3286 nullum
3362 3233 3648 3291 subterfu-

2059 3314 2208 3386 gium
2237 3316 2702 3389 calumniantibus
2733 3321 3100 3391 relinquatur.
3139 3323 3446 3380 Audiamus
3496 3343 3648 3383 nune

2056 3407 2313 3463 eumdem
2341 3408 2625 3465 doctorem
2657 3414 2901 3483 seipsum
2932 3427 3325 3487 exponentem,
3350 3429 3405 3474 et
3430 3419 3502 3474 ita
3532 3435 3649 3474 rem

2057 3499 2202 3553 hanc
2239 3499 2641 3568 declarantem,
2694 3514 2753 3560 ut
2805 3508 3012 3574 nullus,
3067 3512 3320 3582 quamvis
3361 3513 3539 3567 audax
3590 3524 3648 3570 et

2054 3596 2465 3664 contentiusus,
2488 3599 2872 3659 contradicere
2903 3603 3072 3659 ausit.
3113 3604 3287 3659 Hicin
3321 3621 3384 3660 ea
3417 3607 3644 3662 humilia

2055 3699 2221 3752 quam
2282 3684 2352 3740 de
2396 3687 2711 3755 proditione
2744 3690 3027 3746 traditoris
3068 3703 3125 3750 et
3168 3705 3645 3753 sacramentorum

2056 3773 2355 3830 traditione
2385 3778 2742 3848 conscripsit,
2768 3779 2842 3835 ita
2871 3781 3050 3850 inquit
3076 3800 3089 3836 :
3128 3783 3298 3840 Adest
3328 3802 3479 3842 nunc
3510 3803 3645 3857 quo-

2057 3885 2164 3941 que
2215 3868 2494 3938 Christus,
2534 3873 2638 3942 qui,
2678 3858 2828 3928 illam
2885 3891 3132 3931 mensam
3163 3877 3345 3943 .fccit,
3388 3879 3479 3935 ille
3524 3883 3645 3950 ipse

2057 3978 2206 4020 nunc
2256 3965 2427 4020 etiam
2467 3977 2646 4022 ornat.
2681 3967 2797 4025 Non
2841 3977 2928 4024 est
2970 3969 3117 4026 enim
3153 3970 3337 4036 homo,
3386 3974 3478 4041 qui
3529 3973 3647 4030 haec

2056 4072 2292 4112 munera
2333 4043 2466 4113 facit
2507 4075 2708 4130 corpus
2730 4070 2789 4121 et
2821 4063 3148 4131 sanguinem
3176 4064 3407 4131 Christi,
3431 4069 3644 4140 sodqui

2056 4151 2357 4229 cruciﬁxus
2381 4163 2466 4208 est
2495 4168 2594 4225 pro
2623 4155 2787 4210 nobis
2805 4154 3081 4213 Christus.
3125 4157 3383 4229 Figuram
3413 4162 3646 4232 quidem

2055 4243 2366 4316 adimplcns
2407 4256 2548 4302 astat
2582 4248 2877 4314 sacerdos,
2919 4249 3088 4304 verba
3122 4250 3212 4305 illa
3237 4253 3644 4322 pronuntians;

2057 4347 2306 4409 potestas
2344 4353 2474 4394 veru
2494 4349 2550 4393 et
2572 4340 2750 4410 gratia
2782 4350 2896 4396 tota
2917 4340 3124 4414 Christi
3149 4354 3273 4399 est;
3293 4343 3406 4400 (loc
3439 4357 3648 4401 arcer.

355 4434 495 4494 Nam
520 4447 579 4492 et
601 4435 766 4492 hodie
792 4435 910 4506 ipse
931 4443 1015 4491 est
1043 4437 1139 4504 qui
1163 4446 1448 4504 operatur,
1469 4445 1524 4489 et
1553 4437 1738 4499 tradit,
1760 4451 1954 4506 quem:-
1984 4443 2030 4501 υ
2056 4449 2158 4503 pus
2190 4449 2390 4499 meum,
2415 4433 2512 4488 ait.
2546 4431 3013 4491 llocverbumres
3036 4438 3347 4508 propositas
3373 4450 3652 4496 transmu-

358 4530 654 4590 adtnodum
693 4538 754 4586 et
791 4537 948 4584 tunc.
987 4527 1224 4583 Videsne
1269 4528 1459 4597 igitur,
1519 4543 1579 4586 ut
1617 4544 1718 4584 nos
1756 4529 1952 4583 minis-

359 4631 573 4681 trorum
600 4623 782 4682 locum
817 4630 1103 4688 tenemus;
1151 4622 1244 4691 qui
1282 4635 1408 4676 vere
1437 4637 1504 4677 ea
1535 4623 1846 4678 sanctiﬁcat
1898 4633 1955 4680 et

358 4728 541 4775 mutat
573 4721 690 4789 ipse
709 4726 817 4774 est.
850 4715 1017 4773 Vides
1056 4723 1117 4770 ut
1160 4716 1278 4786 ipse
1309 4728 1413 4779 est,
1447 4717 1543 4788 qui
1576 4718 1762 4791 omnia
1815 4733 1952 4788 ope-

359 4821 536 4874 ratur.
563 4820 618 4867 et
655 4809 844 4875 tradit,
873 4807 1338 4880 quemadmodum
1376 4817 1433 4862 et
1469 4815 1624 4864 tunc.
1675 4809 1955 4865 Persuade

359 4902 528 4974 igitur
563 4901 686 4968 tibi,
715 4900 892 4971 ipsum
925 4912 1049 4955 esse
1099 4898 1194 4968 qui
1222 4913 1286 4953 ea
1330 4903 1508 4959 mutat
1542 4915 1557 4953 :
1592 4916 1715 4968 nec,
1753 4902 1953 4961 rationi

359 5005 470 5052 tua
503 5009 626 5066 quae
661 4993 832 5050 dubia
865 4999 972 5058 est,
1012 4991 1110 5048 sed
1129 4992 1362 5048 inﬁnitae
1394 4983 1543 5048 illius
1567 4996 1830 5063 potentiae
1849 4997 1956 5053 hoc

361 5087 572 5144 tribue.
611 5085 772 5141 Dices
800 5084 1057 5151 fortasse,
1093 5084 1239 5140 haud
1271 5085 1368 5141 tibi
1396 5086 1778 5143 contradicere
1807 5089 1956 5146 hunc

359 5180 646 5236 duetorem
676 5197 690 5233 :
723 5178 930 5235 etenim
961 5188 1014 5234 te
1039 5194 1262 5249 quoque
1292 5189 1348 5235 et
1381 5181 1592 5236 sentire
1617 5193 1673 5237 et
1704 5185 1955 5253 proﬁteri

361 5275 518 5332 illum
547 5288 672 5332 esse
699 5273 795 5344 qui
823 5274 940 5328 haec
975 5283 1264 5344 operatur,
1289 5273 1385 5329 sed
1406 5289 1504 5343 per
1529 5277 1834 5348 orationes,
1859 5283 1956 5336 sed

362 5383 464 5440 per
487 5382 679 5437 preces
703 5365 1026 5422 sacerdotis.
1063 5367 1227 5435 Atqui
1258 5364 1492 5422 multum
1527 5370 1783 5441 interest.
1815 5377 1955 5442 ope-

365 5459 476 5514 rari
501 5457 729 5528 aliquid,
752 5465 812 5513 et
829 5458 1018 5512 omnia
1039 5457 1279 5527 operari.
1311 5457 1393 5512 Tu
1421 5474 1661 5530 namque
1686 5459 1953 5532 Spiritum

365 5559 616 5606 sanctum
657 5550 741 5605 eis
794 5549 1221 5605 descendentem
1264 5552 1373 5607 tuis
1409 5553 1665 5620 precibus
1712 5555 1956 5609 sanctiﬁ-

367 5656 496 5697 eare
544 5642 660 5697 haec
717 5657 970 5706 munera,
1012 5643 1264 5711 quamvis
1317 5644 1484 5708 etiam
1528 5649 1697 5701 verba
1731 5647 1950 5704 Domini

370 5733 577 5805 aliquid
622 5745 947 5805 operentur.
1002 5734 1102 5792 llic
1150 5750 1283 5790 vero
1323 5737 1519 5792 doctor
1568 5739 1953 5796 sanctissimus

2061 4535 2162 4582 tat.
2190 4526 2325 4582 Nam
2354 4526 2822 4598 quemadmodum
2850 4544 2953 4583 vos
2995 4529 3086 4586 illa
3118 4546 3228 4602 qua
3269 4531 3477 4587 dictum
3507 4543 3593 4589 est
3629 4552 3644 4590 :

2057 4618 2317 4686 Crescite,
2348 4631 2398 4674 et
2443 4620 2875 4698 multiplicamini
2914 4633 2964 4677 et
2991 4625 3190 4694 replete
3219 4634 3442 4691 terram,
3475 4626 3647 4682 semel

2058 4715 2280 4785 quidem
2307 4715 2444 4770 dicta
2467 4725 2574 4780 est.
2599 4731 2820 4786 semper
2836 4718 3086 4773 autemiit
3103 4731 3284 4788 operte
3308 4731 3520 4775 natura:
3546 4737 3648 4777 no-

2058 4819 2186 4866 stra
2214 4812 2326 4866 vim
2350 4810 2606 4880 prmbens
2636 4811 2702 4865 ad
2733 4809 3126 4880 generandum,
3165 4815 3236 4869 ita
3268 4817 3382 4870 haec
3424 4829 3645 4885 quoque

2059 4918 2166 4957 vox
2196 4903 2370 4957 'semei
2412 4902 2559 4957 dicta
2593 4903 2647 4956 in
2681 4904 2912 4974 singulis
2940 4906 3051 4959 aris
3082 4921 3147 4960 ex
3170 4922 3235 4960 eo
3275 4917 3520 4977 tempore
3557 4925 3649 4964 us-

2057 5006 2166 5065 que
2190 4995 2248 5050 in
2283 5005 2612 5064 praesentem
2643 4995 2813 5061 diem,
2844 5008 2900 5052 et
2921 5013 3096 5069 usque
3118 5000 3184 5052 ad
3211 4999 3416 5055 Christi
3443 5002 3675 5056 adven--

2061 5099 2178 5142 tum
2228 5089 2330 5145 hoc
2372 5099 2779 5145 sacramentum
2819 5091 3032 5162 integre
3075 5092 3307 5163 perficit.
3345 5095 3545 5150 Verum
3577 5097 3646 5152 ad

2062 5179 2179 5235 hac
2222 5179 2412 5236 dicere
2459 5181 2692 5264 soletis':
2727 5181 3204 5250 Quemadmodum
3271 5187 3500 5241 verbum
3536 5202 3675 5258 quo-

2058 5284 2245 5328 creata
2288 5283 2420 5329 sunt
2455 5275 2664 5337 omnia.
2709 5290 2818 5330 non
2853 5277 3031 5346 ipsum
3065 5279 3244 5333 solum
3286 5281 3538 5337 suﬂiccre
3577 5282 3662 5336 ad'

2055 5363 2484 5434 productionem
2517 5381 2711 5419 eorum
2742 5382 2863 5436 qua:
2892 5368 3056 5429 fiunt.
3087 5370 3182 5425 sed
3219 5373 3390 5425 maris
3408 5382 3463 5426 et
3487 5373 3652 5427 frmi-

2057 5476 2144 5517 nte
2200 5454 2652 5532 eonjunctionem
2709 5462 2939 5531 requiri,
2987 5472 3054 5517 ut
3096 5464 3417 5519 animalium
3475 5481 3651 5536 genus

2057 5562 2416 5626 propagetur,
2472 5553 2796 5623 cultumque
2850 5566 3118 5609 terrarum
3174 5568 3230 5610 et
3280 5558 3649 5627 agricolarum

2057 5662 2223 5718 opera
2271 5649 2583 5704 necessaria
2621 5663 2770 5714 esse,
2815 5659 2874 5703 ut
2924 5665 3045 5720 qua:
3087 5661 3388 5705 nascuntur
3427 5667 3458 5705 e
3504 5663 3653 5708 terra

2061 5742 2436 5813 producantur
2501 5749 2559 5796 et
2616 5743 2949 5809 coalescant,
3011 5743 3212 5800 eodeni
3260 5745 3650 5801 modosointn
