4062 6146
334 229 435 297 509

1329 218 1430 295 DE
1472 232 1979 296 SACRAMENTO
2016 220 2582 299 EUCIiARISTI/E.

3478 240 3583 309 510

330 343 569 402 Nondum
602 343 905 411 orationes,
942 342 1187 403 nondum
1236 343 1451 418 hymni,
1494 348 1738 403 nondum
1788 362 1895 403 cae-
1924 352 1983 408 Α
2003 357 2134 408 runt
2160 349 2277 405 haec
2299 350 2487 417 verba,
2518 334 2679 407 nobis
2703 364 2837 407 vero
2866 365 2972 407 non
3003 347 3321 409 subiciunt?
3350 350 3406 417 Si
3432 357 3583 416 enim

332 449 438 496 tera
485 451 603 509 quae
652 435 706 493 in
752 436 985 496 ecclesia
1034 436 1319 502 dicuntur.
1372 440 1674 510 composita
1719 449 1897 497 erant.

329 530 633 602 Cogitemus
660 523 834 595 enim,
867 529 1018 601 quod
1051 530 1170 586 ﬁeri
1203 540 1352 586 certe
1392 533 1591 601 potuit,
1625 531 1745 603 ipso
1773 532 1899 587 Pas-

331 623 495 681 sionis
524 621 609 678 die
638 631 731 678 aut
763 622 1037 693 sequenti,
1074 622 1299 679 Petrum
1334 624 1420 678 vel
1467 624 1634 678 alium
1664 621 1919 693 quemli-'

332 716 417 769 bet
445 727 510 767 ex
541 711 824 782 apostolis,
855 710 911 766 in
944 711 1270 767 memoriam
1295 712 1503 767 Christi
1537 720 1592 769 et
1620 710 1903 767 Passionis

332 808 443 877 ejus
473 811 875 859 sacramentum
909 803 1096 858 altaris
1124 802 1399 859 coniicere
1426 803 1666 859 voluisse
1698 804 1901 875 (neque

332 901 468 954 enim
494 896 757 953 credibile
782 905 887 961 est,
918 911 1023 951 non
1049 897 1268 952 assidue
1291 911 1387 951 eos
1409 896 1556 957 illius
1579 897 1903 954 meminisse

334 992 384 1045 in
424 992 580 1061 cuius
612 988 1197 1045 commemorationem
1236 988 1288 1044 id
1340 988 1455 1043 fieri
1502 986 1901 1060 mandaverat),

332 1083 528 1154 quibus
574 1083 694 1137 aliis
726 1081 913 1138 verbis
967 1081 1020 1136 id
1073 1097 1169 1137 eos
1215 1082 1411 1138 iecisse
1459 1082 1904 1139 existimabimus

331 1175 431 1229 nisi
467 1172 813 1229 Dominicis?
845 1183 898 1227 et
934 1184 1056 1243 post
1094 1186 1333 1236 coenam,
1362 1174 1506 1242 quod
1541 1176 1705 1228 etiam
1738 1174 1903 1243 longo

334 1278 634 1337 temporum
667 1266 957 1321 intervallo
983 1266 1334 1321 observatum
1365 1275 1472 1331 est,
1503 1274 1558 1320 et
1592 1266 1905 1321 communi-

333 1362 433 1417 bus
458 1359 713 1417 vestibus
744 1359 1009 1417 indutos?
1054 1360 1121 1415 At
1151 1359 1267 1415 haec
1299 1361 1489 1427 verba,
1522 1358 1727 1430 inquis,
1774 1375 1905 1415 nar-

333 1454 499 1510 rando
522 1453 773 1519 recitata,
798 1467 908 1508 non
927 1460 1155 1523 possunt
1183 1464 1590 1508 sacramentum
1608 1452 1902 1509 coniicere.

331 1546 446 1603 Non
481 1558 667 1602 autem
700 1554 959 1617 tanquam
996 1548 1077 1604 rei
1108 1558 1273 1620 gestae
1305 1548 1503 1607 seriem
1538 1564 1792 1613 narrans,
1822 1564 1909 1603 sa-

332 1638 524 1695 cerdos
571 1637 689 1695 hinc
726 1639 892 1695 verba
927 1641 1157 1711 profert,
1191 1640 1287 1695 sed
1321 1649 1577 1711 tauquam
1614 1657 1906 1711 personam

332 1729 534 1785 Christi
557 1728 810 1795 indutus,
841 1738 905 1784 ut
927 1730 1000 1785 ita
1028 1746 1090 1787 ea
1114 1731 1421 1802 proferens,
1449 1734 1605 1804 quasi
1636 1735 1908 1790 Dominus

330 1829 473 1878 esset
501 1820 597 1893 qui
645 1821 991 1893 loqueretur,
1037 1834 1094 1879 et
1127 1840 1246 1896 eam
1281 1826 1489 1881 habens
1520 1826 1906 1892 intentionem,

332 1924 391 1971 ut
422 1917 536 1986 'pcr
580 1914 748 1971 verba
795 1913 910 1982 illa,
948 1913 1103 1987 juxta
1137 1916 1289 1974 illius
1328 1918 1647 1974 mandatum
1694 1919 1789 1989 qui
1834 1919 1909 1974 ita

329 2009 610 2079 praecepit,
662 2023 866 2078 corpus
906 2008 1109 2065 Christi
1154 2011 1586 2082 sanguinemque
1633 2012 1905 2078 conﬁciat,

328 2101 794 2170 quemadmodum
835 2100 927 2155 ille
974 2101 1122 2168 fecit,
1170 2103 1303 2159 fecit
1346 2112 1529 2159 autem
1560 2119 1658 2175 per
1684 2119 1746 2159 ea
1788 2118 1909 2175 quae

330 2206 495 2262 supra
524 2193 954 2250 memoravimus
986 2194 1173 2250 verba.
1202 2193 1438 2251 Possunt
1472 2195 1587 2249 haec
1617 2210 1748 2250 sane
1773 2196 1909 2251 duo-

330 2283 431 2340 bus
458 2285 640 2342 modis
677 2284 849 2357 accipi
879 2303 896 2342 :
922 2296 1017 2341 aut
1056 2296 1317 2358 tanquam
1341 2280 1413 2343 ab
1447 2286 1777 2358 evangelista
1813 2301 1910 2342 re-

328 2378 456 2447 lata;
509 2388 567 2436 et
635 2387 767 2435 tunc
812 2379 1095 2435 narrative
1144 2378 1515 2450 accipiuntur,
1555 2378 1908 2449 evangelistis

325 2473 539 2529 scilicet
566 2487 631 2528 ea
661 2486 785 2543 quae
826 2471 1085 2527 Christus
1125 2469 1181 2525 in
1214 2470 1307 2526 illa
1343 2468 1644 2528 salutifera
1684 2471 1908 2530 Passio-

326 2565 411 2621 nis
443 2575 609 2622 nocte
633 2568 767 2636 egit.
800 2564 1196 2632 narrantibus;
1230 2575 1327 2619 aut
1361 2574 1619 2635 tanquam
1667 2580 1697 2620 a
1724 2579 1911 2621 sacer-

326 2659 451 2715 dote
484 2660 720 2729 prolsta,
773 2657 1141 2714 intentionem
1173 2656 1433 2723 habente,
1470 2666 1529 2712 ut
1559 2657 1720 2729 juxta
1759 2656 1910 2713 ordi-

322 2766 448 2806 nem
525 2765 559 2806 a
632 2748 915 2806 Salvatore
982 2747 1251 2808 traditum.
1320 2754 1730 2803 sacramentum
1802 2746 1910 2801 hoc

323 2840 605 2907 Conﬁciet,
658 2849 716 2895 ct
754 2847 883 2896 tunc
934 2855 1046 2895 non
1103 2838 1402 2905 narrative,
1464 2838 1559 2893 sed
1598 2836 1911 2895 cuuctative

324 2934 710 3009 proteruntur,
736 2947 861 2988 cum
892 2931 1203 2987 intentione
1226 2930 1557 2990 conﬁciendi
1585 2930 1908 3004 mysterium

2004 438 2083 496 illi
2129 438 2493 505 suii'ecerunt,
2522 450 2579 497 et
2624 440 2784 517 nobis
2822 444 3012 513 utique
3054 438 3302 503 suﬁicere
3357 433 3585 516 debent,

2003 532 2250 599 potentia
2282 530 2450 598 illius,
2480 540 2537 585 et
2574 542 2829 603 tanquam
2867 536 2937 591 ab
2967 534 3060 589 illo
3095 535 3311 593 dicente
3347 528 3589 607 prolata.

2004 614 2162 685 Quod
2194 620 2242 676 si
2281 622 2443 678 nobis
2479 622 2689 693 aliquid
2725 634 2956 681 necesse
2990 632 3076 682 est
3106 626 3337 693 addere,
3380 628 3584 702 imper-

2007 710 2148 768 fecta
2180 720 2311 769 sunt
2351 714 2514 769 verba
2551 714 2719 771 illius.
2753 714 2911 771 Absit
2957 724 3148 774 autem
3190 734 3221 774 a
3248 716 3355 789 piis
3387 721 3584 778 menti-

2007 804 2110 861 bus
2157 804 2281 860 talis
2323 794 2613 876 cogitatio.
2655 804 2831 876 Quam
2870 807 3018 863 enim
3056 806 3231 866 aliam
3256 793 3583 883 potestatem

2009 912 2105 966 per
2126 898 2597 954 consecrationem
2622 899 2898 970 accipiunt
2920 899 3260 971 sacerdotes,
3279 902 3385 957 nisi
3413 902 3584 970 illam,

2006 986 2211 1046 Christi
2262 978 2555 1058 personam
2607 1006 2769 1060 posse
2818 992 3035 1059 subire,
3080 1002 3136 1049 et
3183 1010 3281 1063 pro
3314 995 3586 1051 eonobis

2008 1082 2220 1148 adesse,
2270 1093 2325 1136 et
2379 1083 2845 1163 quemadmodum
2894 1084 2985 1140 ille
3035 1084 3188 1151 fecit,
3242 1076 3444 1158 corpus
3472 1089 3590 1158 eius

2008 1188 2167 1243 posse
2193 1175 2562 1229 consecrare?
2595 1166 2749 1229 Fecit
2792 1184 2975 1231 autem
3013 1175 3100 1231 illa
3134 1192 3230 1248 per
3261 1177 3422 1233 verba
3468 1193 3589 1248 quas

2006 1262 2268 1321 diximus.
2305 1264 2597 1320 Enimvero
2623 1265 2947 1337 simpliciter
2989 1280 3147 1322 orare
3181 1267 3415 1339 quisque
3454 1284 3584 1339 pos-

2008 1366 2113 1420 set,
2148 1359 2259 1411 imo
2292 1340 2423 1413 vero
2456 1358 2734 1414 efﬁcacius
2765 1374 3143 1430 saepenumero
3172 1368 3397 1415 orarent
3427 1360 3588 1415 multi

2010 1466 2119 1505 non
2151 1440 2483 1507 sacerdotes
2520 1452 2805 1507 nonnullis
2851 1438 3257 1509 sacerdotibus.
3303 1453 3590 1523 Siquidem

2010 1545 2258 1616 plerique
2288 1536 2627 1601 sacerdotes
2676 1545 2753 1601 ita
2798 1534 3018 1613 vivunt;
3056 1556 3117 1603 ut
3148 1560 3256 1602 non
3314 1548 3423 1605 sint
3478 1549 3593 1601 Deo

2014 1640 2226 1709 accepti
2253 1655 2266 1693 :
2297 1639 2518 1708 plurimi
2547 1656 2677 1695 vero
2701 1657 2767 1695 ex
2795 1626 3175 1706 saecularibus,
3206 1643 3277 1696 ita
3306 1642 3376 1697 ob
3398 1658 3591 1698 eorum

2014 1731 2317 1787 bonitatem
2356 1733 2465 1787 Deo
2517 1732 2669 1788 chari
2714 1741 2843 1788 sunt
2876 1741 2931 1790 ct
2961 1734 3127 1803 grati,
3160 1746 3218 1789 ut
3271 1737 3593 1805 plerumque

2012 1825 2295 1882 miraculis
2337 1826 2588 1882 decorari
2646 1836 2987 1883 mereantur.
3028 1827 3083 1883 Si
3135 1828 3301 1899 igitur
3349 1829 3436 1882 vel
3472 1828 3594 1895 sola,

2012 1923 2282 1987 oratione,
2319 1924 2404 1979 vel
2442 1938 2504 1978 ea
2537 1919 2954 1991 prmeipue'hmc
2985 1934 3334 1977 sacramenta
3361 1921 3590 1992 perﬁce;

2012 2026 2225 2083 rentur,
2274 2030 2421 2073 certe
2471 2016 2643 2086 magis
2687 2016 3084 2086 perﬁcerentur
3134 2034 3162 2070 a
3218 2017 3351 2073 viris
3400 2016 3587 2086 justis,

2013 2109 2266 2177 quamvis
2296 2121 2407 2161 non
2464 2106 2868 2175 sacerdotibus,
2901 2121 3065 2176 quam
3122 2107 3191 2160 ab
3228 2107 3472 2176 indignis
3503 2123 3592 2161 sa-

2011 2201 2349 2257 cerdotibus.
2399 2201 2510 2254 Hoc
2563 2215 2694 2255 vero
2744 2198 2939 2254 falsum
2994 2208 3097 2254 est.
3154 2199 3391 2256 Perinde
3444 2201 3589 2257 enim

2012 2300 2415 2345 sacramentum
2471 2288 2692 2345 coniicit
2746 2290 3041 2355 sacerdos,
3103 2292 3355 2362 quamvis
3414 2291 3591 2348 malus

2011 2388 2177 2452 atque
2222 2395 2533 2452 pervorsus,
2566 2390 2627 2437 ut
2670 2384 2912 2452 optimus
2963 2392 3128 2452 atque
3179 2384 3588 2441 sanctissimus.

2012 2473 2309 2530 Saecularis
2341 2489 2475 2530 vero
2506 2490 2765 2548 persona,
2793 2474 3039 2547 qualibet
3073 2475 3180 2532 title
3215 2477 3591 2549 religioneque

2014 2555 2269 2634 excellat,
2308 2566 2447 2622 nihil
2491 2554 2717 2623 omnino
2751 2576 2953 2637 potest,
2996 2569 3125 2639 quia
3169 2570 3373 2628 nullam
3418 2570 3486 2628 ad
3514 2571 3590 2626 la-

2014 2660 2278 2719 cicndum
2299 2675 2331 2716 a
2366 2659 2597 2715 Domino
2634 2669 2958 2731 potestatem
2988 2660 3223 2732 accepit,
3256 2677 3380 2716 cum
3414 2678 3593 2718 sacer-

2014 2753 2114 2809 dos
2160 2752 2435 2824 acceperit
2486 2753 2798 2810 maximam.
2858 2752 2915 2808 Si
2969 2752 3136 2825 igitur
3190 2748 3298 2810 non
3362 2764 3447 2811 est
3509 2755 3593 2810 vis

2015 2844 2284 2901 orationis
2312 2840 2432 2915 qua:
2465 2842 2573 2900 hoc
2612 2843 2740 2899 facit
2782 2846 2948 2914 (esset
2973 2844 3120 2897 enim
3150 2844 3409 2901 omnibus
3444 2860 3594 2900 com-

2018 2937 2246 3008 munis),
2274 2947 2526 3008 superest
2561 2945 2618 2990 ut
2650 2953 2748 3008 pro
2777 2934 2997 3018 Christo
3019 2936 3200 2990 adsint
3229 2938 3388 2993 nobis
3415 2952 3593 2992 sacer-

317 3028 473 3098 juxta
509 3028 883 3085 imitationem
934 3025 1167 3089 Christi.
1208 3034 1264 3082 et
1299 3026 1454 3098 quasi
1491 3025 1609 3097 ipse
1636 3034 1785 3082 esset
1811 3024 1904 3096 qui
1938 3040 1984 3102 ο
2016 3028 2192 3096 dotes,
2247 3029 2495 3101 ejusdem
2546 3028 2599 3083 in
2656 3029 2759 3083 hoc
2810 3028 3119 3098 potestatis,
3169 3029 3263 3099 qui
3314 3027 3376 3083 et‘
3421 3030 3599 3105 instar

326 3129 382 3176 et
414 3120 634 3177 diceret
663 3132 719 3178 et
766 3119 993 3177 faceret.
1044 3119 1258 3176 Idcirco
1301 3119 1445 3176 sacri
1479 3118 1734 3174 doctores
1762 3132 1911 3173 asse-

322 3223 473 3282 runt,
508 3214 882 3271 necessariam
916 3213 973 3269 in
1011 3212 1209 3284 primis
1239 3226 1364 3268 esse
1399 3210 1672 3269 sacerdoti
1703 3219 1908 3267 rectam

321 3307 695 3365 intentionem
726 3315 784 3363 et
826 3299 1173 3379 prepositum
1206 3320 1271 3363 ea
1320 3305 1560 3362 faciendi
1600 3320 1722 3375 quat
1763 3303 1911 3360 dicta

320 3411 473 3467 sunt,
502 3402 709 3472 quippe
742 3402 861 3457 sine
908 3400 1000 3455 illa
1038 3398 1177 3455 nihil
1223 3397 1453 3455 omnino
1499 3396 1695 3454 conﬁci
1726 3410 1908 3468 posse.

319 3493 802 3562 Quemadmodum
837 3494 881 3549 si
933 3491 1061 3564 quis
1101 3506 1291 3562 regum
1336 3505 1437 3561 per
1474 3490 1714 3561 aliquem
1745 3505 1815 3545 ex
1842 3488 1913 3545 its
1950 3472 1956 3478 ’

320 3587 416 3656 qui
450 3586 605 3659 apud
651 3602 710 3641 se
739 3586 913 3655 gratia
948 3594 1004 3641 et
1049 3582 1381 3640 auctoritate
1417 3583 1623 3651 valent,
1654 3582 1915 3639 volunta-

323 3686 433 3733 tem
458 3692 621 3733 snam
649 3677 879 3747 cupiens
909 3674 1150 3732 subditis
1180 3674 1297 3731 suis
1327 3674 1509 3731 facere
1541 3673 1912 3740 manifestam,

320 3781 377 3826 ct
406 3772 484 3825 ita
517 3769 575 3823 id
608 3770 753 3840 apud
788 3768 911 3824 illos
942 3767 1149 3834 valere,
1184 3782 1249 3823 ac
1287 3767 1334 3825 si
1366 3782 1428 3822 se
1469 3767 1715 3822 animum
1750 3781 1910 3823 suum

322 3864 731 3941 exprimentem
765 3859 1046 3927 audirent,
1079 3856 1292 3915 sanciat
1320 3870 1382 3915 ut
1412 3859 1489 3916 ita
1530 3858 1624 3915 illa
1662 3858 1826 3916 verba
1855 3859 1912 3915 in

322 3962 503 4029 prima
537 3950 779 4027 persona
814 3955 1037 4023 referat,
1068 3952 1148 4009 uti
1180 3970 1209 4009 a
1256 3969 1316 4009 se
1345 3953 1491 4010 dicta
1534 3960 1687 4020 sunt,
1730 3967 1912 4025 popué

322 4045 528 4118 iusque
563 4049 636 4103 ita
672 4045 1167 4118 prolata'audiens,
1212 4054 1475 4116 tanquam
1514 4047 1584 4101 ab
1634 4046 1754 4117 ipso
1785 4060 1912 4118 rege

323 4146 493 4202 dictis
520 4142 887 4212 obtemperet.
915 4138 1261 4196 Manifestum
1287 4149 1374 4196 est
1397 4141 1542 4195 enim
1565 4142 1711 4212 quod
1740 4142 1785 4197 si
1812 4142 1914 4200 hac

324 4240 445 4309 lege
480 4238 634 4302 data,
661 4236 890 4290 veniens
933 4233 1001 4289 ad
1042 4231 1307 4303 populum
1344 4233 1577 4289 nuntius
1606 4234 1679 4288 ita
1714 4233 1864 4289 dicat
1893 4251 1909 4289 :

323 4335 445 4391 Rex
477 4342 684 4389 vestra:
712 4330 906 4388 salutis
929 4329 1187 4400 cupidus,
1218 4338 1575 4399 vestramque
1606 4327 1916 4399 rempubli-

2014 3121 2162 3178 illius
2212 3121 2429 3191 operari
2482 3120 2733 3191 possint,
2775 3122 3195 3177 etannu‘ntiate
3232 3105 3445 3190 populo
3474 3137 3605 3193 quae.

2008 3210 2106 3267 ille
2144 3211 2422 3283 praecepit.
2476 3212 2589 3266 Hoc
2637 3213 2805 3279 enim,
2860 3210 3059 3283 inquit,
3112 3212 3270 3281 [αι-εει
3317 3214 3373 3267 in
3405 3214 3596 3267 "meum

2013 3308 2590 3360 commemorationem.
2645 3305 2760 3360 Hoc
2815 3305 3026 3361 scilicet
3080 3305 3229 3375 quod
3289 3306 3404 3374 ipse
3464 3304 3591 3368 ieci.

2014 3408 2241 3470 accepto
2273 3414 2418 3470 pane
2463 3407 2519 3454 et
2566 3398 2696 3453 vino
2727 3398 2781 3454 in
2829 3397 3107 3462 manibus,
3159 3397 3505 3467 reSpieiendo
3536 3398 3593 3452 in

2013 3490 2240 3555 caelum,
2259 3488 2581 3560 frangendo,
2597 3488 2996 3553 benedicendo,
3019 3487 3222 3559 gratias
3240 3489 3450 3559 agendo
3482 3489 3595 3545 Deo

2014 3579 2188 3647 l'atri,
2222 3589 2280 3635 et
2329 3580 2384 3635 in
2422 3596 2625 3652 corpus
2666 3590 2723 3637 et
2772 3582 3096 3652 sanguinem
3148 3595 3246 3651 per
3288 3595 3349 3635 ea
3402 3572 3595 3645 verba,

2014 3678 2127 3735 Hoc
2164 3684 2244 3732 est
2298 3694 2489 3749 corpus
2540 3690 2749 3739 meum;
2780 3684 2856 3741 et,
2895 3676 2995 3728 Hic
3040 3684 3116 3729 est
3158 3676 3377 3743 sanguis
3428 3690 3592 3734 meus,

2017 3770 2454 3827 transmutando.
2500 3767 2610 3823 Hoc
2658 3767 2804 3821 enim
2848 3781 2912 3820 ea
2968 3776 3317 3829 transmutat,
3372 3766 3477 3821 hoc
3526 3783 3593 3821 ea

2016 3868 2228 3938 integre
2264 3863 2503 3936 perﬂuit,
2543 3870 2604 3916 ut
2650 3861 2847 3916 beatus
2886 3857 3309 3933 Chrysostomu's
3338 3863 3434 3915 ait.
3470 3860 3600 3919 Haec

2016 3956 2263 4031 quidem,
2299 3957 2403 4013 nisi
2433 3972 2517 4011 me
2549 3954 2769 4010 animus
2801 3952 2962 4015 fallit,
3000 3952 3132 4007 satis
3168 3967 3443 4024 superque
3468 3968 3597 4011 esse

2016 4052 2276 4107 videntur
2302 4047 2367 4103 ad
2391 4045 2698 4101 obturanda
2740 4048 2983 4100 omnium
3014 4059 3107 4097 ora
3134 4044 3224 4113 qui
3256 4054 3361 4099 tam
3392 4054 3594 4115 apertas

2017 4155 2068 4199 et
2104 4142 2409 4198 manifestae
2440 4143 2515 4197 rei
2549 4140 2928 4196 contradicere
2955 4144 3245 4193 conantur.
3289 4139 3593 4196 Audiamus

2021 4243 2226 4299 tamen,
2280 4234 2325 4288 si
2378 4234 2593 4303 placet,
2646 4233 2811 4287 etiam
2868 4222 3191 4303 Gregorium
3258 4232 3589 4303 Nyssenum,

2019 4329 2197 4383 virum
2246 4335 2304 4381 et
2338 4327 2586 4383 doctrina
2627 4335 2681 4380 et
2718 4324 2840 4378 vita:
2872 4324 3165 4379 sanctitate
3207 4326 3590 4385 excellentem.

323 4444 447 4485 cam
504 4429 566 4487 in
607 4425 868 4482 felicitate
918 4438 981 4479 ac
1014 4423 1169 4491 copia
1212 4422 1459 4478 omnium
1506 4437 1687 4477 rerum
1724 4432 1914 4477 tenere
1949 4397 1992 4454 θ
2021 4423 2070 4477 ls
2100 4420 2538 4476 iu'catechetico
2585 4420 2707 4489 ejus
2754 4433 3008 4473 sermone
3058 4418 3127 4473 de
3169 4418 3372 4473 divinis
3400 4418 3591 4492 sacra-

324 4516 684 4588 desiderans,
726 4517 989 4574 continue
1041 4516 1112 4571 iis
1144 4514 1312 4570 rebus
1341 4514 1610 4585 invigilat,
1661 4522 1719 4569 et
1767 4516 1916 4585 leges

326 4614 547 4679 condit,
579 4628 717 4683 quas
746 4610 814 4666 ad
846 4609 901 4665 id
942 4609 1224 4664 existimat
1254 4609 1421 4663 utiles
1450 4623 1515 4664 ac
1544 4606 1911 4662 necessarias.

328 4708 492 4767 Unde
527 4722 654 4766 cum
694 4706 753 4763 in
782 4703 967 4760 multis
991 4704 1221 4757 aliorum
1245 4700 1496 4771 exempla
1524 4711 1769 4763 secutus,
1799 4711 1911 4755 tum

327 4800 701 4871 plurimorum
734 4799 851 4868 ipse
876 4795 1131 4851 inventor
1160 4793 1303 4848 hanc
1329 4794 1499 4864 legem
1528 4793 1705 4847 sancit
1735 4809 1751 4845 :
1779 4791 1913 4847 Yolo

328 4892 643 4965 quemlibet
704 4899 973 4955 vestrum,
1039 4886 1135 4959 qui
1176 4886 1414 4941 conditis
1467 4902 1497 4939 a
1554 4900 1640 4940 me
1700 4884 1913 4953 legibus

331 4985 606 5057 paruerit,
634 4984 898 5040 talentum
927 4982 1047 5036 auri
1072 4996 1139 5034 ex
1162 4978 1359 5033 :crario
1389 4977 1608 5048 publico
1645 4984 1727 5031 tot
1749 4977 1914 5029 anuis

330 5078 595 5148 accipiat.
629 5074 884 5136 Profecto
918 5086 1023 5128 nec
1054 5072 1329 5126 narrative
1375 5070 1491 5124 hmo
1525 5070 1679 5131 dicit,
1711 5069 1806 5122 sed
1837 5069 1914 5121 si-

330 5172 453 5227 mul
496 5180 662 5241 atque
709 5169 854 5223 dicta
899 5176 1046 5229 sunt,
1098 5172 1217 5217 rata
1265 5163 1402 5217 ﬁunt
1448 5178 1571 5232 qua:
1621 5162 1915 5230 jubeutur.

331 5260 760 5333 Quamobrem?
802 5259 941 5325 Quia
989 5270 1082 5311 rex
1122 5254 1196 5309 ita
1244 5253 1444 5308 sanxit.
1496 5252 1700 5305 Eodem
1753 5250 1918 5305 modo

334 5360 444 5415 hoc
466 5351 875 5424 intelligendum
897 5358 1002 5413 est,
1029 5348 1189 5406 talem
1221 5362 1250 5398 τι
1280 5344 1511 5399 Domino
1540 5343 1919 5397 sacerdotibus

337 5450 599 5507 traditam
630 5450 979 5513 pctcstatem,
1006 5450 1061 5493 ut
1092 5438 1210 5509 ejus
1240 5436 1406 5490 verba
1432 5437 1497 5488 ab
1526 5434 1634 5488 illis
1663 5434 1715 5487 in
1739 5435 1916 5503 prima

339 5560 605 5619 persona,
639 5551 695 5597 et
734 5550 991 5609 tanquam
1042 5535 1201 5589 simul
1253 5532 1321 5587 ab
1352 5548 1415 5587 eo
1453 5533 1765 5586 dicerentur
1794 5546 1919 5600 pro-

337 5645 477 5705 lata,
512 5646 682 5694 totum
727 5632 985 5690 eﬂiciant.
1018 5632 1126 5686 Aut
1160 5642 1260 5682 cur
1303 5625 1379 5681 illi
1410 5626 1631 5696 quidem
1666 5624 1916 5698 ‘suil'ece-

410 5765 429 5795 ¹
466 5761 657 5830 lTim,
702 5775 774 5830 tv,
815 5760 867 5814 5.

2020 4515 2217 4571 mentis
2259 4515 2334 4569 ita
2368 4514 2617 4582 loquitur
2655 4530 2669 4567 :
2705 4512 2874 4567 Recte
2910 4512 3076 4583 igitur
3118 4521 3173 4566 et
3206 4529 3353 4567 nunc
3396 4529 3592 4581 panem

2019 4608 2206 4663 divino
2237 4608 2406 4662 verbo
2452 4605 2878 4669 sanctificatum,
2922 4605 2974 4659 in
3024 4621 3225 4675 corpus
3275 4607 3371 4661 Dci
3426 4606 3592 4664 Verbi

2022 4698 2373 4755 transmutari
2404 4698 2704 4753 credimus.
2736 4696 2869 4752 Nam
2906 4704 2957 4750 et
2991 4695 3123 4749 illud
3154 4698 3356 4765 cerpus
3402 4696 3591 4765 (intel-

2017 4793 2137 4864 ligit
2170 4800 2353 4847 autem
2404 4804 2605 4859 corpus
2653 4798 2995 4857 assumptqu
3044 4804 3107 4842 ex
3149 4785 3395 4858 Virgine)
3438 4791 3596 4861 panis

2020 4884 2265 4955 potentia
2309 4892 2466 4946 erat,
2518 4881 2891 4936 sanctiﬁcatus
2936 4894 3068 4933 vero
3106 4878 3210 4932 fuit
3256 4880 3592 4936 habitatione

2022 4978 2191 5036 Verbi
2235 4978 2291 5030 in
2321 4991 2484 5032 carne
2525 4972 2843 5037 habitantis,
2876 4987 2905 5025 a
2948 4986 3059 5041 quo
3109 4972 3181 5025 ita
3223 4972 3381 5043 panis
3411 4972 3505 5042 qui
3541 4974 3597 5027 in

2021 5071 2115 5125 illo
2144 5082 2374 5138 corpore
2398 5076 2537 5131 erat,
2564 5062 3119 5119 transsubstantiatus
3148 5054 3327 5116 fuit-in
3354 5062 3594 5118 divinam

2020 5159 2344 5233 potentiam,
2372 5172 2467 5227 per
2495 5171 2619 5209 eum
2656 5170 2803 5208 nunc
2833 5152 3051 5223 qquue
3093 5154 3378 5222 aequaliter
3408 5154 3464 5208 ﬁt
3493 5172 3509 5220 ;
3541 5166 3597 5211 et

2021 5258 2097 5311 ibi
2143 5254 2288 5310 enim
2323 5251 2497 5324 gratia
2548 5245 2709 5303 Verbi
2752 5259 2998 5301 sanctum
3045 5246 3251 5299 fecerat
3300 5237 3432 5301 illud
3469 5264 3596 5303 cur.

2021 5367 2125 5421 pus
2171 5347 2314 5419 quod
2352 5363 2414 5401 ex
2464 5360 2600 5414 pane
2647 5336 3001 5397 consistebat.
3050 5338 3115 5393 Et
3162 5339 3295 5394 illud
3329 5342 3594 5408 quodam-

2023 5441 2184 5496 modo
2208 5440 2370 5494 etiam
2399 5437 2553 5509 panis
2572 5448 2709 5493 erat.
2740 5446 2788 5489 et
2826 5434 2913 5488 hic
2938 5433 3191 5487 similiter
3213 5434 3368 5504 panis
3399 5450 3593 5504 quem-

2023 5532 2316 5585 admodum
2352 5531 2647 5598 Apostolus
2683 5532 2754 5581 ait
2781 5567 2797 5593 ,
2832 5525 3215 5591 Sanctiﬁcatur
3256 5540 3351 5596 per
3380 5526 3590 5580 verbum

2026 5626 2122 5679 Dei
2148 5635 2194 5679 et
2233 5625 2520 5677 orationem
2554 5623 2595 5689 ¹,
2628 5636 2736 5678 non
2764 5618 3183 5685 comestionem,
3216 5613 3283 5670 ad
3319 5618 3419 5671 hoc
3458 5633 3591 5687 pro~
