4062 6146
308 264 412 335 513

1293 267 1389 327 DE
1433 258 1941 324 SACRAMENTO
1984 257 2558 320 EUCHARIS'I‘UE.

3452 244 3556 309 514

303 379 652 446 facientibus,
680 377 1036 436 manifestum
1063 391 1184 432 esse
1216 390 1326 431 non
1358 375 1482 429 aliis
1517 388 1682 444 quam
1715 369 1876 426 ειη-ί-
1901 369 1950 430 Α
1981 384 2107 423 vero
2153 369 2271 439 ipsa
2321 377 2450 424 sunt
2497 365 2660 421 verba
2709 360 3032 424 Salvatoris,
3073 374 3193 430 qua:
3245 357 3390 429 apud
3438 372 3559 414 om-

301 478 374 533 sti
408 474 591 531 verbis
611 473 760 544 ipsos
788 472 953 528 etiam
977 471 1256 540 apostolos
1283 479 1406 539 post
1429 467 1710 523 Christum
1743 480 1877 521 con-

300 581 571 633 secrasse,
601 573 658 621 et
681 561 903 620 caeteris
926 560 1178 616 eumdem
1216 560 1460 632 mysterii
1502 559 1668 614 ritum
1707 557 1878 614 tradi-

300 657 466 713 disse.
497 656 769 711 Praeterea
803 652 910 709 hoc
946 653 1092 708 idem
1139 650 1443 706 ostendunt
1493 649 1680 719 populi
1709 648 1777 702 ad
1811 662 1876 702 ea

305 748 471 804 verba
501 745 914 818 responsiones.
951 743 1250 800 Sacen-dote
1279 742 1427 798 enim
1457 740 1622 794 verba
1653 739 1741 793 illa
1767 738 1876 792 alta

301 856 455 908 voce,
486 848 546 896 ut
571 855 670 896 vos
702 837 877 895 Graeci
906 837 1123 908 soletis,
1156 836 1577 908 pronuntiante,
1613 833 1880 888 assistens

303 935 541 1004 populus
575 934 628 988 in
657 942 892 1003 utraque
936 942 1090 1002 parte
1125 931 1458 1000 reSpondet,
1490 935 1688 988 Amen.
1720 925 1878 996 quasi

298 1027 462 1090 dicat,
506 1026 642 1081 Vere
689 1025 762 1080 ita
793 1033 901 1089 est,
946 1034 1006 1079 ut
1053 1033 1110 1078 tu
1159 1023 1321 1078 dicis.
1367 1025 1533 1077 Amen
1567 1023 1714 1077 enim
1752 1036 1878 1077 cum

297 1118 601 1173 aﬁirmandi
659 1117 802 1185 apud
857 1116 1116 1172 Hebrzeos
1159 1113 1485 1170 adverbium
1531 1115 1639 1181 sit,
1689 1113 1880 1170 Graece

301 1210 442 1264 idem
467 1209 614 1279 quod
645 1227 764 1265 uere
793 1209 1083 1281 signiﬁcat.
1113 1211 1287 1264 Amen
1325 1208 1492 1278 igitur
1523 1206 1592 1260 ad
1621 1221 1686 1260 ea
1715 1204 1880 1260 verba

299 1303 643 1373 respondens
703 1304 967 1373 populus,
995 1301 1176 1365 Certe,
1209 1301 1408 1368 inquit,
1445 1315 1644 1370 corpus
1677 1309 1735 1353 et
1760 1314 1886 1354 san-

297 1397 419 1464 guis
444 1396 645 1452 Christi
687 1405 818 1450 situt
861 1410 1088 1449 munera
1121 1394 1224 1450 ista
1257 1392 1567 1464 proposita,
1601 1391 1672 1448 ita
1701 1391 1882 1447 credi-

297 1503 441 1551 mus,
485 1485 560 1540 ita
606 1486 960 1542 conﬁtemur.
995 1486 1060 1540 Et
1094 1485 1392 1556 quomodo,
1438 1501 1625 1556 quaso
1655 1494 1728 1552 te,
1773 1501 1882 1540 non

295 1587 443 1632 esset
471 1587 634 1647 turpe
668 1578 974 1646 putandum
1005 1593 1100 1632 eos
1132 1575 1226 1647 qui
1255 1575 1535 1631 doctiores
1564 1576 1758 1631 haberi
1785 1589 1880 1630 vo-

295 1668 434 1732 lunt,
453 1683 517 1724 ea
549 1673 800 1740 ignorare
833 1685 956 1740 quae
978 1671 1274 1724 saeculares
1299 1678 1356 1722 et
1389 1682 1673 1724 sacrarum
1702 1667 1884 1722 Litte-

1978 477 2077 517 nes
2129 473 2258 518 sunt
2303 460 2690 527 eadcm,qund
2737 457 2960 511 minime
2987 455 3192 508 habent
3245 459 3558 507 sanctorum

1978 571 2194 626 preces,
2219 571 2343 610 cum
2377 555 2546 609 aliter
2579 559 2633 607 et
2662 552 2821 604 aliter
2856 557 2909 604 et
2938 548 3061 602 aliis
3091 557 3252 615 atque
3283 545 3407 599 aliis
3440 560 3562 598 ver-

1983 650 2070 704 bis
2104 648 2304 703 diversi
2341 648 2675 717 supplicent.
2715 644 2874 698 llune
2907 642 3130 696 modum
3157 649 3220 718 et
3256 636 3492 707 apostoli
3529 653 3558 690 a

1985 745 2296 806 Salvatore,
2323 751 2381 796 ut
2410 740 2748 796 credendum
2784 746 2892 800 est,
2914 746 2967 792 et
2997 735 3064 789 ab
3095 732 3358 804 apostolis
3383 728 3563 784 sancti

1981 835 2171 890 Patres
2203 843 2390 905 postea
2415 841 2716 895 sumentes,
2747 831 2800 883 in
2827 827 3054 898 singulis
3082 824 3342 880 Ecclesia:
3371 835 3561 876 sacra-

1986 928 2214 989 mentis,
2259 924 2720 996 quemadmodum
2778 921 3062 976 materiam
3117 919 3393 987 pr0priam
3444 914 3566 968 sine

1986 1037 2092 1090 qua
2134 1020 2284 1073 nullo
2323 1018 2486 1071 modo
2542 1017 2695 1071 ﬁeret
2727 1016 2872 1085 quod
2908 1013 3254 1083 prepouitur.
3293 1011 3365 1064 ita
3398 1009 3565 1064 etiam

1986 1116 2268 1184 propriam
2307 1113 2549 1185 (formam
2601 1115 2940 1165 statuerunt.
2983 1107 3098 1161 llec
3129 1104 3401 1160 catholica
3440 1103 3568 1171 qui-

1987 1206 2111 1258 dem
2140 1205 2462 1260 Latinorum
2489 1203 2733 1258 Ecclesia
2768 1215 2938 1270 usque
2967 1200 3020 1253 in
3057 1209 3383 1268 praesentem
3417 1196 3564 1250 diem

1985 1297 2263 1351 observat.
2295 1295 2361 1349 Et
2391 1295 2558 1349 verba
2597 1295 2710 1351 illa.
2745 1295 2947 1362 quibus
2979 1290 3409 1360 unumquodque
3445 1297 3566 1342 tan-

1987 1404 2150 1457 quam
2192 1404 2291 1458 per
2334 1387 2623 1442 materiam
2659 1386 2961 1457 perﬁcitur,
2999 1384 3134 1439 nulli
3166 1398 3273 1436 non
3303 1380 3568 1435 sacerdo-

1989 1491 2105 1536 tum
2141 1481 2285 1549 apud
2317 1497 2413 1536 eos
2457 1481 2744 1536 notissima
2777 1486 2928 1534 sunt.
2979 1478 3162 1532 Nostri
3212 1490 3366 1539 vero,
3398 1473 3569 1527 multa

1989 1575 2094 1628 alia
2126 1589 2248 1644 quae
2296 1575 2533 1644 primum
2567 1577 2708 1645 apud
2762 1577 2984 1627 nostros
3011 1582 3193 1625 ortum
3228 1568 3568 1630 habuerunt,

1991 1675 2217 1736 prepler
2249 1667 2590 1723 calamitates
2623 1677 2934 1742 temporum
2965 1663 3278 1734 perdidere,
3306 1665 3378 1715 ita
3405 1659 3570 1713 etiam

296 1777 480 1816 rarum
537 1737 736 1832 ignari,
785 1737 1175 1831 respondendo
1227 1762 1428 1825 Amen,
1477 1759 1770 1817 manifeste
1823 1777 1883 1816 se
1920 1737 1957 1790 Β
1990 1761 2186 1813 horum
2232 1760 2436 1814 rituum
2470 1770 2601 1816 sunt
2633 1760 2817 1815 obliti.
2859 1737 3015 1825 Quod
3064 1755 3416 1812 manifestum
3453 1755 3568 1818 ﬁet,

298 1856 444 1909 scire
478 1854 830 1925 signiﬁcant?
867 1853 1034 1921 Quid.
1064 1869 1252 1909 nonne
1292 1855 1559 1909 assistens
1607 1854 1882 1909 sacerdoti

295 1945 567 2000 diaconus
595 1944 758 2015 eique
786 1944 1126 2019 ministrans,
1149 1943 1284 1999 dum
1321 1947 1582 1998 sacerdos
1609 1944 1717 1997 alta
1751 1959 1886 1998 voce

299 2038 471 2107 (juxta
516 2035 817 2092 Orientalis
866 2036 1124 2092 Ecclesiae
1165 2037 1353 2106 ritum)
1402 2036 1570 2092 verba
1621 2037 1714 2091 illa
1760 2051 1888 2106 pro-

297 2127 542 2192 nuntiat,
581 2126 696 2182 Hoc
734 2137 810 2183 est
843 2145 1030 2198 corpus
1078 2144 1277 2191 meum,
1313 2137 1386 2192 et,
1426 2126 1524 2181 Hic
1562 2137 1638 2182 est
1669 2129 1886 2196 sanguis

298 2236 477 2284 meas,
542 2221 658 2291 ipse
713 2221 934 2290 propria
990 2219 1132 2274 stola
1187 2220 1405 2275 duobus
1453 2221 1651 2290 primis
1697 2221 1887 2293 digitis

299 2322 466 2376 tat-ta,
499 2329 697 2384 panem
731 2325 786 2369 et
809 2315 1037 2369 calicem
1071 2313 1349 2369 ostendit?
1393 2315 1532 2369 nihil
1563 2325 1711 2370 certe
1737 2315 1885 2370 aliud

297 2406 640 2476 signiﬁcans,
673 2407 780 2462 nisi
824 2423 1020 2478 panem
1071 2409 1228 2464 illum
1266 2409 1470 2464 Christi
1505 2424 1630 2465 esse
1661 2423 1885 2480 corpus,

297 2506 352 2551 et
378 2497 531 2568 quod
565 2498 620 2552 in
650 2499 821 2554 calice
857 2507 964 2564 est,
998 2514 1122 2555 esse
1155 2499 1484 2571 sanguinem
1516 2501 1655 2572 ejus,
1697 2517 1888 2569 qucrn-

293 2590 596 2645 admodum
626 2591 815 2647 verbis
846 2590 954 2648 illis
976 2592 1265 2649 asseritur.
1308 2593 1372 2650 Et
1398 2594 1514 2650 haec
1539 2609 1670 2650 sane
1700 2604 1888 2650 osten-

295 2687 431 2740 deus
473 2685 743 2742 diaconus
765 2701 875 2741 non
904 2685 1196 2751 mentitur,
1225 2696 1282 2743 et
1316 2702 1426 2743 non
1456 2688 1729 2742 mentiens
1759 2703 1885 2742 cum

294 2777 362 2832 iis
392 2781 565 2832 sentit
599 2779 693 2848 qui
735 2779 851 2833 sola
884 2777 1102 2834 Domini
1148 2779 1314 2835 verba
1343 2782 1502 2834 aiunt
1533 2781 1637 2836 hoc
1669 2797 1884 2835 sacrum

295 2868 568 2938 perlicere
621 2883 1054 2926 sacramentum.
1094 2872 1286 2942 Neque
1320 2874 1470 2927 enim
1510 2871 1719 2927 frustra
1752 2875 1888 2930 tales

293 2965 564 3021 instituta:
593 2976 722 3021 sunt
743 2966 812 3022 ab
834 2967 1080 3022 Ecclesia
1105 2968 1472 3023 caeremoniae.
1499 2967 1636 3022 lilud
1659 2983 1887 3038 quoque

294 3061 438 3116 haud
498 3061 962 3117 contemnendum
997 3062 1240 3125 videtur,
1285 3060 1432 3131 quod
1485 3076 1610 3118 cum
1654 3062 1765 3117 duo
1803 3079 1890 3117 sa-

293 3163 580 3209 cramenta
613 3154 776 3210 nobis
804 3169 834 3208 a
869 3153 1154 3210 Salvatore
1187 3155 1385 3210 tradita
1417 3154 1644 3214 fuerint.
1674 3155 1887 3224 baptis-

294 3262 418 3302 mus
483 3247 942 3314 ctEucharistia,
979 3260 1276 3317 utrumque
1309 3249 1492 3304 verbis
1534 3249 1649 3304 suis
1690 3247 1888 3303 conﬁci

289 3340 476 3412 jussit.
535 3341 753 3396 Etenim
806 3341 1153 3412 baptismus,
1200 3341 1670 3412 quemadmodum
1725 3358 1888 3411 supra

292 3435 748 3498 Inemoravimus,
798 3449 900 3502 per
929 3433 1095 3488 verba
1131 3433 1222 3488 illa
1258 3432 1573 3498 coniicitur,
1605 3431 1890 3504 Baptisms

291 3543 378 3583 cos
421 3529 482 3582 in
527 3528 738 3582 nomine
787 3525 997 3592 Patris,
1050 3535 1098 3580 et
1149 3523 1307 3588 Filii,
1333 3535 1384 3580 et
1415 3524 1648 3594 Spiritus
1691 3513 1885 3582 sancti.

289 3618 464 3692 Cujus
516 3619 597 3674 rei
657 3619 1043 3675 testimonium
1094 3626 1218 3694 est.
1271 3619 1420 3690 quod
1451 3619 1650 3674 Patres
1698 3620 1876 3676 nostri

289 3713 466 3768 sancti
502 3711 758 3769 Ecclesia
783 3714 1041 3768 doctores
1073 3715 1169 3784 qui
1206 3723 1542 3778 statuerunt,
1565 3714 1791 3782 quinam
1821 3729 1890 3769 ex

292 3804 362 3860 iis
390 3805 490 3875 qui
517 3806 585 3860 ab
615 3805 891 3860 haereticis
929 3806 996 3858 ad
1028 3804 1358 3860 catholicam
1392 3814 1749 3860 revertuntur
1783 3804 1888 3861 Ec-

291 3899 549 3963 clesiam,
573 3896 956 3968 rcbaptizandi
995 3899 1132 3958 sint.
1160 3896 1254 3967 qui
1289 3913 1400 3952 non
1432 3912 1529 3953 cos
1558 3898 1702 3953 haud
1728 3898 1889 3953 reba-

293 3993 588 4065 ptizandns
622 4007 748 4049 esse
791 4000 1049 4056 censent,
1097 3990 1195 4061 qui
1227 3991 1284 4046 in
1321 3990 1547 4046 nomine
1590 3989 1881 4046 Trinitatis

293 4090 464 4144 sentel
495 4089 703 4144 fuerint
733 4085 1015 4156 baptizati.
1034 4082 1194 4152 Quod
1215 4084 1383 4140 etiam
1409 4082 1694 4154 espositor
1721 4100 1883 4156 syno-

295 4184 507 4238 dalium
538 4195 814 4236 canonum
850 4180 995 4249 apud
1029 4178 1252 4233 Graecos
1277 4177 1499 4232 videtur
1532 4175 1884 4232 conﬁrmare.

299 4277 349 4331 Is
396 4276 549 4332 enim
599 4275 657 4332 in
702 4272 1126 4346 quadragesimo
1184 4271 1426 4344 septimo
1500 4271 1885 4341 apostolorum

295 4385 512 4425 canone
559 4368 637 4423 ita
683 4367 865 4440 inquit
896 4366 1075 4422 :Vere
1135 4365 1448 4436 baptizatur
1489 4364 1713 4434 aliquis,
1756 4378 1882 4418 cum

1991 1856 2039 1909 si
2073 1855 2198 1924 quis
2230 1855 2298 1909 ad
2348 1854 2672 1910 chrismatis
2715 1863 3122 1910 sacramentum
3161 1858 3399 1904 mentem
3432 1863 3571 1902 con-

1994 1947 2241 2004 verterit.
2266 1947 2484 2004 Etenim
2504 1947 2746 2004 secunda
2769 1946 3110 2003 meumenica
3135 1942 3380 2012 synodus
3407 1940 3572 1995 verba

1990 2057 2113 2109 qua:
2148 2055 2366 2095 sacrum
2423 2040 2669 2096 chrisma
2719 2040 3032 2110 perﬁciunt,
3074 2039 3318 2104 tradens,
3378 2035 3434 2090 in
3489 2049 3579 2089 se-

1991 2135 2165 2204 ptimo
2215 2127 2426 2190 eanone
2485 2135 2559 2189 ita
2615 2132 3255 2204 inqutt:0bsignantes,
3312 2129 3415 2182 hoc
3466 2135 3571 2193 est,

1990 2230 2361 2285 sacratissimo
2396 2228 2700 2283 chrismate
2745 2241 2843 2282 eos
2893 2226 3280 2291 chrismantes,
3337 2221 3576 2277 dicimus

1990 2323 2207 2393 signum
2245 2320 2374 2377 doni
2409 2321 2650 2391 Spiritus
2680 2319 2878 2376 sancti.
2917 2318 2983 2372 Et
3015 2318 3130 2374 haec
3167 2315 3334 2371 verba
3368 2328 3571 2368 secun-

1991 2415 2121 2471 dum
2159 2429 2256 2470 eos
2291 2413 2613 2469 chrismatis
2641 2423 3048 2468 sacramentum
3094 2408 3412 2481 perﬁciunt.
3458 2406 3575 2464 [loc

1992 2499 2136 2562 idem
2164 2508 2219 2562 in
2246 2508 2462 2584 caeteris
2494 2507 2730 2577 diligens
2763 2506 3121 2577 investigator
3149 2502 3418 2559 inveniet.
3442 2490 3578 2570 Quae

1991 2601 2158 2669 igitur
2187 2601 2255 2654 de
2278 2601 2462 2655 divino
2488 2601 2845 2655 liueharistt‘te
2872 2609 3218 2655 sacramento
3251 2606 3573 2653 sanctorum

1992 2689 2183 2760 opinio
2217 2689 2307 2755 sit,
2342 2706 2462 2760 qua:
2504 2689 2732 2756 Christi,
2765 2706 2888 2759 quae
2925 2690 3084 2744 Pauli
3125 2688 3351 2744 traditio
3377 2688 3567 2755 fuerit,

1992 2787 2144 2850 satis,
2193 2783 2300 2838 nisi
2338 2800 2424 2839 me
2456 2786 2674 2839 animus
2720 2784 2879 2851 fallit,
2934 2799 3098 2854 supra
3133 2786 3573 2838 demonstratum

1991 2887 2096 2933 est.
2127 2877 2410 2933 Manifeste
2449 2878 2596 2933 enim
2625 2888 2873 2949 apparet,
2916 2877 3224 2934 Orientales
3265 2887 3432 2948 atque
3463 2878 3578 2933 Oc-

1993 2970 2300 3027 cidentales
2324 2985 2518 3026 omnes
2547 2971 2795 3042 ejusdem
2830 2972 2901 3026 -in
2938 2971 3043 3026 hoc
3090 2987 3214 3027 esse
3259 2971 3574 3040 sententiaé,

1995 3072 2057 3118 ut
2087 3063 2300 3119 scilicet
2335 3063 2499 3118 verba
2533 3062 2752 3118 Domini
2798 3064 2930 3130 sint,
2975 3079 3097 3134 quae
3129 3079 3346 3119 sacrum
3373 3059 3580 3133 corpus

1990 3153 2199 3210 Christi
2255 3156 2692 3225 sanguinemque
2745 3156 3068 3212 conficiant.
3117 3157 3266 3212 Idem
3319 3155 3575 3224 aﬁirmat,

1992 3247 2139 3303 idem
2175 3248 2291 3317 ipse
2331 3249 2598 3304 Dominus
2642 3261 2941 3305 asseverat.
2976 3250 3132 3304 Nunc
3164 3249 3435 3319 reliquum
3490 3261 3581 3308 est

1992 3350 2054 3398 ut
2084 3343 2304 3397 tertiam
2337 3342 2722 3413 aggrediamur
2756 3352 2994 3414 partem.
3023 3352 3079 3398 et
3113 3343 3426 3400 rationibus
3453 3359 3580 3414 qua:

1991 3432 2045 3486 in
2086 3433 2430 3489 contrarium
2476 3433 2673 3489 adduci
2717 3435 2898 3489 solent
2946 3435 3163 3502 solutis,
3222 3434 3385 3491 ﬁnem
3419 3413 3578 3506 opei'i

1992 3525 2363 3595 imponamus.
2417 3525 2560 3582 Sunt
2612 3537 2794 3583 autem
2849 3541 2960 3588 tres
2995 3532 3305 3601 praecipuae,
3352 3547 3461 3587 una
3492 3540 3580 3589 est

1990 3617 2296 3672 auctoritas
2321 3629 2641 3696 sanctorum
2671 3619 2931 3676 Ecclesiae
2964 3623 3280 3689 doctorum,
3315 3608 3580 3678 Clemen-

1993 3710 2086 3775 tis,
2130 3707 2344 3776 Jacobi,
2391 3707 2576 3765 Basilii
2607 3721 2664 3766 et
2696 3710 3099 3784 Chrysostomi,
3147 3713 3244 3784 qui
3294 3729 3492 3772 omnes
3520 3715 3579 3772 in

1991 3800 2194 3868 missis,
2217 3816 2355 3871 quas
2378 3802 2483 3873 ipsi
2507 3818 2892 3872 composuere,
2919 3817 3045 3875 post
3071 3805 3239 3861 verba
3265 3804 3574 3874 Dominica,

1991 3890 2303 3948 sacerdotis
2348 3893 2631 3962 precibus,
2690 3893 2792 3948 hoc
2842 3905 3258 3952 sacramentum
3299 3898 3579 3954 conﬁcere

1988 3982 2268 4051 videntur,
2301 3983 2579 4054 siquidem
2627 3986 2791 4040 etiam
2831 3994 2952 4055 post
2982 3987 3149 4043 verba
3185 3988 3401 4044 Domini
3443 4005 3581 4060 pro—

1988 4078 2120 4146 lata,
2146 4093 2257 4133 non
2283 4092 2488 4148 corpus
2510 4088 2566 4132 et
2589 4079 2936 4149 sanguinem,
2965 4079 3063 4138 sed
3087 4097 3284 4152 panem
3309 4094 3366 4137 et
3387 4085 3575 4141 vinum

1990 4169 2299 4226 nominant.
2330 4169 2586 4226 Secunda
2617 4185 2748 4227 vero
2772 4179 2858 4228 est
2887 4174 3191 4231 auctoritas
3221 4174 3572 4246 Damasceni,

1990 4264 2229 4320 dicentis
2247 4263 2471 4320 beatum
2514 4263 2780 4322 Basilium
2819 4267 2936 4324 haec
2963 4287 3194 4326 munera
3228 4272 3353 4327 ideo
3393 4275 3579 4348 praeﬁ-

1989 4357 2244 4428 gurativa
2308 4355 2662 4427 nominasse,
2734 4361 2866 4432 quia
2928 4363 3173 4419 nondum
3233 4370 3576 4426 sanctiﬁcata

298 4461 608 4516 secundum
643 4475 835 4516 vocem
871 4456 1089 4514 Domini
1127 4457 1299 4513 semel
1333 4457 1670 4528 baptizatur,
1704 4458 1759 4513 in
1789 4473 1886 4512 ne-
1917 4459 1964 4516 D
1987 4461 2150 4508 erant
2186 4467 2201 4504 :
2231 4449 2305 4505 ita
2346 4467 2482 4508 vero
2529 4467 2595 4509 ea
2648 4456 2966 4513 ltouiinasse
3011 4460 3185 4514 multo
3231 4472 3356 4533 post
3407 4446 3588 4532 verba,

296 4555 447 4609 mine
476 4553 674 4619 Patris,
709 4561 768 4610 et
815 4551 963 4616 Filii,
992 4559 1049 4605 et
1095 4549 1338 4620 Spiritus
1370 4549 1571 4616 sancti,
1623 4559 1883 4619 tanquam

297 4647 751 4717 prenuntiatione
781 4643 1071 4700 Trinitatis
1107 4652 1165 4699 et
1195 4641 1324 4698 ﬁdei
1369 4645 1425 4699 in
1483 4659 1569 4708 ea,
1600 4644 1754 4712 juxta
1784 4639 1889 4692 Do-

301 4740 568 4796 minicam‘
619 4738 999 4803 traditionem,
1056 4737 1379 4806 perficiatur
1441 4736 1774 4807 baptismus.
1830 4731 1886 4786 Si

302 4829 474 4901 igitur
501 4831 623 4886 haec
661 4831 774 4885 duo
804 4831 922 4886 sola
965 4839 1308 4885 sacramenta
1341 4828 1396 4884 in
1425 4827 1738 4899 Evangeliis
1772 4842 1887 4880 ma-

300 4924 501 4980 nifeste
542 4923 745 4980 tradita
778 4923 1014 4994 legimus
1046 4942 1061 4978 :
1089 4922 1328 4978 alterum
1372 4937 1501 4976 vero
1537 4936 1752 4986 eorum,
1786 4921 1890 4976 hec

297 5027 382 5070 est
409 5016 738 5086 baptismus,
763 5014 1062 5069 Deminicis
1086 5013 1368 5080 perﬁcitur
1399 5009 1610 5077 verbis,
1646 5009 1891 5079 profecto

299 5120 356 5165 et
380 5109 516 5163 illud
544 5123 786 5176 quoque,
820 5107 926 5161 hoc
955 5115 1040 5162 est
1075 5105 1504 5168 Eucharistiatn,
1541 5105 1746 5160 divinis
1781 5106 1892 5162 illis

301 5213 357 5256 et
390 5218 423 5255 ι
467 5201 576 5256 Deo
618 5199 836 5255 traditis
857 5199 1040 5253 verbis
1075 5198 1273 5253 confici
1308 5197 1739 5253 existimandum
1774 5208 1884 5256 est.

303 5296 585 5368 Siquidem
608 5299 662 5352 in
685 5295 839 5351 omni
863 5309 1064 5366 genere
1088 5308 1271 5348 rerum
1294 5301 1537 5363 quatuor
1553 5308 1674 5348 esse
1695 5307 1893 5348 causas

301 5397 556 5458 oportet:
583 5386 913 5450 eﬁ'ectivam,
935 5383 1247 5447 formalem,
1277 5383 1494 5436 finalem
1547 5391 1604 5437 et
1631 5384 1888 5438 materia-

304 5466 434 5536 lem.
477 5480 675 5535 Forma
728 5488 914 5532 autem
965 5476 1130 5552 hujus
1179 5475 1513 5530 sacramenti
1546 5475 1712 5529 verba
1759 5487 1894 5531 sunt

309 5572 613 5636 Dominica.
636 5583 690 5627 et
722 5570 861 5625 nihil
881 5569 1057 5624 aliud.
1086 5568 1318 5637 Propter
1343 5567 1489 5640 quod
1523 5583 1691 5621 unum
1720 5569 1892 5624 idem-

304 5683 412 5738 que
441 5683 559 5723 esse
603 5667 761 5737 decet
815 5660 1269 5736 unumquodque,
1298 5675 1426 5715 cum
1471 5674 1526 5715 et
1570 5661 1740 5714 forma
1782 5677 1890 5733 una

307 5762 403 5832 sit,
437 5772 656 5834 pr0ptcr
679 5775 843 5830 quam
873 5771 959 5812 est
979 5755 1126 5827 quod
1153 5762 1240 5809 est
1264 5765 1320 5808 et
1349 5769 1470 5810 esse
1499 5755 1728 5810 dicitur.
1763 5754 1888 5810 Haec

633 5860 914 5923 PATROL.
955 5855 1077 5918 Gtt.
1124 5853 1332 5927 CLXI.

1990 4546 2299 4603 Dominica.
2332 4545 2520 4603 Tertia
2571 4550 2711 4605 ratio
2750 4559 2838 4606 est
2869 4553 3060 4624 opinio
3090 4556 3425 4614 sanctissimi
3473 4561 3579 4615 viri

1991 4639 2238 4712 Dionysii
2289 4641 2654 4712 Areopagitae,
2699 4644 2794 4714 qui
2828 4655 3019 4715 aperte
3062 4649 3274 4704 sentire
3329 4651 3574 4722 videtur,

1992 4744 2117 4804 post
2148 4733 2318 4790 verba
2352 4734 2566 4789 Domini
2603 4735 2708 4791 hoc
2737 4751 3142 4796 sacramentum
3176 4743 3395 4798 conﬁci.
3422 4744 3495 4800 lis
3520 4746 3576 4801 in

1993 4827 2288 4897 prasentia
2322 4826 2633 4882 rationibus
2661 4842 2692 4881 a
2727 4829 2889 4886 nobis
2923 4834 3368 4901 respondendum
3397 4847 3507 4894 est.

2065 4918 2123 4972 in
2157 4918 2348 4986 primis
2373 4928 2556 4973 autem
2590 4934 2776 4974 veruts
2802 4932 3122 4977 sanctorum
3165 4924 3453 4982 doctorum
3482 4933 3580 5000 qui

1993 5013 2190 5068 missas
2220 5020 2653 5081 composuerunt
2678 5053 2693 5076 ,
2729 5012 2888 5068 unica
2925 5014 3064 5069 ratio
3108 5016 3397 5073 satisfacit.
3441 5019 3578 5077 Cum

1994 5107 2097 5176 ipsi
2124 5114 2361 5176 quatuor
2387 5104 2577 5159 Patres
2604 5105 2747 5160 idem
2781 5105 2943 5176 plane
2966 5107 3172 5174 dicant,
3195 5125 3389 5166 eorum
3412 5114 3580 5169 verba

1994 5209 2122 5254 ante
2143 5200 2328 5254 omnia
2359 5200 2671 5252 audiamus.
2698 5197 2954 5254 Clemens
2976 5200 3162 5271 itaque
3189 5205 3424 5274 primus,
3451 5225 3578 5262 cum

1997 5293 2261 5348 miracula
2294 5291 2507 5345 Domini
2543 5303 2600 5345 et
2651 5307 2738 5347 res
2772 5303 2953 5361 gestas
2983 5295 3126 5364 ejus,
3171 5311 3236 5352 ac
3268 5313 3584 5357 sacramen-

1998 5395 2180 5439 torum
2215 5401 2245 5438 a
2272 5384 2505 5438 Domino
2533 5383 2887 5440 traditionem
2916 5399 3432 5457 commemorasset,
3453 5402 3581 5463 post

1994 5492 2056 5527 ca
2097 5476 2316 5543 inquit:
2369 5473 2639 5529 Mcmores
2673 5475 2860 5545 itaque
2889 5491 2989 5531 nos
3041 5478 3336 5546 passionis.
3389 5486 3583 5537 mortis

1971 5580 2052 5620 τρι
2081 5564 2505 5620 resurrectionis
2538 5565 2680 5634 eius,
2728 5575 2864 5631 ete.,
2897 5565 3186 5622 oderimus
3219 5568 3319 5623 tibi
3362 5569 3494 5640 Regi
3525 5581 3584 5625 et

2000 5660 2111 5713 Deo
2147 5656 2455 5712 secundum
2487 5659 2607 5729 ejus
2633 5669 2928 5729 praecepta,
2952 5671 3060 5717 etc.
3096 5657 3375 5732 Rogamus
3428 5674 3478 5716 te
3522 5675 3582 5717 ut

1996 5753 2299 5809 cleinontcr
2329 5750 2592 5823 inspicias
2644 5753 2760 5809 haec
2801 5755 3087 5826 proposita
3128 5771 3315 5812 coram
3366 5764 3417 5811 te
3463 5771 3582 5811 tnu-

3080 5849 3147 5915 l7
