4062 6146
517 239 620 303 515

1462 230 1986 297 ’ΒΕΞΒΑΒΙΟΝΙΞ
2028 235 2088 297 S.
2132 235 2200 299 Pi.
2244 235 2308 298 E.
2348 236 2824 300 CARDlNALlS

3689 238 3791 306 516

518 366 672 416 nera,
711 360 768 408 tu
796 349 1002 405 nullius
1038 348 1289 421 indigens
1318 348 1485 417 Deus,
1510 360 1565 405 et
1592 350 1647 405 in
1680 348 1760 403 eis
1785 348 1924 404 bene
1956 362 2099 404 com-
2125 349 2175 409 Α
2202 332 2325 405 cum
2361 348 2583 407 Christo
2632 343 2879 423 corporis
2930 348 3270 411 eluduntur.
3304 342 3370 409 Et
3408 352 3523 410 nec
3564 354 3793 426 quidem

513 446 761 516 placeas,
794 443 859 499 ad
913 444 1185 500 honorem
1213 440 1421 498 Christi
1452 442 1555 509 tui,
1611 451 1666 498 et
1704 443 1888 497 mittas
1926 440 2107 512 Spiri-

522 550 635 593 tum
667 546 917 592 sanctum
951 544 1130 602 tuum,
1159 543 1353 591 testem
1379 533 1655 605 passionis
1681 534 1900 589 Domini
1931 536 2104 591 nostri

516 630 671 698 Jesu,
702 644 868 698 super
899 629 1005 684 hoc
1038 628 1336 695 sacriﬁcio,
1370 627 1464 700 qui
1499 628 1650 683 hunc
1682 643 1877 699 panem
1903 640 2105 699 corpus

517 716 722 783 Christi
757 724 859 790 tui,
887 733 944 780 et
987 724 1141 779 hunc
1165 722 1392 779 calicem
1428 722 1752 792 sanguinem
1786 722 1991 779 Christi
2024 722 2104 779 tui

518 816 739 876 ediciat.
772 817 928 874 Licet
955 816 1104 874 enim
1142 817 1257 871 haec
1276 814 1581 873 Clementis
1614 816 1778 872 verba
1811 816 1956 871 inter
1979 831 2108 886 apo-

520 911 757 983 cryphas
815 910 1120 978 scripturas
1160 906 1587 963 commemorari
1642 906 1877 973 soleant,
1928 907 2109 977 placet

521 1011 707 1056 tamen
751 1000 834 1055 eis
866 999 1365 1069 imprzeseutiarum
1416 1009 1678 1068 tanquam
1726 997 1869 1053 veris
1914 1010 2105 1053 assen-

524 1096 749 1149 tiamur.
775 1093 1016 1151 lacubus
1044 1105 1268 1163 quoque
1322 1090 1499 1146 multo
1527 1100 1655 1161 post
1680 1089 1849 1145 verba
1889 1090 2105 1150 Domini

521 1186 802 1253 obsecrat,
830 1185 1161 1241 utmittatur
1188 1183 1430 1256 Spiritus
1457 1191 1705 1240 sanctus.
1742 1182 1816 1239 De
1842 1199 1954 1255 quo
1981 1199 2103 1239 cum

524 1282 693 1336 multa
721 1280 974 1344 dixisset,
1000 1277 1322 1348 subiungit:
1354 1273 1425 1332 Ut
1447 1276 1750 1332 adveniens
1774 1275 2104 1343 sanctiﬁcet,

520 1384 578 1430 et
604 1373 768 1429 faciat
793 1373 943 1427 hunc
967 1369 1191 1441 quidem
1223 1374 1417 1439 panem
1446 1383 1652 1439 corpus
1682 1366 1891 1424 Christi
1923 1370 2025 1432 tui,
2050 1378 2107 1426 et

527 1468 676 1523 hunc
708 1466 934 1521 calicem
987 1465 1289 1534 pretiosum
1322 1462 1644 1535 sanguinem
1670 1459 1874 1517 Christi
1912 1462 2014 1517 tui.
2039 1462 2107 1516 At

523 1575 759 1632 magnus
799 1556 1034 1613 Basilius
1063 1554 1319 1611 similiter
1344 1563 1467 1626 post
1497 1553 1667 1611 verba
1698 1553 1997 1610 Salvatoris
2023 1554 2106 1608 in-

524 1663 683 1711 vocat
716 1661 965 1708 sanctum
995 1649 1283 1721 Spiritum,
1310 1656 1371 1704 ut
1392 1646 1461 1704 ad
1492 1648 1771 1720 proposita
1807 1646 2106 1704 descendat

2211 450 2398 513 petere
2428 445 2797 509 sacerdotem,
2828 455 2953 501 cum
2986 452 3169 515 rogat,
3210 447 3271 501 ut
3292 440 3636 504 descendens
3666 438 3797 519 Spi-

2211 534 2351 590 ritus
2397 542 2662 599 sanctus,
2719 550 2915 606 panem
2954 524 3179 608 quidem
3235 536 3543 613 pretiosum
3596 546 3796 611 corpus

2208 625 2433 692 Christi,
2467 628 2694 683 calicem
2722 642 2855 685 vero
2883 620 3189 700 pretiosum
3213 627 3543 702 sanguinem
3586 629 3749 687 iaciat
3776 674 3791 696 ,

2213 717 2319 773 hoc
2374 728 2483 783 est,
2530 730 2591 775 ut
2640 718 2854 775 ﬁdelem
2929 722 3195 792 populum
3243 723 3538 794 mysticum
3595 728 3799 796 carpul

2206 809 2413 867 Christi
2457 811 2891 884 sanguinemque
2925 811 3111 879 faciat,
3150 821 3261 885 quo
3291 814 3537 871 membra
3564 822 3621 873 et
3666 834 3796 887 par-

2210 908 2294 958 tes
2318 916 2629 975 corpusque
2659 904 2779 975 ejus
2808 902 3016 972 eilecti,
3042 911 3099 961 et
3132 900 3236 963 sibi
3276 906 3417 979 ipsis
3442 905 3711 963 charitate
3741 915 3797 963 et

2208 992 2433 1050 Christo
2467 994 2629 1063 uniti,
2670 996 2859 1054 vivant
2890 1011 3016 1053 cum
3062 1012 3132 1054 eo
3165 998 3337 1053 vitam
3384 1007 3649 1055 aeternam
3675 1039 3692 1062 ,
3741 1007 3799 1054 et

2162 1100 2163 1103 ‘
2212 1086 2345 1142 [iant
2367 1086 2543 1157 ipsius
2569 1087 2907 1146 cohmredes.
2948 1090 3060 1146 Nos
3090 1098 3222 1146 vero
3256 1099 3455 1162 praeter
3506 1091 3623 1147 haec
3661 1090 3795 1147 illud

2210 1179 2394 1251 potius
2440 1179 2734 1236 dicendum
2776 1182 3175 1246 existimamus,
3203 1186 3349 1253 quod
3377 1193 3506 1240 cum
3546 1183 3797 1240 divinum

2210 1270 2768 1328 hocsacramentum
2820 1274 2895 1329 sit
2948 1289 3256 1343 commune,
3308 1276 3384 1332 sit
3441 1292 3580 1347 opus
3628 1277 3798 1334 totius

2210 1362 2517 1431 Trinitatis,
2566 1378 2794 1421 necesse
2823 1374 2910 1423 est
2950 1381 3071 1431 nos,
3115 1366 3584 1439 quemadmodum
3627 1382 3795 1437 supra

2210 1457 2472 1521 diximus,
2500 1462 2556 1513 et
2575 1456 2793 1514 Patrem
2835 1466 2892 1513 et
2925 1456 3193 1529 Spiritum
3222 1454 3473 1515 sanctum
3503 1475 3630 1515 cum
3660 1458 3801 1515 Filio

2212 1552 2487 1618 invocare,
2526 1558 2587 1606 ut
2626 1552 2904 1622 proposita
2947 1566 3177 1609 munera
3210 1553 3516 1623 perﬁciant.
3546 1546 3703 1620 ρυοά
3743 1562 3800 1609 et

2211 1644 2417 1716 passim
2468 1659 2568 1716 per
2620 1654 2789 1702 tutam
2840 1646 3061 1702 missam
3118 1646 3371 1714 iacimus,
3422 1656 3481 1703 et
3528 1664 3637 1703 non
3672 1657 3798 1704 ante

524 1758 779 1812 munera,
826 1752 881 1800 et
915 1742 1222 1799 sanctiﬁcet
1245 1781 1261 1805 ,
1304 1744 1360 1798 et
1408 1740 1572 1796 faciat
1629 1754 1827 1813 panem
1877 1740 2100 1811 quidem
2135 1728 2184 1791 Β
2212 1739 2380 1795 verba
2410 1737 2729 1805 Salvatoris,
2761 1739 2856 1796 sed
2889 1740 3054 1795 etiam
3088 1748 3210 1810 post
3238 1741 3424 1799 multis
3453 1756 3580 1798 eum
3616 1742 3799 1813 preci-

524 1840 824 1912 pretiosum
860 1850 1062 1907 corpus
1090 1834 1307 1891 Domini
1340 1833 1433 1888 Dei
1465 1842 1521 1889 et
1550 1832 1856 1889 Salvatoris
1884 1831 2105 1889 Domini

524 1935 699 1991 nostri
752 1933 879 1989 Jesu
924 1928 1172 1993 Christi,
1205 1938 1262 1984 et
1291 1926 1519 1983 calicem
1550 1926 1856 1997 pretiosum
1886 1924 2107 1997 sangui-

527 2045 649 2085 nem
680 2025 884 2084 Christi
918 2024 1094 2080 nostri
1126 2021 1220 2093 qui
1251 2020 1458 2077 eﬂusus
1488 2029 1572 2076 est
1601 2034 1702 2091 pro
1742 2020 1943 2079 mundi,
1972 2020 2103 2074 vita.

524 2122 608 2177 Ad
642 2122 758 2176 haec
784 2118 1231 2189 Chrysostomus,
1255 2122 1381 2184 post
1402 2112 1568 2167 verba
1593 2110 1809 2165 Domini
1842 2118 1899 2165 et
1921 2124 2107 2164 rerum

529 2228 624 2285 per
655 2228 783 2270 eum
813 2220 1093 2283 gestarum
1122 2206 1522 2271 narrationem,
1566 2200 1755 2260 subdit
1784 2220 1799 2257 :
1830 2202 2108 2273 Rogamus

525 2318 602 2373 te,
647 2306 839 2362 emitte
870 2304 1137 2374 Spiritum
1172 2308 1327 2355 tuum
1376 2308 1633 2354 sanctum
1674 2311 1844 2367 super
1886 2304 2008 2362 nos,
2051 2305 2109 2351 et

524 2415 690 2474 super
719 2402 837 2456 haec
870 2398 1155 2472 proposita
1206 2408 1463 2462 munera,
1498 2402 1553 2450 et
1580 2392 1667 2449 fac
1705 2391 1853 2448 hunc
1882 2391 2107 2462 quidem

526 2497 829 2569 pretiosum
860 2495 1065 2562 carpas
1112 2489 1322 2545 Christi
1373 2488 1492 2552 tui,
1543 2485 1687 2557 quod
1722 2500 1855 2541 vero
1901 2486 1954 2540 in
2002 2483 2109 2541 hoc

522 2590 696 2645 calice
727 2595 838 2652 est,
868 2585 1176 2655 pretiosum
1218 2579 1542 2652 sanguinem
1581 2578 1790 2635 Christi
1840 2578 1944 2632 tui.
1977 2577 2109 2631 Post

528 2686 643 2739 haec
664 2680 988 2754 subiungit:
1010 2672 1409 2733 Transmutans
1438 2689 1503 2729 ea
1529 2670 1738 2744 Spiritu
1775 2682 1967 2727 sancto
1987 2679 2105 2725 tuo.

522 2778 607 2833 Ex
644 2774 850 2846 quibus
895 2771 1153 2828 omnibus
1178 2767 1340 2824 facile
1393 2776 1542 2823 esset
1585 2765 1765 2821 cuivis
1814 2779 2107 2834 argumen-

527 2866 631 2923 tari
673 2865 790 2921 :Si
844 2853 1026 2920 verbis
1074 2858 1188 2917 illis
1241 2856 1571 2922 Dominicis,
1622 2857 1735 2912 Hoc
1789 2865 1864 2912 est
1913 2872 2104 2928 corpus

526 2972 724 3026 meum,
755 2966 832 3023 et,
886 2956 983 3011 ilic
1012 2964 1084 3012 est
1130 2956 1349 3027 sanguis
1395 2968 1563 3021 meus,
1591 2966 1808 3008 sacrum
1843 2950 2108 3005 Euchari-

524 3055 645 3111 stizn
675 3044 970 3109 cenlicitur
992 3049 1326 3106 sacramenti
1348 3047 1698 3122 mysterium,
1722 3043 1897 3099 sancti
1923 3041 2111 3098 Eccle-

524 3146 622 3205 sia;
645 3147 903 3203 doctores
929 3144 1160 3199 minime
1185 3152 1311 3214 post
1331 3155 1398 3196 ea
1427 3140 1593 3196 verba
1622 3138 1677 3194 id
1708 3136 1948 3207 propriis
1976 3148 2107 3204 sup-

525 3239 915 3311 plicationibus
953 3237 1567 3297 efﬁcere-conarentur,
1614 3236 1722 3286 nec
1755 3229 1958 3286 deinde
2009 3242 2107 3298 pa:-

524 3349 651 3390 netn
683 3341 741 3388 et
762 3332 952 3387 vinum
984 3329 1351 3384 nominarent.
1378 3326 1517 3382 Cum
1543 3338 1675 3381 vero
1704 3324 1756 3379 id
1788 3331 1972 3395 agant,
2000 3328 2108 3376 nec

524 3426 727 3482 frustra
768 3434 991 3479 sanctos
1028 3422 1179 3477 viros
1208 3422 1281 3476 sit
1309 3418 1768 3486 existimandum,
1818 3416 1996 3486 palam
2047 3414 2105 3469 iit

524 3517 671 3590 quod
701 3516 807 3573 hoc
836 3530 1054 3572 sacrum
1093 3514 1414 3586 mysterium
1459 3511 1764 3567 Dominicis
1795 3508 1978 3565 verbis
2007 3522 2105 3563 ne-

522 3624 799 3683 quaquam
836 3608 1031 3665 conﬁci
1065 3607 1474 3663 existimabant.
1524 3605 1666 3659 llnic
1722 3603 1891 3673 igitur
1939 3614 2102 3670 argu-

522 3712 712 3759 mento
740 3700 1073 3771 respondere
1100 3697 1367 3763 volentes,
1399 3696 1577 3767 primo
1606 3693 1828 3765 quidem
1856 3691 1915 3746 id
1948 3706 2104 3762 repe-

525 3796 694 3851 timus
722 3794 867 3864 quod
894 3809 1060 3864 supra
1092 3792 1383 3864 probatum
1417 3800 1525 3853 est,
1551 3802 1747 3845 omnes
1772 3794 1879 3841 tam
1907 3782 2104 3841 Orien-

519 3886 659 3941 tales
681 3899 845 3957 quam
870 3882 1260 3941 Occidentales
1282 3882 1537 3937 doctores
1564 3882 1617 3937 in
1646 3879 1757 3935 huc
1782 3877 2099 3940 convenire,

518 3987 583 4035 ut
612 3977 984 4035 sacrosanctis
1020 3975 1240 4033 Domini
1270 3974 1452 4030 verbis
1499 3971 1861 4027 Eucharistiae
1902 3977 2104 4041 mySte-

519 4073 663 4126 rium
698 4071 1046 4128 conﬁciatur.
1096 4068 1305 4125 Deinde
1353 4068 1626 4131 audimus,
1676 4079 1788 4121 non
1830 4078 1952 4118 esse
1985 4062 2099 4116 hac

516 4179 641 4235 quae
669 4163 839 4219 modo
867 4162 1181 4230 retulimus,
1213 4160 1601 4229 superioribus
1641 4156 1751 4212 illis
1800 4155 2098 4219 contraria,

519 4272 625 4312 nec
658 4256 809 4312 aliud
865 4255 974 4321 hic,
1010 4253 1159 4309 aliud
1206 4252 1319 4308 illic
1345 4263 1573 4307 sanctos
1606 4248 1755 4304 viros
1791 4248 1877 4303 vel
1915 4244 2100 4302 dicere

526 4350 611 4405 vel
642 4349 873 4413 sentire,
903 4360 1008 4402 nec
1060 4358 1185 4402 esse
1206 4344 1644 4401 Occidentalium
1672 4340 1997 4397 sententiam
2022 4336 2099 4392 ab

2210 1833 2313 1888 bus
2341 1833 2684 1899 invocantes,
2721 1833 3205 1905 supplicantcsque
3240 1843 3303 1892 ut
3351 1835 3505 1907 digni
3555 1836 3797 1891 ministri

2208 1935 2374 1984 tantm
2403 1928 2478 1984 rei
2508 1927 2830 1995 efﬁciamur,
2853 1936 2962 2000 q’uo
2990 1930 3265 2000 possimus
3301 1930 3390 1985 illa
3420 1945 3645 1986 munera
3672 1946 3800 2000 per-

2211 2020 2397 2087 ﬁcere,
2424 2032 2485 2077 ut
2511 2032 2732 2094 accepta
2756 2023 2837 2079 eis
2869 2021 3022 2082 ﬁant,
3052 2030 3110 2079 et
3139 2023 3314 2094 gratia
3341 2022 3582 2094 Spiritus
3612 2028 3793 2081 sancti

2208 2128 2374 2186 super
2405 2130 2470 2171 ea
2516 2114 2839 2172 descendat.
2873 2114 3005 2183 Quae
3046 2117 3233 2173 omnia
3269 2130 3378 2173 non
3412 2124 3521 2172 tam
3554 2118 3795 2189 agimus,

2211 2214 2271 2263 ut
2304 2206 2408 2279 ipsi
2444 2222 2504 2263 ea
2534 2207 2820 2275 faciamus,
2870 2225 3034 2280 quam
3080 2221 3139 2265 ut
3190 2208 3389 2280 populo
3436 2210 3797 2266 ostendamus

2208 2302 2520 2356 communia
2544 2312 2668 2357 esse
2705 2303 2762 2357 in
2790 2310 3037 2358 creatura
3066 2318 3232 2374 opera
3260 2302 3569 2360 Trinitatis.
3595 2304 3796 2370 Quem-

2210 2394 2507 2450 admodum
2563 2392 2709 2451 enim
2769 2394 3118 2468 beneplacito
3172 2396 3374 2466 Patris,
3432 2407 3490 2454 et
3553 2398 3799 2468 Spiritus

2210 2487 2384 2543 sancti
2432 2489 2737 2552 voluntate,
2789 2503 2931 2546 unus
2962 2492 3015 2545 in
3047 2489 3317 2549 Trinitate
3352 2501 3547 2547 natura
3590 2491 3690 2549 Dei
3738 2504 3799 2549 et

2209 2582 2388 2638 Patris
2437 2581 2629 2649 Filius,
2665 2590 2728 2638 ex
2783 2584 2993 2641 sanctis
3042 2593 3099 2641 et
3145 2584 3511 2641 immaculatis
3552 2585 3799 2656 Virginis

2210 2675 2573 2747 sanguinibus
2623 2691 2823 2748 corpus
2871 2679 3188 2749 assumpsit,
3239 2680 3311 2735 ita
3367 2688 3422 2735 et
3459 2680 3565 2737 hoc
3593 2697 3796 2754 corpus

2211 2768 2399 2823 altaris
2456 2768 2572 2838 ipsa
2616 2768 2859 2825 Trinitas
2907 2781 3081 2839 creat,
3122 2774 3238 2843 ipse
3275 2772 3515 2844 Spiritus
3568 2788 3799 2834 sanctus

2212 2860 2455 2930 potentia
2490 2876 2587 2916 sua
2614 2877 2682 2917 ex
2706 2864 3012 2919 substantia
3040 2864 3097 2919 in
3132 2864 3519 2933 substantiam,
3549 2867 3657 2924 hoc
3687 2880 3793 2934 est,

2209 2968 2275 3009 ex
2317 2969 2456 3025 pane
2502 2956 2558 3010 in
2591 2972 2792 3027 corpus
2843 2966 3194 3015 transmutat.
3223 2959 3356 3026 Qua
3408 2976 3497 3017 res
3546 2971 3607 3017 ut
3649 2962 3795 3019 ﬁdeli

2210 3048 2414 3117 populo
2441 3048 2619 3119 palam
2652 3049 2764 3119 ﬁat,
2797 3050 2945 3107 illius
2973 3053 3136 3108 etiam
3187 3066 3289 3109 nos
3335 3055 3650 3112 meminisse
3696 3072 3795 3112 ne-

2210 3152 2365 3195 cesse
2391 3147 2497 3195 est.
2528 3138 2593 3193 Et
2622 3140 2729 3196 hoc
2767 3141 2904 3197 velle
2956 3143 3078 3198 illos
3109 3142 3365 3201 doctores
3414 3145 3506 3215 qui
3558 3162 3660 3217 per
3696 3146 3794 3202 ad-

2208 3238 2431 3287 ventum
2464 3230 2705 3303 Spiritus
2736 3238 2909 3290 sancti
2941 3244 3349 3291 sacramentum
3386 3237 3491 3293 hoc
3540 3238 3658 3294 ﬁeri
3709 3240 3793 3296 di-

2209 3333 2363 3381 eunt.
2393 3324 2535 3380 Sunt
2562 3340 2691 3382 vero
2732 3325 2897 3382 iidem
2933 3326 3115 3398 plane,
3149 3329 3245 3400 qui
3289 3345 3357 3386 ex
3392 3331 3527 3387 solis
3574 3333 3795 3389 Domini

2208 3419 2395 3474 verbis
2419 3417 2778 3474 Eucharistiae
2798 3430 3205 3476 sacramentum
3236 3422 3552 3479 existimant
3575 3424 3799 3482 conﬁci.

2208 3511 2354 3567 idem
2379 3509 2525 3566 enim
2559 3521 2852 3583 utrumque
2875 3512 3084 3575 dicunt,
3112 3529 3218 3569 non
3243 3517 3539 3583 contraria,
3568 3529 3662 3573 aut
3687 3520 3797 3575 sibi

2206 3604 2441 3660 invicem
2474 3606 2829 3675 repugnantia
2856 3646 2870 3669 ,
2903 3606 2999 3661 sed
3035 3607 3227 3663 eadem
3260 3607 3444 3663 dicere
3474 3610 3798 3667 existiman-

2209 3704 2290 3749 tes
2324 3708 2337 3749 :
2368 3679 2678 3765 utrumque
2712 3697 2861 3751 enim
2898 3711 3091 3752 verum
3124 3708 3229 3753 est.
3279 3698 3348 3754 Et
3380 3714 3501 3755 cum
3538 3718 3711 3757 unum
3741 3714 3797 3759 et

2210 3785 2351 3844 idem
2392 3787 2557 3843 ambo
2603 3789 2735 3852 sint,
2769 3804 2939 3845 unum
2988 3790 3243 3862 idemque
3287 3791 3552 3861 efﬁciunt,
3588 3804 3645 3849 et
3685 3810 3798 3851 uno

2204 3888 2369 3950 atque
2391 3876 2583 3935 eodem
2609 3890 2873 3951 tempore.
2888 3882 2947 3938 ln
2968 3884 3195 3940 instanti
3221 3885 3370 3941 enim
3397 3886 3663 3955 temporis
3684 3900 3795 3943 non

2204 3974 2364 4028 aliter
2394 3983 2558 4045 atque
2586 3973 2769 4039 aliter,
2801 3991 2980 4047 neque
3027 3978 3136 4034 alio
3166 3987 3333 4051 atque
3355 3980 3462 4036 alio
3488 3992 3794 4045 momento,

2204 4066 2300 4123 scd
2332 4066 2524 4122 eodem
2560 4076 2859 4134 momento,
2893 4078 2970 4135 et,
3006 4073 3049 4126 si
3085 4072 3274 4128 dicere
3316 4072 3398 4128 fas
3445 4081 3550 4137 est,
3596 4072 3791 4129 eodem

2202 4164 2367 4222 nunc,
2405 4170 2700 4230 utrumque
2732 4161 2874 4217 idem
2907 4161 3172 4231 eﬂiciunt,
3202 4174 3325 4221 cum
3360 4172 3417 4221 et
3448 4166 3649 4221 divinae
3674 4164 3795 4221 Tri-

2201 4249 2393 4305 nitatis
2417 4265 2683 4321 personae,
2709 4267 2847 4322 quas
2878 4253 3221 4318 invocamus,
3254 4272 3422 4312 unum
3448 4266 3612 4327 atque
3642 4258 3791 4314 idem

2200 4341 2506 4397 substantia
2558 4351 2615 4399 et
2655 4344 3055 4415 inseparabiles
3114 4349 3243 4403 sint.
3296 4348 3452 4416 Quod
3499 4350 3547 4406 si
3600 4366 3786 4406 rerum

517 4443 884 4499 Orientalium
928 4437 1199 4509 opinione
1234 4437 1531 4493 diversam.
1578 4433 1688 4489 Nec
1722 4432 1871 4489 enim
1923 4433 1971 4486 si
2023 4432 2095 4485 ita
2130 4444 2175 4502 υ
2204 4444 2400 4490 natura
2432 4437 2540 4493 tale
2569 4438 2791 4508 aliquod
2820 4440 3053 4495 verbum
3101 4443 3211 4510 pati
3246 4452 3450 4512 posset,
3481 4445 3629 4515 quod
3662 4462 3786 4501 mox

518 4540 684 4604 foret,
709 4551 856 4591 unus
874 4543 936 4590 et
958 4533 1105 4591 idem
1132 4530 1362 4586 divinus
1393 4528 1654 4600 Spiritus,
1690 4526 1787 4582 sed
1815 4524 2091 4590 diversus,

521 4644 623 4687 nec
663 4628 936 4694 veritatis,
970 4625 1071 4684 sed
1124 4622 1391 4680 mendacii
1439 4621 1624 4693 potius
1676 4629 1842 4690 atque
1888 4621 2097 4673 erroris

506 4724 752 4795 spiritus
787 4722 843 4778 in
874 4722 943 4778 iis
968 4719 1187 4776 locutus
1212 4715 1409 4772 {uisset
1440 4732 1455 4770 :
1488 4713 1636 4783 quod
1664 4712 1832 4769 etiam
1852 4711 2096 4784 cogitare

499 4821 726 4887 .absque
759 4814 1045 4886 impietate
1088 4826 1197 4866 non
1228 4808 1377 4865 licet.
1437 4807 1672 4863 Necesse
1704 4814 1791 4861 est
1830 4804 1998 4876 igitur
2036 4810 2096 4857 ut

500 4913 612 4967 illa
645 4924 773 4965 vera
806 4908 940 4975 sint,
972 4915 1028 4963 ct
1048 4906 1165 4961 haec
1192 4919 1289 4975 per
1314 4910 1519 4957 rectam
1548 4900 1952 4971 expositionem
1988 4898 2095 4952 illis

516 5008 887 5058 consentanea
915 5011 1037 5054 esse
1066 4998 1456 5053 ostendantur.
1508 4992 1703 5048 Dicere
1754 4991 1940 5061 itaque
1981 4979 2093 5045 non

517 5094 637 5149 sine
672 5092 888 5147 ratione
916 5090 1148 5147 fortasse
1190 5088 1462 5159 quispiam
1514 5074 1721 5156 posset,
1773 5084 1918 5153 quod
1966 5096 2092 5136 cum

514 5199 719 5255 corpus
751 5182 971 5241 Domini
1003 5180 1203 5252 duplex
1238 5180 1313 5235 sit
1344 5177 1834 5250 tquemadmodum
1882 5176 1935 5230 in
1979 5176 2093 5245 pri-

513 5275 728 5331 mordio
758 5274 936 5330 nostri
958 5272 1230 5330 sermonis
1251 5270 1637 5338 ostendimus),
1661 5283 1851 5323 verum
1884 5268 2094 5323 scilicet

504 5381 568 5426 et
595 5370 907 5443 mysticum,
943 5366 1077 5423 illud
1102 5366 1325 5437 quidem
1360 5363 1532 5435 ipsius
1554 5362 1766 5417 Domini
1792 5363 1972 5417 verbis
1998 5377 2093 5416 cu-

500 5467 597 5537 jus
629 5477 830 5534 corpus
855 5471 961 5529 est,
1001 5460 1219 5526 conﬁci,
1251 5461 1354 5515 hoc
1386 5474 1539 5524 vero,
1571 5457 1717 5529 quod
1746 5457 1847 5527 ipsi
1876 5472 2089 5519 sumus,

508 5557 683 5613 sacris
714 5555 1061 5611 sacerdotum
1091 5552 1368 5625 precibus,
1392 5560 1450 5606 et
1471 5551 1637 5621 iustis
1669 5552 2004 5615 actionibus,
2036 5560 2091 5605 et

509 5653 637 5705 vitae
669 5666 732 5704 ac
761 5663 974 5704 morutn
1004 5647 1290 5703 honestate
1319 5642 1609 5714 compleri,
1645 5657 1769 5697 cum
1798 5642 1961 5712 digne
1989 5644 2093 5699 ho-

510 5743 686 5800 mines
725 5758 939 5800 sacram
1002 5737 1401 5796 Eucharistiam
1446 5737 1693 5807 capiunt,
1741 5744 1797 5793 et
1844 5738 2087 5809 ejusdem

2199 4538 2255 4583 et
2296 4529 2417 4587 sine
2460 4529 2696 4603 alicujus
2750 4532 3013 4602 temporis
3061 4533 3357 4588 intenallo
3411 4548 3529 4589 rem
3568 4551 3787 4591 omnem

2199 4622 2556 4693 exprimeret,
2590 4624 2839 4694 proiecto
2865 4639 2968 4680 nos
3010 4626 3172 4680 simul
3209 4634 3264 4679 et
3291 4625 3485 4683 eodem
3538 4637 3785 4699 tempore

2199 4730 2325 4769 cum
2367 4717 2556 4772 verbis
2580 4716 2800 4772 Domini
2834 4728 3029 4772 caetera
3058 4718 3244 4773 omnia
3279 4720 3784 4788 pronuntiaremus,

2200 4809 2290 4863 illa
2319 4808 2541 4880 quidem
2565 4809 2829 4865 duntaxat
2859 4810 3191 4867 sacramenti
3225 4809 3517 4867 efﬁcientia
3552 4802 3786 4870 credenc

2202 4913 2304 4967 tes,
2333 4912 2389 4956 et
2419 4912 2600 4958 tamen
2631 4902 2809 4957 Patris
2834 4911 2891 4958 et
2922 4900 3164 4973 Spiritus
3196 4902 3369 4960 sancti
3393 4908 3627 4977 gratiam
3670 4923 3781 4964 non

2199 4992 2514 5049 dubitantes
2543 4994 2759 5059 adesse,
2788 5004 2844 5050 et
2877 4994 2983 5050 hoc
3014 4995 3263 5052 oratione
3290 5004 3346 5053 et
3376 4999 3633 5068 precibus
3670 5016 3783 5055 ma-

2199 5086 2539 5143 nifestantes.
2584 5088 2798 5144 Adsunt
2845 5088 3049 5145 etenim
3104 5089 3180 5145 illi
3228 5105 3447 5161 quoque
3491 5106 3617 5148 cum
3661 5093 3782 5150 istis

2198 5180 2418 5235 Domini
2448 5180 2655 5247 verbis,
2686 5181 2851 5235 etiam
2879 5180 3042 5238 nobis
3073 5182 3322 5239 nonnihil
3352 5182 3493 5239 ultra
3524 5181 3775 5256 ﬂagitan-

2200 5272 2367 5329 tibus.
2398 5272 2505 5328 Sed
2550 5288 2675 5329 eum
2724 5272 2982 5330 desiderii
3014 5276 3187 5331 nostri
3238 5286 3578 5347 nequeamus
3615 5279 3779 5332 ardo-
3834 5312 3837 5313 ν

2198 5380 2313 5420 rem
2339 5366 2646 5434 continere,
2676 5367 3006 5423 nominatim
3034 5382 3251 5440 quoque
3276 5384 3403 5425 eum
3432 5369 3772 5431 invocamus,

2194 5468 2251 5512 et
2300 5462 2644 5528 praesentiam
2696 5462 2815 5530 eius
2872 5462 3088 5533 populis
3141 5464 3440 5534 aperimus.
3502 5460 3772 5518 Ctetcrttm

2196 5554 2452 5623 quoniam
2488 5565 2684 5608 natura
2718 5570 2901 5609 rerum
2928 5554 2981 5609 id
3010 5566 3179 5620 vetat,
3206 5570 3539 5627 necesseque
3564 5568 3649 5613 est
3678 5574 3775 5628 per

2196 5645 2482 5701 intervalla
2518 5648 2779 5718 temporis
2810 5662 2979 5703 unum
3036 5657 3159 5719 post
3203 5648 3349 5703 aliud
3384 5648 3611 5702 verbum
3649 5664 3775 5719 pro-

2196 5739 2471 5807 nuntiare,
2502 5751 2667 5811 atque
2700 5739 2773 5799 ita
2805 5750 2972 5797 totam
3005 5741 3289 5797 historiam
3318 5743 3648 5797 sacramenti
3684 5755 3770 5795 re-
