4062 6146
286 265 382 331 δη

1266 266 1361 328 DE
1405 263 1643 325 SACRA
1657 266 1708 323 Μ
1722 259 1921 321 ΕΝΤο
1960 260 2005 318 Ε
2018 261 2217 321 UCHA
2234 260 2277 318 Β
2293 259 2539 323 lSTlt’E.

3426 249 3537 319 518

281 386 480 449 petere,
522 376 723 435 deinde
762 378 982 435 Patrem
1024 388 1078 435 et
1119 377 1381 450 Spiritum
1412 389 1665 435 sanctum
1698 375 1851 431 invo-
1880 384 1926 441 Α
1955 386 2148 441 preces
2192 371 2350 435 illas,
2404 372 2610 441 quibus
2648 368 2901 427 nonnulli
2950 367 3272 425 existimant
3308 344 3529 431 sacrum

283 486 420 535 care,
440 468 650 526 idcirco
676 470 744 528 iis
771 473 865 542 qui
897 488 1007 529 non
1046 472 1186 529 bene
1214 486 1330 529 rem
1354 470 1723 529 considerant,
1760 466 1846 522 vi-

281 562 391 618 deri
421 563 558 619 solet
589 564 741 620 aliud
765 579 887 623 esse
908 565 1055 635 quod
1078 575 1270 638 postea
1294 564 1641 623 invocatione
1669 558 1845 621 sancti

282 654 510 723 Spiritus
558 655 783 721 dicitur,
814 656 981 729 idque
1024 656 1369 716 solummodo
1414 656 1627 726 absque
1658 651 1847 709 verbis

282 747 487 804 Domini
512 758 916 806 sacramentum
943 750 1238 807 condicere.
1272 746 1431 817 Quod
1462 754 1611 803 certe
1642 761 1671 804 a
1704 745 1850 802 veri-

280 848 393 911 tate
423 839 743 912 longissime
788 842 966 898 abest.
1002 841 1233 913 Oportet
1266 841 1413 896 enim
1463 838 1583 895 haec
1630 837 1850 909 aliaque

279 931 604 1005 huiusmodi,
634 949 742 989 non
772 944 1030 1006 tanquam
1057 935 1112 989 in
1139 940 1393 1005 tempore
1419 932 1475 987 in
1508 946 1621 1001 quo
1652 930 1852 989 dicun-

279 1037 382 1093 tur,
420 1028 515 1082 sed
547 1038 808 1098 tanquam
840 1028 895 1087 in
921 1037 1167 1099 tempore
1190 1041 1289 1099 pro
1315 1040 1427 1098 quo
1454 1025 1743 1089 dicuntur,
1772 1023 1849 1083 ita

229 1175 255 1195 _
278 1117 594 1188 intelligere,
628 1133 691 1174 ac
734 1119 782 1175 si
811 1128 1029 1190 tempus
1070 1118 1203 1174 illud
1235 1125 1483 1173 maneret
1512 1116 1849 1183 minimeque

277 1206 560 1273 detineret,
593 1209 692 1265 sed
720 1209 776 1265 in
811 1226 922 1265 uno
950 1208 1256 1280 eodemque
1284 1221 1434 1263 nunc
1475 1206 1569 1263 illa
1600 1205 1851 1263 diceren-

279 1308 399 1354 tur:
430 1298 676 1370 prol'ecto
701 1301 848 1357 enim
889 1303 961 1356 ita
1009 1302 1350 1365 dicerentur,
1381 1298 1426 1356 si
1465 1297 1584 1355 ﬁeri
1619 1305 1807 1366 posset
1833 1338 1848 1361 ,

273 1398 328 1443 et
374 1406 559 1447 rerum
613 1404 812 1448 natura
854 1393 1089 1453 minime
1138 1399 1484 1463 repugnaret.
1512 1390 1649 1445 Cum
1686 1388 1852 1459 igitur

276 1499 373 1551 pro
413 1493 658 1555 tempore
691 1485 747 1540 in
791 1500 905 1556 quo
936 1485 1025 1541 illa
1054 1484 1340 1540 Dominica
1368 1484 1534 1541 verba
1567 1482 1847 1544 dicuntur,

275 1576 650 1635 invocationes
671 1577 838 1633 etiam
874 1578 1208 1649 posteriores
1239 1576 1391 1640 ﬁunt,
1422 1584 1476 1633 et
1497 1573 1565 1631 ad
1598 1572 1731 1630 illud
1764 1589 1853 1629 re-

274 1667 524 1723 ferantur
562 1681 799 1741 tempus,
836 1670 1080 1742 proiecto
1104 1679 1161 1731 et
1183 1670 1376 1726 eodem
1409 1669 1527 1727 haec
1559 1671 1675 1740 ipsa
1703 1668 1852 1723 dicta

1952 463 2316 519 Eucharistiae
2350 465 2674 535 mysterium
2700 461 2920 519 confici.
2956 461 3115 529 Quod
3148 459 3193 515 si
3232 459 3302 517 iis
3331 460 3538 531 priori-

1953 559 2057 613 bus
2086 557 2269 613 verbis
2302 569 2359 612 et
2394 558 2494 611 hac
2523 555 2901 627 Clzrysostomi
2936 555 3189 610 oratione
3220 566 3539 609 sacramenv

1952 658 2068 704 tum
2098 665 2208 705 non
2238 649 2550 713 coniicitur,
2580 646 2826 716 profecto
2858 660 2959 701 nec
2983 644 3388 714 posterioribus
3417 661 3540 715 per-

1952 742 2342 813 ticietur,quae
2368 756 2493 797 cum
2550 740 2658 795 illis
2704 741 2894 796 eadem
2949 747 3081 793 sunt
3111 737 3345 795 :eadem
3388 735 3542 791 enim

1951 836 2278 892 eorumdem
2310 843 2438 896 sunt
2467 832 2784 889 obicientia.
2810 830 3104 891 Pcriicitur
3145 841 3328 886 autem
3354 830 3542 885 verbis

1954 928 2066 991 illis
2096 942 2219 999 quis
2252 930 2398 989 inter
2435 934 2667 996 utraque
2696 926 2897 987 media,
2937 923 3176 979 maxime
3218 922 3545 994 principalia

1952 1031 2105 1087 sunt,
2138 1021 2241 1076 hoc
2268 1028 2354 1076 est
2386 1017 2685 1085 Dominicis
2724 1018 2928 1073 verbis.
2966 1016 3093 1071 Haec
3127 1024 3259 1070 sunt
3290 1028 3414 1085 quae
3462 1023 3548 1069 to-

1957 1123 2072 1168 tum
2101 1112 2366 1173 eﬂlciunt.
2394 1112 2511 1169 haec
2553 1112 2621 1166 ad
2654 1125 2778 1180 qua:
2820 1111 3005 1167 omnia
3038 1108 3327 1165 referenda
3374 1117 3503 1163 sunt
3528 1147 3544 1173 ,

1954 1209 2069 1264 sive
2098 1218 2284 1272 antea,
2317 1209 2434 1263 sive
2479 1216 2669 1277 pestes
2697 1205 2972 1267 dicantur.
3006 1195 3123 1259 Hoc
3168 1198 3347 1273 ipsum
3388 1217 3547 1272 aper—

1955 1302 2069 1358 tius
2094 1301 2260 1357 etiam
2290 1316 2359 1357 ex
2389 1300 2576 1356 Basilii
2610 1297 2793 1355 verbis
2835 1299 2889 1352 in
2921 1294 3115 1351 eodem
3165 1297 3287 1351 loco
3335 1294 3546 1365 percipi

1961 1403 2160 1464 potest.
2192 1393 2314 1449 Mox
2335 1392 2487 1450 enim
2515 1404 2639 1463 post
2672 1404 2962 1446 munerum
3010 1390 3344 1443 oblationem
3389 1405 3415 1455 :7
3444 1386 3550 1443 Re-

1960 1485 2132 1553 spice,
2165 1484 2363 1553 inquit.
2391 1497 2581 1555 super-
2609 1497 2730 1545 nos,
2769 1480 2933 1544 Deus,
2967 1490 3021 1533 et
3054 1494 3219 1549 super
3255 1478 3396 1533 hanc
3445 1493 3550 1534 no-

1960 1588 2132 1631 stram
2172 1576 2407 1640 latriam,
2445 1585 2502 1630 ct
2544 1584 2825 1643 acceptam
2860 1588 2979 1628 eam
3016 1573 3243 1639 habeas,
3279 1572 3547 1643 quemad-

1962 1670 2184 1723 modum
2219 1680 2441 1738 accepta
2475 1667 2720 1723 habuisti
2758 1681 2991 1723 munera
3019 1666 3190 1732 Abel,
3224 1666 3552 1722 immolatio-
3592 1690 3595 1693 λ

275 1775 394 1816 esse
426 1770 672 1834 tempore
706 1764 1073 1820 existimanda
1101 1772 1252 1829 sunt,
1286 1762 1435 1834 quod
1464 1771 1613 1818 certe
1641 1760 1846 1818 factum
1885 1767 1924 1818 Β
1956 1776 2054 1815 nes
2083 1763 2384 1827 Abraham,
2408 1761 2579 1830 Moysi
2604 1760 2864 1816 etAaron
2906 1758 3296 1820 sacerdotium,
3324 1758 3556 1815 Samue-

274 1852 487 1923 {uisset,
520 1860 566 1912 sl
596 1866 789 1912 natura
820 1872 1005 1913 rerum
1042 1867 1343 1926 pateretur.
1365 1855 1577 1911 Etenim
1596 1853 1860 1925 quemad-

280 1950 502 2003 modum
527 1948 575 2004 si
607 1950 732 2020 quis
760 1943 1072 2011 sermonem
1108 1949 1341 2020 alicujus
1381 1947 1611 2010 moleste
1656 1948 1859 2013 ferens,

276 2049 328 2094 et
360 2040 554 2097 audire
597 2040 777 2111 ipsum
828 2056 1116 2117 recusans,
1147 2043 1382 2105 diceret.
1412 2041 1598 2097 Clausi
1630 2040 1729 2095 tibi
1759 2055 1859 2095 au-

278 2147 387 2197 res.
437 2148 569 2188 cum
621 2143 800 2189 tamen
846 2132 1094 2189 nondum
1144 2134 1466 2202 clausisset;
1511 2134 1600 2188 vel
1652 2132 1860 2202 aliquid

275 2225 376 2280 sibi
409 2225 707 2281 molestum
739 2226 931 2282 videre
957 2228 1177 2293 nolens,
1203 2228 1453 2284 diceret:
1483 2226 1701 2283 Obduxi
1731 2240 1862 2281 ocu-

276 2318 377 2384 los,
411 2332 540 2373 cum
573 2318 627 2373 id
660 2317 930 2385 nondum,
965 2330 1021 2374 et
1075 2319 1181 2376 alia
1225 2319 1294 2374 iis
1346 2318 1582 2384 similia;
1630 2318 1703 2373 ita
1756 2319 1864 2373 tale

278 2420 462 2475 nescio
484 2419 617 2492 quid
645 2420 700 2474 iu
725 2420 795 2475 iis
819 2418 1037 2478 Domini
1057 2416 1242 2470 verbis
1263 2410 1631 2491 animadverti
1656 2419 1859 2481 potest.

275 2515 410 2571 Cum
444 2516 596 2571 eitim
649 2516 724 2570 ita
761 2514 915 2585 loqui
982 2512 1290 2573 debuisset,
1340 2509 1532 2565 dicens
1572 2504 1864 2575 discipulis

276 2611 411 2677 suis,
448 2610 679 2678 Accipite
718 2618 770 2664 et
798 2608 1138 2672 manducata,
1183 2605 1278 2660 hoc
1325 2614 1402 2659 est
1445 2617 1635 2673 corpus
1666 2617 1861 2665 mentm,

276 2702 457 2768 fregit,
486 2712 544 2757 et
569 2702 725 2758 dedit
763 2701 871 2757 eis.
898 2699 1018 2755 Hoc
1049 2700 1197 2754 enim
1229 2697 1344 2768 ipse
1387 2695 1524 2751 ordo
1550 2709 1735 2750 rerum
1768 2707 1865 2764 po-

277 2798 481 2863 scebat,
525 2795 703 2865 primo
739 2806 1093 2856 consecrare,
1124 2790 1327 2846 deinde
1356 2789 1634 2859 frangere,
1674 2794 1862 2857 postea

279 2889 632 2949 distribuere,
683 2885 829 2958 quod
880 2879 981 2941 no's
1036 2884 1092 2939 in
1145 2881 1439 2955 praesentia
1477 2880 1741 2937 Iacimus.
1770 2879 1863 2934 Ille

276 2995 457 3038 tamen
491 2984 592 3045 ait,
619 2979 822 3050 Fregit,
844 2986 901 3036 et
935 2978 1108 3044 dedit,
1146 2977 1360 3039 dicens,
1398 2973 1511 3030 Hoc
1557 2978 1637 3028 est
1675 2988 1864 3045 corpus

277 3093 471 3142 meum,
509 3075 747 3147 ﬁgurato
796 3088 1055 3130 sermone
1085 3086 1251 3142 quem
1295 3066 1724 3139 hysterologiam
1770 3080 1868 3119 νο-

279 3180 424 3235 cant,
451 3182 612 3241 usus.
634 3165 799 3231 Juxta
828 3163 961 3219 illud
994 3172 1189 3233 poetae,
1216 3160 1394 3217 Simul
1422 3156 1618 3215 nutriti
1643 3156 1869 3226 natique

280 3262 529 3320 fuerunt.
562 3262 631 3317 Et
658 3260 811 3325 alibi,
848 3260 1044 3315 Souuit
1071 3256 1302 3311 cadens.
1353 3253 1541 3310 Primo
1594 3252 1745 3308 enim
1774 3264 1870 3305 na-

278 3358 455 3413 scitur
478 3354 706 3426 aliquis,
731 3351 940 3407 deinde
963 3349 1232 3414 nutritur,
1280 3355 1336 3403 et
1379 3345 1533 3402 cadit
1557 3344 1680 3415 quis
1709 3350 1867 3396 ante-

279 3464 446 3522 quam
488 3464 685 3506 sonum
705 3442 894 3502 faciat.
922 3444 1091 3502 Decet
1120 3443 1289 3513 igitur
1315 3454 1420 3495 nos
1448 3449 1595 3497 recte
1622 3436 1871 3510 iudicare

280 3544 556 3599 volentes.
586 3539 801 3609 singula
822 3551 1053 3609 quaeque
1084 3533 1419 3604 intelligere,
1455 3537 1514 3585 ut
1543 3530 1601 3586 in
1631 3530 1871 3601 propriis

280 3637 426 3694 dicta
468 3642 602 3690 sunt
627 3632 785 3697 locis,
817 3645 921 3686 nec
960 3631 1017 3683 in
1046 3643 1180 3699 quo,
1219 3626 1315 3682 sed
1345 3639 1449 3696 pro
1479 3638 1593 3694 quo
1618 3632 1870 3693 tempore

281 3728 550 3784 dicuntur
607 3724 1087 3787 animadvertere;
1113 3728 1170 3776 et
1195 3733 1321 3789 quae
1360 3718 1446 3773 vel
1476 3724 1605 3771 ante
1630 3714 1716 3770 vel
1747 3724 1873 3785 post

280 3822 468 3893 aliqua
506 3819 790 3883 dicuntur,
818 3815 1113 3887 aliquando
1152 3811 1379 3883 quidem
1405 3822 1670 3889 tanquam
1701 3808 1870 3864 simul

280 3931 409 3973 cum
450 3914 584 3981 illis,
635 3911 939 3983 aliquando
981 3922 1137 3972 vero,
1176 3906 1261 3961 vel
1312 3917 1373 3960 ut
1420 3903 1700 3974 posterius
1746 3916 1873 3973 quae

186 3992 190 3997 ’
282 4006 463 4078 prius,
496 4004 584 4061 vel
612 4013 673 4060 ut
705 4002 860 4074 prius
884 4016 1010 4073 quae
1037 3998 1314 4071 posterius
1352 3996 1497 4053 dicta
1536 4004 1688 4062 sunt,
1724 3994 1871 4050 dicta

282 4099 625 4155 existimare.
656 4094 944 4167 Siquidem
999 4095 1114 4163 ipse
1160 4106 1385 4162 quoque
1442 4088 1872 4160 Chrysostomus

284 4193 460 4250 multo
493 4198 621 4248 ante
645 4198 707 4244 et
740 4197 864 4252 post
888 4186 1057 4243 verba
1101 4184 1321 4241 Domini
1364 4184 1423 4238 in
1456 4184 1707 4237 oratione
1747 4194 1872 4250 quae

282 4293 411 4356 post
433 4283 776 4341 oblationem
796 4278 1004 4336 dicitur
1031 4291 1325 4332 munerum
1344 4316 1359 4338 ,
1389 4275 1601 4344 Dignos
1630 4287 1755 4337 nos,
1788 4273 1871 4327 in-

282 4375 427 4447 quit,
450 4373 562 4439 lae.
584 4372 841 4437 Domine.
866 4378 925 4424 ut
953 4381 1140 4425 coram
1166 4377 1217 4422 te
1240 4365 1473 4438 gratiam
1498 4364 1869 4429 inveniamus,

1968 1856 2041 1929 lis
2098 1855 2377 1921 paciticas.
2452 1853 2930 1921 Quemadmodum
2992 1854 3186 1924 cepisti
3254 1870 3285 1910 a
3340 1853 3551 1909 sanctis

1963 1948 2227 2019 apostolis
2281 1950 2390 2005 tuis
2439 1964 2629 2004 veram
2685 1949 2823 2004 hanc
2875 1948 3117 2014 latriam,
3172 1949 3246 2004 ita
3296 1962 3326 2003 a
3394 1948 3553 2005 nobis

1966 2042 2369 2111 peccatoribus.
2401 2042 2767 2112 manibusque
2798 2042 3026 2110 nostris,
3060 2041 3249 2112 accipe
3280 2043 3398 2099 haec
3427 2058 3550 2098 mu-

1966 2151 2119 2201 nera,
2150 2136 2399 2192 bonitate
2438 2148 2551 2203 tua,
2591 2138 2842 2194 Domine.
2877 2137 3112 2194 Videsne
3142 2148 3205 2194 ut
3236 2149 3357 2207 post
3379 2140 3553 2196 multa

1963 2244 2086 2298 quae
2104 2244 2272 2285 orans
2298 2228 2452 2294 dicit,
2478 2238 2602 2300 post
2622 2232 2965 2301 propositum
2999 2233 3328 2288 sacrificium
3353 2233 3550 2298 latriae,

1965 2324 2113 2390 quod
2146 2321 2249 2377 soli
2281 2322 2393 2377 Deo
2423 2332 2477 2378 et
2528 2324 2664 2379 nulli
2708 2325 2863 2380 alteri
2899 2325 3151 2391 debetur,
3186 2337 3309 2398 post
3339 2343 3550 2396 preces.

1964 2411 2167 2482 quibus
2202 2421 2261 2467 ut
2290 2424 2513 2483 accepta
2552 2416 2662 2470 Deo
2694 2414 2911 2481 tierent,
2948 2417 3110 2473 sicuti
3144 2417 3301 2481 Abel,
3326 2418 3464 2484 Noe,
3498 2429 3554 2472 et

1965 2516 2163 2565 caetera
2189 2508 2480 2575 sacriﬁcia,
2506 2521 2690 2564 tamen
2716 2525 2783 2566 ne
2800 2512 3001 2581 aliquis
3028 2511 3367 2569 contentioni
3386 2510 3550 2567 relin-

1964 2608 2233 2670 queretur
2263 2601 2443 2667 locus,
2482 2601 2769 2674 subiunxit
2805 2620 2818 2657 :
2855 2602 3333 2671 Quemadmodum
3360 2621 3392 2661 e
3434 2620 3551 2659 rna-

1964 2694 2129 2749 nibus
2157 2705 2475 2777 sanctorum
2510 2695 2892 2777 apostolorum
2926 2709 3141 2754 tuorum
3185 2698 3327 2755 hanc
3361 2715 3550 2754 veram

1964 2785 2179 2844 Latriam
2212 2773 2502 2858 accepisti,
2540 2792 2614 2845 ita
2648 2806 2678 2846 e
2721 2773 2979 2846 manibus
3026 2794 3231 2850 nostris
3279 2796 3393 2849 haec
3429 2810 3556 2849 mu-

1956 2894 2096 2939 nera
2124 2881 2312 2951 accipe
2336 2881 2362 2935 ?
2388 2883 2529 2949 Quid
2563 2898 2693 2953 ergo
2729 2886 3192 2956 tergiversantur?
3244 2887 3359 2945 Hoc
3392 2886 3560 2943 modo

1963 2986 2018 3029 et
2047 2973 2216 3032 verba
2246 2975 2363 3031 haec
2380 2979 2519 3037 satis
2540 2992 2661 3035 esse
2684 2979 3250 3037 adcoasccrationem
3285 2981 3557 3046 dicemus,

1969 3081 2095 3124 cum
2125 3066 2275 3125 dicat
2304 3068 2544 3126 Basilius
2582 3088 2601 3127 :
2649 3070 2733 3126 Ita
2786 3087 2819 3126 e
2870 3073 3126 3131 manibus
3184 3075 3389 3130 nostris
3442 3076 3562 3132 hac

1973 3177 2206 3220 munera
2260 3166 2470 3235 accipe,
2523 3165 2987 3236 quemadmodum
3044 3182 3073 3221 a
3136 3169 3245 3225 tuis
3295 3172 3562 3239 apostolis

1971 3256 2114 3315 hanc
2143 3271 2330 3313 veram
2358 3258 2575 3315 latriam
2599 3260 2879 3329 accepisti.
2920 3260 2973 3317 Si
3007 3263 3152 3317 enim
3189 3268 3563 3333 apostolorum

1969 3346 2226 3404 manibus
2273 3365 2468 3405 verum
2496 3349 2704 3407 Christi
2744 3368 2947 3423 corpus
2978 3366 3361 3411 consecratum
3414 3358 3519 3414 luit
3543 3400 3560 3425 ,

1970 3440 2136 3513 idque
2160 3457 2311 3499 nunc
2339 3442 2403 3499 in-
2418 3445 2676 3503 manibus
2706 3447 2824 3502 suis
2852 3446 2969 3502 ﬁeri
3000 3458 3152 3519 rogat
3175 3450 3431 3512 Basilius.
3463 3466 3565 3507 cur

1970 3550 2081 3591 non
2115 3537 2202 3593 bis
2219 3539 2403 3596 verbis
2419 3539 2604 3595 subito
2631 3539 2915 3610 perﬁcitur
2935 3553 3346 3599 sacramentum
3370 3545 3393 3597 ?
3415 3545 3562 3602 Nihil

1970 3628 2115 3683 enim
2142 3627 2260 3684 haec
2290 3628 2555 3685 differunt
2574 3648 2601 3685 a
2633 3633 3035 3701 posterioribus
3057 3636 3335 3705 precibus,
3357 3640 3563 3708 quibus

1972 3721 2225 3776 nonnulli
2256 3731 2453 3793 putant
2502 3723 2693 3792 perlici
2752 3740 2969 3780 sacrum
3019 3728 3362 3798 myStet-ium.
3416 3731 3559 3787 Audi

1971 3818 2118 3868 enirn
2153 3815 2288 3884 quid
2316 3816 2482 3877 dicat,
2538 3818 2816 3887 Rogamus
2846 3827 2897 3873 te
2926 3828 2985 3874 ut
3008 3819 3301 3876 descendat
3325 3821 3563 3892 Spiritus

1973 3917 2199 3961 sanctus
2236 3920 2363 3963 tuus
2398 3922 2565 3978 super
2587 3908 2703 3964 haec
2726 3911 2999 3978 proposita
3020 3926 3271 3979 munera,
3303 3924 3360 3969 et
3395 3916 3562 3971 faciat
3632 3940 3636 3948 “

1974 4013 2170 4067 panem
2202 4014 2428 4071 corpus.
2468 4001 2696 4056 calicem
2729 4017 2860 4058 vero
2912 4005 3257 4075 sanguinem.
3304 4006 3359 4062 Si
3395 4010 3563 4081 igitur

1976 4094 2168 4161 primis
2191 4093 2301 4149 illis
2320 4094 2686 4159 orationibus,
2706 4111 2828 4165 quae
2842 4097 3137 4154 simillima:
3161 4102 3562 4169 posterioribus

1976 4194 2124 4250 sunt,
2143 4200 2251 4242 non
2275 4188 2558 4258 perﬁcitur
2585 4202 2801 4243 sacrum
2822 4192 3165 4261 mysterium,
3186 4195 3431 4263 profecui
3460 4213 3564 4254 nec
3620 4176 3623 4181 Ι

1978 4281 2272 4350 postremis
2304 4278 2640 4349 perﬁcietur.
2659 4280 2968 4338 Situilllmae
2988 4284 3132 4342 enim
3158 4299 3352 4356 preces
3387 4289 3561 4345 simil-

1978 4374 2138 4429 limos
2182 4386 2436 4443 parerent
2484 4374 2737 4431 eﬂ‘ectus.
2789 4376 3055 4446 Superest
3103 4379 3269 4452 igitur
3330 4394 3392 4438 ut
3442 4400 3567 4438 ver-

282 4480 340 4528 et
368 4464 663 4541 acceptum
684 4466 797 4525 .tibi
827 4467 923 4523 liat
949 4461 1284 4521 sacriﬁcium
1317 4469 1592 4523 nostrum.
1625 4469 1682 4515 et
1707 4459 1863 4513 inha-

1977 4469 2060 4523 bis
2108 4469 2410 4525 Salvatoris
2445 4471 2621 4526 nostri
2672 4472 2788 4527 haec
2820 4472 2905 4527 vis
2945 4474 3235 4539 tribuenda
3269 4476 3376 4542 sit,
3408 4486 3464 4532 et
3495 4480 3562 4533 ad

284 4564 425 4619 bitet
454 4561 695 4635 Spiritus
720 4560 1044 4632 gratiae-tuae
1074 4556 1255 4611 bonus
1279 4568 1446 4624 super
1468 4567 1593 4621 nos,
1619 4561 1676 4609 et
1704 4566 1873 4623 super

194 4675 199 4679 '
286 4658 404 4713 hac
438 4654 721 4726 proposita
752 4665 1010 4708 munera.
1052 4649 1158 4706 Ubi
1213 4647 1681 4703 considerandum
1736 4642 1867 4715 quid

289 4752 403 4805 lucc
424 4748 617 4813 verba,
645 4746 848 4818 Dignos
876 4759 977 4800 nos
1004 4742 1109 4808 fac,
1142 4752 1201 4796 ut
1226 4740 1468 4810 Spiritus
1493 4748 1718 4796 sanctus
1740 4747 1870 4792 tuus

288 4841 562 4898 inhabitet
587 4855 753 4910 super
783 4839 901 4895 hanc
928 4836 1209 4909 proposita
1253 4835 1503 4889 munera.
1532 4832 1677 4889 Nihil
1708 4831 1871 4888 dilic-

287 4944 420 4991 runt
440 4951 470 4989 a
507 4934 690 4989 verbis
722 4932 831 4987 illis
856 4928 1176 4991 Clementis,
1214 4927 1297 4981 vel
1328 4925 1517 4981 Jacobi
1547 4966 1564 4991 ,
1595 4926 1680 4981 vel
1718 4926 1867 4981 Basi-

287 5032 371 5096 lii,
404 5029 491 5084 vel
523 5043 645 5099 qute
693 5039 864 5097 supra
910 5021 1200 5077 retulimus
1244 5022 1415 5089 ipsius
1445 5019 1824 5089 Chrysostomi
1855 5061 1867 5085 ,

285 5123 497 5193 quibus
523 5120 748 5175 nonnuli
774 5113 1095 5174 existimant
1127 5120 1233 5168 hoc
1277 5123 1684 5168 sacramentum
1737 5128 1872 5168 COM-

289 5214 400 5271 tlci.
429 5213 647 5269 Etenim
681 5211 759 5266 illi
790 5207 1013 5280 quidem
1049 5205 1220 5261 Deum
1252 5215 1569 5275 precantur,
1596 5212 1657 5259 ut
1682 5205 1869 5261 mittat

290 5305 560 5377 Spiritum
588 5313 861 5367 sanctum,
890 5301 985 5372 qui
1012 5298 1317 5354 adveniens
1336 5297 1664 5361 sanetitlcet,
1696 5306 1750 5353 et
1780 5314 1876 5368 pa.

291 5415 419 5453 nent
461 5396 661 5454 alliciat
696 5396 1000 5467 pretiosum
1033 5392 1238 5449 Christi
1274 5406 1478 5459 corpus
1523 5408 1537 5443 :
1574 5389 1666 5446 hic
1717 5404 1871 5455 vero,

294 5491 532 5562 Dignos,
571 5490 767 5560 inquit,
802 5487 993 5553 facias,
1032 5492 1093 5539 ut
1137 5483 1411 5538 inhabitet
1449 5481 1690 5552 Spiritus
1744 5498 1908 5537 san»

293 5592 421 5637 ctus
451 5591 574 5637 tuus
612 5594 776 5649 super
806 5579 925 5635 haec
949 5577 1251 5649 proposita.
1292 5572 1427 5641 Quae
1462 5573 1633 5629 verba
1663 5573 1869 5629 nullam

293 5688 430 5729 sane
458 5675 598 5730 inter
620 5689 680 5730 se
697 5672 1075 5729 diversitatem
1103 5668 1328 5723 habent.
1352 5667 1465 5722 Hoc
1492 5674 1673 5720 tamen
1697 5665 1845 5738 Chry
1862 5695 1875 5706 -

295 5770 526 5825 sostomi
550 5778 679 5826 ante
709 5766 927 5825 Domini
958 5762 1123 5821 verba
1149 5764 1429 5830 dicuntur,
1463 5768 1518 5817 et
1552 5759 1716 5830 longe
1743 5768 1869 5815 ante

1979 4575 2054 4616 ea.
2075 4557 2277 4616 caetera
2292 4561 2576 4617 referenda
2601 4573 2729 4616 sunt
2758 4563 2966 4627 omnia,
2998 4579 3190 4632 quaeve
3216 4575 3342 4621 ante
3374 4583 3565 4637 quaeve

1982 4665 2169 4724 postea
2202 4654 2459 4709 dicuntur
2484 4694 2499 4719 ,
2532 4664 2587 4710 et
2609 4671 2710 4726 pro
2749 4670 2817 4711 eo
2849 4666 3091 4725 tempore
3122 4674 3234 4728 quo
3273 4658 3363 4713 illa
3397 4660 3563 4715 verba

1980 4746 2265 4810 dicuntur,
2304 4745 2408 4800 hoc
2443 4761 2659 4817 quoque
2690 4748 2799 4803 dici
2848 4750 3298 4806 existimandum.
3349 4752 3569 4809 Diutius

1981 4851 2163 4893 autem
2185 4838 2239 4891 in
2274 4837 2374 4893 hac
2398 4850 2549 4907 parte
2576 4838 2761 4894 dedita
2797 4855 2962 4910 opera
2986 4844 3312 4898 commorati
3339 4861 3564 4902 sumus:

1983 4941 2097 4987 tum
2125 4930 2273 4999 quod
2304 4930 2368 4985 ad
2407 4931 2777 5001 cognitionem
2810 4946 3003 4987 eorum
3048 4950 3169 5004 quae
3210 4951 3371 5005 supra
3419 4940 3565 4995 dicta

1981 5033 2129 5093 sunt,
2184 5040 2290 5079 non
2344 5039 2561 5092 parvam
2617 5022 2816 5079 aﬂ‘crre
2866 5025 3157 5079 utilitatem
3208 5028 3565 5098 videbantur,

1983 5132 2096 5174 tum
2132 5117 2277 5187 quod
2316 5116 2626 5171 necessaria
2651 5126 2809 5171 erant
2838 5116 2906 5171 ad
2948 5133 3010 5172 ea
3062 5120 3319 5175 solvenda
3348 5139 3468 5193 quae
3502 5142 3566 5183 ex

1982 5212 2167 5270 divino
2218 5208 2475 5280 Dionysio
2521 5219 2577 5263 et
2624 5210 2964 5266 Damasceno
2994 5214 3194 5282 opponi
3230 5218 3429 5275 solent.
3473 5220 3570 5278 llis

1983 5304 2111 5359 addi
2144 5305 2303 5359 tertia
2335 5316 2556 5373 quoque
2592 5301 2756 5365 ratio,
2792 5303 2927 5359 nulli
2961 5304 3188 5361 fortasse
3216 5313 3565 5378 superiorum

1982 5394 2232 5453 inferior.
2267 5402 2449 5463 posset
2491 5407 2505 5447 :
2535 5392 2906 5461 hierarcham,
2950 5403 3121 5450 tutum
3158 5397 3270 5453 Deo
3300 5402 3568 5471 repletum

1984 5489 2280 5557 divinoque
2307 5500 2495 5542 amore
2526 5488 2681 5557 juxta
2715 5486 3033 5557 Dictiysium
3062 5490 3139 5550 De
3178 5493 3366 5549 diuinis
3397 5500 3574 5555 nanti-

1984 5580 2133 5633 nibus
2187 5586 2441 5647 captum,
2491 5576 2660 5631 veluti
2699 5580 2943 5635 exstasin
2992 5584 3307 5655 quamdam,
3341 5599 3396 5644 et
3424 5589 3571 5647 divi-

1984 5684 2116 5723 num
2153 5670 2263 5739 pati
2298 5668 2515 5731 zelum;
2551 5665 2628 5722 ob
2659 5670 2762 5722 hoc
2795 5683 3175 5739 saepenumero
3201 5689 3352 5733 extra
3389 5695 3447 5735 se
3472 5698 3558 5752 po

1984 5763 2168 5830 situm,
2196 5768 2250 5816 et
2284 5768 2458 5816 totum
2488 5759 2569 5816 rei
2603 5771 2796 5819 amata:
2831 5762 3151 5832 haerentem,
3177 5769 3295 5827 zelo
3328 5774 3569 5841 quodam
