4062 6146
520 260 626 343 ως

1474 279 1973 343 BESSARIONIS
2016 280 2072 345 S.
2121 282 2191 343 Β.
2239 279 2306 342 Ε.
2348 277 2820 342 CARDINALIS

3671 278 3771 344 51)

515 402 571 451 et
598 392 815 455 timore,
846 405 915 447 ne
951 387 1003 444 id
1042 388 1188 460 quod
1235 388 1512 446 desiderat
1561 407 1670 446 non
1723 403 2047 463 asseqnatur
2071 431 2086 455 .
2117 393 2163 456 Α
2191 400 2422 462 positus,
2454 399 2597 446 totus
2633 390 2711 446 rei
2745 400 2938 444 amatae
2974 388 3201 453 haereat,
3246 396 3305 445 et
3328 386 3520 445 eadem
3548 390 3770 461 sapius.

516 484 714 555 sepius
739 482 930 539 eadem
969 498 1037 537 ex
1080 497 1211 538 vero
1246 497 1310 537 ac
1345 498 1486 552 pene
1535 484 1846 540 incredibili
1888 487 2088 540 melllil

515 573 798 630 desiderio
811 580 1034 643 «petere,
1061 589 1166 628 nec
1193 576 1448 645 ignorare
1476 575 1697 645 quidem
1725 593 1782 631 se
1804 577 1913 648 jam
1950 578 2094 647 quod

521 666 809 738 quaerebat
850 668 1133 736 adeptum,
1171 668 1265 723 sed
1300 667 1591 722 insatiabili
1618 669 1856 739 quodam
1911 678 2096 724 amore

514 760 716 829 iterum
748 771 912 830 atque
953 760 1152 816 iterum
1191 762 1381 816 eadem
1401 771 1687 832 repetere.
1725 761 1789 817 ut
1831 765 1996 818 etiam
2041 763 2096 817 in

517 851 849 922 quibusdam
899 852 1164 924 symbolis
1214 854 1373 923 quasi
1418 854 1850 910 evidentissimis
1900 856 2095 926 signis,

515 941 612 1011 qui
645 940 871 1005 adsunt.
906 942 1213 1012 intelligere
1243 944 1433 1012 possit,
1464 952 1649 1001 totum
1688 945 1800 1001 Deo
1836 955 2056 1016 captum
2078 985 2096 1014 ,

2197 483 2354 554 quasi
2407 483 2594 538 divino
2649 483 2884 554 quodam
2937 481 3120 535 furore
3184 490 3473 550 correptos
3525 491 3771 550 repetat,

2197 576 2658 646 quemadmodum
2693 576 2746 630 in
2780 575 3012 631 terrenis
3061 575 3182 628 istis
3237 573 3520 629 amoribus
3553 573 3768 642 accidit,

2198 679 2260 723 ut
2286 683 2477 723 amans
2511 668 2581 722 ab
2606 678 2786 722 amato
2812 665 3196 738 inseparabilis
3252 667 3346 732 sit,
3385 665 3638 737 profecto
3664 679 3769 718 non

2197 777 2364 831 parva
2390 769 2444 815 et
2482 760 2902 825 contemnenda,
2933 758 3028 813 sed
3057 772 3250 830 magna
3283 767 3340 813 et
3366 758 3596 828 mystica
3635 758 3778 811 ratio

2195 860 2302 908 est.
2329 851 2486 918 Quod
2523 867 2654 907 vero
2677 852 2859 922 justus
2894 867 3001 905 non
3031 849 3259 906 satietur
3288 847 3772 913 orationibus,sed

2198 959 2319 1015 qua:
2350 944 2700 1000 desiderabat
2724 943 2834 1012 jam
2866 951 3195 997 consecutus
3237 940 3418 995 adhuc
3440 949 3772 1011 perseveret.

514 1043 693 1088 totum
739 1035 850 1104 jam
893 1034 1139 1089 divinum
1173 1035 1465 1102 effectum,
1507 1053 1572 1092 ac
1618 1053 1718 1110 per
1765 1038 1870 1094 hoc
1919 1040 2102 1094 itnita-
2198 1038 2388 1096 eadem
2422 1045 2634 1108 petens,
2691 1035 2969 1091 desiderio
3019 1043 3171 1090 certe
3206 1049 3272 1088 ac
3312 1031 3596 1088 devotioni
3652 1032 3795 1088 talis.

516 1123 670 1180 tione
715 1126 833 1197 ejus
882 1124 948 1179 ad
1001 1125 1261 1182 virtutem
1298 1130 1532 1199 vitatque
1567 1129 1934 1200 integritatem
1982 1131 2100 1186 allio
2200 1128 2447 1196 tantique
2473 1125 2798 1180 sacramenti
2827 1131 3254 1180 consentaneum
3278 1133 3387 1180 est.
3410 1122 3620 1178 Deinde
3642 1136 3794 1176 vero.

516 1219 753 1284 ciantur,
783 1229 861 1282 et,
901 1211 958 1274 ut
988 1219 1164 1286 aiunt,
1193 1221 1348 1290 quasi
1377 1223 1697 1277 manuducti
1733 1232 2007 1294 ponantur
2041 1222 2097 1278 in
2213 1219 2484 1290 ﬁngamus
2517 1219 2958 1274 adversariorum
3014 1217 3175 1273 istam
3241 1217 3510 1272 rationem
3539 1214 3771 1270 validam

494 1311 682 1367 rviam.
715 1311 830 1366 Hoc
861 1327 1112 1366 summus
1144 1311 1234 1366 ille
1284 1312 1550 1384 propheta
1598 1312 1764 1368 David
1824 1312 2099 1383 plerisque
2200 1328 2343 1380 esse,
2378 1328 2479 1368 nec
2507 1315 2702 1383 quovis
2735 1314 2895 1366 mo-lo
2931 1309 3156 1366 refutari
3197 1309 3419 1366 debere.
3448 1309 3645 1364 Nonne
3675 1320 3775 1377 pro

506 1403 739 1459 invlocis
764 1403 912 1459 facit.
945 1402 1079 1458 Nam
1119 1419 1243 1460 cum
1289 1405 1522 1461 dixisset
1549 1446 1563 1471 ,
1597 1404 1732 1460 Cum
1762 1405 2058 1459 invocarem
2083 1446 2098 1469 ,
2201 1405 2359 1460 nobis
2394 1404 2564 1475 magis
2595 1403 2769 1458 facit?
2798 1404 2906 1457 imo
2937 1418 3066 1458 vero
3105 1418 3288 1458 nonne
3318 1419 3348 1458 a
3374 1401 3615 1457 nobisin
3650 1414 3777 1454 ron-

480 1498 778 1552 -‘ea.audioit
817 1512 898 1550 me
948 1496 1082 1551 Deus
1109 1497 1341 1568 justitite
1395 1511 1546 1562 mea.
1575 1497 1737 1567 paulo
1767 1506 1891 1567 post
1921 1497 1977 1552 in
2009 1513 2102 1553 eo-
2203 1497 2570 1552 ﬁrm'ationem
2625 1497 2916 1551 sententia:
2955 1508 3160 1552 nostra
3219 1495 3455 1550 adducta
3487 1493 3612 1548 est?
3667 1491 3776 1547 Hoc

478 1609 491 1625 μ
513 1588 638 1646 dem
679 1587 888 1659 psalmo
909 1589 1212 1660 subiungit,
1245 1588 1500 1645 Miserere
1523 1590 1648 1657 mei,
1676 1598 1727 1644 et
1763 1590 2099 1656 επαιιιιὶρναδ
2201 1599 2284 1643 est
2312 1589 2480 1654 enim,
2515 1587 2658 1658 quod
2691 1588 2748 1642 in
2775 1588 3049 1660 principio
3091 1588 3206 1643 fere
3235 1588 3399 1660 huius
3447 1586 3778 1656 disputatio-

477 1683 710 1737 "tionem
742 1698 916 1737 malm
948 1685 988 1735 ¹.
1023 1681 1198 1749 Quem
1233 1682 1413 1737 locum
1451 1680 1829 1739 Theodoretus
1858 1698 1924 1736 ex
1969 1698 2098 1738 sen-
2133 1746 2163 1750 _
2204 1681 2291 1736 nis
2317 1681 2574 1742 diximus.
2605 1681 2805 1750 duplex
2833 1695 2954 1736 esse
3002 1680 3207 1736 Christi
3242 1693 3462 1749 corpus,
3497 1693 3691 1732 verum
3720 1687 3778 1732 ct

482 1773 709 1836 otentia,
753 1746 1069 1841 nisi‘fallor‘,
1109 1771 1487 1845 Cltrysostomi
1515 1776 1716 1846 (neque
1741 1776 1889 1829 enim
1926 1774 2098 1846 Chry-
2130 1746 2174 1804 Β
2200 1776 2512 1847 mysticum.
2547 1774 2613 1830 Et
2648 1746 2762 1830 hinc
2798 1772 3043 1844 quidem,
3092 1773 3196 1828 nisi
3251 1746 3584 1836 tne—animus
3619 1769 3774 1838 fallit,

489 1875 817 1921 ‘sostumum
850 1867 993 1938 apud
1023 1883 1124 1922 nos
1173 1869 1229 1923 in
1273 1870 1562 1938 prasentia
1601 1869 1891 1938 habemus)
1925 1886 2097 1941 expo-
2198 1869 2330 1924 satis
2358 1877 2486 1922 sunt
2519 1868 2591 1923 ad
2635 1867 2968 1924 solutionem
2995 1883 3056 1922 ac
3085 1865 3554 1921 conﬁrmationem
3586 1878 3775 1919 eorum

505 1968 672 2018 nens,
721 1954 839 2009 Νοιι
872 1957 1124 2022 satiatur,
1167 1957 1366 2028 inquit,
1399 1958 1491 2013 hic
1515 1959 1695 2030 justus
1724 1959 1951 2024 orando,
1999 1959 2095 2017 sed
2198 1977 2318 2032 quae
2347 1962 2413 2017 ab
2439 1962 2766 2017 adversariis
2800 1962 2904 2016 dici
2941 1960 3142 2016 solent.
3169 1958 3326 2027 Quod
3370 1973 3500 2014 vero
3526 1956 3777 2014 nonnuili

509 2046 824 2118 supplicans
851 2060 906 2102 et
950 2049 1272 2119 impetratis.
1301 2059 1358 2107 et
1391 2050 1603 2109 fluctus
1634 2053 1900 2109 orationis
1929 2054 2092 2110 colli-

511 2153 665 2206 gens,
699 2137 881 2193 adhuc
912 2139 1121 2194 orando
1146 2156 1210 2195 ac
1235 2141 1594 2212 supplicando
1627 2152 1938 2212 perseverat
1960 2160 1976 2210 ;
1995 2143 2096 2200 scit

485 2228 660 2284 'enim
703 2231 925 2300 quando
973 2232 1100 2287 inde
1132 2244 1398 2304 sequatur
1430 2234 1657 2290 utilitas.
1686 2233 1830 2308 Alibi
1877 2250 2098 2307 quoque

477 2323 883 2391 »idom~David,
919 2323 1217 2396 Dirigatur,
1251 2328 1466 2396 inquit.
1500 2327 1673 2381 oratio
1698 2344 1815 2382 mea
1843 2329 2095 2383 sicut‘in-

472 2433 728 2471 ~-censum
773 2419 829 2472 in
879 2427 1160 2490 conspectu
1188 2425 1277 2472 tuo
1304 2419 1346 2474 '.
1374 2417 1538 2485 Quid,
1571 2433 1757 2488 quaeso
1787 2428 1862 2485 te,
1897 2419 2096 2476 clamat

476 2507 679 2569 (θάνω
718 2523 776 2569 ιιι
821 2529 920 2570 sua
981 2515 1308 2570 exaudiatur
1348 2514 1570 2571 oratio?
1603 2515 1663 2571 Si
1707 2517 1856 2571 enim
1892 2516 2094 2587 iniqua

472 2613 567 2658 ret
591 2614 790 2675 printer
822 2604 1092 2663 rationem
1118 2614 1256 2674 erat,
1289 2605 1664 2677 nunquamad
1685 2606 1873 2676 [Deum
1903 2622 2095 2664 ascen-

471 2724 481 2730 -
509 2697 702 2764 disset,
736 2699 1150 2769 quomodolibet
1175 2713 1242 2754 eo
1273 2706 1701 2771 rogante‘atque
1727 2699 2090 2768 obsecrante;

492 2794 658 2863 quod
690 2794 750 2852 si
767 2803 914 2850 recta
939 2794 1482 2867 et~exaudiri-digna,
1509 2795 1618 2867 iam
1643 2797 1854 2854 directa
1887 2805 2006 2853 erat
2027 2797 2095 2853 ad

503 2890 706 2955 Deum,
728 2887 849 2959 ipso
884 2901 1104 2959 quoque
1129 2888 1394 2958 propheta
1425 2898 1665 2945 tacente.
1697 2889 1904 2958 Nempe
1929 2890 2095 2962 igitur

509 2981 646 3053 petit
675 2981 818 3052 quod
845 2981 1087 3049 tenebat,
1121 2992 1177 3038 et
1204 2997 1324 3053 quae
1358 2982 1647 3053 praesentia
1670 2983 1782 3052 jam
1813 2995 1972 3039 erant
1996 2985 2094 3039 de-

478 3073 737 3129 :siderat.
769 3071 921 3127 ldem
952 3070 1127 3127 nostri
1159 3088 1382 3144 quoque
1421 3075 1695 3143 doctores,
1731 3075 1826 3146 qui
1862 3076 2086 3132 missam
2114 3095 2160 3154 ο

479 3172 960 3236 ιεοιηροευρινυηι,
989 3165 1193 3220 fecere.
1228 3165 1446 3222 Etenim
1475 3175 1598 3238 post
1624 3168 1789 3224 verba
1824 3166 1913 3222 illa
1940 3184 1957 3222 :
1985 3168 2090 3225 Fac

508 3259 657 3314 hunc
686 3271 880 3328 panem
912 3271 1113 3327 corpus
1160 3256 1402 3335 ωλι-ἰειῇ
1420 3268 1477 3314 et
1525 3259 1672 3314 hunc
1701 3259 1934 3315 calicem
1962 3276 2092 3316 san-

507 3353 728 3423 guinem
771 3348 1018 3413 Christi,
1051 3351 1255 3421 quibus
1309 3354 1443 3408 solis
1487 3353 1735 3408 nonnulli
1775 3354 2092 3410 existimant

507 3444 626 3499 ﬁeri
678 3445 1152 3500 consecrationem
1181 3482 1197 3506 ,
1251 3445 1675 3515 adhuc-procis
1716 3444 1967 3513 adorant,
1995 3453 2094 3500 aut

505 3537 717 3593 frustra
755 3552 986 3608 prorsus
1012 3537 1067 3593 id
1102 3538 1389 3602 facientes,
1426 3537 1572 3609 quod
1609 3553 1709 3593 nec
1745 3537 2090 3609 cogitandum

504 3638 612 3693 est.
645 3639 743 3686 aut
768 3629 1085 3686 vehementi
1113 3628 1352 3702 quodam
1374 3629 1653 3684 desiderio
1677 3629 1868 3684 eadem
1892 3630 2092 3700 saepius

501 3729 842 3790 repetentes.
875 3719 1148 3776 Memento
1179 3720 1350 3787 enim,
1384 3720 1665 3792 inquiunt,
1697 3721 1948 3787 Domine,
1989 3724 2093 3777 im-

504 3813 821 3871 becillitatis
852 3828 1008 3880 mete,
1040 3822 1096 3868 et
1121 3821 1320 3885 praesta
1346 3813 1484 3869 mihi
1520 3816 1731 3869 veniam
1765 3815 1946 3870 omnis
1975 3817 2092 3873 sive

489 3905 853 3969 acluntsrise,
889 3904 1005 3961 sive
1037 3921 1150 3960 non
1174 3906 1499 3961 voluntaria;
1524 3921 1660 3960 meae
1682 3906 1875 3977 culpae.
1913 3923 2092 3978 neque

503 4004 729 4068 propter
761 4003 1140 4066 peccatasnea
1185 3994 1436 4050 inhibeas
1483 3995 1720 4066 Spiritus
1756 3997 1931 4053 sancti
1967 4013 2092 4070 gra-

503 4088 632 4145 tiam
662 4087 849 4144 abhis
893 4087 1190 4159 propositis
1209 4087 1566 4143 muneribus.
1600 4088 1668 4143 Et
1693 4103 1885 4144 rursus
1930 4091 2093 4160 paulo

501 4191 626 4254 post
643 4181 711 4237 ad
735 4179 996 4252 populum
1021 4179 1227 4236 dicitur
1251 4197 1271 4234 :
1295 4179 1402 4235 Pro
1428 4180 1628 4236 oblatis
1645 4182 2092 4252 consecratisque

501 4273 833 4330 muneribus
865 4263 1125 4346 pretiosis
1156 4271 1327 4328 Deum
1362 4287 1637 4341 rogamus.
1688 4272 1770 4327 En
1815 4275 2094 4343 quomodo

498 4375 680 4431 orant,
712 4382 780 4421 ne
809 4381 877 4421 ex
909 4365 1213 4436 propositis
1256 4364 1584 4420 muneribus
1621 4363 1867 4435 Spiritus
1906 4365 2094 4435 gratiae

492 4468 787 4528 arceatur;
819 4475 888 4514 cn
916 4457 1196 4528 quomodo
1231 4472 1328 4528 pro
1376 4458 1731 4514 sanctiﬁcatis
1757 4459 2090 4529 propositis-

501 4568 610 4624 que
642 4552 964 4608 muneribus
994 4544 1292 4607 hoi'tantur
1323 4553 1492 4608 Deum
1535 4553 1748 4625 precari
1777 4594 1792 4617 ,
1829 4553 2088 4622 quamvis

499 4649 676 4701 multo
713 4655 840 4715 ante
886 4645 1222 4705 sanctiﬁcata
1272 4645 1500 4711 fuerint,
1559 4647 1810 4715 quamvis
1847 4644 2088 4716 perfecte

498 4723 845 4810 consecrata,
884 4741 1053 4792 etiam
1081 4737 1238 4807 juxta
1269 4751 1461 4794 eorum
1501 4736 1844 4807 opinionem,
1871 4737 1965 4808 qui
1990 4752 2090 4793 no-

492 4830 590 4903 bis,
613 4829 892 4884 contraria
927 4839 982 4884 et
1009 4828 1317 4898 loquuntur
1345 4834 1402 4881 et
1439 4828 1708 4883 sentiunt.
1742 4827 1884 4894 Quid
1918 4828 2086 4899 igitur

493 4922 743 4977 dicemus
777 4921 883 4976 hoc
911 4921 1055 4985 loco,
1107 4919 1304 4974 fratres
1330 4920 1480 4975 inisi
1529 4921 1676 4991 quod
1711 4937 1777 4975 ex
1813 4924 2087 4978 sententia

493 5013 877 5086 Cbrysostomi
901 5009 1283 5068 Theodoretus
1318 5014 1396 5066 ait
1427 5030 1440 5066 :
1473 5011 1592 5066 Non
1621 5016 1852 5068 satiatur
1880 5015 2087 5070 pratulo

488 5108 693 5176 justus,
723 5116 778 5161 et
817 5105 1026 5176 reliqua
1066 5115 1185 5174 quae
1239 5121 1404 5173 supca
1442 5107 1886 5160 memoravimus.
1923 5105 2079 5172 Quod

489 5199 537 5253 si
568 5198 662 5269 qui
699 5197 930 5253 fortasse
963 5198 1230 5260 dicerent,
1288 5192 1406 5250 Non
1441 5213 1538 5266 pro
1565 5196 1769 5251 divinis
1829 5199 2078 5253 muneri-

489 5291 616 5353 bus,
668 5288 764 5345 sed
795 5303 894 5359 pro
923 5287 1085 5343 nobis
1147 5287 1224 5351 ﬁt,
1257 5287 1399 5356 quod
1457 5286 1804 5358 signiﬁcant,
1840 5304 2078 5358 quanam

488 5386 560 5439 ab
589 5382 671 5455 eis
722 5380 901 5453 primo
948 5378 1198 5452 quidem,
1250 5395 1351 5433 cur
1411 5391 1599 5434 nostra
1655 5381 1929 5450 expositio
1968 5396 2077 5436 non

486 5474 915 5532 convenientior
942 5475 1013 5529 sit
1047 5483 1212 5541 atque
1245 5471 1503 5527 subtilior
1529 5473 1549 5525 τ
1575 5471 1709 5527 Nam
1757 5473 1905 5543 quod
1958 5473 2076 5528 hie-

485 5567 699 5623 rarcbze
727 5567 910 5623 divina
951 5567 1200 5636 quietiam
1257 5578 1465 5636 passm,
1519 5573 1576 5620 et
1614 5566 1782 5622 veluti
1838 5568 2073 5624 exstasis

485 5658 722 5721 accidat,
752 5657 824 5712 ita
860 5666 919 5712 ut
947 5656 1265 5712 vehementi
1324 5655 1562 5725 quodam
1596 5672 1784 5712 amore
1815 5668 1971 5715 extra
2018 5673 2077 5714 se

547 5780 568 5812 ³
619 5774 766 5834 Psal.
818 5791 892 5846 tv,
927 5775 981 5830 9..
1031 5774 1050 5804 ⁸
1095 5774 1242 5831 Psal.
1280 5789 1399 5842 ext,
1431 5773 1483 5828 2.
1533 5775 1552 5807 ³
1614 5775 1771 5832 Joan.
1815 5793 1888 5847 vi,
1918 5778 2007 5847 55,
2035 5778 2123 5836 56.

2196 2051 2535 2122 subiungunt
2596 2051 2760 2107 etiam
2793 2060 2918 2123 post
2955 2052 3120 2107 verba
3190 2048 3406 2104 Domini
3472 2063 3669 2118 panem
3722 2059 3777 2102 et

2197 2145 2385 2198 vinum
2413 2143 2686 2213 proposita
2720 2157 2946 2199 munera
2999 2161 3031 2199 a
3078 2141 3254 2197 sacris
3308 2140 3417 2195 illis
3451 2139 3778 2194 doctoribus

2196 2233 2494 2297 nominari,
2533 2235 2680 2303 quod
2729 2251 2837 2289 non
2868 2233 3151 2289 videretur
3178 2247 3299 2288 esse
3359 2231 3675 2287 faciendum
3728 2229 3775 2284 si

2193 2324 2304 2396 jam
2336 2336 2654 2380 consecrata
2685 2325 2866 2381 forent
2900 2327 3032 2396 (non
3067 2325 3214 2381 enim
3244 2326 3358 2395 ja'm
3411 2323 3647 2394 amplius
3684 2338 3778 2392 pa-

2197 2419 2284 2473 nis
2312 2425 2367 2473 et
2401 2419 2613 2483 vinum,
2637 2419 2733 2474 sed
2756 2434 2956 2490 corpus
2985 2418 3296 2488 etsanguis
3326 2417 3568 2480 Domini,
3600 2427 3658 2472 et
3688 2432 3780 2471 es-

2198 2520 2322 2566 sent
2387 2520 2442 2565 et
2495 2512 2861 2581 dicerentur),
2891 2511 3067 2567 facilis
3097 2520 3182 2567 est
3230 2511 3299 2568 ad
3365 2526 3429 2566 ea
3467 2510 3774 2582 responsio.

2196 2600 2330 2668 Quis
2353 2602 2500 2657 enim
2536 2613 2698 2674 neget
2748 2617 2946 2659 verum
2977 2601 3185 2659 Christi
3217 2617 3420 2675 corpus
3446 2611 3502 2658 et
3547 2603 3776 2674 sangui-

2196 2711 2345 2764 nem,
2377 2706 2739 2768 rectepanem
2766 2707 2820 2753 et
2844 2698 3032 2753 vinum
3063 2697 3374 2769 nuncupari
3402 2713 3563 2769 posse
3581 2699 3775 2767 iNam,

2199 2797 2259 2843 ut
2289 2796 2613 2860 praeteream
2652 2789 2824 2844 multa
2864 2789 3232 2846 diversorum
3285 2789 3572 2845 doctorum
3613 2792 3774 2846 testi.

2197 2882 2400 2949 monia,
2433 2884 2529 2952 qui
2576 2882 2959 2938 indilferenter
2989 2883 3153 2938 etiam
3208 2892 3334 2953 post
3404 2886 3780 2941 consecratio-

2195 2992 2344 3044 nem,
2374 2977 2537 3034 modo
2563 2994 2765 3049 corpus
2793 2987 2849 3035 et
2879 2980 3200 3051 sanguinem
3232 2979 3455 3048 Christi,
3494 2980 3658 3036 modo
3682 2997 3778 3051 pa-

2195 3085 2318 3124 nem
2347 3079 2402 3125 et
2435 3071 2622 3125 vinum
2657 3070 2946 3127 nominant
2979 3070 3178 3142 (neque
3212 3070 3475 3127 enimest
3507 3072 3565 3126 in
3601 3085 3662 3127 re
3693 3071 3775 3126 l'a-

2191 3162 2284 3216 cili
2314 3164 2522 3218 diutius
2559 3164 3060 3235 commorandum),
3098 3178 3282 3220 nonne
3332 3164 3451 3235 ipse
3487 3163 3771 3232 Dominus,

2191 3270 2300 3325 quo
2332 3256 2516 3310 nullus
2545 3254 2650 3310 ﬁde
2681 3256 2898 3323 dignior
2924 3265 3028 3325 est,
3067 3256 3137 3312 de
3189 3272 3292 3312 suo
3325 3256 3626 3326 praisertiui
3656 3271 3778 3311 cor-

2192 3363 2326 3418 pore
2356 3348 2638 3418 loquente,
2682 3348 3060 3405 indiﬁ‘erenter
3099 3350 3264 3406 modo
3293 3352 3416 3418 hoc,
3453 3351 3617 3415 modo
3641 3353 3777 3407 illud

2192 3441 2480 3495 nominati
2516 3442 2617 3506 Qui
2656 3441 2959 3507 manducat,
2997 3441 3404 3512 inquinatum
3435 3461 3671 3513 carnem,
3722 3453 3777 3501 et

2194 3532 2320 3588 bibit
2354 3549 2528 3587 meum
2577 3535 2918 3605 sanguinem,
2973 3536 3127 3590 habet
3155 3536 3321 3591 vitam
3383 3545 3662 3593 trimum.
3706 3539 3780 3596 Et
3851 3540 3858 3544 ’

2195 3641 2410 3692 rursus,
2442 3625 2584 3680 Caro
2618 3643 2733 3681 mea
2773 3643 2890 3681 vero
2926 3636 3000 3680 est
3052 3629 3214 3696 cibus,
3273 3637 3328 3682 et
3380 3631 3599 3700 sanguis
3632 3648 3779 3690 meus

2193 3731 2312 3771 vere
2337 3725 2412 3770 est
2439 3728 2612 3786 potus.
2646 3718 2708 3770 Et
2739 3717 2978 3773 iterum:
3003 3715 3107 3783 Qui
3137 3718 3424 3773 manducat
3454 3736 3628 3775 meam
3652 3736 3778 3773 car-

2194 3826 2312 3864 nem
2348 3820 2395 3863 et
2433 3810 2557 3864 bibit
2592 3826 2765 3864 meum
2798 3812 3130 3880 sanguinem,
3171 3813 3227 3865 in
3259 3827 3340 3866 me
3370 3820 3549 3866 manet
3600 3822 3650 3867 et
3681 3828 3778 3884 ego

2191 3904 2246 3958 in
2281 3917 2339 3955 eo
2367 3901 2388 3933 ³
2419 3939 2438 3957 .
2461 3901 2605 3956 Alibi
2642 3917 2794 3967 vero,
2838 3902 2949 3973 Ego
3011 3921 3127 3958 sum
3161 3905 3317 3974 panis
3342 3907 3512 3974 ιυὶιω,
3573 3907 3773 3979 inquit.

2197 3996 2389 4054 Patres
2416 3999 2574 4052 uestri
2607 3997 3067 4054 manducaverunt
3109 4017 3312 4056 manna
3330 4002 3397 4055 .in
3420 4003 3679 4069 deserto,
3723 4017 3778 4060 et

2196 4091 2391 4144 mortui
2423 4100 2567 4146 sunt.
2596 4090 2712 4145 Hic
2742 4100 2818 4146 est
2848 4094 3006 4162 panis
3041 4096 3132 4165 qui
3151 4093 3220 4147 de
3244 4093 3375 4148 mlo
3394 4094 3692 4166 descendit,
3718 4108 3780 4153 ut

2195 4183 2284 4252 qui
2319 4199 2382 4237 ea:
2409 4199 2469 4237 eo
2496 4187 2754 4252 comedat,
2808 4200 2912 4238 non
2949 4187 3230 4240 moriatur.
3258 4184 3338 4241 Et
3360 4186 3471 4242 alio
3500 4189 3557 4243 in
3595 4189 3729 4247 loco:
3758 4210 3776 4246 :

2194 4275 2254 4331 Si
2283 4280 2395 4347 quis
2429 4277 2716 4331 mandarat
2750 4293 2813 4332 ea:
2839 4277 3123 4350 hoc'pane,
3150 4281 3285 4334 vivet
3316 4282 3371 4335 in
3403 4289 3679 4338 aiternum.
3711 4285 3780 4341 Et

2195 4385 2390 4425 rursus
2419 4385 2436 4426 :
2467 4368 2639 4424 Panis
2666 4386 2823 4441 quem
2849 4387 2942 4440 ego
2974 4372 3110 4426 dabo
3129 4416 3144 4439 ,
3176 4387 3305 4426 caro
3333 4388 3450 4427 mea
3482 4383 3578 4441 est,
3612 4392 3781 4447 quam

2120 4442 2166 4498 Ῐ)
2193 4478 2288 4533 ego
2310 4462 2446 4518 dabo
2472 4478 2566 4532 pro
2595 4465 2779 4517 mundi
2810 4465 2916 4518 vita
2954 4463 2999 4518 ⁸.
3050 4462 3396 4519 Manifestum
3442 4474 3527 4521 est
3584 4442 3777 4540 igitur,

2194 4554 2340 4624 quod
2373 4555 2569 4608 iterum
2615 4572 2775 4610 suum
2808 4571 3010 4624 corpus
3051 4570 3249 4625 panem
3307 4557 3557 4614 nominat
3607 4562 3776 4617 etiam

2195 4645 2478 4701 Dominus.
2512 4646 2618 4702 Sed
2653 4647 2721 4702 de
2749 4647 2845 4702 his
2879 4649 3014 4703 satis
3052 4665 3067 4715 ;
3103 4648 3350 4703 nunc.“
3388 4647 3449 4704 id
3509 4655 3654 4722 quod
3709 4653 3781 4710 de

2194 4737 2530 4793 Damasceno
2564 4740 2885 4808 opponitur,
2929 4742 3200 4797 venimus.

2270 4831 2415 4885 idem
2446 4833 2624 4901 inquit
2647 4830 2920 4885 Basilium
2978 4849 3205 4891 munera
3242 4838 3336 4894 illa
3364 4838 3777 4911 praﬁgurativa

2195 4923 2445 4991 corporis
2495 4930 2552 4976 et
2599 4924 2890 4992 sanguinis
2918 4924 3135 4982 Domini
3193 4943 3561 5000 nuncupasse,
3633 4932 3777 5000 quod

2194 5015 2440 5071 nondum
2494 5026 2814 5070 consecrata
2860 5026 3042 5082 eram,
3090 5030 3155 5074 et
3206 5031 3388 5078 tamen
3449 5025 3554 5077 hoc
3607 5025 3781 5079 verbo

2194 5123 2326 5162 usus
2353 5116 2435 5162 est
2462 5107 2696 5161 Basilius
2720 5110 2774 5163 in
2806 5111 3200 5179 compositione
3230 5115 3408 5169 missa:
3437 5130 3571 5180 suae,
3605 5119 3779 5173 multo

2193 5206 2314 5264 post
2342 5195 2508 5250 verba
2535 5195 2772 5251 Domini.
2804 5199 2883 5253 Ad
2911 5199 3025 5255 haec
3053 5204 3395 5272 responsuri,
3433 5206 3616 5275 primo
3656 5219 3777 5262 tau-

2190 5303 2353 5357 quam
2418 5288 2510 5342 lilii
2543 5305 2572 5343 a
2637 5300 2790 5360 patre
2832 5293 3044 5348 veniam
3102 5297 3401 5365 poscimus,
3441 5299 3487 5353 si
3556 5301 3776 5358 duobus

2187 5381 2482 5451 propositis
2514 5383 2706 5438 amicis
2735 5385 3095 5452 praeferamus
3125 5387 3431 5442 veritatem.
3463 5388 3674 5446 Dehine
3693 5393 3775 5445 di-

2186 5475 2364 5528 cimus
2387 5488 2731 5530 sacramenta
2755 5478 2922 5531 etiam
2949 5489 3239 5550 postquam
3263 5493 3584 5537 consecrata
3618 5495 3765 5550 sunt,

2183 5567 2408 5637 ﬁguram
2435 5579 2578 5631 esse,
2600 5577 2654 5621 et
2680 5566 2803 5622 ideo
2828 5570 2992 5623 etiam
3011 5571 3407 5642 praeﬁgurativa
3433 5573 3543 5626 veri
3571 5590 3770 5646 corpo-

2187 5660 2265 5716 ris
2297 5667 2352 5714 et
2381 5661 2666 5728 sanguinis
2693 5659 2899 5718 Christi
2927 5662 3033 5720 dici
3071 5677 3253 5736 posse,
3293 5663 3443 5735 quod
3478 5666 3646 5722 etiam
3675 5682 3767 5724 su-

2218 5772 2251 5811 "
2275 5777 2409 5834 ibid.
2457 5777 2647 5836 50-52.
