4062 6146
283 309 375 375 521

1267 311 1364 372 DE
1399 307 1904 372 SACRAMENTO
1944 306 2198 367 EUCHA
2212 306 2254 366 Β
2271 305 2514 379 lS'l‘LE.

3395 301 3512 364 ΜΩ

265 429 448 495 perius
484 424 842 482 ostendimus.
909 425 1198 490 Sensibilis
1237 428 1382 482 enim
1422 429 1575 496 panis
1617 437 1672 481 et
1715 425 1827 480 vini
1858 427 1907 490 Α
1936 423 2162 478 trarium
2195 420 2467 476 sentiebat
2506 415 2758 481 Basilius,
2790 430 2890 473 nec
2912 415 3128 471 veritus
3174 413 3558 486 Dionysilbet.

264 522 428 574 etiam
464 527 582 589 post
607 520 1075 574 consecrationem
1113 521 1320 590 species
1357 520 1541 590 ﬁguras
1583 520 1834 588 quaedam

269 624 323 669 et
351 615 747 683 praeﬁgurativa
798 614 874 668 uti
932 623 1084 674 sunt.
1116 614 1189 668 ita
1248 615 1412 669 etiam
1443 614 1550 668 dici
1587 620 1838 683 possunt,

272 719 382 761 tum
415 708 655 763 contenti
683 707 785 763 sub
809 709 892 763 eis
909 708 1022 762 veri
1050 706 1319 763 Dominici
1351 707 1597 776 corporis
1631 714 1686 761 et
1714 721 1842 760 san-

270 799 472 870 guinis,
510 808 620 855 tum
653 799 870 872 mystici
920 802 1165 870 corporis
1201 809 1258 854 et
1291 797 1678 854 ecclesiasticm
1715 797 1842 850 uni-

273 891 416 957 tatis,
456 892 630 962 ipsum
659 908 880 963 quoque
910 907 1108 962 corpus
1148 891 1360 962 mystici
1416 889 1666 959 corporis
1697 904 1845 959 sym-

274 983 456 1038 bolum
489 999 551 1040 ac
573 983 786 1053 signum
818 998 962 1049 esse,
1001 993 1058 1038 ut
1117 983 1276 1038 latius
1310 982 1472 1052 paulo
1498 989 1622 1035 ante
1672 978 1850 1033 disse-

275 1075 514 1131 ruimus.
550 1075 715 1131 Decet
769 1084 977 1141 tamen,
1005 1083 1066 1129 ut
1097 1083 1226 1128 tunc
1279 1087 1496 1143 quoque
1526 1068 1849 1125 memoravi-

271 1182 412 1230 mus,
437 1167 573 1223 'haec
604 1166 802 1222 debito
831 1166 1014 1233 modo,
1045 1175 1100 1223 et
1132 1183 1242 1221 non
1272 1167 1444 1220 instar
1474 1172 1849 1220 sacramento-

273 1276 392 1315 rum
417 1256 792 1331 veterislegis,
822 1276 944 1331 quae.
969 1268 1176 1316 tantum
1202 1259 1386 1329 ﬁgurae
1413 1256 1848 1328 sunt,accipere.

273 1351 428 1420 Quod
465 1354 628 1408 ctiam
669 1351 910 1425 Dionysii
971 1354 1289 1410 testimonio
1346 1351 1725 1415 conﬁrmatur,
1758 1347 1853 1418 qui

276 1455 688 1500 sacramentum
722 1445 827 1502 hoc
859 1446 1024 1501 etiam
1055 1456 1178 1514 post
1207 1445 1686 1500 consecrationem
1717 1442 1795 1512 (in
1820 1439 1856 1494 5

277 1537 664 1594 Ecclesiastica
694 1539 1006 1594 hiemi-chio:
1034 1537 1298 1608 capitulo)
1340 1536 1646 1609 symbolum
1680 1535 1854 1589 nomi-

273 1640 388 1688 nat.
419 1633 498 1687 lla
519 1633 663 1686 enim
687 1631 896 1701 inquit:
920 1629 1115 1686 Sacras
1135 1629 1346 1683 divinas
1375 1627 1721 1697 operationes
1744 1624 1860 1678 hie-

274 1727 478 1782 rarcha
538 1725 794 1788 laudans,
830 1735 1118 1780 consecrat
1176 1721 1541 1785 divinissima,
1573 1730 1628 1774 et
1687 1717 1860 1773 maui-

1947 515 2148 579 sancti,
2187 523 2243 570 et
2295 509 2551 584 martyris
2588 509 2998 574 auctoritatem,
3041 507 3137 578 qtti
3176 518 3366 563 contra
3408 508 3556 578 ejus-

1947 609 2262 679 0p3nionem
2286 606 2583 678 iudicaret,
2641 601 2986 670 diceretque,
3038 601 3105 655 ad
3131 599 3296 654 ﬁdem
3332 616 3400 654 ex
3453 615 3529 658 ea

1951 702 2144 757 haeresi
2214 700 2496 755 venientes
2552 695 2876 765 rebaptizari
2931 694 3165 758 debere,
3211 692 3357 764 quod
3417 707 3528 746 non

1952 803 2100 849 recte
2133 807 2307 862 neque
2344 790 2399 846 in
2431 789 2651 845 nomine
2679 788 2881 851 Patris,
2905 799 2960 841 et
2993 783 3136 850 Filii,
3192 796 3249 841 et
3282 784 3530 857 Spiritus

1953 884 2124 942 sancti
2156 895 2337 940 essent
2372 884 2652 953 baptizati.
2707 881 2772 936 Et
2811 882 2971 934 nobis
3023 878 3189 948 igitur
3219 875 3531 931 mirandum

1954 989 2058 1042 est,
2084 976 2363 1047 quomodo
2397 976 2598 1030 dixerit
2625 976 2729 1029 hoc
2759 974 3148 1027 Damascenus.
3175 970 3281 1026 Sed
3333 969 3531 1034 memi-

1957 1072 2108 1127 nisse
2137 1077 2381 1151 oportet,
2414 1068 2695 1123 hominem
2730 1081 2858 1120 eum
2890 1063 3087 1128 luisse,
3122 1061 3373 1132 quamvis
3399 1063 3539 1116 mira

1958 1165 2250 1220 sanctitate
2289 1163 2602 1234 praeditum.
2634 1172 2687 1217 et
2716 1161 2833 1216 ﬁeri
2859 1158 3154 1229 aliquando
3175 1159 3440 1229 potuisse.
3479 1165 3549 1210 ut:

1960 1275 2064 1330 pro
2099 1255 2472 1314 imbecillitate
2501 1253 2726 1310 immani
2759 1251 2959 1323 ingenii
2992 1265 3100 1305 non
3138 1256 3289 1306 recte
3324 1245 3547 1317 aliquid

1962 1352 2230 1415 senserit;
2261 1366 2360 1405 nos
2389 1364 2520 1404 vero
2552 1362 2660 1402 non
2689 1361 2755 1402 ex
2783 1347 2850 1401 iis
2881 1344 3158 1414 velipsum
3191 1343 3276 1397 vel
3314 1341 3451 1398 alios
3474 1341 3545 1397 de

1963 1445 2070 1500 illis
2097 1458 2220 1513 qua!
2255 1442 2430 1513 palam
2456 1451 2620 1510 atque
2649 1438 2988 1494 unanimiter
3015 1434 3386 1513 tradiderunt,
3448 1432 3553 1508 sed

1965 1536 2151 1606 potius
2189 1550 2258 1589 ex
2317 1533 2387 1589 iis
2418 1533 2533 1588 haec
2559 1532 2876 1586 discernere
2934 1544 2997 1584 ac
3023 1527 3277 1600 judicare
3316 1510 3542 1580 debere.

1968 1627 2237 1684 Fortassis
2268 1639 2478 1692 autem,
2505 1624 2652 1695 quod
2693 1622 3039 1695 impossibile
3061 1637 3169 1675 non
3196 1629 3305 1682 est,
3329 1618 3558 1698 diceres.

1968 1722 2264 1792 quispiam,
2311 1719 2478 1775 verba
2531 1717 2621 1773 illa
2655 1716 2866 1781 Basilii,
2899 1714 3104 1785 quibus
3167 1712 3283 1767 haec
3317 1725 3568 1766 munera.

273 1819 438 1875 restat
469 1817 826 1888 quaelautlata
851 1826 1002 1878 sunt.
1038 1831 1135 1886 per
1157 1812 1402 1888 symbola
1432 1823 1621 1879 sancte
1647 1825 1846 1884 propo—
1880 1800 1924 1860 Β
1965 1816 2365 1886 pnetlgurativa
2405 1811 2732 1876 nominavit,
2758 1821 3002 1880 tempore
3028 1806 3567 1864 Damascenilocum.

269 1913 394 1967 sita.
433 1911 501 1966 Et
531 1909 710 1964 iul'ra:
743 1909 950 1977 Populo
977 1907 1198 1980 quidem
1224 1907 1408 1962 divina
1469 1905 1651 1961 solum
1691 1919 1836 1975 sym-

271 2001 393 2058 boia
429 2003 698 2059 intuente.
727 2001 791 2055 Et
818 2015 1047 2056 rursus:
1079 1999 1139 2054 in
1171 2013 1380 2053 sacram
1413 1997 1731 2052 memoriam
1758 2009 1856 2050 nos

270 2097 424 2152 ducit
459 2094 657 2149 divina:
688 2107 855 2148 coena:
888 2133 903 2159 ,
931 2107 1052 2162 quae
1080 2090 1382 2162 principale
1417 2091 1724 2163 symbolum
1755 2089 1860 2147 fuit

273 2202 464 2252 rerum
489 2201 610 2258 qua:
639 2187 692 2241 in
718 2185 875 2241 altari
908 2183 1067 2239 ﬁunt.
1093 2183 1248 2239 Unde
1267 2193 1321 2240 et
1349 2182 1462 2253 ipse
1484 2180 1855 2254 symbolarum

279 2291 504 2339 creator
535 2280 748 2349 optimo
792 2277 916 2345 jure
961 2292 1086 2330 eum
1117 2275 1356 2344 repellit,
1412 2276 1506 2344 qui
1564 2290 1675 2329 non
1732 2289 1857 2329 san—

280 2380 365 2428 ets
400 2387 582 2441 neque
609 2371 774 2427 simili
809 2369 971 2425 modo
1001 2383 1123 2423 cum
1148 2384 1214 2423 eo
1246 2383 1398 2422 sacra
1423 2369 1511 2423 illa
1538 2368 1858 2424 cmnaverit.

276 2465 413 2522 Cum
439 2465 612 2536 igitur
639 2477 793 2518 sacra
824 2463 913 2516 illa
947 2475 1176 2515 munera
1211 2460 1375 2514 etiam
1411 2469 1532 2528 post
1564 2473 1861 2515 consecra-

279 2561 486 2615 tionem
547 2555 797 2628 symbola
869 2556 1139 2615 nominet,
1208 2559 1629 2622 creatoremque
1661 2565 1862 2606 eorum

278 2669 398 2724 qua:
455 2667 603 2706 nunc
647 2649 897 2720 quatidie
945 2647 999 2701 in
1032 2645 1283 2700 ecclesiis
1344 2645 1500 2708 ﬁunt,
1563 2643 1865 2720 principale

283 2746 617 2819 symbolum,
653 2744 801 2799 illam
831 2745 1285 2797 sacramentalem
1310 2752 1524 2794 coenam
1557 2750 1867 2796 sacramen-

284 2851 464 2896 torum
508 2839 562 2894 in
615 2853 683 2895 eo
710 2837 1181 2901 distributionem,
1240 2834 1534 2904 ipsumque
1569 2830 1865 2886 Dominum

285 2933 659 3005 symbolarum
682 2943 989 2988 creatorem
1028 2931 1290 3002 appellet,
1365 2945 1555 2985 eorum
1612 2926 1870 2990 videlicet

284 3043 405 3097 qua
431 3037 548 3082 tum
577 3028 806 3092 creavit,
827 3025 940 3079 haec
967 3039 1100 3078 vero
1131 3024 1356 3078 luerunt
1385 3011 1593 3098 proprii
1622 3020 1871 3091 corporis

287 3119 656 3187 consecratio,
683 3119 1029 3184 distributio,
1063 3118 1306 3180 traditio,
1339 3134 1436 3169 cur
1471 3131 1582 3170 non
1613 3115 1776 3170 etiam
1811 3112 1870 3167 ﬁ-

287 3231 476 3286 guram
495 3217 1007 3294 convenientissime
1041 3223 1197 3270 vocet
1214 3214 1235 3266 ?
1252 3211 1415 3282 Atqui
1449 3213 1593 3283 quod
1615 3223 1717 3265 nec
1742 3217 1899 3280 prae-'

287 3311 560 3383 ﬁgurativi
592 3311 817 3381 quidem
871 3306 1202 3364 vocabulum
1230 3303 1598 3360 vero'Christi
1644 3301 1863 3372 corpori

293 3405 664 3476 sanguinique
696 3402 1016 3467 conveniat,
1042 3396 1206 3456 idem
1247 3399 1620 3454 Damascenus
1647 3405 1880 3452 testatur

290 3500 341 3554 in
370 3497 568 3554 eodem
590 3494 849 3566 capitulo,
869 3493 943 3548 ita
967 3491 1157 3547 dicens
1183 3489 1628 3560 :Prteﬁgurattva
1658 3487 1869 3542 futuro-

289 3607 407 3647 rum
437 3591 733 3654 dicuntur;
757 3599 947 3642 verum
966 3599 1167 3655 corpus
1191 3592 1245 3639 et
1263 3582 1483 3653 sanguis
1505 3579 1732 3642 Christi,
1760 3596 1870 3635 non

294 3686 422 3758 quia
448 3700 561 3740 non
595 3682 737 3738 ﬁunt
768 3696 960 3737 verum
991 3694 1195 3750 corpus
1223 3686 1279 3733 et
1333 3677 1578 3746 sanguis,
1617 3675 1710 3729 sed
1750 3674 1876 3746 quia

299 3794 446 3834 nunc
466 3777 686 3849 quidem
717 3790 817 3847 per
850 3789 912 3830 ea
947 3774 1244 3846 participes
1288 3771 1556 3828 eﬁicimur
1576 3767 1880 3823 divinitatis

301 3872 529 3939 Christi,
573 3882 704 3926 tunc
733 3883 865 3925 vero
889 3884 988 3940 per
1012 3866 1183 3922 solam
1226 3865 1491 3920 visionem
1521 3859 1881 3932 intelligibili-

301 3975 400 4022 ter.
436 3965 556 4021 Hoc
579 3963 722 4019 idem
754 3963 1004 4034 apertius
1055 3958 1387 4016 conﬁrmare
1417 3957 1636 4010 videtur
1686 3954 1881 4009 beatus

296 4057 614 4130 Gregorius,
647 4056 772 4115 ideo
806 4054 1064 4127 inquiens
1123 4053 1242 4109 haec
1282 4050 1558 4107 nominari
1593 4059 1595 4061 ‘
1624 4048 1878 4119 ﬁguram,

303 4155 430 4224 quia
460 4167 696 4223 corpore
729 4159 786 4206 et
811 4149 1076 4219 sanguine
1131 4143 1344 4199 Domini
1401 4155 1548 4196 nunc
1594 4137 1881 4208 participa-

303 4263 423 4316 tuus
451 4249 509 4302 in
533 4247 702 4317 ﬁgura
732 4244 892 4316 panis
953 4251 1008 4296 et
1047 4238 1182 4303 vini,
1221 4247 1351 4293 tunc
1410 4250 1542 4291 vero
1562 4247 1687 4290 eum
1717 4231 1879 4286 talem

302 4343 484 4416 qualis
507 4355 638 4397 vere
677 4346 784 4406 est,
811 4332 1266 4392 manifestissima
1299 4329 1512 4385 visione
1541 4323 1882 4396 contempla-

305 4437 507 4492 bimur.
530 4431 901 4500 Quamobrem
923 4443 1031 4484 non
1067 4425 1235 4482 video
1261 4423 1392 4495 quid
1423 4421 1643 4478 tandem
1687 4417 1882 4475 formi-

1970 1918 2097 1964 ante
2123 1908 2291 1970 verba
2323 1905 2540 1960 Domini
2577 1903 2630 1957 in
2662 1904 2826 1957 missa
2852 1901 3036 1958 Basilii
3070 1899 3355 1965 habuisse,
3395 1898 3550 1969 ideo-

1971 2017 2081 2074 que
2131 2016 2197 2059 eo
2257 1999 2420 2054 modo
2457 2007 2512 2053 et
2568 2006 2716 2052 recte
2745 1995 3066 2066 exposuisse
3112 1993 3549 2067 Damascenum:

1962 2079 2130 2150 'uuuc
2162 2107 2294 2148 vero
2322 2093 2507 2146 nescio
2533 2089 2808 2161 quomodo
2846 2103 2910 2142 ea
2950 2085 3113 2142 verba
3162 2083 3328 2139 fuisse
3374 2094 3555 2138 trans-

1965 2186 2163 2256 posita.
2239 2183 2407 2238 Multa
2445 2184 2589 2237 enim
2629 2180 2755 2237 huic
2773 2180 2974 2235 similia
3007 2186 3116 2234 tam
3149 2179 3312 2253 longo
3337 2187 3553 2246 tempo-

1971 2294 2094 2332 rum
2123 2279 2411 2333 intervallo
2449 2275 2786 2331 acciderunt.
2809 2272 3092 2344 Siquidem
3124 2270 3266 2342 apud
3309 2271 3550 2338 Aposto-

1968 2371 2079 2424 lutn
2143 2370 2228 2424 bis
2303 2368 2389 2422 illa
2445 2366 2610 2423 verba
2674 2367 2849 2437 posita
2900 2375 3030 2420 sunt
3074 2379 3090 2416 :
3128 2363 3238 2418 Hoc
3279 2362 3434 2432 facite
3494 2363 3551 2435 in

1968 2479 2141 2517 meam
2163 2462 2734 2516 commemorationem.
2757 2458 2904 2513 Idem
2939 2467 3061 2527 post
3085 2474 3097 2511 :
3135 2456 3246 2511 Hoc
3265 2466 3338 2509 est
3362 2470 3551 2525 corpus

1969 2553 2250 2622 meum.Et
2286 2563 2434 2624 post,
2470 2553 2568 2608 llic
2616 2560 2690 2607 est
2752 2552 2985 2623 sanguis
3024 2565 3191 2604 meus.
3238 2547 3350 2620 Nos
3424 2561 3555 2622 vero

1969 2649 2136 2705 semel
2168 2656 2375 2702 tantum
2414 2648 2468 2700 in
2503 2659 2658 2702 sacra
2689 2642 3110 2701 consecratione
3142 2641 3247 2696 hoc
3295 2640 3578 2696 dicimus.“

1973 2740 2238 2794 Praeterea
2269 2753 2453 2793 sacras
2487 2735 2804 2807 particulas,
2841 2734 2944 2789 hoc
2981 2741 3067 2788 est
3096 2747 3247 2788 sacre
3279 2730 3556 2786 dormien:

1973 2834 2109 2888 tium
2137 2830 2476 2894 memoriam,
2510 2829 2684 2883 multo
2725 2834 2851 2901 ante
2894 2825 3108 2880 Domini
3169 2825 3331 2880 verba
3402 2824 3576 2894 juxta,

1973 2925 2228 2982 eumdem
2261 2923 2573 2995 Dionysium
2613 2921 2791 2976 facere
2817 2919 3104 2984 solebant;
3141 2933 3244 2974 nus
3295 2932 3425 2972 vero
3452 2918 3557 2971 huc

1979 3020 2148 3075 multo
2178 3026 2320 3087 post,
2382 3025 2590 3070 mutato
2611 3015 2797 3069 nescio
2830 3012 3107 3082 quomodo
3133 3010 3347 3074 ordine,
3376 3010 3577 3066 facere-

1982 3113 2391 3166 consuevimus.
2452 3107 2670 3162 Minime
2710 3107 2878 3177 igitur
2931 3103 3242 3159 mirandum
3298 3112 3464 3164 esset,
3512 3103 3555 3154 si

1985 3207 2095 3260 hoc
2119 3200 2881 3274 praﬁghrativivocabulum,
2922 3196 3238 3252 Damasccni
3311 3204 3575 3264 tempore

1980 3308 2106 3354 ante
2140 3295 2417 3350 Dominica
2454 3294 2618 3349 verba
2643 3293 2903 3358 locatum,
2938 3290 3140 3345 dehinc
3165 3303 3194 3344 a
3236 3287 3560 3343 recentiori-

1983 3392 2084 3446 bus
2113 3405 2179 3446 eo
2208 3405 2316 3459 quo
2337 3403 2486 3443 nunc
2515 3388 2710 3457 legitur
2743 3386 2864 3441 loco
2904 3394 3174 3439 mutatum
3203 3397 3268 3437 ac
3318 3380 3558 3460 positum

1984 3485 2200 3541 luisset.
2235 3481 2332 3538 His
2359 3484 2431 3537 ita
2454 3480 2739 3551 expositis,
2769 3487 3024 3549 superest
3070 3485 3129 3532 ut
3154 3475 3222 3531 ad
3248 3491 3307 3529 ea
3338 3473 3559 3551 tandem

1982 3593 2104 3648 quae
2127 3578 2193 3630 de
2226 3583 2417 3630 sancto
2433 3548 2691 3645 Dionysio
2727 3572 2793 3626 ah
2815 3548 3146 3626 adversariis
3167 3568 3236 3624 ob
3241 3566 3333 3637 jici
3357 3548 3557 3624 solent.

1994 3669 2449 3739 respondeamus.
2477 3666 2654 3722 Verba
2684 3663 2950 3736 ejusth
2982 3671 3112 3719 sunt
3137 3678 3152 3716 :
3183 3660 3314 3716 Inde
3339 3659 3563 3714 divinus

1984 3763 2277 3818 hierarcha
2311 3761 2579 3817 accedens
2632 3761 2699 3814 ad
2725 3772 2942 3813 sacrum
2975 3755 3173 3828 altare,
3208 3754 3396 3809 laudat
3425 3767 3564 3821 prte-

1986 3854 2160 3908 dictas
2199 3867 2384 3907 sacras
2416 3850 2768 3919 operationes
2807 3848 2926 3912 Dei,
2969 3845 3154 3920 ipsius.
3190 3844 3320 3903 lesu
3371 3841 3555 3912 provi-

1983 3945 2208 4011 dentiae,
2243 3959 2380 4014 quas
2410 3958 2512 4013 pro
2539 3943 2714 3997 salute
2752 3940 2969 4010 generis
3000 3937 3194 4001 nostri,
3223 3934 3563 4005 beneplacito

1982 4037 2312 4094 sanctissimi
2334 4037 2531 4101 Patris,
2549 4035 2604 4088 in
2619 4032 2827 4103 Spiritu
2849 4039 3062 4094 sancto,
3083 4025 3384 4083 secundum
3397 4039 3567 4078 evan-

1982 4132 2154 4204 gelica
2183 4128 2348 4184 verba
2373 4135 2632 4198 operatus
2646 4135 2747 4180 est.
2776 4124 3076 4193 Postquam
3097 4116 3565 4177 autemlaudavit,

1982 4233 2038 4280 et
2069 4222 2438 4278 venemndam
2498 4217 3037 4286 intellectualemque
3098 4227 3228 4281 spec
3254 4211 3561 4264 ulationcm

1983 4333 2176 4374 eorum
2210 4311 2672 4371 intellectualibus
2698 4309 2875 4365 oculis
2920 4307 3218 4378 perspexit,
3245 4304 3310 4358 ad
3348 4301 3569 4382 symbo-

1983 4412 2148 4467 licam
2180 4423 2375 4465 eorum
2400 4404 2875 4462 consecrationem
2929 4401 3101 4466 venit,
3129 4409 3183 4454 et
3215 4401 3321 4453 hoc
3367 4397 3569 4451 secun-

308 4487 860 4589 dansDa-inascenus,
893 4487 1293 4594 praaﬁgurativi
1315 4516 1644 4572 vocabulum
1689 4528 1887 4568 renue-
1919 4509 1963 4566 D
1994 4506 2158 4560 dum~
2183 4501 2537 4559 traditionem
2590 4497 2855 4594 divinam.
2892 4492 3046 4549 Unde
3071 4491 3289 4594 devote.
3322 4487 3568 4594 simulet

313 4622 407 4685 rit.
436 4621 672 4690 ideoque
704 4616 779 4672 ita
810 4628 1088 4687 exponere
1147 4613 1218 4668 sit
1243 4620 1493 4675 conatus,
1525 4621 1650 4664 cum
1698 4604 1882 4678 possi-

315 4714 422 4771 bile
466 4713 558 4778 sit,
589 4719 698 4768 tam
721 4725 788 4766 ex
852 4707 1028 4779 ipsius
1051 4720 1222 4778 quam
1255 4718 1322 4759 ex
1352 4711 1673 4758 caeterorum
1696 4699 1884 4754 docto-

312 4824 433 4866 rum
467 4805 761 4872 sententia,
781 4816 976 4858 verum
1013 4799 1180 4855 etiam
1214 4810 1415 4865 corpus
1448 4804 1504 4850 et
1534 4792 1879 4863 sanguinem,

311 4901 423 4958 sive
451 4899 711 4971 ﬁguram,
761 4896 877 4950 sive
906 4892 1310 4965 pratﬁgurativa
1371 4888 1684 4943 nominare;
1735 4887 1887 4942 Licet

311 4995 478 5065 Igitur
514 4989 678 5047 nobis
697 4988 805 5042 hoc
823 4987 943 5041 loco
969 4985 1179 5049 dicere,
1210 4981 1354 5051 quod
1389 4988 1613 5036 sanctus
1646 4978 1885 5034 Basilius

1985 4595 2328 4652 hierarchice
2355 4599 2474 4663 post
2515 4589 2706 4647 laudes
2744 4587 3053 4644 divinarum
3085 4583 3465 4654 operationum
3499 4579 3586 4635 de-

1984 4689 2394 4748 consecratione
2414 4699 2630 4747 eorum,
2644 4680 2960 4752 respondet,
2981 4677 3054 4732 Tu
3076 4676 3277 4738 dixisti.
3295 4673 3584 4744 inquiens,

1988 4782 2102 4838 Hoc
2134 4780 2289 4852 facile
2331 4781 2386 4834 in
2432 4793 2602 4833 meum
2640 4773 3209 4832 commemorationem.
3227 4766 3432 4823 Deinde
3470 4781 3568 4835 p0-

1985 4877 2198 4932 stulans
2244 4884 2302 4928 ut
2358 4873 2557 4943 dignus
2619 4868 2715 4924 ﬁat
2763 4869 2867 4922 hac
2921 4863 3360 4925 consecratione,
3399 4870 3454 4913 et
3502 4862 3568 4911 ad

1988 4967 2407 5024 similitudinem
2444 4963 2650 5020 Christi
2693 4962 2809 5016 hazc
2831 4959 3014 5013 divina
3056 4956 3326 5026 perlicere
3370 4953 3569 5008 valeat.

1991 5078 2042 5120 et
2083 5076 2232 5119 caste
2265 5061 2624 5124 distribuere,
2652 5063 2938 5114 consecrat
2971 5049 3339 5113 divinissima,
3377 5056 3576 5102 etma-

315 5087 379 5140 ad
401 5080 851 5154 Amphilochium
871 5077 1123 5134 scribens
1143 5074 1507 5138 lconiensem,
1535 5075 1600 5127 de
1627 5070 1886 5144 Dionysio

318 5177 690 5234 Alexandrino
720 5183 955 5245 martyre
989 5169 1189 5240 inquit.
1231 5169 1365 5225 Nam
1422 5182 1547 5222 cum
1571 5166 1890 5236 loqueretur

321 5271 388 5326 de
412 5271 502 5326 his
521 5270 614 5338 qui
647 5263 1027 5337 rebaptizandi
1062 5274 1212 5329 sunt,
1247 5261 1720 5331 Pepusianosque,
1755 5273 1891 5312 con-

324 5375 402 5420 tra
477 5361 720 5433 Dionysii
749 5359 1102 5422 sententiam,
1141 5354 1562 5426 rebaptizandos
1594 5359 1886 5408 censeret:

328 5457 516 5522 Miror,
554 5455 757 5524 inquit,
792 5451 1070 5524 quomodo
1121 5450 1225 5505 hoc
1263 5448 1490 5504 latuerit
1548 5446 1889 5516 Dionysium,

324 5551 569 5622 quamvis
605 5564 874 5605 canonum
909 5547 1156 5603 omnium
1216 5540 1695 5606 expertissimum.
1735 5537 1894 5592 Vole-

329 5644 418 5700 bat
447 5659 579 5699 sane
619 5641 931 5711 Dionysius,
961 5650 1270 5710 quanquam
1305 5644 1546 5693 sanctus.
1610 5632 1717 5684 imo
1762 5642 1896 5682 vero

332 5738 494 5791 etiam
531 5743 759 5806 martyr,
793 5747 890 5788 eos
919 5734 1015 5802 qui
1045 5746 1112 5786 ex
1144 5727 1577 5798 Pepusianorum
1610 5722 1802 5778 haeresi
1827 5719 1895 5775 ad

332 5826 485 5883 ﬁdem
533 5826 806 5890 venirent.
843 5839 952 5879 non
986 5822 1191 5878 debere
1219 5817 1501 5892 baptizari.
1563 5813 1733 5887 Cujus
1760 5828 1893 5869 con-

1993 5158 2218 5214 nifestat
2251 5155 2467 5210 laudata
2496 5167 2595 5223 per
2623 5148 2868 5222 symbola
2910 5153 3099 5201 sancte
3149 5142 3457 5213 preposita.
3492 5138 3576 5193 A~d

1996 5255 2108 5309 haec
2138 5250 2378 5322 Dionysii
2413 5247 2599 5308 verba,
2623 5257 2938 5315 quanquam
2959 5238 3199 5295 dililcilis
3217 5237 3334 5291 l'ore
3354 5249 3581 5303 respon-

1996 5349 2078 5402 sio
2113 5346 2391 5408 videatur,
2424 5340 2566 5411 apud
2603 5355 2699 5394 eos
2727 5335 3031 5409 praesertim
3076 5330 3170 5402 qui
3205 5324 3579 5384 contentionis

1997 5437 2314 5508 cupidiores
2338 5443 2468 5489 sunt
2506 5448 2669 5504 quam
2700 5429 2970 5492 veritatis,
3011 5426 3245 5481 dicimus
3274 5431 3456 5478 tamen
3519 5427 3578 5473 et

2000 5533 2235 5602 ingenue
2267 5535 2595 5583 altestamur
2616 5567 2630 5590 ,
2663 5525 2806 5596 apud
2848 5522 3049 5592 probas
3082 5529 3138 5574 et
3166 5519 3389 5574 devotas
3415 5529 3578 5572 aures

2000 5623 2135 5678 nihil
2169 5622 2220 5675 in
2264 5622 2348 5674 his
2380 5634 2502 5674 esse
2537 5616 2681 5692 quod
2719 5617 2786 5673 iis
2820 5631 2941 5685 qua:
2981 5627 3147 5682 supra
3201 5609 3441 5664 diximus
3478 5604 3576 5661 ad-

2002 5723 2271 5772 versetur.
2301 5711 2443 5779 Quid
2499 5712 2669 5774 enim,
2700 5724 2734 5764 o
2800 5710 2940 5765 bone
2977 5707 3129 5772 Jesu,
3174 5703 3399 5767 clarius,
3444 5695 3590 5767 quid.

2002 5806 2268 5883 apertius,
2303 5805 2434 5878 quid
2492 5801 2832 5859 manifestius
2866 5800 3097 5861 inveniri
3148 5809 3344 5866 potest,
3408 5808 3591 5865 qnam-
