4140 6140
496 248 523 289 κ

493 247 602 313 523
1462 249 1967 313 BESSARIONIS
2004 250 2061 313 S.
2106 248 2178 315 Β.
2220 250 2292 313 Ε.
2336 250 2806 316 CARDINALIS

3646 244 3747 311 524

496 357 661 415 verba
693 366 1007 415 sanctorum
1039 359 1351 428 doctorum,
1385 364 1455 420 de
1489 364 1690 436 quibus
1734 381 1897 436 supra
1928 380 2079 420 men-
2104 366 2148 425 Α
2180 374 2534 433 peccatorum.
2566 366 2955 432 Quamobrem,
2977 365 3128 437 juxta
3164 362 3327 436 huius
3354 361 3601 418 doctoris
3627 375 3749 416 sen-

490 451 696 507 tinncm
728 452 986 517 fecimus,
1023 456 1187 510 verba
1250 456 1463 513 Domini
1513 469 1727 513 mutare
1754 469 1949 529 panem
2007 458 2063 513 in

489 560 714 614 Corpus,
754 547 846 602 ilia
877 558 1281 604 sacramentum
1316 551 1524 623 integre
1559 551 1845 621 perlicere,
1894 553 2065 608 verbo

485 634 581 691 Dei
614 652 808 708 panem
838 639 1190 704 sanctificari.
1249 658 1443 713 panem
1482 644 1535 698 in
1571 660 1770 714 corpus
1802 660 1897 714 per
1945 659 2068 697 ver-

406 744 407 747 ‘
491 730 620 783 hum
657 733 882 798 mutari,
943 741 1073 787 ante
1103 735 1269 789 verba
1320 746 1517 805 panem
1564 736 1889 806 simpliciter
1942 753 2066 792 esse

491 838 690 876 munus
722 824 865 893 quod
928 826 1178 887 oﬂ‘ertur.
1212 839 1333 897 post
1365 830 1528 884 verba
1586 845 1708 883 mox
1763 829 1816 883 in
1868 841 2067 899 corpus

490 912 709 977 mutari,
753 914 967 983 aliaque
1002 915 1355 987 huiusmodi?
1410 921 1452 973 Α
1510 919 1713 989 quibus
1766 921 2064 990 quomodo,

489 1019 675 1073 qureso
700 1012 774 1070 te,
808 1006 1127 1065 dissentiret
1156 1010 1797 1082 Dionysius,’prmsertim
1818 1013 2065 1068 dot-trina

487 1108 541 1151 et
576 1098 847 1168 sapientia
879 1117 942 1155 ac
990 1103 1115 1158 vita:
1147 1104 1435 1159 sanctitate
1465 1106 1765 1174 aequalibus
1790 1115 1954 1177 atque
1985 1110 2065 1163 si-

491 1193 769 1248 millimis?
792 1195 1049 1252 Profecto
1078 1212 1241 1253 nemo
1268 1198 1371 1253 hoc
1398 1200 1592 1254 mentis
1621 1214 1843 1271 compos
1892 1200 2067 1257 fatea-

491 1297 603 1341 tur.
640 1288 738 1342 Est
775 1298 957 1343 autem
996 1291 1142 1359 quod
1180 1291 1473 1363 Dionysius
1502 1293 1701 1363 inquit,
1724 1294 1829 1349 tale
1858 1295 2066 1366 aliquid

488 1379 653 1447 quale
673 1381 932 1448 superius
971 1381 1229 1438 diximus.
1264 1383 1417 1450 Quod
1455 1400 1578 1440 cum
1622 1401 1790 1456 opera
1824 1389 1877 1440 in
1911 1402 2069 1443 crea-

493 1479 611 1524 tura
651 1472 819 1526 totius
850 1473 1137 1531 Trinitatis
1154 1477 1464 1532 communia
1490 1479 1619 1543 sint,
1661 1490 1719 1532 ut
1755 1480 1855 1535 hoc
1886 1480 2067 1534 omni-

491 1563 597 1617 bus
634 1566 806 1633 palam
831 1564 943 1631 ﬁat,
972 1582 1152 1637 operae
1187 1569 1421 1639 pretium
1454 1580 1539 1625 est
1569 1578 1737 1626 totam
1797 1587 1900 1626 nos
1943 1572 2070 1625 Tri—

493 1653 718 1711 nitatem
766 1659 1053 1716 invocare.
1083 1660 1239 1729 Quod
1276 1676 1400 1718 cum
1432 1663 1595 1719 simul
1642 1674 1698 1721 et
1730 1666 1936 1735 absque
1979 1666 2063 1720 in-

494 1749 723 1803 tervallo
751 1753 1017 1823 temporis
1050 1753 1169 1809 ﬁeri
1216 1771 1325 1811 non
1357 1758 1550 1825 possit,
1584 1773 1706 1812 cum
1764 1760 2065 1828 praesertim

477 1847 745 1908 -oporteat
770 1857 987 1899 omnem
1024 1844 1243 1901 illorum
1274 1861 1394 1918 quae
1418 1864 1479 1905 ea
1516 1858 1676 1905 nocte
1728 1858 1877 1920 gesta
1942 1863 2071 1907 sunt

491 1933 785 1990 historiam
846 1951 1130 1999 enarrare.
1174 1953 1417 1996 necesse
1470 1949 1553 1996 est
1620 1958 1720 1997 nos
1748 1958 1918 1999 unum
1946 1955 2072 2013 post

492 2028 664 2092 aliud,
701 2029 1002 2086 secundum
1032 2032 1140 2085 vim
1178 2040 1231 2086 et
1266 2045 1512 2092 naturam
1572 2051 1770 2095 neatrre
1827 2055 2069 2109 pronun-

494 2119 755 2186 tiationis,
781 2122 1076 2191 exponere.
1125 2124 1199 2179 fta
1245 2140 1373 2197 ergo
1424 2136 1543 2197 post
1573 2129 1737 2183 verba
1790 2129 2072 2185 Dominicn

494 2210 716 2283 (quibus
746 2217 899 2287 juxta
935 2217 1384 2287 Chrysostomum
1414 2220 1626 2291 integre
1663 2221 1946 2289 perficitur
1982 2239 2069 2279 sa-

492 2321 833 2365 cramentum
867 2326 928 2367 ac
963 2312 1233 2381 proposita
1270 2322 1730 2379 transmutantur,
1782 2316 2070 2387 quibusve,

496 2416 556 2459 nt
604 2404 903 2475 Gregorlus
930 2401 1207 2479 Nysscnus
1241 2413 1338 2470 ait.
1364 2474 1374 2492 ι
1398 2409 1774 2464 sanctificatnr
1812 2399 1988 2480 panis,
2017 2411 2070 2466 iu

493 2514 803 2570 corpusque
841 2497 1186 2573 transfertur)
1224 2500 1440 2558 Patrem
1478 2518 1541 2558 ac
1574 2502 1840 2574 Spiritum
1893 2505 2072 2575 palam

494 2607 659 2666 atque
681 2605 869 2664 aperte
900 2598 1239 2654 invocamus.
1277 2598 1424 2653 lianc
1456 2615 1585 2655 vero
1616 2600 1961 2657 manifestam
1990 2601 2076 2657 in-

494 2688 837 2743 vocationem
898 2698 1155 2760 tanquam
1187 2692 1523 2748 multitudini
1581 2693 1855 2748 notiorem
1913 2694 2078 2750 tradit

498 2782 692 2838 beatus
721 2782 1037 2855 Dionysius,
1062 2799 1186 2839 cum
1214 2786 1555 2841 sacerdotem
1606 2788 1759 2855 dicit,
1789 2795 2076 2859 postquam

500 2888 601 2946 pro
627 2890 685 2931 se
711 2876 1027 2945 respondit,
1051 2878 1240 2934 dicens
1265 2924 1279 2945 ,
1320 2880 1392 2934 Tu
1437 2882 1640 2947 dixisti,
1680 2881 1787 2935 Hoc
1838 2882 1997 2950 facite
2023 2884 2077 2937 in

500 2984 671 3023 meam
700 2973 1277 3037 commemorationem,
1346 2982 1475 3030 tunc
1502 2975 1721 3031 demum
1761 2976 1828 3031 ad
1886 2992 2081 3032 conse-

2171 459 2424 528 tentiam,
2448 461 2559 532 jam
2588 459 2892 532 perfectum
2919 469 3003 516 est
3034 460 3459 523 saeramentum,
3512 468 3639 512 cum
3669 450 3751 508 di-

2171 551 2349 613 cimus
2436 550 2813 609 remissionem
2884 554 3233 622 peccatorum
3294 549 3458 604 nobis
3531 544 3748 617 praebe-

2183 646 2255 701 ri.
2293 642 2537 702 Dicimus
2591 653 2773 700 autem
2841 643 2947 700 hoc
3000 644 3186 700 subito
3236 652 3359 715 post
3412 640 3581 696 verba
3636 637 3747 694 Do-

2171 738 2351 806 mini,
2436 739 2547 795 imo
2622 754 2757 795 vero
2836 739 2891 794 in
2985 737 3159 808 ipsius
3253 734 3470 791 Domini
3558 732 3745 787 verbs.

2172 830 2495 903 Sequuntur
2558 831 2706 887 enim
2789 830 2906 885 inec
2968 830 3055 885 illa
3141 827 3357 884 Domini
3409 824 3573 881 verba
3622 822 3750 895 qui-

2168 928 2274 983 bus
2320 925 2605 994 perﬁcitur
2654 935 3079 989 sacramentum,
3108 921 3337 985 scilicet,
3396 919 3507 975 lloc
3526 926 3606 973 est
3634 933 3749 971 cer-

2172 1034 2272 1088 pns
2301 1036 2495 1087 meum,
2519 1027 2596 1087 et,
2626 1018 2724 1073 Hic
2747 1024 2824 1072 est
2846 1015 3063 1086 sanguis
3097 1029 3263 1076 meus,
3287 1008 3754 1080 quemadmodum

2171 1127 2262 1167 res
2295 1113 2412 1182 ipsa
2444 1127 2558 1178 rem
2589 1110 2759 1181 ipsam
2792 1108 3065 1177 sequitur,
3098 1105 3203 1161 hoc
3245 1107 3349 1172 eat,
3389 1111 3744 1173 peccatorum

2171 1203 2422 1259 remissio
2446 1202 2719 1260 Dominiei
2756 1198 3008 1269 corporis
3062 1196 3529 1259 communionem,
3595 1196 3751 1266 cuius

2170 1306 2254 1353 est
2281 1296 2533 1352 effectus.
2564 1294 2741 1349 Medio
2772 1292 2938 1366 igitur
2970 1290 3068 1346 illo
3099 1296 3368 1359 tempore,
3399 1303 3508 1360 quo
3564 1286 3750 1341 divina

2171 1402 2337 1457 opera
2374 1395 2499 1442 ante
2557 1386 2721 1441 verba
2781 1384 2998 1439 Domini
3050 1381 3367 1447 laudantur,
3413 1389 3469 1436 et
3524 1395 3636 1450 quo
3662 1394 3754 1434 ea-

2174 1481 2297 1536 dem
2341 1489 2464 1550 poat
2494 1479 2581 1533 illa
2614 1477 2783 1533 verba
2813 1478 3016 1547 p0pulo
3042 1474 3333 1530 manifesta
3376 1473 3535 1538 fiunt,
3557 1486 3755 1527 conse-

2172 1575 2345 1629 cratio
2379 1572 2457 1639 fit,
2485 1572 2595 1627 illis
2648 1572 2901 1627 videlicet
2924 1569 3140 1625 Domini
3158 1568 3366 1625 verbis.
3394 1564 3562 1622 Addit
3590 1565 3755 1621 etiam

2175 1675 2359 1735 postea
2397 1663 2541 1719 idem
2570 1678 2728 1718 sacer
2749 1662 3075 1735 Dionysius:
3106 1659 3399 1730 Postquam
3425 1658 3609 1712 autem
3641 1657 3759 1710 lau-

2174 1757 2410 1824 daverit,
2447 1764 2504 1810 ct
2533 1756 2897 1812 venerandam
2924 1754 3471 1821 intellectualemque
3503 1750 3758 1820 specula-

2175 1851 2380 1906 tionem
2409 1865 2599 1905 eornm
2651 1847 3122 1905 intellectualibus
3156 1846 3333 1902 oculis
3387 1841 3756 1915 perspexerit,

2176 1945 2241 1999 ad
2275 1944 2629 2017 symbolicam
2653 1960 2840 1999 eorum
2865 1941 3339 1998 consecrationem
3373 1940 3540 2004 venit,
3576 1946 3634 1993 et
3654 1936 3761 1991 hoc

2177 2039 2482 2094 secundum
2517 2039 2758 2095 divinam
2794 2036 3169 2093 traditionem.
3210 2035 3384 2103 Quem
3423 2035 3605 2089 locum
3668 2046 3763 2088 ex-

2175 2148 2387 2204 ponens
2410 2132 2680 2188 Maximus
2709 2132 2819 2187 ait:
2860 2130 3200 2186 Bcnedicens
3235 2128 3447 2184 scilicet
3478 2142 3676 2198 panem
3706 2132 3785 2181 et‘

2174 2227 2400 2282 calicem
2432 2240 2711 2281 sacrorum
2746 2239 3060 2279 munerum.
3119 2220 3261 2293 Ergo
3317 2219 3759 2277 benedictionem

2178 2318 2337 2391 panis
2360 2330 2417 2374 et
2446 2318 2633 2375 calicis
2683 2318 3153 2373 consecrationem
3191 2315 3267 2371 ait
3295 2330 3422 2371 esse
3446 2314 3759 2386 Dionysius,

2178 2429 2413 2483 eamque
2447 2410 2753 2467 secundum
2786 2411 3056 2466 ‘divinam
3118 2410 3495 2485 traditionem.
3524 2409 3762 2464 Benedi-

2178 2507 2289 2560 ctio
2316 2505 2484 2576 igitur
2522 2503 2681 2575 panis
2743 2514 2800 2560 et
2855 2505 3065 2569 calicis,
3101 2519 3210 2572 qua
3265 2513 3397 2560 tunc
3456 2503 3759 2559 secundum

2181 2599 2499 2671 Dionysium
2524 2597 2840 2655 sacerdotes
2890 2596 3211 2660 utebantur,
3265 2610 3395 2650 cum
3448 2594 3759 2651 dicebant:

2182 2692 2250 2747 Et
2271 2690 2477 2764 gratias
2498 2706 2667 2763 agens
2696 2689 2999 2751 benedixit.
3030 2688 3415 2754 sanetiflcavit,
3457 2688 3641 2760 fregit,
3674 2686 3768 2745 de.

2179 2782 2371 2859 ditque
2391 2783 2679 2857 discipulis
2708 2786 2823 2840 suis
2852 2782 3071 2839 dicens:
3094 2783 3326 2855 Accipite
3345 2791 3399 2840 et.
3427 2789 3767 2851 manducata,

2179 2881 2274 2935 hoc
2296 2886 2373 2935 est
2400 2894 2587 2948 corpus
2621 2894 2796 2933 meum
2820 2892 2840 2934 :
2883 2876 3022 2944 haec,
3049 2879 3297 2948 inquam,
3322 2876 3642 2934 benedictio
3669 2891 3767 2948 per

2182 2972 2348 3029 verba
2379 2971 2601 3029 Domini
2634 2969 2849 3042 perficit
2904 2978 3338 3026 sacramentum.
3392 2967 3764 3035 Quamobrem

496 3066 801 3121 crationem
825 3069 1109 3123 accedere.
1138 3067 1625 3126 Censecrationem
1650 3071 1799 3126 enim
1833 3071 1935 3127 hoc
1957 3072 2078 3128 loco
2104 3076 2151 3132 Β
2183 3069 2485 3125 secundum
2538 3066 2781 3122 divinam
2849 3065 3201 3120 traditionem
3250 3066 3355 3119 hoc
3408 3064 3526 3121 fieri
3588 3064 3769 3134 inquit

497 3170 677 3223 vocat,
716 3177 825 3215 non
855 3161 1002 3217 illam
1032 3178 1152 3234 qua:
1173 3164 1288 3219 sola
1313 3173 1365 3218 et
1399 3164 1715 3237 principalis
1739 3176 1843 3233 est,
1874 3176 1930 3222 et
1954 3168 2073 3222 siue

499 3270 605 3319 qua
636 3253 820 3323 perlici
865 3255 1188 3327 mysterium
1236 3270 1344 3311 non
1401 3247 1607 3326 pusset,
1644 3259 1738 3313 sed
1786 3274 1905 3315 eam
1954 3275 2075 3330 qua:

503 3347 688 3401 notior
712 3355 798 3401 est
822 3362 886 3403 ac
927 3348 1271 3416 manifestior
1305 3350 1671 3415 multitudini,
1730 3368 1963 3423 quaeque
2008 3354 2075 3410 ad

498 3441 732 3511 primam
763 3440 908 3496 illam
937 3452 1101 3511 atque
1154 3442 1483 3513 praecipuam
1507 3460 1627 3515 quae
1674 3448 1732 3503 iit
1759 3447 1939 3503 verbis
1976 3446 2079 3502 Du-

500 3534 655 3602 mini,
693 3536 950 3603 refertur,
976 3552 1138 3606 quam
1167 3538 1357 3600 eodem
1386 3537 1646 3610 temporis
1675 3550 1972 3608 momento,
2003 3552 2079 3605 et,

499 3641 560 3686 nt
585 3646 749 3702 supra
774 3631 1033 3696 diximus,
1088 3630 1278 3687 eodem
1309 3649 1477 3699 nunc,
1523 3649 1648 3689 cum
1689 3634 1871 3691 verbis
1901 3635 2081 3691 Domi-

501 3724 643 3780 nicis
674 3723 1293 3795 protulissetsacerdos,
1325 3727 1369 3784 si
1408 3726 1458 3781 id
1495 3739 1691 3783 natura
1724 3745 1905 3785 rerum
1935 3729 2078 3784 ferre

501 3820 787 3894 potuisset.
821 3813 939 3892 Hoc
961 3832 1143 3883 autem
1173 3838 1239 3878 ex
1284 3840 1350 3879 eo
1395 3840 1613 3895 quoque
1638 3826 1695 3881 [lt
1718 3828 2077 3893 manifestius.

499 3918 645 3991 quod
664 3917 828 3973 etiam
847 3928 972 3973 ante
1001 3909 1116 3972 haec
1133 3915 1297 3972 verba
1316 3918 1613 3987 perfectum
1635 3919 1745 3990 jam
1770 3935 2054 3978 sacramen
2068 3952 2085 3967 ο

502 4026 617 4070 tum
646 4029 847 4085 ponere
868 4013 1107 4078 videtur,
1125 4028 1247 4068 cum
1266 4014 1403 4068 dicit
1430 4013 1576 4084 quod
1592 4015 1902 4083 hierarcha,
1927 4032 2081 4072 accc-

500 4108 637 4163 dens
681 4106 745 4160 ad
784 4122 1001 4162 sacrum
1073 4108 1266 4172 altare,
1336 4106 1520 4163 laudat
1562 4108 1850 4179 prmdictas
1901 4125 2085 4167 sacras

501 4201 873 4271 operationes,
900 4210 957 4255 et
1010 4200 1083 4253 ita
1114 4212 1402 4256 consecrat
1431 4201 1792 4266 divinissima.
1825 4212 1883 4258 et
1909 4205 2085 4259 mani-

503 4301 667 4351 restat
696 4295 940 4352 laudata.
977 4278 1327 4352 Manifestare
1386 4308 1571 4352 autem
1628 4297 1869 4368 laudata,
1933 4303 2083 4370 quta

501 4389 831 4458 expositoris
881 4390 1210 4445 sententiam
1275 4392 1369 4461 qui
1402 4390 1503 4446 fuit
1530 4392 1615 4448 vir
1640 4395 2085 4465 sapientissimus

501 4482 791 4545 Maximus.
822 4492 905 4539 est
927 4482 1072 4540 clara
1091 4483 1270 4540 facere
1291 4500 1412 4555 quze
1439 4487 1657 4542 laudata
1680 4500 1829 4554 sunt,
1849 4490 1953 4545 hoc
1982 4500 2087 4555 est,

502 4576 690 4632 divina
737 4592 901 4648 opera
936 4577 1165 4646 Christi,
1204 4596 1327 4651 qua:
1355 4583 1699 4637 enumeravit
1747 4582 1887 4638 facta
1915 4598 1945 4637 a
1973 4582 2090 4640 Sa!-

503 4682 696 4725 \'at0re
727 4681 917 4727 nostro
935 4672 989 4727 in
1019 4673 1397 4731 remissionem
1414 4685 1760 4745 peccatorum
1778 4687 1831 4733 et
1850 4676 1905 4732 in
1925 4678 2089 4733 vitam

504 4773 797 4820 eternam.
820 4763 945 4821 llazc
972 4766 1136 4825 verba
1154 4777 1284 4823 sunt
1307 4767 1550 4831 Maximi,
1580 4769 1688 4824 imo
1705 4768 1871 4826 etiam
1892 4769 2091 4843 Diony-

504 4860 596 4916 sii.
632 4858 849 4915 Nemini
882 4870 1067 4916 autem
1099 4861 1329 4916 dubium
1364 4872 1469 4926 est,
1504 4864 2088 4918 commemorationem

433 4958 439 4963 '
506 4951 819 5008 divinorum
854 4952 1246 5009 beneficiorum
1276 4952 1392 5007 ﬁeri
1429 4963 1555 5009 ante
1594 4952 1760 5009 verba
1783 4952 2088 5008 Dominica.

506 5044 641 5111 Quae
663 5059 796 5100 vero
830 5044 921 5100 illa
953 5044 1219 5115 sint,ipse
1250 5047 1445 5100 doctor
1477 5054 1783 5105 enumerat.
1814 5043 2094 5111 Quamob-

509 5151 626 5191 rem
653 5143 710 5189 et
772 5145 899 5191 ante
939 5133 1106 5191 verba
1135 5135 1353 5190 Domini
1404 5133 1571 5191 fuisse
1604 5134 1722 5191 haec
1750 5133 2091 5191 manifestis-

512 5231 652 5284 sime
691 5230 888 5285 docere
923 5230 1202 5284 videntur.
1234 5228 1395 5295 Quod
1460 5240 1644 5285 autem
1704 5228 1759 5283 in
1814 5227 2098 5284 remissio-

515 5338 638 5377 nem
690 5331 1043 5393 peccatorum
1072 5333 1126 5376 et
1156 5321 1324 5376 vitam
1353 5330 1614 5375 sternam
1651 5320 1765 5389 ipsa
1790 5335 1958 5391 Opera
1992 5319 2097 5375 du-

512 5423 661 5479 cant,
691 5426 814 5477 mo:
842 5427 939 5481 per
974 5412 1132 5465 verba
1160 5411 1443 5468 Dominica
1498 5412 1772 5482 sequitur,
1809 5413 1918 5468 imo
1967 5427 2097 5468 vero

513 5506 660 5562 inter
692 5504 805 5573 ipsa
842 5504 1055 5558 Domini
1092 5504 1255 5558 verba
1287 5505 1621 5559 continetur.
1665 5504 1780 5559 Hoc,
1802 5504 1961 5575 enim
1996 5514 2095 5570 est,

510 5595 717 5675 inquit,
749 5610 937 5663 corpus
963 5610 1159 5660 meum,
1181 5594 1321 5665 quod
1349 5611 1443 5665 pro
1473 5594 1609 5650 vobis
1636 5595 1903 5665 frangitur
1936 5597 1986 5648 in
2019 5611 2096 5648 re-

516 5688 820 5742 missionem
852 5696 1185 5757 peccatorum
1214 5706 1231 5752 ;
1264 5697 1340 5747 et.
1397 5690 1497 5745 llic
1527 5700 1601 5743 est
1652 5695 1873 5761 sanguis
1932 5708 2101 5753 meus.

522 5779 614 5848 qui
646 5795 741 5851 pro
799 5780 941 5834 vobis
971 5788 1019 5834 et
1054 5780 1233 5836 multis
1285 5774 1578 5853 eﬁ'undctur
1634 5784 1689 5838 in
1727 5784 2098 5841 remissionem

2182 3162 2493 3234 Dionysius.
2524 3158 2773 3215 Traditio
2808 3160 2955 3215 enim
2979 3157 3183 3215 Christi
3210 3160 3327 3214 haec
3358 3150 3484 3223 fuit,
3515 3159 3767 3230 accipere

2182 3267 2404 3329 panem,
2432 3254 2638 3326 gratias
2685 3269 2872 3325 agere,
2927 3253 3283 3320 benedicere,
3333 3262 3391 3309 et
3448 3253 3615 3309 verba
3675 3253 3768 3309 illa

2184 3351 2565 3421 pronuntiare.
2624 3345 2820 3405 Nonne
2868 3346 3035 3419 igitur
3087 3340 3212 3403 luce
3258 3347 3465 3403 clarius
3514 3346 3770 3401 videmus

2182 3445 2349 3500 etiam
2386 3443 2702 3499 testimonio
2739 3439 3009 3513 Dionysii,
3045 3457 3145 3512 per
3197 3439 3366 3496 verba
3392 3439 3609 3495 Domini
3634 3454 3772 3495 con-

2184 3547 2461 3594 secratum
2499 3551 2623 3593 esse
2667 3527 3033 3591 Eucliaristia:
3088 3533 3409 3607 mysterium
3434 3527 3772 3588 benedictio-

2182 3617 2262 3688 ἠε
2314 3625 2696 3702 praecedente?
2724 3628 3025 3702 praesertim
3048 3630 3203 3699 juxta
3230 3626 3544 3684 Graecorum
3582 3626 3770 3695 ritum,
3858 3635 3862 3638 ‘

2185 3727 2279 3797 qui
2313 3734 2433 3796 post
2466 3724 2799 3780 oblationem
2841 3735 3131 3778 munerum
3164 3712 3220 3785 in
3255 3715 3438 3789 altari,
3473 3737 3760 3795 nunquam

2186 3835 2274 3887 ea,
2296 3834 2396 3873 nec
2418 3826 2600 3883 antea,
2624 3832 2724 3874 nec.
2751 3827 2878 3889 post
2899 3816 3258 3881 benedicunt,
3287 3816 3391 3872 nisi
3415 3826 3623 3873 tantum
3644 3833 3770 3874 cum

2189 3931 2245 3971 se
2273 3914 2589 3971 existimant
2614 3928 2963 3977 consecrare,
2981 3913 3139 3984 quasi
3175 3912 3615 3971 benedictionem
3638 3928 3777 3968 con-

2190 4006 2486 4065 secrationi
2528 4005 2901 4061 necessariam
2927 4003 3331 4063 existimantes.
3364 4005 3597 4077 Propter
3625 4005 3772 4077 quod

2191 4112 2245 4157 et
2287 4103 2432 4157 hanc
2468 4099 2935 4166 benedictionem,
2991 4115 3156 4171 quam
3194 4100 3490 4172 Dionysius
3517 4110 3575 4156 et
3607 4100 3776 4155 Masi-

2194 4212 2317 4251 mus
2342 4204 2469 4251 ante
2496 4194 2660 4249 verba
2688 4194 2902 4258 Domini
2936 4194 3241 4252 faciendam
3264 4206 3513 4262 censent,
3544 4204 3775 4266 praeter-

2195 4276 2425 4342 mittunt
2456 4288 2658 4354 nostri,
2713 4301 2821 4341 non
2853 4295 3001 4344 recte
3029 4289 3254 4357 quidem
3302 4288 3587 4345 facientes.
3618 4287 3775 4355 Quod

2196 4382 2240 4436 si
2282 4392 2413 4437 tunc
2437 4374 2766 4437 benedicere
2792 4381 2973 4445 decet,
3009 4389 3066 4435 ut
3124 4380 3179 4436 bl
3228 4381 3485 4439 doctores
3514 4384 3777 4447 sentiunt,

2121 4449 2161 4504 θ
2196 4476 2308 4529 imo
2350 4488 2481 4529 vero
2515 4480 2575 4527 ut
2616 4473 2882 4529 Dominus
2918 4473 3163 4539 tradidit,
3192 4474 3381 4543 procul
3412 4475 3585 4531 dubio
3649 4482 3778 4531 tunc

2196 4569 2424 4640 prolatis
2454 4557 2665 4625 Domini
2697 4568 2878 4623 verbis
2902 4566 3237 4624 credendum
3255 4568 3473 4625 estfieri
3491 4584 3783 4625 consecra-

2198 4664 2427 4719 tionem.
2464 4660 2666 4719 Subdit
2724 4662 2924 4719 deinde
2951 4662 3268 4735 Dionysius,
3301 4665 3449 4733 quod
3499 4666 3782 4735 postulans

2197 4756 2510 4821 bierarcba,
2566 4766 2628 4811 ut
2659 4755 2857 4828 dignus
2880 4756 2975 4811 fiat
3003 4757 3104 4812 hac
3157 4761 3598 4824 consecratione,
3622 4771 3679 4815 et
3709 4759 3778 4817 ad

2196 4848 2619 4905 similitudinem
2651 4848 2863 4905 Christi
2895 4848 3014 4904 hmc
3039 4848 3226 4903 divina
3249 4849 3521 4920 perficiat,
3560 4862 3613 4907 et
3634 4862 3782 4909 caste
3858 4904 3863 4910 .

2196 4941 2517 5009 distribuat,
2547 4943 3108 5014 participaturosque,
3154 4954 3322 5014 prout
3353 4959 3543 5000 sacros
3598 4944 3779 5013 decet,

2199 5036 2516 5104 participet,
2552 5043 2842 5093 consecrat
2878 5034 3245 5093 divinissima.
3277 5036 3352 5090 Ex
3380 5037 3584 5106 quibus
3612 5037 3786 5094 maui-

2200 5128 2497 5185 I'cstissiine
2528 5141 2781 5200 apparet,
2810 5129 2961 5200 quod
3000 5129 3114 5184 hzrc
3159 5129 3324 5184 verba
3354 5145 3667 5186 consecrare
3699 5144 3782 5188 at-

2200 5240 2311 5294 que
2348 5224 2628 5296 perﬁcerc’
2649 5240 2744 5294 per
2780 5223 3165 5295 synecdochen
3194 5222 3261 5278 ad
3304 5237 3368 5278 ea
3390 5239 3514 5294 quae
3541 5240 3785 5296 sequun-

2204 5330 2293 5374 tur
2332 5320 2509 5391 accipi
2536 5318 2761 5383 debent,
2790 5318 2841 5374 id
2869 5328 2958 5374 est
2982 5320 3050 5374 ad
3103 5329 3310 5374 castam
3342 5317 3785 5377 distributionem

2201 5425 2259 5470 et
2281 5416 2502 5486 dignam
2534 5412 3035 5485 participationem,
3069 5429 3188 5484 qua:
3219 5415 3404 5470 omnia
3444 5425 3567 5485 post
3590 5431 3788 5472 conse-

2203 5508 2505 5564 crationem
2537 5507 2785 5579 mysterii
2808 5505 3023 5578 precari
3051 5522 3115 5561 ac
3132 5517 3320 5577 petere
3338 5506 3601 5562 solemus.
3630 5506 3785 5574 Quod

2206 5600 2365 5656 facile
2396 5610 2483 5655 est
2509 5599 2838 5670 intelligere,
2865 5600 2911 5655 si
2942 5599 3071 5670 quis
3104 5599 3303 5652 missas
3354 5613 3386 5652 a
3419 5598 3650 5663 Jacobo,
3687 5599 3788 5656 Ba-

2205 5693 2329 5749 silio
2353 5704 2411 5751 et
2436 5692 2829 5764 Cbrysostomo
2887 5693 3062 5749 editas
3108 5694 3403 5764 diligenter
3434 5692 3784 5748 animadver-

2210 5796 2325 5846 tat:
2358 5796 2487 5844 tunc
2515 5786 2660 5845 enim
2690 5786 2965 5859 supplices
2988 5801 3234 5854 oramus,
3263 5794 3319 5842 ut
3340 5786 3506 5859 digne
3532 5799 3782 5844 commu-
