4062 6146
448 267 551 328 539

1390 257 1893 321 BESSMHONIS
1935 255 1990 315 S.
2034 255 2106 315 ll.
2149 253 2215 314 Ε.
2262 247 2735 310 CARDlNALlS

3582 234 3693 302 540

449 381 687 433 libenter
736 385 1111 431 commoratur
1140 375 1193 428 in
1228 391 1477 445 corpore,
1523 386 1581 429 ut
1621 375 1864 429 divinum
1915 372 2021 427 hoc

2127 370 2257 441 τῷδε
2293 369 2369 439 τῷ
2406 367 2572 437 ἔργῳ,
2628 364 2723 419 καὶ
2771 362 2858 416 διὰ
2892 358 3037 416 τοῦτ’
3068 359 3197 423 tam;
3256 362 3554 429 χαίρουσαν
3581 358 3695 422 τοῖς

451 485 591 539 opus
619 468 684 521 ad
712 468 912 521 bonum
941 467 1148 521 exitum
1198 468 1477 535 perducat,
1511 467 1645 521 citra
1672 482 1835 536 quem
1866 465 2021 521 valde

464 562 709 632 graviter
733 560 901 613 lerret
935 558 1010 612 illi
1035 560 1253 613 animus
1277 558 1730 613 inhabitationem
1752 560 2021 628 corporis,

450 661 510 707 ut
560 653 669 724 jam
722 651 1051 721 consumpti.
1096 650 1298 705 Omnes
1353 666 1507 707 suam
1560 649 1658 706 tibi
1706 650 2026 720 praebebunt

447 760 670 815 operam
700 742 765 798 ad
792 742 954 797 linem
983 750 1038 797 et
1069 759 1208 813 opus
1239 744 1342 798 hoc
1377 743 1610 798 arduum
1639 761 1653 797 :
1688 758 1851 800 nemo
1866 743 2026 813 quid-

402 888 405 889 ν
460 853 625 908 quam
682 837 852 906 magis
892 846 1107 906 exoptat
1143 838 1249 894 line
1292 836 1397 891 hoc
1441 836 1791 906 optatissime
1819 856 1838 892 ι
1867 837 2024 892 illum

446 918 763 1002 spectamus
789 945 1000 994 omnes,
1040 929 1339 984 vehemens
1365 930 1514 986 illius
1538 945 1693 985 amor
1724 930 2029 988 inﬂammat

448 1024 699 1078 omnium
725 1023 965 1085 animos,
1003 1038 1196 1077 omnes
1230 1034 1516 1093 propterea
1546 1037 1578 1079 e
1625 1024 1787 1096 longe
1819 1025 2028 1081 dissitis

451 1112 772 1183 regionibus
796 1113 1193 1166 convenimus:
1216 1121 1506 1182 prepterea
1534 1114 1587 1169 in
1610 1114 1785 1169 aliena
1804 1117 2029 1186 regione

451 1206 887 1274 peregrinantur,
920 1206 1174 1262 homines
1201 1206 1401 1275 partim
1428 1222 1456 1262 ο
1481 1207 1658 1263 media
1703 1208 1817 1279 ipsa
1875 1211 2028 1268 Cra:-

434 1298 554 1361 rcia,
581 1298 784 1368 partim
815 1312 883 1351 ex
925 1298 1146 1352 ultimis
1176 1299 1332 1353 orbis
1374 1298 1443 1354 ad
1479 1306 1914 1370 septentrionem
1949 1312 2030 1358 at-

447 1405 557 1458 que
606 1388 674 1444 ad
702 1391 971 1445 orientem
1018 1391 1254 1445 maxime
1285 1391 1644 1461 vergentibus
1674 1394 1852 1466 plagis
1884 1392 2029 1449 hanc

448 1481 620 1550 ipsam
654 1482 704 1535 in
734 1481 944 1537 ltaliam
966 1482 1198 1537 navibus
1227 1488 1469 1541 advecti.

520 1572 600 1627 Ne
626 1586 754 1641 ergo
782 1582 889 1626 tam
930 1573 1230 1627 multorum
1262 1576 1448 1631 studio
1478 1577 1773 1646 prawaleat
1799 1578 1973 1635 hostis
2011 1597 2025 1647 ;

451 1684 797 1739 nequaquam
830 1668 920 1723 liat
950 1668 1073 1733 hoc,
1113 1670 1367 1727 Salvator
1391 1673 1536 1729 Deus
1567 1688 1583 1727 :
1618 1691 1688 1731 ne
1720 1684 1906 1732 tantus
1928 1692 2029 1733 no-

2126 463 2385 530 παροῦσι,
2423 462 2512 513 καί
2553 456 3019 527 ὲνασμενίζουσαν
3052 455 3129 526 τῷ
3170 452 3405 523 σώματι,
3435 452 3521 506 ἵνα
3543 450 3697 516 τέλος

2127 551 2413 617 ἐπενέγκοι
2444 548 2520 615 τῷ
2553 547 2681 615 θείῳ
2709 545 2803 599 τοὺ
2816 564 2888 616 τῳ
2918 544 3064 617 ἔργω
3089 542 3347 615 χρηστὸν,
3372 541 3449 605 ὡς
3475 542 3603 594 ἄνευ
3628 557 3696 609 γε

2126 645 2316 698 τούτου
2350 642 2444 696 καὶ
2488 639 2630 694 πάνυ
2658 640 2722 692 ἂν
2762 634 3248 709 ἀχθεσθησομένην
3289 634 3366 705 τῷ
3402 634 3591 705 σκήνει
3618 632 3697 695 ὡς

2130 738 2229 809 ἢδη
2265 737 2520 805 καμόντι.
2577 733 2786 795 Πάντες
2815 748 2897 784 σοι
2946 727 3317 797 συλλήψονται
3348 725 3442 780 τοῦ
3488 722 3697 779 σκοποῦ

2129 830 2222 881 καὶ
2269 826 2361 880 τοῦ
2415 826 2686 897 παρόντος
2742 824 2987 891 ἀγῶνος*
3018 822 3195 884 οὐδεὶς
3236 820 3365 874 ἄλλο
3404 837 3456 872 τι
3492 818 3698 889 μᾶλλον

2130 921 2385 990 ἐπιθυμεῖ
2443 918 2539 972 τοῦ
2592 914 2789 985 ἐφετοῦ
2841 912 3034 968 τούτόυ
3081 914 3307 978 τέλουςο
3361 912 3494 985 πρὸς
3540 911 3702 965 τοῦτο

2132 1014 2403 1085 βλέπομεν
2435 1012 2635 1075 πάντες
2658 1028 2672 1040 ·
2704 1009 2916 1063 ἐκείνου
2950 1009 3170 1063 πάντων
3216 1007 3315 1071 τὰς
3347 1006 3525 1077 ψυχὰς
3558 1000 3701 1076 ἔρως

2129 1104 2423 1171 ἀναφλέγει
2450 1103 2677 1174 σφοδρός
2700 1118 2713 1134 ο
2735 1101 2826 1154 διὰ
2854 1101 3011 1155 τοῦτο
3040 1100 3323 1172 μακρόθεν
3343 1100 3544 1162 πάντες
3573 1114 3700 1151 συν-

2131 1197 2369 1267 ήλθομεν
2393 1213 2409 1227 ·
2438 1194 2527 1250 διὰ
2550 1196 2707 1250 τοῦτο
2744 1196 2831 1248 ἐπ’
2855 1194 3158 1265 ἀλλοδαπῆς
3190 1192 3560 1263 διατρίϐομεν,
3606 1191 3701 1243 ἆν-

2131 1292 2343 1361 θρωποι
2377 1293 2425 1345 οἱ
2455 1290 2555 1360 μὲν
2599 1290 2663 1343 ὲκ
2706 1289 2879 1360 μέσης
2909 1289 3084 1357 αὐτῆς
3120 1287 3221 1358 τῆς
3254 1285 3527 1350 Ἑλλάδος,
3572 1286 3620 1339 οί
3651 1282 3699 1337 δ’

2130 1385 2197 1436 ἐκ
2230 1382 2593 1454 βορειοτάτων
2649 1398 2709 1435 τε
2739 1382 2833 1434 καὶ
2865 1380 3352 1435 ἀνατολικωτάτων
3394 1381 3493 1450 τῆς
3522 1379 3702 1431 οίκου·

2128 1476 2301 1546 μένης
2331 1475 2699 1540 πεπλευκότες
2731 1476 2812 1538 είς
2855 1474 3092 1528 Ἰταλίαν
3122 1474 3319 1544 αὐτήν.

2203 1570 2293 1641 Μὴ
2331 1568 2395 1637 δὴ
2426 1569 2701 1623 τοσούτων
2753 1567 2993 1637 σπουδῆς
3023 1568 3052 1620 ὁ
3087 1567 3283 1638 ἐχθρὸς
3336 1563 3699 1636 περιγένοιτο,

2136 1661 2231 1733 μὴ,
2258 1664 2361 1716 Θεὲ
2386 1662 2607 1731 Σῶτερο
2637 1661 2713 1731 μὴ
2748 1662 3081 1730 ματαιώσειε
3111 1658 3212 1731 τὴν
3241 1658 3511 1729 τοσαύτην
3543 1655 3702 1729 ήμῶν

448 1771 563 1815 ster
623 1773 953 1825 conventus,
1019 1771 1128 1819 tam
1184 1764 1471 1834 frequens,
1523 1775 1629 1821 tam
1682 1768 1857 1824 multo
1896 1778 2024 1824 ante

2133 1754 2404 1811 τοσούτων
2436 1770 2503 1823 γε
2551 1753 2744 1818 ὄντων,
2798 1753 2942 1807 οῦτω
2989 1752 3503 1824 μεμεριμνημένην,
3558 1748 3704 1802 οὕτω

450 1856 768 1919 meditatus,
825 1866 933 1911 tam
998 1859 1187 1915 multis
1234 1860 1394 1916 annis
1444 1862 1864 1929 consideratus,
1909 1874 2021 1920 tam

450 1950 636 2005 multis
689 1950 975 2006 laboribus
1022 1952 1310 2023 multoque
1360 1957 1554 2031 studio
1606 1955 1855 2023 habitus,
1906 1960 2026 2029 ejus

447 2058 616 2112 Opera
652 2045 720 2098 sit
756 2045 980 2098 frustra.
1023 2044 1143 2101 Non
1167 2056 1254 2103 est
1296 2047 1401 2103 hoc
1443 2049 1753 2119 sapientum
1808 2051 2025 2109 divino-

450 2151 683 2205 rumque
712 2136 1023 2203 liominnm,
1044 2155 1308 2196 eorumve
1339 2142 1432 2212 qui
1461 2159 1743 2200 sermones
1770 2161 1900 2202 suos
1928 2163 2028 2203 no-

448 2241 578 2286 runt
611 2232 663 2284 in
700 2232 911 2301 judicio
943 2232 1257 2304 disponere.
1312 2236 1462 2291 Alios
1503 2237 1785 2294 adoriatur
1829 2241 2023 2311 hostis,

446 2321 570 2377 aliis
609 2320 841 2378 devictis
892 2323 1152 2390 insultet,
1188 2338 1292 2380 nos
1324 2334 1506 2379 autem
1563 2341 1909 2398 nequaquam
1944 2338 2024 2383 at-

450 2415 641 2486 tingat.
691 2413 1050 2485 Spiritalibus
1099 2417 1269 2472 armis
1302 2415 1406 2488 ipsi
1441 2433 1540 2473 nos
1570 2432 1847 2473 armemus
1878 2419 2025 2476 hosti

447 2505 664 2561 obviam
700 2506 854 2562 ituri.
885 2507 1183 2564 lnduamur
1221 2510 1450 2565 loricam
1474 2512 1703 2581 iustitiae
1726 2521 1781 2567 et
1816 2513 2023 2583 galeam

446 2598 698 2669 spiritus,
728 2614 789 2655 ac
816 2599 957 2656 duce
990 2602 1152 2657 nobis
1187 2603 1284 2659 Dei
1322 2603 1491 2659 verbo
1517 2604 1798 2661 irruamus
1835 2606 1891 2660 in
1921 2606 2026 2662 ho-

447 2699 599 2757 stes;
628 2691 1000 2749 subsistamus
1030 2703 1213 2749 autem
1249 2709 1580 2765 quocunque
1621 2695 1754 2751 illud
1790 2714 1890 2752 nos
1923 2697 2025 2753 dn-

448 2784 610 2851 x’erit,
645 2786 994 2842 destruentes
1027 2796 1249 2844 Omnem
1277 2788 1625 2844 altitudinem
1670 2791 2023 2848 extollentem

448 2892 509 2932 se
533 2876 795 2934 adversus
830 2880 1062 2951 gloriam
1092 2881 1212 2945 Dei,
1240 2896 1472 2937 omnem
1516 2882 1908 2953 cogitationem
1935 2900 2027 2939 su-

450 2970 672 3039 perbam
700 2980 757 3028 et
783 2972 1028 3043 gloriola)
1048 2974 1262 3031 avidam
1288 2989 1303 3042 ;
1345 2975 1709 3032 humilitatem
1738 2993 1868 3033 vero
1895 2976 2024 3033 Dei-

449 3078 556 3133 que
583 3066 835 3122 timorem
865 3067 1196 3125 adhibentes
1229 3068 1296 3124 ad
1323 3070 1580 3125 obeunda
1610 3071 1934 3136 certamina,
1962 3073 2026 3127 il-
2053 3096 2097 3156 ε

447 3157 672 3230 lumqne
701 3175 811 3230 prae
855 3161 1030 3217 oculis
1064 3161 1351 3227 habentes,
1402 3175 1572 3235 utque
1602 3166 1665 3221 ad
1704 3167 1854 3221 illum
1899 3181 2027 3238 per-

451 3252 736 3308 veniamus
760 3255 1179 3322 contendentes,
1202 3240 1598 3328 uennunquam
1624 3259 1767 3315 vinci
1806 3274 2031 3330 quoque

450 3343 595 3399 bene
617 3346 797 3415 potius
818 3346 1084 3414 volentes,
1105 3364 1267 3419 quam
1287 3351 1508 3405 vincere.
1536 3353 1592 3406 in
1612 3351 1870 3407 omnibus
1911 3368 2029 3409 ma-

450 3437 534 3505 le;
561 3454 686 3494 cum
711 3441 854 3496 ratio
880 3442 1011 3497 boni
1041 3458 1153 3497 non
1177 3445 1353 3498 solum
1371 3443 1433 3498 ‘in
1459 3460 1525 3499 eo
1550 3445 1701 3510 insit,
1729 3444 1773 3502 si
1797 3447 1919 3517 quis
1944 3448 2029 3503 vi-

448 3533 677 3586 ctoriam
710 3533 979 3603 obtineat,
1015 3550 1138 3590 cum
1172 3535 1372 3591 habeat
1402 3553 1433 3592 a
1462 3552 1522 3593 se
1556 3539 1849 3595 veritatem
1877 3558 1891 3607 ;
1931 3540 2028 3596 sed

445 3625 817 3682 nihilominus
856 3629 906 3681 in
967 3644 1035 3684 eo
1069 3631 1233 3685 etiam
1272 3630 1418 3686 idem
1451 3630 1582 3686 boni
1610 3632 1808 3689 modus
1845 3649 2029 3691 serve-

449 3728 558 3786 tur,
592 3720 636 3774 si
660 3720 783 3790 quis
802 3720 945 3776 bene
971 3722 1321 3788 suecumbat,
1347 3725 1491 3793 quod
1518 3725 1750 3794 perinde
1772 3737 2030 3783 censetur

449 3829 513 3869 ac
568 3814 812 3871 vincere.
848 3814 1173 3886 Qtrtanquam
1207 3815 1409 3871 dixerit
1447 3816 1693 3873 fortasse
1725 3819 2026 3891 quispiam,

445 3908 625 3975 majus
669 3909 834 3961 etiam
885 3908 988 3963 hoc
1037 3924 1157 3963 esse
1204 3910 1372 3980 priori
1412 3910 1514 3964 illo
1551 3910 1777 3976 bonum,
1807 3914 2029 3983 quando

446 3999 746 4070 unicuique
792 4000 1061 4055 conducit
1103 4003 1295 4073 magis,
1339 4005 1520 4072 ipsum
1561 4003 1699 4061 allici
1733 4004 2025 4072 beneﬁcio,

444 4107 607 4162 quam
652 4090 868 4146 allicere
908 4093 1074 4147 alium
1103 4110 1117 4147 :
1151 4104 1207 4149 et
1228 4095 1421 4151 audire
1452 4097 1657 4167 potius,
1691 4112 1855 4168 quam
1904 4097 2027 4155 aliis

444 4173 633 4239 dicere
670 4202 683 4237 :
716 4196 771 4239 et
805 4185 1028 4241 liberari
1060 4187 1130 4242 ab
1169 4203 1383 4254 errore,
1411 4200 1573 4260 quam
1598 4190 1851 4248 liberare.
1884 4192 2029 4247 luvi-

444 4278 689 4333 etissime
712 4277 1042 4347 imperator,
1067 4280 1175 4350 jam
1198 4296 1285 4337 res
1298 4291 1386 4337 es‘t
1412 4283 1467 4338 in
1490 4284 1735 4351 cardine,
1765 4287 2025 4358 venitque

447 4380 666 4441 tempus
696 4371 843 4439 quod
894 4372 1003 4442 jam
1042 4373 1137 4427 diu
1172 4376 1464 4445 cxaptasti.
1498 4375 1573 4432 Da
1606 4393 1735 4450 ergo
1767 4378 1879 4434 Deo
1907 4380 2024 4453 glo-

2134 1850 2402 1918 πολυετῆ,
2458 1846 2602 1904 οὕτω
2637 1847 2856 1911 πολλοῖς
2903 1846 3089 1910 πόνοις
3138 1846 3233 1901 καὶ
3274 1844 3445 1917 πολλῇ
3494 1842 3699 1911 σπουδῇ

2132 1942 2585 2011 κατορθωθεῖσαν
2615 1942 2953 1996 συνέλευσιν.
3005 1940 3081 1995 Οὐ
3120 1938 3260 2011 πρὸς
3300 1936 3514 2008 ἀνδρῶν
3541 1936 3702 1991 τοῦτο

2130 2037 2311 2104 σοφῶν
2343 2053 2401 2089 τε
2436 2039 2530 2088 καὶ
2580 2034 2762 2101 θείων,
2792 2033 2911 2088 οὐδὶ
2944 2034 3072 2098 τοὺς
3117 2032 3310 2103 λόγους
3348 2031 3597 2087 εὐθύνειν
3622 2032 3702 2083 εε-

2127 2130 2296 2184 δότων
2322 2132 2379 2183 ἐν
2412 2129 2616 2200 κρίσει.
2648 2128 2866 2191 Ἀλλοις
2899 2127 2927 2179 ὸ
2952 2125 3142 2198 εχθρὸς
3170 2124 3575 2197 ἐπεμϐαινέτω,
3604 2122 3701 2179 ιλ·

2128 2223 2241 2287 λοις
2289 2224 2625 2294 ὲπιχαιρὲτω
2674 2223 2866 2290 νικῶν,
2918 2220 3078 2293 ἡμῶν
3106 2220 3165 2276 δὲ
3209 2220 3286 2293 μὴ
3336 2219 3699 2291 προσάψαιτο.

2130 2318 2255 2379 Τοῖς
2287 2318 2686 2387 πνευματικοῖς
2727 2317 2915 2381 ὅπλοις
2944 2317 3096 2388 ἡμᾶς
3128 2316 3327 2378 αὐτοὺς
3358 2314 3704 2370 καθοπλίσω-

2132 2426 2232 2478 μεν
2290 2411 2746 2481 ἀντιστησόμενοι
2811 2407 2890 2480 τῷ
2962 2408 3247 2479 πολεμίῳ’
3301 2405 3703 2477 ἀναλαϐώμεθα

2131 2502 2359 2572 θώρακα
2402 2500 2781 2575 δικαιοσύνης,
2812 2503 2909 2556 καὶ
2941 2501 3381 2574 περικεφαλαίαν
3413 2502 3507 2579 τοῦ
3536 2500 3700 2555 πνεύ-

2133 2612 2323 2666 ματος,
2352 2598 2447 2649 καὶ
2488 2595 2579 2650 τοῦ
2621 2596 2716 2651 τοῦ
2742 2596 2877 2651 Θεοῦ
2920 2597 3171 2668 ῥήματος
3232 2597 3361 2668 ἡμῖν
3395 2595 3700 2666 ἡγουμένου

2128 2688 2374 2758 ἐπίωμεν
2397 2687 2540 2760 κατᾲ
2562 2687 2671 2742 τῶν
2698 2686 3111 2760 πολεμούντων·
3155 2687 3602 2758 καταπαύσωμεν
3643 2687 3703 2741 δὲ

2126 2772 2186 2831 οἷ
2212 2778 2281 2834 ἂν
2310 2782 2445 2851 ἡμῖν
2464 2782 2596 2835 αὐτὸ
2631 2783 2915 2853 ὑφηγοῖτο,
2942 2782 3334 2853 καθαιροῦντες
3362 2782 3471 2835 πᾶν
3502 2781 3700 2851 ὕψωμα

2126 2875 2493 2945 ἐπαιρόμενον
2519 2876 2660 2930 κατᾶ
2686 2878 2790 2948 τῆς
2814 2876 2909 2931 τοῦ
2942 2876 3082 2930 Θεοῦ
3130 2876 3310 2947 δόξης,
3342 2875 3518 2930 πάντα
3547 2875 3702 2943 λογι-

2130 2950 2267 3038 ομδν
2300 2969 2656 3041 ὑπερήφανον
2691 2972 2784 3025 καὶ
2812 2970 3112 3038 κενόδοξον.
3148 2968 3497 3025 Ταπεινὼσει
3525 2967 3700 3022 δὲκαὶ

2130 3065 2281 3134 φόϐῳ
2329 3064 2467 3119 Θεοῦ
2522 3065 2800 3137 χρώμενοι
2834 3066 3085 3138 συνεργῷ
3135 3066 3277 3138 πρὸς
3306 3067 3433 3132 τοὺς
3480 3064 3699 3128 ἄθλους,

2133 3157 2389 3213 κάκεῖνον
2421 3159 2529 3229 πρὸ
2557 3159 2857 3231 ὀφθαλμῶν
2897 3160 3138 3233 θέμενοι,
3174 3160 3270 3215 καὶ
3298 3162 3448 3229 ⁷πρ“ς
3495 3160 3703 3228 ἐκεῖνον

2131 3250 2483 3320 επειγόμενοι
2530 3251 2737 3321 φθάσαι
2762 3265 2779 3283 ο
2811 3251 2959 3307 ἐστιν
2987 3246 3049 3306 οῦ
3094 3253 3188 3305 καὶ
3217 3250 3473 3306 νικᾶσθαι
3518 3249 3702 3314 καλῶς

2133 3342 2340 3414 μᾶλλον
2380 3343 2683 3411 ἐθέλοντες,
2718 3344 2751 3417 ἢ
2785 3348 2944 3415 νικᾷν
2982 3347 3041 3398 ὲν
3072 3346 3209 3398 πᾶσι
3243 3336 3433 3408 κακῶς
3457 3361 3474 3377 ο
3510 3343 3608 3399 an
3636 3344 3703 3417 δὴ

2134 3437 2209 3510 μὴ
2241 3437 2333 3491 τοῦ
2361 3439 2748 3507 περιγίνεσθαι
2776 3440 2963 3509 μόνον,
2992 3441 3122 3494 ὅταν
3157 3439 3278 3511 μεθ’
3300 3438 3499 3492 ἑαυτοῦ
3532 3440 3701 3511 τάλη-

2133 3532 2223 3597 θὲς
2252 3533 2372 3605 ἔχῃ,
2398 3533 2494 3586 τὸν
2522 3532 2733 3601 ἀγαθοῦ
2767 3530 3033 3597 σώζοντος
3064 3533 3245 3604 λόγον,
3281 3532 3397 3589 ἀλλ’
3427 3534 3579 3591 οὐδὲν
3606 3529 3702 3609 ἦτε

2126 3643 2221 3680 τον
2252 3630 2346 3680 καὶ
2389 3625 2485 3680 τοῦ
2518 3626 2787 3699 ἡττᾶσθαι
2819 3628 3001 3693 καλῶς
3028 3630 3194 3683 ταυτὸ
3242 3630 3337 3684 τοῦ
3368 3629 3538 3684 καλοῦ
3590 3629 3701 3703 σώ-

2131 3719 2317 3785 ζοντος
2349 3719 2573 3790 μέτρον,
2600 3721 2695 3778 καὶ
2726 3722 2784 3775 ἐν
2819 3720 2920 3791 ἴσῳ
2951 3722 3047 3777 τοῦ
3081 3723 3306 3793 κρατεῖν
3346 3723 3695 3794 κρινομένου.

2129 3810 2328 3866 Καίτοι
2381 3811 2518 3883 φαίη
2569 3827 2655 3877 τις
2680 3810 2746 3866 ἂν
2776 3811 2910 3876 ίσως
2946 3812 3041 3866 καὶ
3083 3815 3270 3881 μεῖζον
3325 3814 3529 3883 ἀγαθὸν
3559 3809 3701 3869 εἶναι

2124 3905 2291 3958 τοῦτο
2320 3905 2415 3958 τοῦ
2444 3905 2739 3976 πρότερον,
2770 3906 2929 3977 εἴπερ
2957 3904 3406 3977 λυσιτελέστερον
3432 3906 3512 3980 τῷ
3539 3909 3701 3963 παντὶ

2125 3996 2293 4049 αὐτὸν
2324 3998 2528 4066 ἀγαθόν
2555 4014 2607 4051 τι
2634 3998 2829 4055 παθεῖν
2868 3999 2902 4067 ἢ
2940 3999 3097 4055 ἄλλον
3140 4000 3368 4070 ποιῆσαι
3391 4017 3406 4033 ·
3435 4004 3529 4054 καὶ
3566 4001 3701 4071 μᾶλ-

2128 4092 2221 4148 λον
2253 4092 2487 4146 ἀκοῦσαι
2518 4092 2552 4163 ἢ
2601 4092 2769 4163 φάναι
2804 4093 3014 4164 ἑτέροις
3037 4109 3052 4124 ⁸
3088 4094 3181 4146 καὶ
3219 4093 3425 4165 πλάνης
3457 4096 3700 4148 ἀπαλλαο

2127 4186 2293 4256 γῆναι
2326 4186 2372 4257 ἢ
2421 4183 2762 4251 ἀπαλλάξαι.
2814 4186 3088 4256 Κράτιστε
3120 4185 3366 4259 βασιλεῦ,
3399 4188 3485 4240 ἐπ’
3515 4189 3700 4263 ἀὐτῆς

2128 4282 2224 4351 τῆς
2273 4281 2461 4351 ἀκμῆς
2513 4276 2615 4352 ἧκε
2644 4281 2713 4334 τὰ
2746 4281 3070 4352 πράγματα,
3119 4284 3212 4335 καί
3251 4280 3312 4335 δν
3358 4282 3425 4335 ὲκ
3487 4280 3699 4351 μακροῦ

2128 4376 2318 4445 χρόνοι
2353 4374 2596 4456 επόθεις,
2645 4376 2872 4445 ἐπέστη.
2908 4375 3110 4429 Λοιπὸν
3136 4374 3225 4439 δὸς
3254 4374 3414 4441 δόξαν
3439 4374 3517 4443 τῷ
3552 4374 3696 4446 θεῷ,

448 4466 585 4518 riam
612 4472 667 4519 et
704 4464 955 4521 collauda
982 4480 1106 4520 eum
1131 4484 1145 4533 ;
1194 4467 1344 4524 illius
1388 4468 1493 4527 hoc
1514 4487 1651 4541 opus
1681 4473 1898 4538 est,ille
1924 4476 2022 4532 tibi

2128 4463 2279 4523 αἶνον
2329 4469 2527 4532 ἀπόδος
2563 4468 2713 4540 αὐτῷ
2741 4483 2756 4499 ο
2790 4468 3004 4523 ἐκείνου
3058 4467 3206 4523 τοῦτ’
3235 4469 3397 4539 ἔργον
3420 4486 3437 4502 ο
3492 4471 3700 4533 ἐκεῖνος

446 4556 590 4612 lianc
615 4556 807 4627 injecit
836 4556 1251 4628 cogitationem,
1289 4569 1500 4617 tantum
1534 4564 1855 4621 instillando
1873 4581 2023 4621 arno-

444 4649 733 4705 remzillo
766 4665 986 4721 quoque
1012 4653 1319 4722 opitulante
1372 4670 1461 4711 res
1508 4656 1574 4711 ad
1620 4659 1767 4713 hunc
1816 4670 2021 4715 statum

427 4739 713 4813 perducta
741 4750 849 4797 est.
876 4741 930 4797 Si
957 4744 1122 4814 igitur
1151 4746 1221 4799 ob
1244 4754 1371 4802 ante
1407 4757 1525 4802 acta
1550 4749 1773 4818 quidem
1802 4765 2024 4822 magnas

444 4835 495 4889 ei
520 4834 726 4905 gratias
754 4836 1138 4904 habuerimus,
1160 4855 1262 4908 pro
1296 4840 1499 4897 futuris
1532 4858 1665 4898 vero
1692 4851 1810 4899 toto
1837 4845 2023 4900 animo

448 4945 638 4999 preces
692 4922 1074 4998 eﬂ'uderimus,
1110 4948 1224 4986 rem
1271 4943 1422 4989 certe
1479 4944 1535 4989 et
1571 4938 1730 4992 nobis
1761 4946 1818 4993 et
1858 4952 2023 5007 opere

444 5022 591 5092 quod
617 5024 957 5093 propositum
985 5034 1070 5079 est
1100 5025 1323 5097 dignam
1350 5026 1724 5098 effecerimus,
1755 5030 2024 5101 nobisque

444 5114 744 5184 propitium
775 5116 950 5189 magis
993 5118 1170 5186 ipsum
1203 5118 1631 5186 reddiderimus,
1676 5121 1721 5176 si
1749 5136 1852 5178 nos
1882 5122 2026 5177 votis

445 5205 862 5277 nostrisdignos
895 5217 1239 5275 praestemus,
1267 5208 1395 5263 dum
1431 5218 1486 5265 et
1509 5210 1577 5265 de
1612 5212 1901 5281 praeteritis
1943 5212 2028 5267 in-

445 5298 585 5369 grati
611 5311 721 5352 non
742 5299 975 5364 erimus,
1008 5315 1220 5370 nosque
1254 5300 1402 5372 ipsos
1438 5312 1493 5358 et
1520 5304 1800 5375 negotium
1846 5313 2023 5360 totum

444 5387 503 5441 in
534 5402 658 5443 eum
700 5389 1078 5459 rejecerimus,
1111 5394 1260 5447 omni
1298 5403 1489 5449 nostra
1526 5410 1620 5465 spe
1664 5403 1725 5451 et
1758 5395 2025 5451 sollicitu-

444 5479 576 5536 dine
606 5481 868 5538 collocata
896 5484 948 5537 in
978 5499 1048 5540 eo
1088 5504 1101 5540 ε
1137 5486 1340 5557 quippe
1368 5502 1494 5542 cum
1524 5487 1638 5559 ipse
1670 5488 1715 5543 is
1746 5491 1817 5544 sit
1862 5507 1890 5543 a
1915 5505 2025 5560 quo

448 5575 733 5631 nutriendi
784 5591 977 5632 sumus
1014 5580 1227 5635 caelesti
1259 5596 1323 5637 ac
1371 5582 1561 5637 divino
1590 5582 1872 5649 alimento,
1906 5584 2025 5638 sine

448 5681 555 5735 quo
595 5683 702 5722 non
728 5669 875 5723 vivet
906 5671 1092 5725 homo.
1128 5672 1195 5727 Et
1236 5674 1705 5743 quemadmodum
1740 5691 1889 5730 nunc
1939 5691 2027 5730 us-

450 5775 558 5828 que
587 5775 696 5817 non
732 5763 990 5819 destitisti
1027 5773 1139 5819 tum
1173 5767 1424 5832 precibus
1450 5783 1480 5823 a
1513 5768 1625 5825 Deo
1656 5771 1916 5826 auxilium
1945 5770 2024 5826 el—

2087 4576 2095 4583 ‘
2126 4565 2236 4636 γάρ
2266 4580 2350 4617 σοι
2381 4564 2526 4617 κατὰ
2554 4560 2681 4616 νοῦν
2712 4560 2862 4615 τοῦτ’
2888 4560 3118 4633 ἐνέθηκε
3156 4561 3248 4616 τὸν
3272 4560 3532 4617 τοσοῦτον
3558 4564 3696 4629 ἐνεὶς

2124 4654 2340 4727 ἔρωτα·
2376 4656 2588 4709 ἐκείνου
2622 4655 2721 4708 καὶ
2754 4654 3160 4725 συλλαϐομένου
3194 4656 3249 4719 ἐς
3276 4655 3398 4710 τόδε
3447 4657 3694 4727 ἀφίκετο.

2131 4752 2192 4806 El
2224 4752 2289 4822 δὴ
2324 4752 2424 4822 τὴν
2458 4750 2554 4821 μὲν
2574 4748 2740 4814 ἀξίαν
2770 4747 2922 4818 αὕττῷ
2954 4748 3116 4820 χάριν
3150 4751 3277 4817 περὶ
3315 4748 3427 4802 τῶν
3458 4746 3697 4819 φθασάν-

2124 4864 2235 4898 ’των
2278 4841 2565 4914 εἰσόμεθα,
2593 4842 2744 4912 ,περὶ
2774 4840 2832 4895 δὲ
2878 4840 2994 4895 τῶν
3030 4840 3335 4910 μελλόντων
3378 4841 3526 4914 πάσῃ
3552 4844 3694 4913 ψυχῇ

2125 4938 2459 5010 δεησόμεθα,
2498 4935 2622 5002 ἄξια
2648 4935 2920 5008 δράσομεν
2953 4936 3048 4988 καὶ⁵
3079 4935 3237 5006 ἡμῶν
3270 4936 3450 4991 αὐτῶν
3481 4940 3571 4992 καὶ
3600 4936 3691 4992 τοῦ

2124 5031 2291 5102 ἔργου
2346 5030 2440 5085 τοῦ
2500 5032 2891 5101 προκειμένου,
2950 5029 3045 5083 καὶ
3104 5028 3308 5098 μᾶλλον
3362 5030 3695 5099 ελεωσόμεθα

2124 5125 2311 5191 ἀξίους
2338 5125 2485 5196 ἡμᾶς
2513 5123 2710 5189 αὐτοὺς
2740 5124 2848 5177 τῶν
2863 5123 3161 5195 ηὺγμένων
3177 5122 3510 5189 δεικνύντες,
3536 5119 3617 5189 οἷς
3637 5140 3695 5178 τε

2127 5220 2258 5287 περὶ
2280 5219 2350 5270 τὰ
2376 5218 2669 5287 φθάσαντα
2699 5216 2800 5269 οὐκ
2830 5216 3324 5288 ἀγνωμονήσομεν,
3356 5211 3435 5282 οἷς
3461 5235 3520 5271 τε
3552 5219 3698 5291 ἡμᾶς

2125 5310 2324 5373 αὐτοὺς
2355 5312 2450 5365 καὶ
2476 5308 2569 5363 τοῦ
2595 5307 2757 5380 ἔργου
2792 5310 2853 5363 τὸ
2885 5311 2994 5364 πᾶν
3022 5312 3100 5375 εἰς
3133 5310 3297 5371 αὑτὸν
3326 5308 3692 5383 ἀναθήσομεν,

2125 5404 2308 5466 πάσας
2340 5403 2500 5473 ἡμῶν
2533 5403 2620 5455 ἔπ’
2649 5402 2812 5457 αΰτὺν
2864 5403 3291 5474 ὲπῖρῤίπτοντες
3323 5404 3424 5468 τὰς
3477 5403 3693 5465 ἐλπίδας

2125 5514 2185 5550 τε
2215 5498 2308 5549 καὶ
2342 5496 2642 5568 μερίμνας,
2674 5496 2749 5560 ὡς
2782 5496 2950 5551 αὐτοῦ
2988 5497 3143 5560 ὄντος
3169 5496 3265 5550 τοῦ
3307 5498 3455 5567 ἡμᾶς
3480 5495 3694 5566 διαθρέ-

2126 5588 2319 5658 ψοντος
2343 5586 2550 5658 τροφὴν
2579 5589 2679 5658 τὴν
2715 5588 2862 5641 θείαν
2887 5605 2945 5641 τε
2972 5590 3068 5641 καὶ
3092 5581 3455 5661 οὑράνιον,.ἦς
3480 5587 3609 5641 ἄνευ
3630 5585 3693 5642 οὐ

2128 5679 2356 5747 ζήσεται
2402 5678 2710 5749 ἄνθρωπος.
2747 5678 2959 5747 Ὠσπερ
2991 5679 3046 5733 δὲ
3094 5676 3477 5739 διατετέλεκας
3531 5676 3693 5748 μέχρι

2126 5768 2222 5823 τοῦ
2255 5768 2373 5838 νῦν,
2406 5770 2467 5824 τδ
2498 5769 2598 5842 μέν
2626 5787 2675 5824 τι
2708 5771 3003 5842 εὐχόμενος
3026 5769 3106 5840 τῷ
3130 5768 3251 5843 Θεῷ
3278 5770 3376 5824 καὶ
3401 5767 3501 5840 τῆς
3528 5764 3693 5826 αὐτοῦ
