4062 6146
424 319 527 384 547

1376 315 1886 380 BESSAIUONIS
1929 321 1991 379 S.
2040 321 2110 379 li.
2154 321 2219 385 Et
2259 322 2728 387 CAllDiNALiS

3571 329 3662 393 5i8

423 434 610 498 Οὕτως
641 433 674 504 ἠ
701 429 892 501 πρώτη
925 431 1033 482 τῶν
1069 429 1468 498 οἴκουμενικῶν
1517 428 1749 482 συνόδων
1781 429 1842 483 τὸ
1869 431 2002 500 ὁμο·
2035 428 2080 487 Α
2111 432 2305 502 σθῆναι
2335 438 2525 500 κοινῶς
2554 438 2737 490 ούκόλί
2756 456 2850 507 γον
2876 415 3210 510 ἀμφιϐολίας
3234 438 3290 495 ἓν
3317 437 3496 513 ἐαυτῷ
3526 461 3678 516 περι-

422 531 608 585 ούσιον
639 524 946 595 ἀνεκήρυξε
978 522 1192 592 Πατρὶς
1213 525 1306 577 καὶ
1329 523 1481 588 Υἱοῦ,
1508 521 1877 585 συνωθοῦντος
1904 522 1999 575 τοῦ

426 623 777 695 πράγματος,
811 616 908 669 καὶ
932 614 1025 667 τοῦ
1073 615 1284 685 Ἀρείου
1320 615 1380 665 τὸ
1409 614 1664 684 ἀνόμοιον
1695 614 2002 684 ληρωδοῦνο

424 732 538 778 τος.
571 710 760 772 Οὕτως
796 709 826 777 ἡ
859 706 1090 777 δευτέρα
1128 704 1225 773 τὴν
1252 703 1346 758 τοῦ
1399 702 1718 772 Πνεύμστος
1769 701 2002 770 θεότητα

426 808 777 884 ὡμολόγησε,
829 801 1172 860 Μακεδονίου
1206 798 1449 863 τιθέντος
1513 797 1645 853 αὐτὸ
1702 796 1842 866 μετὰ
1893 795 2002 851 τῶν

428 911 768 981 κτισμάτων.
819 898 1008 962 Οὕτως
1050 897 1256 965 ἑκάστη
1315 891 1635 953 σύνοδος-τά
1668 889 2002 959 καθἀὑτὴν

428 1005 770 1077 ἀπεφήνατο,
806 995 914 1049 ὑπὸ
971 993 1068 1063 τῆς
1118 989 1380 1045 ἑκάστοτε
1422 986 1706 1059 παρούσης
1757 984 2004 1053 ἀνάγκης

424 1099 742 1169 κινουμένη.
776 1089 913 1148 Οὔτε
948 1088 1054 1158 γάρ
1088 1083 1314 1155 εἰρήνης
1350 1081 1492 1135 κατὰ
1535 1081 1757 1134 πάντων
1807 1078 2002 1132 ἀνθούο

426 1214 550 1268 σης,
582 1192 675 1246 καὶ
707 1183 1054 1260 κρατούντων
1083 1178 1191 1232 τῶν
1219 1175 1510 1248 βελτιόνων
1553 1173 1659 1226 ἔδει
1693 1174 2002 1244 πράγματα

426 1267 679 1357 ιμποιεῖν
715 1283 831 1343 ταῖς
860 1273 953 1331 τοῦ
992 1271 1129 1327 Θεοῦ
1172 1269 1512 1340 ἐκκλησίαις,
1548 1267 1747 1331 αὐτούς
1783 1283 1833 1319 τι
1864 1267 2003 1318 νεώ-

424 1395 587 1455 τερον
621 1369 1202 1448 προσεξευρίσκονταςο
1232 1364 1360 1417 οὕτε
1394 1360 1729 1430 κινηθεισῶν
1763 1360 1872 1413 τῶν
1919 1360 2002 1412 σί-

429 1453 631 1550 ρισεων
661 1471 696 1543 ἢ
733 1465 1050 1541 ἡσυχάζειν,
1087 1461 1120 1532 ἡ
1180 1457 1365 1513 αὐτῶν
1417 1473 1539 1510 τινα
1597 1453 2001 1523 ἀποφαίνεσθαι

423 1547 684 1631 ἑκαστον,
717 1564 826 1618 εἴτε
853 1559 947 1615 καὶ
985 1556 1102 1628 μετ’
1143 1553 1343 1621 ὀλίγων
1377 1551 1506 1624 περὶ
1531 1549 1639 1604 τῶν
1668 1547 1866 1611 κοινῶς
1899 1547 2004 1602 ὑπὸ

429 1665 647 1721 πάντων
681 1653 1011 1728 ὀφειλόντων
1063 1647 1420 1704 πιστεύεσθαι
1450 1663 1464 1676 ·
1511 1643 1649 1698 ἀλλά
1685 1645 1837 1714 κοινῇ
1907 1643 2005 1712 μὲν

424 1760 587 1815 τοῦτο
642 1754 839 1815 ποιεῖν,
897 1741 1073 1803 ποιεῖν
1132 1743 1190 1798 δὲ
1239 1742 1676 1809 κατεπειγούσης
1733 1737 2002 1805 ἀνάγκης,

389 1906 391 1909 .
439 1853 583 1908 Ἀλλ’
622 1850 811 1916 ὥσπερ
843 1843 1081 1912 ἀνάγκη,
1139 1835 1414 1906 συνεδρίου
1448 1832 1632 1888 κοινοῦ
1686 1830 2000 1886 καταστάν-

427 1964 544 2011 τος,
593 1943 734 2014 μετά
765 1937 971 2006 πολλῆς
1002 1935 1100 2004 τῆς
1149 1949 1207 1985 τε
1243 1929 1479 2002 βασάνου
1531 1926 1661 1996 περὶ
1701 1925 1812 1978 τῶν
1846 1940 2005 1994 κινη-

431 2041 632 2096 θέντων
663 2035 910 2102 ἐξέτασιν
941 2027 1223 2088 εἰσελθεῖν,
1257 2023 1352 2077 καὶ
1400 2020 1461 2075 τὸ
1514 2021 1580 2074 ἐκ
1627 2018 1727 2088 τῆς
1768 2016 2006 2089 συζητή-

430 2148 570 2196 σεως
606 2126 878 2198 ἑκφανθὲν
922 2118 1270 2177 ἀσπάσασθαί
1303 2133 1361 2170 τε
1409 2116 1504 2168 καὶ
1560 2107 2002 2185 προσδέξασθαι·

424 2228 625 2289 οὕτως.
688 2224 739 2276 εί
797 2218 904 2288 πρὸ
957 2215 1051 2270 τοῦ
1105 2208 1634 2278 κοινοῦεκριτηρίου
1684 2205 2008 2275 περί,τινος

426 2322 701 2389 δόγματος
737 2311 1060 2384 κινηθέντος
1093 2324 1177 2368 τις
1218 2302 1554 2375 ἀμφιϐάλλει
1575 2341 1591 2368 ,
1624 2299 1696 2352 τὰ
1725 2296 1914 2351 δίκαιά
1946 2311 2007 2348 τε

435 2412 602 2474 ποιεῖ,
649 2409 743 2461 καί
778 2405 1008 2464 εἰκότως
1047 2399 1115 2454 ἂν
1163 2395 1438 2465 ἀποσταίη
1491 2393 1603 2447 τῶν
1648 2393 1783 2448 ἀνευ
1820 2393 2010 2456 κοινῆς

432 2503 764 2572 ἀποφάσεως
801 2496 932 2566 περ)⁵
972 2489 1316 2548 τῶν’κοινῶν
1350 2485 1808 2556 ἀποφηναμένων·
1846 2482 2009 2546 αὐτὸς

434 2600 533 2671 μὲν
571 2596 665 2650 ἐπὶ
698 2593 808 2647 τῶν
840 2588 1036 2645 κοινῶν
1064 2585 1160 2639 καὶ
1209 2584 1364 2653 κοινῇ
1413 2579 1870 2651 παραδεδομένων
1912 2578 2011 2646 ἐμ·-
2041 2599 2046 2604 ~

439 2698 639 2769 μένων,
690 2689 781 2744 καὶ
811 2682 914 2750 ὀἷς
967 2679 1197 2751 οὐδεμία
1249 2676 1552 2748 ἀμφιϐολία
1585 2671 1710 2769 τύδ’
1761 2671 2010 2738 ἐξέτασις

431 2764 705 2850 λείπεται,
743 2779 974 2835 ἐκείνων
1022 2775 1080 2828 δι
1130 2787 1182 2825 τι
1240 2768 1535 2838 λεγόντων,
1582 2764 1612 2819 δ
1658 2764 1790 2835 πρὶν
1823 2764 2010 2831 εξετα-

433 2965 590 3022 illum
643 2955 914 3014 creaturis
975 2958 1398 3007 annumerante.
1447 2943 1558 3000 Per
1597 2942 1745 2998 hunc
1788 2939 2009 2998 modum

432 3057 672 3118 subinde
697 3064 1040 3124 unaquaeque
1062 3044 1323 3119 synodus,
1341 3055 1462 3112 quae
1485 3039 1660 3112 posita
1690 3039 1748 3094 in
1782 3035 2009 3108 ancipiti

2109 545 2290 599 φερει.

2177 624 2275 675 Διά
2313 625 2482 678 ταῦτα
2517 627 2806 698 τοιγαροῦν
2839 628 2932 682 καὶ
2971 631 3133 701 ἡμεῖς
3167 630 3398 693 εἰκότως
3445 631 3543 701 τῆς
3578 632 3683 687 Δα-

2109 703 2644 787 τίινωνμόιπέστεημενΔ
2684 721 2996 787 κοινωνίας,
3059 724 3133 792 μὴ
3173 725 3498 795 ἀνεχόμενοι
3549 728 3682 797 πρὶς

2108 810 2303 865 ἕνωσιν
2330 812 2516 878 αὐτοῖς
2575 817 2876 884 συνελθεῖν,
2913 819 3045 890 πρὶν
3081 822 3379 874 ὑποπεσεῖν
3426 822 3678 893 οικουμε-

2107 909 2230 976 νικῇ
2259 909 2446 978 κρίσει
2478 911 2539 964 τὸ
2569 911 2700 982 παρ’
2731 913 2913 970 αὐτῶν
2938 911 3218 986 εἰσαχθὲν,
3247 919 3339 971 καὶ
3363 916 3490 992 διχῆ
3513 917 3683 973 διετε·

2107 996 2307 1065 λοῦμεν
2339 998 2702 1068 ἐγκαλοῦντες
2733 1004 2943 1071 αὐτοῖς,
2986 1008 3045 1058 τό
3075 1009 3174 1076 μὲν
3216 1023 3268 1061 τι
3307 1008 3432 1080 δίχα
3460 1009 3558 1083 τῆς
3591 1011 3682 1064 καὶ

2109 1092 2270 1159 ἡμῶν
2303 1093 2484 1146 αὐτῶν
2521 1096 2748 1166 γνώμης
2801 1099 3199 1168 εἰσαγαγοῦσιν
3243 1104 3322 1165 εἰς
3359 1103 3458 1172 τὴν
3502 1104 3684 1175 κοινὴν

2119 1181 2470 1255 Ἐκκλησίαν,
2520 1187 2582 1241 τὸ
2632 1189 2692 1243 δὲ
2733 1191 2856 1261 μηδ’
2899 1194 3253 1263 ἀνεχομένοις
3310 1197 3683 1266 συστήσασθαι

2110 1277 2327 1334 σύνοδον
2362 1283 2503 1337 κατά
2533 1283 2630 1349 τὰς
2665 1284 2906 1357 ἀρχαίας
2942 1290 3157 1354 ἐκείνας
3211 1293 3310 1352 τὰς
3346 1292 3453 1362 πρὸ
3502 1293 3676 1362 ἡμῶν.

2120 1374 2282 1430 Ἀλλὰ
2308 1375 2471 1447 μέχρι
2506 1379 2608 1449 μὲν
2642 1382 2815 1455 ταύτῃ
2847 1383 3126 1452 χρώμενοι
3157 1383 3429 1440 διετέλουν
3451 1390 3518 1456 τῇ
3548 1387 3680 1455 γνώ-

2109 1483 2206 1538 μῃ.
2250 1470 2448 1524 καὶτὰ
2508 1473 2643 1542 παρ’
2701 1476 2858 1546 ἡμῶν
2914 1477 3100 1541 αὐτοῖς
3167 1479 3492 1550 ἐγκλήματα
3549 1483 3683 1544 μετά

2108 1562 2311 1629 παντὸς
2346 1566 2566 1637 ἀπήντα
2601 1569 2840 1632 δικαίου,
2873 1572 2968 1625 καὶ
3000 1573 3160 1643 ἡμεῖς
3217 1574 3324 1640 ἔξω
3374 1574 3557 1645 πάσης
3605 1577 3684 1626 αἰ-

2107 1655 2246 1718 τίας.
2299 1657 2453 1714 Ἐπεὶ
2484 1659 2541 1713 δὲ
2575 1661 2771 1716 τούτου
2819 1663 2918 1733 μὲν
2954 1665 3054 1736 ἡδη
3107 1666 3481 1732 κατέγνωσαν,
3541 1669 3631 1720 καὶ
3658 1669 3684 1720 ὃ

2040 1789 2079 1845 Β
2111 1749 2511 1845 προύϐάλλοντο
2561 1755 2780 1826 ἀξίωμα
2836 1757 2968 1812 ἴδιον
3017 1760 3360 1823 ἀπεώσαντο,
3417 1764 3558 1830 μετά
3593 1763 3685 1830 τῆς

2112 1838 2235 1909 ίσης
2266 1841 2322 1895 δὲ
2374 1846 2470 1897 καὶ
2526 1845 2686 1901 αὐτοὶ
2736 1849 3126 1915 ταπεινώσεως
3177 1854 3255 1916 εἰς
3311 1855 3685 1922 οἱκουμενικὸν

2110 1932 2388 1988 ἐθελονταὶ
2417 1938 2679 2008 συνῆλθον
2717 1943 3024 2014 κριτήριον,
3065 1945 3158 1997 κα)⁵
3182 1945 3258 2016 τῷ
3281 1948 3344 2001 ὲκ
3377 1947 3488 2001 τῶν
3514 1948 3684 2015 λόγων

2112 2029 2480 2101 φανησομένῳ
2509 2031 2907 2104 ἀκολουθήσειν
2937 2038 3244 2104 συνέθεντο,
3275 2039 3430 2092 αὐτοί
3459 2057 3519 2093 τε
3550 2058 3686 2096 παν-

2111 2118 2202 2183 τὸς
2227 2121 2579 2191 ἐγκλήματος
2609 2125 2770 2179 τοῦτο
2802 2126 2862 2180 τὸ
2896 2129 3062 2199 μέρος
3088 2131 3229 2200 σφᾶς
3263 2133 3462 2197 αὐτοὺς
3492 2134 3691 2188 ἀνωτέ-

2113 2231 2242 2286 ρους
2276 2217 2579 2287 ὲτήρησαν’
2607 2218 2699 2272 καὶ
2730 2221 2877 2293 ἡμᾶς
2910 2224 2993 2278 δεῖ
3017 2226 3096 2296 τῷ
3131 2226 3420 2297 πράγματι
3453 2233 3687 2301 προσελ-

2111 2307 2225 2367 θεῖν
2255 2309 2394 2378 μετά
2428 2311 2632 2383 πολλῆς
2681 2313 2919 2384 βασάνου
2951 2319 3048 2372 καὶ
3082 2319 3330 2389 μεγάλης
3369 2322 3470 2392 τῆς
3507 2323 3688 2388 ἐξετά-

2114 2415 2274 2467 σεως,
2311 2402 2407 2456 καί
2458 2419 2591 2458 ποτε
2652 2408 3040 2474 μεταϐαλόντα
3090 2411 3159 2466 ca
3217 2415 3523 2485 πράγματα
3552 2417 3692 2486 ,καθ’

2109 2494 2270 2564 ἡμῶν
2298 2496 2481 2550 αὐτῶν
2512 2499 2878 2572 ἀντιστραιρῇ,
2912 2491 3007 2556 καὶ⁴
3043 2504 3535 2581 πολλαπλασιασθῇ
3570 2511 3690 2564 καθ’

2111 2587 2292 2657 ἡμῶν,
2342 2591 2379 2643 ἃ.
2415 2589 2538 2643 κατ’
2564 2591 2745 2646 αὐτῶν
2795 2595 3149 2666 ἐπεφέρομεν
3199 2601 3470 2672 πρότερον
3509 2604 3690 2659 δίκαια

2111 2680 2459 2752 ἐγκλήματα.
2511 2684 2747 2754 Εἴρηται
2799 2688 2909 2758 γάρ
2944 2694 3039 2746 καὶ
3068 2691 3222 2747 δοκεῖ
3267 2711 3356 2764 μοι
3411 2698 3691 2754 συνδοκεῖν

2108 2773 2340 2841 ἅπασιν,
2381 2773 2574 2847 ὥσπερ
2604 2779 2774 2849 μήπω
2805 2781 3027 2836 συνόδου
3061 2789 3536 2862 συγκροτηθείσης
3585 2810 3692 2847 κοι-

2115 2971 2498 3028 szepenumero
2517 2974 2703 3014 coram
2734 2963 3058 3034 oltjecimus,
3085 2969 3378 3041 palamque
3409 2973 3462 3028 in
3490 2990 3586 3031 eos
3611 2976 3693 3032 in-
3761 3003 3765 3006 ~

2115 3050 2258 3105 vecti
2286 3051 2729 3120 suntus.Quibtts
2755 3056 2885 3127 quid
2912 3058 2987 3112 illi
3020 3064 3575 3138 responderint,quas
3607 3086 3697 3127 ex-

433 3157 678 3214 inerunt,
717 3142 1112 3217 pronuntiavit,
1169 3141 1408 3193 instante
1452 3133 1720 3189 duntaxat
1773 3129 2012 3185 necessi-

2115 3146 2427 3201 cusationes
2453 3147 2507 3201 in
2535 3148 2778 3204 medium
2803 3129 3154 3224 adduxerint,
3179 3157 3378 3227 quibus
3396 3129 3698 3220 rationibus

436 3256 568 3303 tate.
593 3241 780 3311 Neque
803 3238 948 3292 enim
972 3235 1137 3289 licere
1169 3229 1446 3301 inquiunt,
1480 3241 1611 3296 pace
1645 3239 1710 3280 ac
1737 3220 2009 3292 tranquil.

433 3341 591 3395 litate
648 3332 775 3388 ﬁdei
832 3331 1073 3399 vigente,
1138 3335 1306 3387 novas
1374 3332 1594 3372 movere
1644 3322 2009 3385 quaestiones.

439 3428 617 3502 neque
644 3426 782 3484 ortis
835 3419 1139 3478 hreresibus
1189 3427 1281 3470 aut
1329 3423 1530 3476 tacere,
1563 3409 1876 3508 aut'solum
1927 3406 2011 3460 vel

431 3497 558 3581 cum
600 3518 786 3592 paucis
816 3515 886 3569 de
938 3510 1025 3566 bis
1060 3523 1181 3579 qua:
1219 3502 1373 3560 credi
1409 3497 1772 3556 communiter
1799 3497 1867 3550 ab
1897 3509 2014 3549 om-

433 3590 613 3670 nibus?
627 3609 852 3672 debent,
887 3612 1145 3664 tractare,
1177 3599 1272 3654 sed
1300 3593 1580 3652 communi
1627 3590 1850 3662 quidem
1882 3604 2012 3644 con-

435 3719 602 3760 sensu
629 3702 735 3758 hoc
767 3696 884 3752 ﬁeri
914 3702 1198 3764 oportere,
1225 3688 1346 3745 lieri
1369 3702 1496 3745 vero
1529 3686 1793 3739 duntaxat
1823 3696 2009 3736 neces-

434 3799 595 3853 sitate
640 3783 888 3863 urgente.
922 3787 987 3843 Et
1015 3779 1485 3858 quemadmodum
1517 3775 1756 3850 generali
1780 3774 2014 3832 concilio

435 3893 784 3957 congregato,
841 3894 982 3952 opus
1046 3891 1169 3932 esse
1230 3874 1386 3929 aiunt
1441 3885 1657 3926 summo
1712 3867 1896 3924 studio
1954 3882 2016 3922 ac

433 3978 765 4052 cogitatione
815 3973 999 4030 omnia
1042 3969 1360 4034 discutere;
1407 3974 1485 4032 et,
1518 3965 1664 4036 quod
1722 3965 1862 4018 ratio
1899 3970 2016 4016 tan-

421 4073 557 4127 dem
593 4065 915 4131 obtinuerit,
956 4063 1213 4133 accipere
1251 4072 1446 4115 omnes
1495 4065 1660 4126 atque
1705 4053 1963 4124 amplecti
1998 4069 2012 4105 :

435 4167 532 4234 ita,
573 4163 617 4219 si
650 4169 778 4218 ante
821 4172 1111 4214 commune
1146 4153 1418 4228 judicium
1456 4150 1526 4207 de
1555 4149 1739 4220 aliqua
1777 4164 1836 4203 re
1861 4147 2016 4217 quis-

432 4261 577 4332 piam
618 4251 974 4316 dubitaverit,
1011 4260 1159 4304 tnota
1186 4245 1522 4318 quaestione,
1548 4251 1604 4300 et
1639 4242 1707 4298 ab
1736 4240 2016 4312 aliquibus

433 4350 820 4412 determinata,
846 4347 972 4419 jure
1014 4342 1068 4398 id
1104 4340 1308 4404 facere,
1346 4336 1654 4408 meritoque
1703 4335 1770 4391 ab
1810 4334 1896 4388 his
1934 4333 2018 4388 di-

435 4442 545 4497 vidi
581 4442 673 4511 qui
731 4437 939 4507 absque
971 4430 1249 4489 communi
1300 4443 1568 4486 consensu
1616 4426 1736 4481 ausi
1782 4435 1910 4479 sunt
1950 4424 2016 4479 de

438 4498 614 4592 rebus
634 4498 1020 4587 communibus
1045 4523 1316 4598 judicium
1361 4521 1530 4588 ferre,
1569 4518 2014 4592 quandoquidem
2044 4498 2093 4601 ,θ

439 4633 556 4699 ipse
590 4622 988 4681 communibus
1038 4619 1206 4675 rebus
1259 4625 1316 4673 et
1379 4614 1746 4672 communiter
1803 4612 2017 4668 traditis

439 4715 795 4782 essen-tiatur,
829 4714 921 4769 ille
960 4724 1096 4768 vero
1127 4709 1332 4780 aliquid
1353 4707 1538 4763 dicant
1560 4706 1705 4776 quod
1725 4713 2018 4774 antequam

439 4811 805 4869 communiter
845 4806 1176 4864 discutiatur
1226 4818 1336 4858 non
1391 4814 1585 4872 parum
1621 4797 1675 4852 in
1721 4812 1778 4852 se
1822 4797 2020 4850 habeat

439 4903 821 4959 dubitationis.

507 4997 655 5064 Quas
687 4995 758 5049 ob
792 5009 881 5050 res
929 5000 1175 5048 nostrum
1225 4988 1472 5060 plerique
1530 4997 1803 5051 asserunt,
1875 4985 2019 5039 haud

441 5105 499 5145 se
534 5088 734 5161 injuria
777 5105 804 5141 a
840 5087 1158 5141 Latinorum
1198 5081 1476 5140 consortio
1506 5080 1836 5145 abhorrere;
1875 5080 2020 5148 quod

443 5200 552 5240 non
587 5183 659 5238 sit
687 5179 971 5236 ferendum
995 5217 1012 5243 ,
1053 5177 1198 5232 uniri
1234 5191 1333 5231 nos
1375 5175 1459 5229 eis
1490 5182 1776 5243 antequam
1809 5172 2020 5243 judicio

443 5273 766 5330 universalis
823 5269 1100 5334 Ecclesiae,
1136 5268 1280 5340 quod
1327 5281 1520 5323 recens
1554 5283 1651 5337 per
1702 5282 1801 5322 eos
1854 5267 2025 5321 intro-

444 5369 670 5426 ductum
706 5367 832 5432 fuit,
876 5363 1222 5434 subjiciatur.
1265 5364 1446 5432 Atque
1497 5359 1584 5415 his
1630 5360 1854 5432 quidem
1896 5360 2022 5417 ,du-

445 5463 572 5535 plici
599 5460 961 5521 accusatione
987 5454 1422 5511 succensendum
1445 5453 1794 5509 existimant:
1824 5454 2022 5522 primo,

445 5554 593 5626 quoii
632 5550 832 5622 ignaris
887 5557 941 5604 et
993 5562 1336 5619 nequaquam
1364 5545 1802 5610 assentientibus
1863 5545 2024 5600 nobis

447 5645 750 5717 quidquam
777 5642 832 5698 iu
858 5638 1536 5699 comrnunetnEcclesiam
1577 5638 1980 5694 introduxerint
2007 5655 2021 5702 ;

452 5749 593 5805 tttm,
624 5737 772 5810 quod
797 5736 909 5808 pati
941 5736 1148 5797 nollent
1174 5733 1482 5804 generalem
1518 5732 1783 5802 synodum
1801 5742 1857 5786 et
1883 5734 2026 5787 anti-

461 5832 589 5901 quis
625 5829 731 5886 illis
750 5829 984 5885 similem
1032 5827 1347 5882 convocari.
1382 5822 1506 5879 Haec
1536 5839 1635 5879 nos
1666 5837 1883 5894 quoque
1916 5825 2025 5881 illis

2116 3235 2327 3308 objecta
2370 3241 2745 3308 purgaverint,
2781 3243 3043 3302 latissime
3067 3264 3262 3306 omnes
3295 3253 3695 3317 intelleximus.

2115 3329 2302 3399 itaque
2330 3347 2437 3386 non
2469 3341 2555 3387 est
2590 3336 2646 3388 in
2686 3337 2976 3405 praesentia
3014 3343 3298 3410 repetendi
3351 3345 3531 3413 locus,
3563 3365 3699 3418 pra:-

2116 3420 2303 3474 sertim
2333 3437 2457 3476 cum
2494 3433 2680 3480 nostra
2728 3429 2908 3483 clunis
2937 3433 3165 3499 quaestio
3214 3434 3441 3492 minime
3500 3439 3554 3495 in
3598 3441 3700 3497 hoc

2115 3524 2390 3575 versetur.
2446 3523 2631 3569 utrum
2689 3533 2786 3586 per
2833 3533 2892 3574 se
2948 3521 3093 3588 soli,
3137 3539 3204 3580 an
3270 3528 3560 3586 nobiscum
3593 3549 3697 3591 una

2118 3607 2442 3674 particulam
2476 3607 2622 3664 illam
2668 3600 3020 3680 addiderint,
3055 3627 3112 3672 et
3139 3619 3427 3679 licueritne
3473 3627 3696 3693 addere,

2119 3711 2327 3764 necne;
2377 3701 2468 3755 sed
2498 3712 2676 3757 utrum
2708 3721 2900 3761 verum
2949 3707 3217 3767 falsumve
3263 3715 3335 3770 sit
3369 3719 3513 3786 quod
3547 3723 3698 3777 add-

2121 3796 2234 3842 tum
2260 3801 2365 3854 est,
2418 3792 2521 3846 hoc
2576 3795 2630 3849 in
2688 3797 2883 3864 primis
2940 3801 3397 3861 considerandum
3458 3825 3487 3862 a
3543 3815 3698 3868 nobis

2119 3897 2242 3937 esse
2272 3887 2510 3939 universi
2543 3887 2933 3957 judicavimus.
2979 3892 3182 3950 Verum
3224 3897 3417 3955 demus
3455 3903 3504 3956 in
3563 3921 3594 3972 p
3624 3923 3696 3962 τις·

2121 3975 2439 4035 sentia.non
2476 3989 2622 4033 recte
2646 3980 2775 4043 jllos
2807 3981 3024 4051 fecisse,
3059 3989 3206 4057 quod
3253 3991 3373 4047 sine
3405 3997 3570 4049 iulius
3595 3999 3695 4054 lic-

2118 4067 2297 4122 clesia:
2344 4073 2769 4140 congregatione
2801 4073 2868 4130 de
2921 4078 3085 4132 rebus
3139 4082 3400 4149 gravibus
3433 4087 3499 4142 ad
3539 4090 3694 4147 [idem

2119 4157 2484 4215 Christianam
2513 4164 2921 4232 pertinentibus
2944 4175 3246 4240 tractarint,
3277 4189 3563 4249 quousque
3581 4184 3698 4253 qui-

2120 4252 2242 4343 dem
2262 4253 2314 4306 in
2339 4253 2441 4307 hac
2473 4257 2747 4310 sententia
2771 4261 3145 4330 permansere,
3171 4280 3243 4319 ne
3261 4267 3480 4337 aliquod
3503 4252 3697 4343 dogma

2120 4342 2175 4397 in
2204 4347 2443 4415 generali
2481 4348 2694 4418 synodo
2748 4352 3090 4420 propositum
3130 4354 3525 4428 discuteretur,
3586 4342 3699 4418 l'or—

2123 4440 2284 4493 taSsis
2317 4439 2459 4493 haud
2497 4441 2694 4511 injuria
2748 4460 3076 4503 succensere
3116 4449 3222 4506 illis
3270 4453 3615 4522 videbamur,
3646 4469 3699 4514 et

2123 4542 2321 4587 nostra:
2363 4534 2628 4589 adversus
2689 4536 2810 4590 illos
2872 4541 3252 4599 accusationes
3317 4545 3441 4614 jure
3494 4552 3698 4619 optimo

2123 4625 2339 4681 defendi
2388 4638 2659 4697 poterant.
2723 4630 2881 4685 Nunc
2951 4645 3132 4689 autem
3205 4653 3328 4693 cum
3389 4639 3696 4713 hnju5tnodi

2123 4720 2278 4790 culpa
2321 4732 2539 4787 vacent,
2603 4733 2907 4794 sponteque
2959 4727 3013 4781 in
3068 4731 3377 4796 generalem
3432 4739 3697 4806 synodum

2124 4816 2504 4879 convenerint,
2541 4833 2604 4870 ac
2634 4820 2819 4872 omnia
2860 4834 2919 4874 se
2962 4820 3205 4879 facturos
3236 4821 3559 4896 aﬂirmarint
3584 4845 3702 4900 quae

2129 4908 2267 4962 ratio
2333 4911 2708 4978 persuaserit,
2763 4925 2818 4966 et
2881 4913 2983 4981 ipsi
3039 4931 3098 4969 se
3151 4918 3300 4972 omni
3355 4926 3701 4980 accusatione

2128 5013 2349 5066 prorsus
2379 4999 2650 5053 immunes
2687 5003 3060 5070 reddiderint,
3097 5017 3152 5061 ct
3194 5024 3296 5065 nos
3342 5021 3564 5081 oportet
3594 5032 3699 5072 non

2127 5089 2403 5144 mediocre
2460 5093 2702 5147 studium
2759 5097 3255 5170 cogitationemque
3305 5104 3590 5171 adhibere,
3645 5119 3700 5162 ut

2126 5197 2246 5251 quae
2273 5182 2481 5254 agenda
2510 5200 2537 5237 a
2577 5173 2739 5242 nobis
2776 5188 2890 5242 sint
2932 5200 3089 5246 caute
3127 5194 3534 5269 prudenterque
3578 5218 3708 5271 asa--

2129 5292 2268 5339 mus,
2330 5291 2394 5332 ne
2444 5278 2590 5348 quod
2641 5288 2766 5336 ante
2829 5282 2978 5339 hunc
3023 5284 3168 5342 diem
3203 5287 3443 5360 objicere
3498 5293 3702 5352 Latinis

2128 5369 2535 5437 consuevimus,
2578 5371 2630 5424 in
2669 5388 2767 5427 nos
2800 5375 3039 5440 recidat;
3079 5379 3319 5450 denique
3369 5399 3430 5436 ea
3485 5401 3701 5443 achsa-

2133 5463 2635 5532 tionejndicemur,
2671 5467 2829 5536 cujus
2875 5469 2993 5524 illos
3025 5469 3156 5526 olim
3209 5489 3331 5529 reos
3389 5480 3698 5549 agebamus.

2091 5629 2102 5639 ν
2131 5553 2263 5609 Nam
2298 5557 2364 5622 si,
2408 5568 2466 5610 ut
2488 5557 2668 5612 dicere
2701 5559 2800 5627 ipsi
2829 5563 3236 5630 consuevimus,
3266 5568 3511 5624 nonduin
3541 5571 3702 5628 advo-

2132 5657 2251 5702 cata
2286 5649 2492 5720 synodo
2526 5650 2765 5720 generali
2804 5654 3097 5711 accusandi
3131 5669 3290 5712 erant
3326 5659 3532 5722 Latini.
3561 5663 3698 5734 quod

2132 5752 2232 5790 suo
2256 5738 2518 5793 duntaxat
2539 5740 2749 5809 judicio
2787 5742 2854 5798 de
2891 5759 2950 5799 re
2980 5747 3115 5801 adeo
3144 5751 3295 5819 gravi
3319 5772 3328 5802 i
3349 5753 3696 5820 redidisscnt,

2132 5832 2321 5901 quidni
2358 5847 2456 5886 nos
2487 5849 2724 5905 quoque,
2760 5852 2882 5892 cum
2919 5839 2972 5893 id
3009 5843 3154 5913 quod
3201 5847 3579 5916 quaerebamus
3621 5849 3694 5904 ia-
