4140 6140
419 288 539 358 εει

1408 292 1913 356 BESSARIONIS
1946 294 2008 357 S.
2040 289 2116 359 Β.
2158 295 2223 360 Ε.
2269 289 2739 361 CARDINAUS

3588 293 3702 365 ἓνῐὲ

427 400 471 477 ᾖ
525 385 600 459 οὐ
644 402 1020 470 δυνήσονται
1073 405 1395 473 ἀντειπεῖν,
1449 407 1593 461 οὐδὲ
1649 406 2014 476 ἀντιστῆναι
2044 407 2269 480 Ardae,
2322 413 2410 468 ὁτὲ
2451 412 2507 466 δὲ
2558 408 2622 465 αὖ
2684 412 2862 480 λέγειν
2898 398 2963 466 τὰ
3003 401 3266 465 ἐναντία·
3317 397 3509 481 ὥσπερ
3541 408 3699 482 οἶμαι

431 496 658 565 πάντες
684 500 746 551 ol
779 496 1186 568 ἀντικείμενοι
1227 499 1372 569 ὑμῖν
1393 515 1405 530 ’
1434 500 1524 552 διὰ
1556 501 1763 555 τούτων
1797 499 2016 561 δεικνὺς

429 587 538 643 τῶν
569 588 856 660 ῥημάτων,
883 589 958 650 ὡς
991 589 1136 661 άπερ
1187 590 1254 644 ἂν
1287 592 1442 645 αὐτοὶ
1479 594 1661 662 φαῖεν,
1687 589 1852 645 αὑτοῦ
1916 591 2015 662 ῥή-

432 696 584 749 ματα
629 681 868 748 ἔσονται,
907 683 1004 738 καὶ
1038 684 1130 736 τοῦ
1182 684 1508 756 ἐνηχοῦντος
1543 687 1728 748 αὐτοῖς
1765 683 2015 755 Πνεὺμα-

426 789 522 837 τος
546 789 559 804 ·
597 774 626 829 ὅ
654 774 890 846 ἀλλαχοῦ
916 777 1018 847 ἔφη
1059 778 1236 831 πᾶσαν
1266 778 1464 842 αὐτοὺς
1495 779 1730 844 διδάξειν
1755 779 1857 851 τὴν
1881 779 2014 850 ἀλή-

428 863 580 922 θειαν
610 867 861 935 ἐπελθὸν,
896 870 971 934 ὡς
1005 865 1148 925 εἶναι
1181 872 1276 925 καὶ
1315 873 1384 926 τὰ
1421 871 1600 926 αὐτῶν
1629 874 1879 944 ῥήματα,
1919 871 2014 925 τοῦ

428 961 745 1031 nuditate;
787 964 899 1032 ’τῆς
927 962 1209 1034 ’ἀληθείας
1268 966 1327 1017 ὲν
1367 964 1552 1028 αὐτοῖς
1606 957 2010 1035 φθεγγομένου,

428 1054 690 1126 ἀλήθειαν
725 1059 818 1113 καὶ
874 1056 1048 1127 ζωήν.
1075 1056 1202 1110 Ὀτι
1231 1057 1286 1111 δὲ
1321 1058 1500 1112 ταῦτα
1535 1059 1603 1112 τὰ
1662 1060 1884 1129 ῥήματα
1913 1058 2014 1111 οὐκ

428 1148 508 1210 είς
549 1148 751 1212 αὐτοὺς
809 1148 972 1218 μόνον
1006 1150 1132 1214 τοὺς
1171 1150 1449 1214 αὐτόπτας
1489 1152 1582 1205 τοῦ
1613 1153 1788 1220 Λόγου
1832 1152 2011 1220 διέϐη,

427 1240 566 1297 ἀλλά
593 1245 688 1298 καὶ
728 1246 808 1308 ei;
839 1245 1049 1308 πάντας
1079 1246 1207 1308 τοὺς
1257 1245 1378 1315 μετ’
1407 1247 1607 1308 αὐτοὺς
1652 1246 1712 1299 τὸ
1746 1247 2012 1316 σωτήριον

424 1336 845 1405 διαγγέλλοντας
879 1338 1145 1408 κήρυγμα
1201 1337 1469 1408 ποιμένας
1501 1338 1595 1391 καὶ
1625 1338 2008 1403 διδασκάλους,

426 1435 629 1494 πάντες
663 1449 721 1484 τε
763 1431 965 1495 ἴσασιν,
1003 1428 1164 1492 αὑτός
1199 1447 1261 1484 τε
1291 1432 1318 1483 ὁ
1367 1431 1564 1500 Σωτὴρ
1605 1429 1734 1500 ἔφη,
1767 1433 1830 1485 Ἀ
1870 1429 2012 1498 ὑμῖν

420 1527 599 1595 λέγω,
627 1523 780 1582 πᾶσι
815 1526 995 1597 λέγω,
1031 1527 1275 1596 φάμενος
1296 1539 1312 1555 ’
1345 1523 1485 1578 αὑτά
1517 1541 1574 1576 τε
1606 1524 1674 1576 τὰ
1710 1526 2012 1595 πράγματα

426 1619 720 1689 μαρτυρεῖ,
777 1618 996 1672 πάντων
1039 1616 1322 1685 τῶνμετὰ
1370 1617 1551 1670 ταῦτα
1582 1617 2011 1686 θαυμαστωθέν-

421 1727 537 1764 των
561 1713 675 1774 τοῖς
711 1711 897 1773 αὐτοῖς
951 1710 1133 1780 ἔργοις
1184 1725 1246 1762 τε
1288 1714 1398 1782 ,καὶ
1447 1715 1721 1782 σημείοις,
1758 1710 1854 1762 καὶ
1899 1711 2010 1772 τίεις

421 1805 522 1874 τῆς
553 1788 902 1867 διδασκαλίας
933 1804 1190 1872 ἀφθόνοις
1225 1787 1433 1875 νάμασι
1482 1807 1584 1859 καὶ
1621 1806 1830 1875 πηγαῖς
1887 1804 2012 1858 ἀεν-

421 1901 603 1963 νάοιςο
659 1899 734 1962 ὡς
788 1899 1023 1969 φανερὸν
1075 1893 1216 1952 εἶναι
1269 1899 1458 1953 λοιπὸν
1513 1898 1608 1951 καὶ
1661 1899 1786 1962 τοὺς
1823 1897 2010 1967 ἁγίους

423 1994 673 2065 Πατέρας
698 1996 792 2048 καὶ
844 1991 1202 2057 διδασκάλους
1232 1990 1322 2045 διὰ
1352 1991 1444 2044 τοῦ
1502 1991 1774 2060 παναγίον
1811 1989 1998 2042 λαλεῖν

423 2087 772 2159 Πνεύματος,
809 2089 903 2141 καὶ
954 2087 1183 2160 ῥήματα
1236 2086 1577 2156 φθέγγεσθαι
1628 2086 1723 2138 τοῦ
1757 2085 2013 2154 Σωτῆρος

421 2181 564 2235 κατά
616 2181 904 2251 τυράννων
936 2183 1032 2235 καί
1075 2181 1387 2250 ἡγεμόνων,
1427 2182 1521 2232 καὶ
1549 2179 1654 2231 τῶν
1685 2179 1751 2249 τῇ
1781 2176 2014 2249 ἀληθείᾳ

423 2274 750 2345 μαχομένων
781 2273 1080 2342 αίρετικῶν
1125 2273 1628 2343 συγγραψαμένους
1668 2276 1762 2325 καὶ
1807 2271 2012 2340 δογμα-

421 2371 694 2445 τίζοντας,
735 2369 832 2422 καὶ
872 2366 1247 2438 κηρύττοντας
1279 2367 1378 2437 τὴν
1434 2365 1719 2436 ἀλήθειαν.
1769 2363 1928 2418 Οὕτω
1955 2365 2014 2420 δὲ

423 2463 668 2535 Ξχοντας,
705 2462 800 2514 καὶ
831 2460 1147 2530 συμφωνεῖν
1181 2460 1396 2523 ἑαυτοῖς
1430 2459 1526 2512 καὶ
1559 2459 1812 2529 ἀλλήλοις
1843 2460 2013 2528 ἀνάγ-

417 2567 533 2628 κηο
581 2558 678 2609 καὶ
719 2553 886 2626 μηδὲν
921 2553 1189 2618 ἐναντίον,
1227 2554 1287 2606 οὐ
1345 2554 1566 2624 μικρὸν,
1619 2555 1680 2606 ob
1741 2555 1907 2623 μέγα,
1949 2553 2010 2618 οὐ

419 2652 558 2723 πρὸς
588 2650 884 2720 ἀλλήλους,
918 2650 978 2701 οὐ
1014 2648 1150 2719 πρὸς
1178 2649 1429 2714 ἑαυτοὺς,
1461 2649 1570 2702 οὐδ’
1602 2646 1866 2719 ἐννοῆσαί
1883 2648 2013 2716 γοῦν

417 2744 555 2808 ὅλως
586 2741 812 2813 θεμιτὸν
841 2741 1043 2806 αὐτοὺς
1073 2743 1242 2811 φάναι
1263 2759 1278 2773 ο
1317 2741 1457 2798 οὕτω
1508 2745 1618 2814 γὰρ
1650 2743 1716 2798 ἂν
1745 2746 1848 2799 οὐκ
1876 2743 2010 2816 ἀλη-

420 2839 570 2899 θείας
599 2835 804 2909 μᾶλλον
831 2834 864 2904 ἢ
921 2833 1134 2902 πλάνης
1166 2837 1226 2888 ὲν
1265 2835 1450 2900 αὐτοῖς
1481 2836 1709 2906 ὲλάλησε
1745 2837 1966 2908 πνεῦμα
1993 2852 2009 2870 ο

416 2932 599 3005 πλάνη
633 2932 741 3001 γὰρ
777 2933 872 2985 καὶ
903 2931 1016 2993 τοῖς
1071 2929 1456 2999 πλανωμένοις
1506 2932 1731 2996 οίκεῖον,
1782 2916 1872 2985 δτὲ
1904 2932 2011 3002 μὲν

2118 503 2212 557 καὶ
2236 506 2606 574 ἐπιστήμονος
2628 505 2821 576 ἀνδρὸς
2850 503 3093 569 ἀπλανές
3123 504 3242 557 ἐστι
3270 506 3500 576 σημεῖον
3520 504 3700 574 ἑαυτῷ

2119 598 2213 650 καὶ
2238 598 2354 662 τοῖς
2387 598 2570 661 ἄλλοις
2607 600 2792 667 σοφοῖς
2814 593 3157 668 συμφωνεῖν,
3185 598 3338 669 ὀσῳ
3361 592 3454 652 οὖν
3487 597 3702 668 ἀνθρὼ-

2119 707 2236 744 πων
2260 690 2442 760 σοφῶν
2476 690 2539 745 τὸ
2573 693 2671 761 τῆς
2702 693 2895 760 σοφίας
2927 694 3020 745 καὶ
3049 691 3314 761 ἀληθείας
3373 692 3700 761 ὑπίρκειται

2117 772 2366 854 Πνεῦμα,
2403 785 2643 856 τοσούτῳ
2667 784 2761 839 καὶ
2795 783 3088 854 σύμφωνον
3109 783 3292 855 ἑαυτῷ
3326 784 3538 855 μᾶλλον
3560 781 3701 838 εἶναι

2117 878 2353 947 ἀνάγκη.
2385 879 2460 933 Οὐ
2496 878 2603 951 μὴν
2637 878 2754 932 ἀλλ’
2785 880 2836 933 εῖ
2866 897 2950 943 τις
2985 881 3082 933 καὶ
3116 880 3332 942 ἑαυτοῖς
3376 878 3412 950 ἢ
3439 877 3697 948 ἀλλήλοις

2116 970 2233 1026 ἐσθ’
2290 973 2378 1026 ὅτε
2425 971 2552 1036 τοὺς
2609 975 2858 1046 Πατέρας
2902 974 3364 1044 ἐναντιουμένους
3405 973 3702 1043 τολμήσειε

2117 1067 2305 1135 φάναι,
2337 1066 2458 1137 ὥρα
2485 1067 2675 1123 λοιπὸν
2705 1068 2853 1136 αὐτῷ
2901 1068 3044 1138 μετά
3080 1068 3195 1122 τῶν
3220 1067 3469 1122 ἀπίστων
3499 1066 3705 1137 ταχθῆ-

2117 1177 2207 1212 ναι
2239 1160 2463 1214 καὶτῶν
2509 1160 2721 1232 ἐχθρῶν
2753 1160 2850 1214 τοῦ
2889 1160 3130 1230 σταυροῦ
3153 1176 3169 1192 ο
3206 1155 3286 1224 οἷς
3322 1160 3486 1230 ἔργον
3513 1159 3701 1210 ἐντεῦ-

2117 1252 2208 1306 θεν
2244 1255 2309 1308 τά
2347 1255 2593 1326 ἡμέτερα
2627 1255 2932 1324 ἐπιχειρεῖν
2968 1252 3335 1308 ὑποσαλεύειν
3395 1253 3703 1324 μυστήρια,

2115 1349 2414 1418 τεκμήριον
2447 1348 2548 1418 τῆς
2599 1346 2694 1400 τοῦ
2752 1348 3115 1418 κηρύγματος
3164 1346 3482 1419 ἀσθενείας,
3536 1345 3705 1400 πλάτ-

2113 1457 2299 1495 τουσιν
2333 1440 2780 1511 ἐναντιοφανείας
2808 1442 2962 1504 τινὰς
2983 1443 3082 1511 τῆς
3101 1439 3255 1502 θείας
3283 1439 3534 1510 Γμφῆς,
3557 1429 3716 1508 πλὴν

2113 1532 2296 1589 αὐτῶν
2325 1535 2498 1588 οὐδενὶ
2533 1518 2724 1608 ἑτέρῳν
2751 1534 3052 1598 δοκούσαςο
3092 1532 3214 1586 καθ’
3256 1525 3333 1586 ὧν
3400 1533 3507 1596 πᾶς
3558 1530 3706 1584 διδά-

2111 1628 2320 1692 σκαλος
2373 1630 2610 1693 ἵσταται,
2636 1629 2731 1684 καί
2779 1627 3144 1696 ἀγωνίζονται
3189 1628 3391 1690 πάντες
3432 1641 3707 1695 συκοφαν-

2117 1721 2346 1786 τοῦντας
2376 1721 2618 1785 ἐκείνους
2647 1721 2746 1791 τὴν
2778 1721 3039 1792 ἀλήθειαν
3071 1719 3265 1786 δεῖξαι,
3297 1718 3705 1789 συμϐαίνουσαν

2117 1817 2288 1885 ἑαυτῇ
2320 1814 2416 1887 τὴν
2452 1813 2604 1867 θείαν
2635 1813 3059 1876 ἀποδεικνύντες
3086 1813 3175 1866 διὰ
3204 1811 3426 1868 πάντων
3453 1806 3700 1882 Γραφῆν.

2121 1909 2333 1973 Ἀλλως
2361 1926 2420 1962 τε
2453 1910 2548 1961 καὶ
2575 1909 2739 1977 ἡμεῖς
2769 1908 2897 1968 τοὺς
2931 1905 3036 1972 ἔξω
3084 1905 3186 1976 τῆς
3217 1906 3499 1977 ἡμετέρας
3533 1903 3706 1974 αὐλῆς

2115 2017 2175 2054 τε
2226 2002 2322 2055 καὶ
2367 2001 2702 2065 Ἐκκλησξας
2758 1998 2846 2051 διὰ
2887 1999 3094 2052 τούτων
3149 1997 3574 2070 συμποδίζοντες
3612 1997 3707 2050 καί

2115 2093 2538 2165 ἀνατρέποντες,
2588 2094 2715 2157 τοὺς
2748 2095 2846 2164 τῆς
2879 2091 3039 2159 δόξης
3100 2093 3283 2147 αὐτῶν
3317 2093 3597 2164 ἡγεμόνας
3645 2085 3707 2144 ἐν

2116 2187 2394 2251 πλείστοις
2447 2187 2799 2258 μαχομένους
2831 2187 3093 2258 ἀλλήλοις
3143 2188 3571 2255 ἀποφαῖνοντες,
3611 2179 3706 2238 καὶ

2115 2276 2200 2332 διᾶ
2230 2278 2438 2331 τούτων
2493 2277 2593 2350 τὴν
2629 2279 2811 2332 αὐτῶν
2855 2279 3169 2350 ὲλέγχοντες
3207 2280 3454 2348 ἄγνοιαν,
3487 2276 3603 2339 πῶς
3639 2277 3707 2333 ἂν

2118 2374 2211 2426 καὶ
2246 2372 2368 2426 καθ’
2406 2374 2576 2444 ἡμῶν,
2613 2373 2794 2427 αὐτῶν
2837 2374 2999 2428 τοῦτο
3047 2374 3352 2444 δεξαίμεθα
3399 2377 3459 2429 τὸ
3505 2373 3704 2437 δεινὸν,

2118 2467 2213 2520 καὶ⁵
2261 2468 2387 2531 τοὺς
2425 2467 2724 2538 ἡμετέρους
2761 2468 3014 2539 Πατέρας
3064 2468 3170 2522 ὑπὸ
3209 2469 3411 2522 ταυτὸν
3470 2486 3710 2538 περιπε-

2119 2549 2234 2616 σεῖν
2268 2560 2739 2631 συγχωρήσαιμεν
2775 2560 2972 2625 πάθος,
3009 2562 3059 2614 εί
3096 2563 3172 2632 μὴ
3213 2561 3310 2617 καὶ
3343 2565 3443 2633 τὴν
3472 2563 3704 2617 καθόλου

2108 2643 2303 2708 ’πίστιν
2328 2655 2487 2726 ἡμῶν
2515 2654 2795 2719 ἐθελονταὶ
2823 2654 2983 2709 αὐτοὶ
3009 2654 3320 2727 ἀνατρέψαι
3351 2655 3658 2728 θελήσομεν
3686 2676 3704 2721 ς

2132 2750 2270 2803 Ἀλλ’
2296 2752 2468 2821 ἀπείη
2495 2767 2556 2818 γε
2616 2747 2776 2803 τοῦτο
2813 2749 2916 2819 τῆς
2946 2749 3191 2820 Χριστοῦ
3237 2750 3568 2820 Ἐκκλησίας
3609 2751 3707 2804 καὶ

2118 2845 2222 2898 τῶν
2260 2847 2462 2916 ταύτης
2523 2845 2835 2916 τροφίμων.
2876 2843 3131 2916 Ὀρῶμεν
3165 2831 3363 2899 δὲκαὶ
3395 2845 3496 2908 τὰς
3523 2846 3709 2900 οίκου-

2119 2939 2349 3010 μενικάς
2385 2937 2607 3003 ἁπάσας
2646 2938 2901 3002 συνόδους
2929 2937 3188 3010 περὶτῶν
3215 2925 3428 3014 ἑκάστῃ
3476 2955 3709 3010 προκειο
3743 2919 3751 2927 “

399 3122 556 3179 stabis
579 3120 628 3191 ³)
658 3137 674 3187 ;
709 3118 1002 3174 manifeste
1037 3117 1124 3173 bis
1158 3116 1342 3172 verbis
1392 3116 1707 3186 significans
1748 3130 2006 3184 quaecun-

2113 3135 2216 3189 est,
2260 3139 2363 3180 nec
2423 3123 2525 3179 hoc
2562 3137 2665 3178 nec
2719 3111 2854 3176 illud
2896 3134 3144 3176 asserere
3173 3156 3190 3186 ,
3235 3119 3704 3191 quemadmodum

413 3230 522 3285 que
552 3213 620 3269 ab
650 3212 758 3267 illis
785 3212 1124 3275 dicerentur,
1167 3226 1264 3264 sua
1310 3224 1430 3263 esse
1477 3209 1643 3262 verba
1673 3217 1727 3261 et
1764 3205 2005 3276 Spiritus

414 3309 590 3364 sancti
625 3307 678 3362 in
701 3306 808 3360 illis
838 3304 1154 3375 loquentis:
1193 3319 1356 3372 quem
1390 3299 2003 3369 alibisuperventurum

408 3401 727 3467 amrtnavit,
751 3400 1157 3468 docturumque
1199 3412 1296 3454 cos
1327 3411 1546 3450 onmem
1603 3395 1914 3459 veritatem,
1947 3403 2005 3448 ut

408 3497 583 3552 etiam
635 3495 803 3548 Verba
860 3492 1144 3561 ipsorum,
1187 3489 1396 3559 Spir-itu
1431 3489 1678 3543 veritatis
1720 3488 1774 3542 in
1803 3488 1885 3543 eis
1918 3487 2003 3541 l0-

411 3600 640 3665 quente,
679 3588 888 3643 veritas
935 3595 992 3640 et
1031 3584 1141 3638 vita
1189 3590 1394 3639 essent.
1430 3582 1596 3650 Atqui
1650 3582 1813 3636 verba
1863 3580 2000 3646 hac,

413 3701 578 3745 nemo
631 3694 718 3739 est
763 3680 856 3750 qui
889 3677 1148 3749 ambigat,
1183 3693 1294 3732 non
1328 3678 1492 3733 modo
1517 3677 1593 3731 ad
1639 3677 1846 3746 primos
1879 3676 2003 3730 illos

413 3780 606 3838 referri
635 3776 938 3847 Salvatoris
980 3772 1309 3844 discipulos,
1355 3772 1559 3842 quibus
1603 3771 1790 3825 datum
1828 3780 1913 3825 est
1945 3777 2003 3823 ut

413 3881 740 3945 praesentem
775 3885 901 3926 eum
935 3869 1308 3928 intuerentur,
1345 3864 1438 3920 sed
1465 3866 1631 3919 etiam
1661 3862 1729 3916 ad
1749 3871 2002 3932 pastores

411 3965 781 4022 Ecclesiarum
799 3973 863 4018 et
893 3962 1149 4017 doctores
1188 3972 1419 4015 ercteros
1444 3957 1540 4028 qui
1572 3968 1692 4026 post
1722 3958 2002 4026 apostolos

410 4057 765 4131 Evangelium
824 4055 1220 4126 prmdicavere.
1271 4053 1387 4105 Hoc
1419 4052 1569 4105 enim
1611 4060 1666 4105 et
1707 4052 1824 4120 ipse
1890 4050 2003 4106 Sal-

409 4158 569 4207 vator
595 4151 792 4221 probat
821 4158 946 4202 cum
980 4145 1158 4215 inquit
1186 4160 1200 4202 :
1240 4141 1372 4208 Quae
1400 4142 1543 4196 vobis
1579 4143 1723 4205 dim,
1759 4143 2000 4196 omnibus

407 4246 578 4303 dico:
607 4249 664 4298 et
710 4255 802 4296 res
853 4237 986 4310 ipsa:
1023 4235 1475 4292 manifestissime
1540 4234 1861 4290 ostendunt.
1910 4235 2001 4291 Si-

405 4336 632 4410 quidem
662 4334 879 4405 priores
915 4330 1098 4406 cuncti
1143 4331 1397 4385 doetorcs
1453 4327 1645 4383 iisdem
1680 4330 2001 4384 claruerunt

406 4427 826 4507 operationibus
864 4435 921 4482 et
952 4425 1144 4496 signis,
1175 4421 1321 4494 quod
1348 4421 1521 4476 divini
1554 4422 1707 4476 verbi
1734 4422 1998 4492 pradica-

407 4526 560 4583 tione
584 4505 832 4578 divinum
875 4517 1106 4574 verbum
1162 4531 1274 4570 non
1337 4511 1531 4569 minus
1569 4530 1666 4582 per
1699 4528 1796 4569 eos
1830 4529 1996 4584 quam
2029 4505 2073 4561 ι)

406 4633 507 4691 per
522 4612 804 4689 apostolos
843 4610 1210 4682 sequentibus
1235 4608 1409 4681 signis
1438 4607 1826 4663 conﬁrmatum
1851 4607 1955 4682 fuit.
1979 4629 1993 4663 :

408 4718 470 4766 ut
493 4709 676 4781 palam
715 4703 977 4761 omnibus
1005 4702 1097 4768 sit,
1132 4703 1280 4772 ipsos
1313 4709 1532 4770 quoque
1560 4709 1783 4757 sanctos
1808 4700 1999 4758 Patres

315 4794 318 4797 ’
405 4813 464 4856 et
494 4798 750 4855 doctores
768 4793 1102 4853 Christiana:
1153 4790 1278 4846 ﬁdei
1306 4805 1406 4863 per
1440 4790 1712 4862 Spiritum
1744 4803 1995 4848 sanctum

404 4894 622 4950 locutos
655 4889 848 4956 fuisse,
893 4887 1168 4956 verbaque
1210 4886 1459 4954 ipsorum
1493 4884 1794 4940 Salvateris
1820 4885 1993 4940 nostri

404 4987 574 5042 verba
600 4983 904 5044 exstitisse,
931 4995 1055 5036 cum
1082 4979 1348 5033 adversus
1377 4988 1637 5049 tyrannos
1655 4987 1714 5033 et
1732 4979 1996 5048 przesides

405 5090 463 5136 et
495 5079 742 5135 veritatis
796 5076 986 5132 hostes
1038 5082 1345 5136 certavere,
1388 5072 1661 5143 scripsere
1713 5083 1769 5128 et
1816 5075 1994 5143 palam

409 5174 696 5229 veritatem
732 5167 1123 5244 praedicavere.
1155 5165 1277 5233 Quo
1317 5165 1375 5220 fit
1428 5176 1488 5222 ut
1522 5181 1746 5223 necesse
1783 5168 1876 5233 sit,
1898 5184 1996 5224 eos

409 5265 515 5322 sibi
574 5263 810 5319 invicem
842 5272 1213 5317 consentanea
1268 5259 1498 5327 dicere;
1543 5268 1600 5314 et
1658 5259 1802 5314 ratio
1853 5262 1999 5331 cogit

409 5359 570 5416 fateri
605 5353 744 5411 nihil
794 5352 864 5408 ab
897 5352 1008 5407 illis
1041 5352 1246 5407 dictum
1275 5366 1421 5418 esse,
1451 5351 1598 5421 quod
1636 5350 1873 5406 invicem
1911 5368 2000 5405 re-

412 5462 618 5524 pugnet
656 5448 1010 5506 neminimis
1039 5446 1264 5518 quidem
1320 5447 1373 5500 in
1413 5445 1579 5501 rebus
1610 5464 1623 5500 :
1661 5446 1821 5502 aliter
1849 5445 1996 5502 enim

410 5564 519 5602 non
570 5544 819 5602 veritatis
868 5543 1040 5613 magis
1094 5555 1258 5611 quant
1329 5541 1601 5595 mendacii
1661 5541 1891 5611 spiritus
1939 5539 1994 5594 in

412 5639 521 5695 illis
559 5639 780 5694 locutus
820 5636 1036 5692 fuisset.
1104 5633 1372 5689 Mendacii
1429 5647 1666 5704 namque
1707 5634 1992 5704 proprium

482 5821 499 5854 ‘
532 5818 721 5874 Matth.
752 5833 805 5885 ι,
849 5815 928 5884 19,
967 5800 1065 5873 2ος

2116 3217 2381 3289 sapientis
2411 3217 2627 3285 signum
2659 3222 2763 3277 est,
2794 3213 2899 3268 sibi
2935 3213 3159 3269 assidue
3206 3221 3483 3278 constare,
3511 3212 3709 3267 nullis-

2115 3327 2222 3384 que
2275 3311 2328 3364 in
2391 3310 2557 3364 rebus
2611 3323 2642 3363 a
2682 3307 2896 3362 caeteris
2952 3304 3296 3375 sapientibus
3363 3303 3703 3375 discrepare.

2113 3404 2331 3472 Quanto
2367 3403 2533 3474 igitur
2565 3401 2821 3457 homines
2869 3399 3146 3466 sapientes
3196 3396 3482 3468 sapientia:
3517 3404 3576 3452 et
3613 3411 3709 3452 vc-

2114 3499 2290 3555 ritatis
2313 3497 2552 3568 Spiritus
2580 3495 2881 3559 antecellit,
2920 3502 3073 3548 tanto
3131 3492 3305 3562 magis
3345 3505 3570 3546 necesse
3619 3499 3705 3546 est

2109 3607 2242 3648 eum
2277 3589 2385 3647 sibi
2420 3589 2528 3660 ipsi
2557 3595 2992 3644 consentaneum
3034 3600 3178 3641 esse.
3212 3583 3279 3638 Et
3325 3583 3372 3638 si
3401 3584 3528 3654 quis
3561 3582 3703 3637 forte

2112 3674 2202 3752 sit.
2222 3685 2316 3757 qui
2338 3691 2559 3740 sanctos
2589 3682 2781 3737 Patres
2807 3688 2859 3735 et
2891 3679 3147 3735 doctores
3178 3687 3398 3733 nostros
3421 3675 3700 3730 contraria

2116 3778 2350 3834 invicem
2393 3776 2602 3831 dixisse
2639 3772 2939 3840 existimet,
2976 3787 3105 3828 eum
3144 3769 3391 3842 profecto
3421 3785 3547 3825 cum
3579 3768 3700 3824 inil-

2111 3871 2326 3927 delibus
2358 3878 2415 3927 et
2439 3869 2626 3924 crucis
2665 3857 2920 3923 hostibus
2946 3862 3341 3920 con‘numerari
3365 3861 3447 3917 fas
3471 3873 3579 3923 est.
3603 3860 3698 3933 qui

2112 3964 2244 4021 hinc
2289 3977 2529 4035 arguere
2570 3959 2730 4016 ﬁdem
2784 3967 3031 4016 nostram
3090 3964 3521 4024 consueverunt,
3561 3969 3696 4011 con-

2112 4059 2423 4110 trarietates
2482 4051 2750 4122 quasdam
2801 4059 2857 4105 et
2884 4046 3354 4105 contradictiones
3415 4060 3696 4101 sacrarum

2111 4149 2414 4206 litterarum
2479 4146 2624 4200 inter
2673 4160 2732 4199 se
2789 4141 3102 4213 ﬁngentes:
3139 4156 3277 4212 quas
3314 4151 3492 4195 tamen
3533 4153 3700 4196 nemo

2111 4252 2309 4313 praeter
2332 4242 2481 4310 ipsos
2522 4237 2657 4292 tales
2689 4236 2986 4300 existimat,
3033 4244 3226 4291 contra
3274 4249 3415 4303 quos
3455 4232 3698 4288 universi

2109 4337 2367 4392 doctores
2406 4341 2656 4397 certant,
2691 4344 2900 4400 eosque
2935 4328 3365 4383 calumniatores
3397 4340 3521 4382 esse
3556 4325 3704 4381 veri-

2112 4427 2236 4482 tatis
2269 4434 2529 4494 arguunt,
2559 4432 2987 4478 consentaneam
3045 4417 3151 4475 sibi
3183 4432 3304 4472 esse
3354 4416 3559 4487 ubique
3608 4430 3702 4470 sa-

2103 4534 2250 4575 cram
2282 4516 2630 4589 Scripturam
2669 4521 3069 4570 asseverantes.
3128 4509 3398 4566 Praeterea
3445 4527 3570 4565 eum
3600 4525 3699 4564 nos

2101 4615 2199 4683 per
2223 4609 2371 4665 hunc
2395 4608 2621 4664 modum
2655 4605 2889 4678 gentiles
2921 4613 2978 4661 et
3015 4618 3112 4660 eos
3134 4603 3229 4673 qui
3270 4614 3426 4657 extra
3451 4615 3694 4658 nostram

2102 4703 2407 4766 Ecclesiam
2437 4710 2590 4766 sunt,
2635 4711 2953 4771 arguamus,
2991 4696 3473 4769 ignorantiamque
3499 4711 3692 4751 eorum

2102 4780 2688 4867 comprehendamus,
2757 4789 3119 4862 philosophos
3181 4790 3396 4846 scilicet
3440 4800 3499 4845 et
3567 4789 3696 4845 ﬁdei

2105 4904 2298 4944 eorum
2358 4901 2663 4958 praecones,
2725 4883 2783 4940 in
2830 4882 3256 4955 quamplurimis
3309 4883 3414 4936 sibi
3457 4882 3696 4938 invicem

2107 4983 2577 5046 contradicentes,
2621 4977 2978 5034 ostendentes
3006 4966 3019 5031 ὲ
3053 4975 3332 5048 quomodo
3362 4974 3530 5030 etiam
3559 4991 3696 5032 con-

2110 5079 2196 5131 tra
2228 5090 2326 5130 nos
2367 5077 2516 5144 ipsos
2551 5074 2656 5127 hoc
2685 5069 2833 5127 idem
2880 5068 3314 5141 acceptabimus,
3371 5077 3429 5124 et
3473 5077 3697 5124 nostros

2107 5166 2373 5224 doetores
2388 5164 2635 5238 ejusdem
2665 5162 2918 5219 criminis
2959 5176 3085 5217 reos
3112 5175 3235 5220 esse
3275 5160 3693 5225 arbitrabimur,

2109 5260 2214 5316 nisi
2244 5270 2300 5315 et
2339 5271 2580 5316 nostram
2610 5257 2714 5329 ipsi
2743 5268 2940 5326 Sponte
2967 5264 3156 5314 nostra
3187 5267 3440 5312 evertere
3463 5255 3697 5310 velimus

2106 5359 2265 5417 tidem
2290 5357 2313 5410 ?
2340 5353 2447 5412 Sed
2471 5354 2616 5409 absit
2637 5353 2741 5411 hoc
2767 5369 2798 5408 a
2824 5351 3029 5408 Christi
3057 5351 3307 5409 Ecclesia
3333 5351 3694 5422 alumnisqne

2101 5445 2240 5520 ejus.
2276 5448 2538 5504 Videmus
2581 5447 2730 5501 enim
2777 5462 2924 5501 nunc
2959 5444 3290 5502 universalia
3327 5457 3526 5502 cuncta
3559 5459 3692 5501 con-

2101 5541 2250 5608 cilia,
2288 5541 2588 5611 Patresque
2615 5539 2669 5592 in
2709 5538 2790 5595 eis
2812 5550 3198 5611 congregatos,
3239 5537 3307 5594 de
3339 5537 3691 5610 dogmatibus

2105 5633 2402 5707 prepositis
2441 5648 2551 5689 non
2593 5632 2849 5688 humana:
2895 5632 3180 5704 sapientia:
3212 5630 3688 5704 persuasionibus.
