4140 6140
411 247 522 314 ΒἹῗ

1347 242 1638 306 ORATIO
1683 233 2124 304 DOGMATICA
2173 238 2323 301 PRO
2371 236 2698 302 UNIONE.

3577 236 3683 304 ιιι
3718 327 3722 330 .

410 363 627 436 Harpe;
661 359 829 416 αὑτὸν
879 360 1140 414 ἀκούουσι
1199 362 1527 430 πεφηνέναι,
1561 355 1625 413 οὗ
1655 359 1887 428 πλήρεις
1943 358 1994 410 oi
2025 357 2074 416 Α
2103 353 2343 424 ὕπαρξιν
2372 355 2518 425 ἔχειν
2539 368 2555 385 '
2586 354 2681 407 καὶ
2717 347 2819 406 οὑκ
2853 349 2921 407 ἂν
2961 352 3033 407 δι’
3062 349 3234 408 αὑτοῦ
3270 353 3332 408 ἂν
3353 351 3533 425 χρόνῳ
3559 355 3689 409 ἐπε.

407 457 562 526 λόγοι
610 455 720 507 τῶν
752 453 1115 507 διδασκάλων.
1157 451 1429 521 Κύριλλος
1488 452 1595 522 γὰρ
1643 452 1671 504 ὁ
1719 449 1996 519 μακάριος

408 553 471 605 ἰν
517 547 598 617 τῷ
655 546 792 618 πρὸς
847 545 1214 615 Οὐαλεριανὸν
1252 543 1558 597 ἐπίσκοπον
1608 541 1997 611 λόγῳ,”Αγιος

408 640 543 711 γὰρ.
578 639 769 709 φησὶν.
803 637 879 691 ὦν
927 638 1070 691 κατὰ
1121 636 1305 700 φύσιν,
1341 635 1597 705 καθάπερ
1628 634 1824 705 ἀμέλει
1853 633 1947 687 καὶ
1970 634 1999 686 ὁ

409 731 627 800 Πατὴρ,
649 731 678 782 ὁ
711 729 769 794 ἐξ
805 727 970 782 αὑτοῦ
1007 727 1270 798 πεφηνὼς
1307 726 1438 787 Υἱὸς
1471 728 1793 794 μονογενής.
1839 725 1946 777 Καὶ
1975 727 2002 776 ὁ

410 824 576 886 αὐτὸς
603 823 732 892 περὶ
766 821 860 874 τοῦ
895 821 1130 892 Χριστοῦ
1160 820 1323 873 πάλιν
1347 835 1359 849 ·
1404 819 1566 872 ἰδιόν
1595 819 1713 872 ἐστι
1734 821 1794 870 τὺ
1828 816 2000 870 ΙΙνεῦ-

412 933 495 988 μα
526 915 620 970 τοῦ
651 914 808 977 Υἱοῢ,
837 914 954 967 οῠτι
986 930 1091 966 που
1119 913 1282 980 μόνον
1379 910 1554 978 Λόγος
1583 910 1702 963 ἐστὶ
1736 908 2000 980 πεφηνὼς

410 1009 478 1060 lx
517 1005 752 1077 Πατρὸς,
779 1005 898 1060 ἀλλ’
933 1006 981 1057 εἰ
1014 1005 1108 1058 καὶ
1142 1007 1317 1057 νοοῖτο
1361 1003 1483 1056 καθ’
1513 1003 1666 1074 ἡμᾶς
1707 1001 2002 1073 ἄνθρωπος

409 1099 683 1169 γεγονώς.
714 1100 844 1154 Ὅτε
869 1098 1052 1151 τοίνυν
1080 1097 1316 1151 ἐνταῦθα
1345 1098 1407 1150 τὸ
1435 1097 1741 1166 πεφηνέναι
1772 1095 1833 1147 τὸ
1863 1092 2004 1148 εἶναι

411 1195 514 1247 καὶ
544 1191 607 1246 τὸ
636 1192 911 1263 ὑπάρχειν
933 1189 1108 1261 δηλοῖ,
1139 1182 1258 1252 πῶς
1293 1188 1385 1242 ἐπὶ
1420 1187 1519 1241 τοῦ
1559 1188 1881 1258 Πνεύματος
1906 1185 2002 1240 τοῦ

414 1284 579 1354 ἁγίου
611 1284 672 1339 οὑ
707 1283 1122 1353 καταδεξόμεθα
1146 1283 1208 1335 τὸ
1242 1282 1371 1335 αὐτὸ
1397 1280 1559 1334 τοῦτο
1592 1277 1958 1351 σημαίνεσθαι
1986 1295 2003 1345 ;

411 1375 442 1430 ὃ
476 1377 536 1431 δὲ
570 1378 665 1429 καὶ
691 1376 768 1446 μὴ
799 1374 1166 1443 βουλομένους
1191 1371 1499 1440 ἀναγκάσει
1529 1370 1789 1436 δέξασθαι
1818 1369 2002 1434 τοῦτο,

415 1471 502 1524 ὅτι
535 1469 632 1523 καὶ
661 1469 755 1521 ἐπὶ
780 1467 876 1520 τοῦ
916 1466 1234 1536 Πνεύματος
1264 1467 1361 1521 καὶ
1390 1465 1489 1536 τῆς
1526 1463 1877 1534 ὑπαρκτικῆς
1909 1462 2005 1516 αὐ-

411 1562 516 1617 τοῦ
548 1563 777 1633 προόδου
831 1562 892 1615 τὸ
923 1560 1054 1614 αὑτὸ
1088 1561 1309 1628 λέγεται
1339 1558 1522 1614 τοῦτο.
1552 1557 1715 1626 Λέγει
1745 1556 1803 1610 δὲ
1853 1555 1951 1608 καὶ
1981 1557 2010 1608 ὁ

418 1659 600 1727 μέγας
631 1656 912 1717 Βασίλειος
934 1670 948 1686 ⁸
985 1653 1060 1709 Τὸ
1104 1653 1334 1724 Πνεῦμα
1361 1654 1516 1708 οὐδὲν
1545 1651 1671 1720 ἔχον
1700 1651 1851 1706 ἐστὶν
1882 1649 2007 1703 ἐπί-

417 1768 626 1822 κτητον
653 1756 711 1805 ὲν
741 1750 944 1820 ἑαυτῷ,
980 1747 1098 1803 ἀλλ’
1120 1748 1310 1812 ἀϊδίως
1336 1748 1519 1802 πάντα
1545 1745 1658 1816 ἔχει
1679 1745 1753 1809 ὡς
1779 1742 2008 1814 Πνεῦμα

417 1844 586 1912 Θεοῦ,
616 1845 714 1897 καὶ
745 1844 803 1908 ἐξ
852 1842 1018 1897 αὑτοῦ
1062 1844 1327 1912 πεφηνὸς.
1361 1839 1519 1894 Οὕτω
1552 1841 1704 1893 πᾶσα
1732 1838 2010 1910 πρόφασις

419 1939 746 2008 ἀφαιρεῖται
789 1937 899 1990 τῶν
931 1935 1244 2007 ζητούντων
1277 1935 1604 2004 προφάσεις.
1643 1929 1752 1996 Καὶ
1782 1932 1892 2002 γὰρ
1944 1931 2012 2003 δὴ

421 2032 522 2085 καὶ
550 2032 577 2084 ὃ
603 2047 774 2101 φησιν
803 2030 832 2082 ὁ
862 2029 1267 2099 προειρημένος
1295 2026 1599 2100 Γρηγόριος
1625 2025 1655 2077 ὁ
1694 2024 1918 2096 Νὑσοης
1952 2026 2012 2077 ὲν

418 2125 488 2194 τῇ
521 2123 621 2177 τοῦ
669 2122 966 2193 ὁμωνύμου
998 2122 1152 2190 αὑτῷ
1191 2122 1287 2175 καὶ
1329 2117 1770 2189 Θαιιματουργοῦ
1801 2117 1840 2172 Γ
1845 2135 2014 2188 ρηγο-

424 2218 553 2288 ρῑου
588 2214 932 2285 ἀποκαλύψει
963 2215 1090 2285 περὶ
1121 2213 1214 2268 τοῦ
1261 2212 1420 2282 ἁγίου
1458 2211 1800 2282 Πνεῦματος,
1833 2211 1909 2275 ὡς
1945 2210 2015 2263 δι’

423 2309 562 2364 Υἱοῦ
593 2311 806 2379 πέφηνε
837 2308 1043 2378 δηλαδὴ
1070 2311 1182 2371 τοῖς
1206 2307 1540 2379 ἀνθρώποις,
1569 2305 1725 2360 οὐδὲν
1756 2303 1893 2376 πρὸς
1923 2305 2016 2358 τὸν

424 2404 591 2473 λόγον
619 2420 632 2436 ο
669 2404 772 2468 ἓως
805 2402 872 2456 ἂν
903 2403 964 2455 τὸ
989 2402 1058 2456 δι’
1093 2400 1226 2455 Υἱοῦ
1254 2402 1582 2472 πεφηνέναι,
1619 2399 1881 2472 σημαίνει
1916 2401 2015 2469 μὲν

424 2501 524 2550 καὶ
555 2498 868 2568 ἀμφότερα,
894 2495 958 2549 τό
984 2511 1045 2548 τε
1078 2493 1149 2548 δι’
1177 2491 1308 2548 Υιοῦ
1356 2492 1671 2559 ἀνθρώποις
1701 2491 2017 2561 γνωσθῆναι

423 2592 486 2644 ιν
521 2590 726 2663 χρόνῳ,
762 2588 822 2642 τό
847 2603 908 2642 τε
940 2587 1008 2642 δι’
1058 2583 1192 2640 Υιοῢ
1220 2584 1323 2656 τὴν
1349 2585 1526 2641 ἀΐδιον
1561 2581 1802 2655 ὓπαρξιν
1844 2583 2016 2653 ἔχειν,

422 2676 534 2739 ὦσι
565 2684 624 2737 δὲ
649 2685 798 2752 ὅμως
833 2682 928 2736 καὶ
975 2681 1267 2752 ἀμφότερα
1297 2678 1495 2750 ἀληθῆ.
1529 2678 1625 2731 ἰπὶ
1662 2676 1774 2732 τῶν
1796 2677 2017 2730 οἰκείων

424 2777 827 2851 λαμϐανόμενα
878 2775 1086 2830 τόπων.
1124 2773 1358 2844 ’Δφίημι
1391 2773 1501 2844 γὰρ
1560 2773 1619 2824 ἐν
1654 2787 1721 2841 γε
1766 2771 1845 2841 τῷ
1895 2769 2019 2825 νυνὶ

427 2873 640 2940 λέγειν,
672 2871 748 2933 ὡς
771 2868 833 2922 τὸ
861 2867 930 2922 δι’
965 2866 1098 2923 Υἱοῦ
1136 2867 1442 2936 πεφηνέναι
1463 2865 1779 2933 ἀνθρώποις
1807 2866 1864 2917 ὲν
1887 2865 2021 2936 χρό-

428 2984 510 3039 νῳ
542 2962 975 3036 προῦποτίθησιν
1004 2961 1066 3028 ἐξ
1095 2961 1344 3032 ἀνάγκης
1373 2959 1432 3014 τὸ
1457 2959 1524 3014 δι’
1550 2957 1686 3014 Υἱοῦ
1715 2959 1819 3031 τὴν
1848 2958 2022 3014 ἀΐδιον

431 3152 508 3214 ri.
536 3149 682 3224 quod
725 3148 795 3205 ab
827 3148 1088 3204 omnibus
1124 3147 1500 3205 communiter
1528 3145 1853 3204 doctoribus
1883 3144 2023 3202 dici-

433 3256 552 3300 tur.
588 3245 787 3299 Beatus
822 3242 1030 3298 etenim
1050 3241 1290 3314 Cyrillus
1313 3241 1381 3297 ad
1409 3240 1763 3297 Valerianum
1806 3238 2022 3308 episco-

431 3352 606 3410 pum:
640 3318 779 3390 Cum
813 3334 963 3390 enim
993 3330 1455 3405 quemadmodum
1489 3330 1676 3398 Pater,
1712 3332 1810 3396 ait,
1855 3332 1929 3386 ita
1965 3338 2023 3386 et

432 3427 533 3500 qui
563 3444 632 3482 ex
663 3443 731 3483 eo
783 3425 1192 3492 manifestatur,
1238 3424 1555 3495 unigenitus
1603 3423 1779 3479 Filius
1823 3433 2021 3479 natura

432 3530 661 3576 sanctus
708 3520 803 3575 sit.
859 3519 926 3574 Et
964 3533 1162 3572 rursus
1215 3516 1406 3572 idem:
1447 3517 1712 3587 Proprius
1761 3527 1846 3572 est
1892 3515 2020 3571 Filii

434 3614 682 3685 Spiritus
727 3621 975 3676 sanctus,
1033 3611 1236 3682 inquit,
1272 3627 1382 3666 non
1430 3610 1609 3666 solum
1646 3609 1702 3664 in
1752 3617 2020 3680 quantum

435 3706 679 3763 Verbum
726 3713 812 3761 est
853 3720 920 3759 ex
962 3705 1123 3760 Patre
1176 3703 1610 3767 manifestatum,
1639 3700 1736 3756 sed
1769 3701 1932 3756 etiam
1964 3701 2020 3755 in

436 3808 707 3871 quantum
745 3796 1075 3867 intelligitur
1113 3795 1280 3850 homo
1324 3796 1632 3851 secundum
1678 3807 1783 3850 nos
1821 3792 2021 3849 factus.

434 3892 594 3960 Quod
620 3890 668 3948 si
703 3891 759 3945 in
793 3889 900 3956 his,
950 3883 1321 3955 manil‘estari,
1356 3903 1478 3944 esse
1506 3897 1564 3943 et
1592 3891 1858 3942 aeternam
1892 3885 2028 3942 sub-

435 3985 772 4054 sistentiam,
803 3993 860 4038 et
906 3984 1322 4054 generationem
1356 3981 1481 4036 Filii
1514 3980 1816 4050 signiﬁcat,
1848 3995 2026 4050 quare

438 4095 570 4134 non
602 4079 747 4133 idem
792 4086 848 4130 et
875 4077 942 4131 de
977 4074 1188 4146 Spiritu
1220 4085 1412 4130 sancto
1444 4073 1825 4144 signiﬁcaret?
1864 4071 2024 4142 Quod

439 4177 627 4228 alitem
662 4180 717 4226 et
763 4169 1014 4236 nolentes
1042 4149 1264 4239 cogeret
1292 4168 1604 4223 concedere
1641 4166 1786 4242 idem
1819 4166 2026 4238 signiﬁ-

441 4278 590 4330 care,
617 4262 753 4319 illud
778 4271 880 4329 est,
910 4259 1058 4332 quod
1083 4261 1250 4317 etiam
1281 4259 1350 4315 de
1382 4257 1589 4329 Spiritu
1623 4268 1680 4314 et
1711 4258 1835 4329 ejus
1862 4266 2028 4313 acter-

441 4371 513 4410 na
539 4355 895 4425 processione
924 4354 1030 4409 hoc
1062 4353 1208 4409 idem
1234 4351 1458 4417 dicitur,
1485 4351 1706 4408 dicente
1735 4351 1794 4405 Β.
1820 4350 2025 4408 Basilio

443 4448 516 4504 de
566 4446 780 4524 Spiritu
834 4453 1063 4502 sancto:
1093 4444 1178 4501 Nil
1219 4444 1584 4501 adventitium
1621 4444 1677 4500 in
1712 4458 1774 4504 se
1826 4443 2018 4511 habet,
2059 4441 2106 4504 D
2136 4464 2302 4520 quam
2364 4459 2422 4506 ct
2484 4450 2768 4522 Nyssenns
2820 4448 3122 4522 Gregorius

443 4541 540 4596 scd
599 4538 938 4595 acternaliter
990 4539 1176 4592 omnia
1227 4538 1392 4595 habet
1456 4547 1717 4609 tanquam
1777 4536 2025 4608 Spiritus

447 4633 565 4698 Dei,
596 4641 652 4687 et
682 4648 749 4686 ex
777 4645 846 4687 eo
893 4631 1276 4687 manifestatus
1309 4647 1324 4688 :
1355 4631 1430 4687 ita
1463 4632 1646 4686 omnis
1676 4632 1898 4688 occasio
1926 4632 2028 4686 tol-

446 4726 580 4780 titur
637 4724 925 4794 malignari
973 4722 1349 4793 cupientibus.
1399 4724 1538 4780 Illud
1591 4723 1822 4788 etenim,
1877 4721 2026 4792 quod

449 4817 745 4887 pradictus
764 4813 1065 4886 Gregorius
1095 4813 1374 4887 Nyssenus
1415 4815 1472 4870 in
1514 4813 1853 4871 revelatione
1879 4813 2029 4869 Neo-

452 4906 810 4964 caasareensis
839 4905 1114 4978 Gregorii,
1146 4907 1242 4977 qui
1278 4906 1560 4961 miraculis
1589 4907 1923 4974 coruscavit,
1958 4905 2029 4961 de

453 5002 660 5071 Spiritu
712 5001 870 5064 dicit,
921 5000 1071 5072 quod
1119 5016 1219 5071 per
1262 5001 1462 5056 Filium
1511 5001 1898 5058 manifestatus
1933 5001 2029 5067 sit,

451 5095 680 5158 addens,
711 5093 968 5148 videlicet
997 5091 1342 5161 hominibus,
1376 5093 1456 5149 nil
1491 5100 1686 5150 contra
1721 5107 1825 5148 nos
1852 5092 1984 5150 facit
2013 5110 2028 5147 :

449 5189 722 5260 siquidem
772 5189 879 5244 hoc
916 5189 1064 5259 quod
1112 5203 1213 5259 per
1243 5187 1446 5244 Filium
1498 5188 1886 5243 manifestatus
1934 5186 2029 5252 sit,

449 5283 722 5354 signiﬁcat
750 5282 977 5360 quidem
1014 5291 1311 5353 utrumque
1350 5281 1546 5348 etiam,
1603 5280 1751 5352 quod
1803 5296 1903 5351 per
1941 5281 2031 5336 Fi~

447 5377 582 5432 lium
645 5377 718 5432 sit
771 5374 1094 5431 hominibus
1141 5374 1461 5430 notiﬁcatus
1523 5374 1931 5444 temporaliter,
1974 5381 2034 5428 et

447 5469 594 5542 quod
653 5483 750 5539 per
782 5467 986 5524 Filium
1041 5466 1439 5522 mternalitater
1499 5465 1864 5536 producatur,
1916 5463 2033 5519 sint

449 5575 579 5616 vero
646 5572 882 5630 utraque
954 5575 1106 5624 vera,
1176 5560 1230 5612 in
1289 5557 1529 5628 propriis
1587 5559 1725 5614 locis
1776 5565 2028 5627 accepta.

432 5641 656 5710 'Omitto
703 5668 940 5724 namque
972 5653 1173 5708 dicere
1209 5652 1263 5707 in
1305 5652 1587 5722 praesenti,
1625 5650 1772 5723 quod
1806 5665 1905 5723 per
1935 5651 2028 5706 Fi-

450 5747 584 5814 lium
654 5747 1033 5819 temporaliter
1101 5745 1425 5801 hominibus
1472 5744 1836 5816 manilestati,
1892 5758 2032 5816 pra:-

769 5846 1042 5905 Ρηιιοι..
1091 5844 1205 5904 Gn.
1256 5841 1298 5901 ϐ
1313 5841 1470 5903 LXI.

2105 452 2287 519 φήνει.
2328 449 2378 502 εἰ
2431 448 2508 519 μὴ
2538 447 2606 502 δι’
2636 445 2805 501 αὑτοῦ
2855 448 2957 516 τὴν
3011 447 3184 501 ἀΐδιον
3229 445 3465 518 ὓπαρξιν
3519 448 3686 518 εἶχεν.

2116 540 2278 593 Ἀλλᾶ
2312 543 2405 593 καὶ
2438 542 2467 592 ὁ
2521 541 2578 592 ὲν
2626 539 2877 612 Θεολογίᾳ
2931 540 3107 610 μέγας
3140 539 3470 611 Γρηγόριος,
3506 543 3691 612 ζητῶν

2103 635 2192 688 διὰ
2224 634 2278 688 τε
2312 636 2386 706 μὴ
2437 637 2532 688 καὶ
2585 635 2646 687 τὸ
2673 634 2900 702 Πνεῦμα
2932 634 3060 695 Υἱὸς
3088 633 3379 703 κέκληται.
3417 637 3514 689 καὶ
3539 635 3591 688 εἴ
3630 653 3688 690 τι

2105 726 2258 798 αὑτῷ
2284 727 2521 779 ἐλλείπει
2557 729 2634 788 εἰς
2682 727 2742 779 τὸ
2797 724 2938 782 εἶναι
2973 727 3110 791 υἱὸς,
3145 729 3219 781 Οὔ
3257 727 3463 795 λείπει,
3501 729 3693 800 φησὶν,

2105 821 2168 874 οὺ
2199 820 2309 890 γὰρ
2353 821 2586 889 ἐλλιπὴς
2634 822 2669 891 ὴ
2714 821 2908 891 θεότης
2933 836 2946 851 ⁸
2978 821 3040 874 τὸ
3076 822 3135 874 δὲ
3165 822 3266 892 τῆς
3300 824 3618 892 ικφὰνσεως
3653 824 3689 896 ἦ

2106 915 2203 982 τῆς
2235 915 2373 985 πρὸς
2409 914 2616 983 ἄλληλα
2649 915 2890 984 σχέσεως
2909 915 3198 985 διάφορον,
3230 916 3491 990 διάφορον
3510 917 3695 972 αὐτῶν

2108 1011 2208 1063 καὶ
2244 1007 2347 1080 τὴν
2373 1007 2568 1077 κλῆσιν
2608 1007 2912 1078 πεποίηκε’
2944 1010 3011 1079 τῇ
3046 1010 3183 1080 αὐτῇ
3219 1009 3314 1064 καὶ
3364 1013 3466 1081 μιᾷ
3497 1013 3696 1083 χρήσει

2107 1104 2207 1172 τήν
2243 1117 2302 1154 τε
2355 1099 2456 1171 τῆς
2500 1101 2820 1172 ὲκφάνσεως
2851 1099 3018 1167 λέξιν,
3049 1105 3147 1157 καὶ
3175 1102 3274 1173 τὴν
3319 1103 3415 1158 τοῦ
3454 1109 3698 1177 πεφηνέ-

2107 1211 2219 1257 ναι,
2248 1193 2309 1245 τὸ
2337 1187 2480 1246 εἷναί
2509 1210 2567 1246 τε
2609 1194 2706 1246 καὶ
2737 1193 3010 1264 ὑπάρχειν
3038 1195 3273 1250 ἐνταῦθα
3315 1196 3516 1265 δηλοῦν
3547 1217 3696 1270 μαρ-

2108 1287 2292 1357 τυρῶν
2325 1286 2405 1354 τῷ
2459 1284 2742 1356 ὁμωνύμῳ
2769 1285 3060 1358 Γρηγορῐῳ
3089 1288 3167 1358 τῷ
3213 1289 3459 1362 Νύσσης,
3487 1295 3581 1346 καὶ
3615 1294 3696 1348 ἔτι

2111 1377 2394 1448 διάκρισιν
2447 1378 2544 1431 καὶ
2596 1377 2760 1440 αὑτὸς
2811 1378 3101 1442 ἀποδιδοὺς
3131 1379 3230 1451 τὴν
3277 1383 3449 1453 αὐτὴν
3479 1384 3594 1455 Υἱῷ
3636 1402 3697 1438 τε

2114 1475 2210 1524 καὶ
2243 1470 2546 1541 Πνεύματι,
2582 1472 2674 1525 καὶ
2697 1471 2785 1525 διὰ
2815 1473 2925 1524 τῶν
2969 1475 3151 1528 αὐτῶν
3170 1492 3230 1528 τε
3265 1479 3356 1528 καὶ
3401 1476 3534 1530 τσων
3575 1479 3700 1546 τρό-

2112 1580 2234 1616 πων
2287 1562 2429 1615 αὐτὰ
2459 1562 2750 1633 διακρίνων
2780 1562 3030 1632 ἀλλήλων
3052 1580 3076 1607 ο-
3097 1565 3179 1628 ὡς
3224 1567 3335 1638 γὰρ
3379 1569 3586 1633 ἐκεῖνος
3615 1570 3698 1639 τῷ
3727 1551 3736 1555 Β

2118 1657 2258 1727 μήτε
2310 1656 2625 1726 μονογενῶς
2678 1657 2980 1727 ὑποστῆναι
3019 1658 3116 1711 καὶ
3156 1657 3236 1729 τῷ
3278 1660 3366 1714 διὰ
3421 1661 3516 1716 τοῦ
3566 1663 3698 1718 Υἱοῦ

2115 1748 2419 1818 πεφηνέναι
2452 1746 2548 1800 τοῦ
2588 1745 2718 1799 Υἱοῦ
2745 1748 3011 1817 διακρίνει
3051 1750 3113 1801 τὸ
3147 1749 3394 1820 Πνεῦμα,
3424 1751 3574 1806 οὑτω
3604 1755 3703 1807 καὶ

2112 1833 2271 1904 οὗτος
2321 1839 2399 1910 τῷ
2426 1856 2487 1893 τε
2521 1841 2620 1910 τῆς
2650 1840 2972 1909 ὲκφὰνσεως
3017 1842 3288 1915 διαφόρῳ,
3320 1846 3417 1898 καὶ
3467 1845 3548 1917 τῷ
3597 1845 3702 1916 τῆς

2114 1935 2252 2004 πρὸς
2305 1931 2511 2004 ἄλληλα
2575 1934 2834 2004 σχέσεως.
2859 1934 2928 1989 Ὀ
2963 1935 3064 2006 μὲν
3120 1936 3327 2002 ἐκεῖνος
3357 1933 3513 1993 εἶπεν
3539 1940 3600 1995 ὲν
3625 1940 3704 2010 τῷ

2119 2024 2194 2095 μὴ
2240 2023 2546 2094 μονογενῶς
2572 2022 2898 2096 ὑποστῆναι,
2931 2026 3050 2080 ἀλλ’
3076 2029 3431 2099 ἐκπορευτῶς
3475 2031 3702 2106 δηλαδὴ.

2116 2115 2265 2169 τοῦθ’
2318 2113 2476 2180 οὗτος
2528 2117 2851 2186 ὲκφάνσεως
2903 2119 3164 2191 διάφορον
3220 2125 3467 2194 εἴρηκεν,
3523 2127 3707 2182 show

2115 2207 2373 2280 διάφορον
2403 2207 2605 2279 τρόπον
2660 2210 2948 2282 ὑπάρξεως
2972 2227 2989 2244 ο
3022 2213 3052 2266 ὃ
3108 2214 3162 2268 δὲ
3186 2219 3215 2270 ὁ
3247 2217 3470 2290 Νῦσα-ης
3496 2219 3583 2275 διὰ
3603 2218 3702 2276 τοῦ

2118 2301 2248 2356 Υιοῦ
2306 2303 2631 2375 πεφηνέναι,
2664 2304 2816 2359 τοῦθ’
2872 2304 3027 2372 οὗτος
3087 2307 3350 2382 διάφορον
3405 2312 3505 2384 τῆς
3557 2313 3703 2384 πρὸς

2120 2394 2329 2464 ἄλληλα
2360 2398 2600 2468 σχέσεως
2646 2394 2810 2452 εἷπε..
2841 2398 3037 2470 Σχέσιν
3072 2400 3131 2454 δὲ
3172 2401 3272 2473 τὴν
3311 2403 3448 2475 πρὸς
3499 2404 3710 2477 ἄλληλα

2123 2487 2254 2542 Υἱοῦ
2283 2505 2343 2543 τε
2374 2489 2473 2544 καὶ
2507 2489 2834 2560 Πνεύματος
2864 2493 2970 2546 οὑκ
3011 2487 3112 2547 οἶδ’
3142 2495 3197 2549 εῐ
3221 2495 3347 2550 τινά
3371 2513 3457 2561 τις
3510 2496 3708 2569 ἑτέραν

2121 2581 2274 2654 εὖροι
2311 2576 2452 2655 πλὴν
2475 2582 2578 2652 τῆς
2604 2583 2745 2639 κατὰ
2777 2584 2838 2640 τὸ
2867 2586 3120 2646 αἰτιατόν
3139 2605 3198 2642 τε
3225 2590 3322 2645 καὶ
3347 2589 3548 2658 αἴτιον,
3583 2593 3708 2652 καθ’

2120 2675 2189 2748 ἢν
2215 2678 2244 2730 ὀ
2281 2676 2382 2747 μὶν
2409 2680 2548 2748 πρὸς
2571 2676 2707 2731 αὐτὸ
2738 2679 2800 2732 τὸ
2828 2679 3058 2751 Πνεῦμα
3087 2680 3167 2743 ὡς
3198 2683 3376 2738 αττιον
3402 2684 3542 2756 εχει,
3570 2686 3710 2745 τδδδ

2120 2770 2397 2843 διαφόρως
2429 2771 2566 2840 πρὸς
2589 2772 2681 2825 τὸν
2717 2771 2870 2840 Υἱδν,
2905 2775 3047 2829 κατὰ
3068 2776 3132 2830 τὸ
3163 2775 3475 2849 παθητικὸν
3506 2780 3712 2857 δηλαδὴ

2124 2866 2219 2919 καὶ
2251 2865 2539 2936 ποιητικὸν
2567 2865 2641 2930 ὡς
2681 2866 2862 2922 αἴτιον
2890 2868 3082 2925 αὑτοῦ.
3118 2869 3190 2929 Ἢ
3225 2870 3460 2938 δειξάτω
3495 2875 3586 2945 μοί
3622 2892 3710 2939 τις

2125 2956 2322 3029 ἑτέραν
2349 2956 2537 3028 σχέσιν
2587 2958 2798 3027 μεταξὺ
2833 2959 2968 3015 Υἱοῧ
3003 2977 3062 3014 τε
3095 2962 3189 3016 καὶ
3217 2962 3560 3036 Πνεύματος,
3586 2966 3710 3021 καθ’

2126 3147 2390 3217 supponit
2435 3144 2754 3203 necessario
2791 3161 2889 3219 per
2913 3146 3118 3204 Filium
3152 3150 3490 3207 acternalitcr
3520 3165 3713 3223 proce-

2126 3240 2300 3297 dere:
2353 3257 2455 3299 nec
2484 3258 2585 3312 per
2631 3259 2758 3297 eum
2806 3244 3189 3314 temporaliter
3241 3248 3709 3312 inanil'cstaretur,

2127 3333 2233 3389 nisi
2289 3349 2388 3404 per
2416 3349 2543 3407 eum
2596 3336 2941 3391 eternaliter
2972 3337 3319 3407 procederet.
3352 3340 3505 3394 Alter
3543 3342 3711 3397 etiam

2125 3424 2447 3496 Gregorius,
2485 3406 2881 3482 Nazianzenus
2921 3427 3205 3494 videlicet,
3233 3430 3326 3500 qui
3367 3444 3397 3484 a
3441 3430 3715 3503 theologia

2125 3531 2226 3587 per
2249 3519 2634 3574 excellentiam
2658 3519 2967 3591 Theologus
2995 3521 3418 3592 cognominatus
3439 3531 3544 3590 est,
3569 3539 3718 3595 qua:-

2127 3625 2256 3667 rens
2295 3626 2398 3667 cur
2445 3619 2500 3667 et
2545 3610 2787 3682 Spiritus
2821 3628 2932 3668 non
2971 3614 3292 3671 nominetur
3323 3617 3518 3682 Filius,
3554 3628 3613 3672 et
3643 3634 3714 3675 au

2126 3702 2179 3759 ei
2208 3702 2415 3773 aliquid
2459 3703 2683 3758 deﬁciat
2725 3712 2785 3759 ιιι
2829 3705 3006 3760 Filius
3041 3709 3134 3774 sit,
3194 3723 3300 3764 non
3330 3709 3718 3782 ei'quidquam

2128 3795 2365 3853 deﬁcere
2416 3797 2519 3865 ait,
2565 3796 2840 3854 divinitati
2882 3815 3122 3870 namque
3159 3800 3349 3858 deﬁcit
3377 3799 3478 3871 nil,
3534 3808 3714 3862 mani.

2126 3889 2438 3946 festationis
2475 3900 2662 3948 autem
2709 3891 2794 3946 vel
2833 3893 3120 3950 relationis
3149 3894 3219 3950 ad
3265 3897 3498 3955 invicem
3528 3899 3718 3957 diver-

2126 3985 2285 4051 sitas,
2338 3983 2556 4040 diversa
2608 3998 2834 4056 quoque
2888 3984 2972 4040 eis
3023 3986 3278 4042 attribuit
3323 3991 3587 4048 nomina:
3625 3992 3716 4053 hia

2130 4078 2334 4144 verbis,
2370 4079 2838 4135 manifestationls
2882 4080 3136 4146 verbum,
3187 4093 3448 4140 aeternam
3497 4104 3716 4158 proces-

2130 4173 2340 4228 sionem
2388 4172 2704 4244 signiﬁcare
2738 4175 2998 4243 probans,
3031 4185 3199 4245 prout
3241 4176 3406 4231 etiam
3435 4193 3501 4234 ex
3530 4181 3716 4238 verbis

2128 4265 2360 4337 Nysseni
2389 4263 2641 4336 Gregorii
2680 4266 2957 4337 apparuit,
2986 4275 3043 4322 et
3073 4270 3321 4323 eamdem
3348 4268 3474 4327 Filii
3503 4282 3561 4328 et
3586 4273 3717 4345 Spi-

2133 4357 2278 4414 ritus
2340 4359 2517 4416 sancti
2580 4357 2650 4414 ab
2700 4356 2938 4414 invicem
2985 4357 3402 4416 distinctionem
3468 4363 3714 4430 tradens,

3173 4468 3187 4506 :
3246 4455 3714 4522 quemadmodum

2133 4542 2282 4598 enim
2336 4542 2452 4609 ille,
2502 4556 2571 4598 eo
2616 4542 2763 4614 quod
2814 4556 2916 4598 nec
2964 4551 3024 4597 ut
3067 4541 3398 4613 Uuigenitus
3445 4559 3513 4600 ex
3553 4545 3719 4605 Patre

2132 4634 2437 4705 productus
2469 4643 2577 4699 est,
2618 4645 2674 4691 et
2715 4633 2861 4706 quod
2913 4649 3010 4704 per
3041 4633 3222 4704 ipsum
3258 4635 3460 4691 Filium
3493 4637 3566 4693 sit
3595 4653 3714 4694 ma-

2133 4726 2450 4793 nifestatus,
2508 4727 2778 4797 Spiritum
2839 4741 2871 4782 a
2933 4726 3076 4781 Filio
3123 4725 3414 4797 diatinguit
3464 4744 3480 4782 :
3533 4728 3610 4783 ita
3661 4739 3720 4785 et

2130 4819 2519 4874 Nazianzenus
2571 4828 2686 4872 tum
2722 4817 3213 4882 manifestationis,
3262 4827 3376 4872 tum
3426 4819 3719 4877 relationis

2132 4913 2201 4967 ad
2230 4912 2466 4967 invicem
2502 4910 2830 4966 diversitate
2859 4909 3274 4964 distinctionem
3312 4926 3503 4965 eorum
3533 4913 3714 4983 ponit.

2133 5002 2291 5070 Quod
2324 5002 2416 5057 ille
2469 5000 2632 5064 dixit,
2675 5013 2786 5053 non
2831 5007 2892 5052 ut
2923 4996 3282 5068 Unigenitum
3328 5013 3453 5053 esse
3506 4998 3715 5070 produ«

2133 5103 2307 5160 ctum,
2361 5093 2454 5148 hic
2499 5088 2969 5146 manifestationis
3017 5088 3423 5156 diversitatem,
3463 5089 3572 5147 hoc
3604 5102 3713 5158 est,

2134 5185 2418 5240 diversum
2454 5181 2829 5240 t,bsistentiac
2861 5178 3108 5233 modum.
3138 5177 3298 5244 Quod
3335 5194 3468 5235 vero
3515 5178 3717 5254 Nysse-

2135 5291 2239 5332 nus
2267 5290 2364 5347 per
2397 5275 2599 5331 Filium
2635 5274 2733 5339 ait,
2783 5270 3151 5335 manifestari,
3203 5271 3588 5329 Nazianzenus
3628 5274 3716 5328 di-

2132 5371 2452 5444 versitatem
2489 5365 2774 5422 relationis
2831 5366 2896 5420 ad
2954 5364 3194 5420 invicem
3245 5365 3572 5420 nominavit.
3608 5366 3717 5421 Re-

2135 5463 2404 5519 lationem
2442 5476 2576 5518 vcro
2610 5459 2678 5516 ad
2714 5459 2953 5516 invicem
2981 5458 3107 5514 Filii
3155 5468 3212 5514 et
3250 5458 3490 5528 Spiritus
3517 5459 3718 5525 sancti,

2136 5554 2325 5610 nescio
2377 5569 2447 5607 an
2490 5552 2655 5608 aliam
2705 5552 2998 5622 quisquam
3054 5550 3296 5623 reperiat
3360 5559 3562 5622 praeter
3596 5564 3720 5606 eam

2133 5661 2257 5718 qua:
2319 5645 2630 5701 secundum
2668 5659 2890 5700 causam
2948 5652 3006 5698 et
3049 5651 3336 5698 eausatum
3382 5643 3477 5708 sit,
3518 5657 3723 5703 secun—

2135 5739 2265 5797 dum
2302 5754 2465 5809 quam
2499 5739 2673 5795 Filius
2711 5737 2933 5808 quidem
2977 5736 3042 5792 ad
3079 5737 3348 5810 Spiritum
3381 5745 3441 5792 ut
3469 5751 3632 5794 causa
3657 5750 3720 5794 se

3247 5839 3318 5896 l9
