4064 6148
381 263 487 337 σαι

1295 279 1298 282 ’
1342 272 1850 336 BESSARIONIS
1891 277 1956 338 S.
1998 277 2071 338 R.
2116 279 2184 341 E.
2231 276 2699 340 CABDINALIS

3541 270 3645 336 592

1846 393 2096 448 ΚΕΦᾹΛ.
2137 396 2211 450 Z'.
2241 440 2245 444 ι

382 503 742 561 Auctoritates
771 503 1044 577 doctorum
1087 504 1145 559 in
1183 506 1370 574 quibus
1431 505 1663 575 Spiritus
1698 516 1913 561 sanctus
1947 524 2011 561 ea:
2046 504 2206 571 Filio,
2242 520 2292 564 et
2331 527 2394 565 cz
2429 510 2679 564 ambobus
2713 508 2911 563 dicitur
2940 523 3070 572 esse,
3120 505 3372 577 prodire,
3423 514 3471 560 et
3521 523 3644 574 pro.

451 577 639 646 ﬂuere:
667 574 910 644 quodque
943 578 1260 652 nongrah‘a
1296 574 1527 647 Spiritus
1567 594 1671 633 non
1710 580 2016 647 subsistens,
2047 581 2136 632 sed
2183 583 2298 650 ipsa
2341 598 2567 650 persona
2605 579 2838 652 Spiritus
2864 579 3057 633 dicitur
3096 574 3326 649 prodire,
3357 578 3640 649 proﬂuere,

453 642 723 711 emanare,
756 642 890 709 ett},
919 663 952 700 a
979 642 1146 702 Filio.

451 762 602 821 Ἀλλ’
636 765 782 821 οὕτω
815 766 915 836 μὲν
935 768 1030 822 καὶ
1063 767 1162 822 ἀπ’
1199 767 1378 837 αὐτῆς
1429 769 1530 839 τῆς
1580 768 1682 824 διὰ
1717 770 1884 838 μόνης
1912 770 1964 823 oi
1993 774 2037 829 Δ
2068 773 2274 826 νοεῖται
2295 771 2390 826 τοῦ
2418 768 2556 825 Θεοῦ
2580 771 2672 825 καὶ
2703 769 2934 842 Πατρδς,
2965 771 3147 823 πᾶσαν
3171 766 3511 837 ἀμφιϐολίαν
3533 767 3647 829 τοῖς
3743 803 3748 805 -

384 859 724 915 Ἀνατολικοὶ
757 859 1082 930 ἐδεῑχθησαν
1112 860 1261 931 ᾰγιοι
1297 863 1394 914 τὸν
1431 863 1560 916 Υιὸν
1620 863 1805 917 αἰτίαν
1835 881 1968 936 φρο-

301 980 306 993 τ
386 951 608 1018 νοῦντες
633 951 729 1029 τοῦ
759 951 1077 1022 Πνεῦματος
1101 968 1118 986 ο
1146 953 1390 1008 δεικτέον
1421 953 1481 1007 δὲ
1505 955 1655 1022 ὅμως
1681 955 1776 1008 καί
1811 972 1969 1019 τινας

304 1118 307 1120 _
389 1045 573 1100 αὐτῶν
604 1047 760 1100 οὐδὲν
787 1041 953 1119 ἧττον
976 1046 1071 1100 καὶ
1097 1047 1166 1116 τῇ
1206 1047 1274 1101 ἐκ
1331 1047 1719 1118 χρησαμένους
1747 1047 1843 1101 ἐπὶ
1869 1045 1965 1101 τοῦ

297 1165 300 1168 η
385 1137 523 1195 Υῑοῦ
551 1139 614 1194 ἂν
637 1141 705 1209 τῇ
753 1139 988 1211 ὑπάρξει
1037 1139 1382 1207 Πνεῦματος.
1414 1139 1690 1205 Ἐκείνους
1724 1142 1825 1210 μὲν
1848 1135 1966 1207 οῦν,

386 1227 463 1289 ὧν
489 1234 603 1297 τοῖς
632 1231 817 1303 λόγοις
849 1234 943 1288 καί
975 1233 1383 1304 τιςτὰμφισολία
1420 1233 1840 1297 καταλείπεται,
1862 1234 1969 1288 Βα-

389 1327 590 1382 σίλειόν
618 1325 680 1380 τέ
710 1344 876 1398 φημι,
909 1329 1005 1382 καὶ
1033 1327 1123 1382 τὸν
1144 1329 1371 1398 Νύσσης
1418 1329 1723 1400 Γρηγόριον
1745 1367 1761 1394 ,
1805 1328 1980 1409 109-

387 1415 576 1471 νάσιόν
611 1432 674 1470 τε
703 1417 799 1470 καὶ
830 1417 1049 1484 ἄλλους,
1083 1418 1492 1490 παραλειπτέον
1516 1418 1682 1474 τανῦν
1704 1436 1718 1453 ·
1753 1420 1816 1474 οὐ
1860 1421 1969 1490 μὴν

385 1508 496 1562 οὐδ’
530 1509 758 1563 ἐκείνων
789 1509 902 1572 τοῖς
933 1508 1116 1578 λόγοις
1149 1510 1437 1581 χρηστέον,
1474 1513 1525 1565 οἳ
1559 1512 1833 1583 πολλαχοῦ
1857 1514 1969 1565 δει-

324 1592 333 1601 ’
383 1600 644 1656 κνύουσιν
677 1599 1135 1672 ἰσοδυναμοῦααν.
1169 1604 1237 1674 τῇ
1289 1602 1380 1664 ἐκ,
1412 1604 1511 1674 τὴν
1561 1602 1660 1658 διά
1684 1621 1698 1637 ο
1740 1598 1889 1659 οὗτοι
1924 1605 1970 1658 δ’

384 1696 525 1748 εἰσὶν
549 1695 602 1748 cl
620 1695 864 1762 πλείους,
895 1698 928 1768 ἢ
960 1697 1193 1761 πάντεςο
1237 1699 1654 1770 προχειριστέον
1681 1698 1737 1752 δὲ
1773 1699 1972 1769 μόνους

385 1787 663 1859 Κύριλλόν
693 1807 754 1842 τε
777 1791 871 1843 καὶ
899 1781 1244 1860 Ἑπιιρόνιον,
1280 1792 1618 1860 σαφέστερόν
1650 1780 1723 1844 τε
1741 1792 1850 1846 τῶν
1877 1791 1973 1846 ἄλο

388 1879 501 1933 λων
529 1879 626 1934 καὶ
661 1881 866 1950 μᾶλλον
904 1882 995 1936 διὰ
1023 1883 1247 1937 πάντων
1266 1883 1377 1938 τῶν
1404 1884 1755 1956 πονηθέντων
1785 1885 1972 1950 αὐτοῖς

384 1974 563 2042 λόγων
617 1974 756 2047 αὐτῇ
804 1977 869 2047 τῇ
925 1975 997 2030 ἐκ
1050 1977 1474 2048 χρησαμένους’
1529 1970 1606 2032 ὧν
1639 1978 1700 2032 τὸ
1747 1978 1971 2048 ἀξίωμα

384 2065 514 2120 ὅσον
558 2067 619 2122 ιν
646 2067 953 2141 Ἐκκλησία
992 2069 1154 2136 Θεοῦ,
1187 2071 1284 2123 καὶ
1335 2071 1384 2125 oi
1420 2071 1560 2142 ὑπὲρ
1605 2072 1781 2143 αὐτῆς
1830 2074 1972 2127 κατὰ

382 2158 499 2214 τῶν
519 2160 775 2216 ἀπίστων
799 2162 1016 2230 ἀγῶνες
1037 2164 1135 2216 καὶ
1149 2163 1256 2216 τῶν
1276 2164 1569 2234 αἱρέσεων,
1591 2165 1647 2218 oi.
1657 2164 1782 2219 δένα
1808 2162 1969 2237 λελή-

385 2253 570 2309 θασιν.
617 2253 761 2326 Ἐρῶ
784 2255 840 2310 δὲ
864 2255 926 2308 οῦ
958 2255 1138 2310 πάντα
1169 2256 1376 2322 αὐτῶν,
1402 2255 1526 2310 οὐδὲ
1555 2258 1665 2328 γὰρ
1688 2255 1757 2311 ἂν
1785 2254 1972 2312 δῦναι-

388 2363 500 2417 μην
539 2345 1044 2420 ἐξαριθμήσασθαι.
1072 2348 1191 2402 ἀλλ’
1217 2349 1374 2418 ὀλίγα
1407 2366 1468 2405 τε
1501 2349 1596 2405 καὶ
1640 2352 1863 2423 μέτρια,
1909 2351 1970 2402 τὸ

388 2439 566 2509 μῆκος
607 2441 918 2516 ἑχφεύγων.
959 2442 1018 2495 Ὀ
1055 2441 1153 2511 μὲν
1179 2440 1272 2498 οῦν
1316 2445 1589 2513 μακάριος
1612 2442 1885 2514 Κύριλλος
1910 2445 1967 2495 ὲν

384 2534 453 2600 τῇ
485 2533 566 2596 εις
596 2533 688 2586 τὴν
735 2538 1032 2605 προφήτην
1070 2534 1225 2606 Ἰιυὴλ
1258 2535 1552 2606 ἑρμηνείᾳ,
1607 2538 1698 2604 τῇ,
1744 2532 1968 2605 Ἐκκεῶ

383 2624 508 2679 ἀπὸ
547 2625 655 2680 τοῦ
687 2628 1041 2696 Πνεύματός
1058 2645 1202 2697 μου,
1226 2627 1370 2682 οὕτω
1401 2630 1562 2698 φησίν
1582 2643 1598 2661 ·
1630 2621 1714 2701 τῇ
1739 2627 1840 2697 μὲν
1861 2627 1970 2699 γάρ

385 2717 504 2771 ἔστι
535 2717 673 2782 Θεὸς
702 2719 767 2773 ἐκ
815 2717 953 2773 Θεοῦ
990 2721 1133 2774 κατὰ
1167 2719 1333 2789 φύσιν
1379 2721 1409 2774 ό
1447 2719 1599 2784 Υἱὸς,
1644 2720 1970 2789 γεγέννηται

384 2807 496 2878 γὰρ
532 2809 597 2863 ὲκ
631 2811 730 2865 τοῦ
764 2810 899 2866 Θεοῦ
937 2812 1032 2866 καὶ
1061 2811 1299 2883 Πατρδς,
1329 2813 1466 2869 τδιον
1497 2811 1666 2865 αὐτοῦ
1695 2830 1754 2866 τε
1785 2813 1880 2865 καὶ
1912 2813 1971 2865 ἐν

386 2903 541 2973 αὐτῷ
576 2903 670 2960 καὶ
693 2901 753 2970 ἐξ
779 2904 944 2959 αὑτοῦ
970 2905 1031 2960 τδ
1062 2905 1293 2974 Πνεῦμα
1312 2906 1455 2970 ἐστι,
1485 2905 1740 2976 καθάπερ
1773 2904 1968 2974 ἀμέλει

385 2995 484 3051 καὶ
509 2996 599 3052 ἔτι*
625 2997 791 3053 αὑτοῦ
814 3002 1018 3055 νοεῖται
1047 2995 1141 3054 τοῦ
1179 2999 1317 3054 Θεοῦ
1365 2999 1608 3068 Πατρός·
1642 3000 1736 3053 καὶ
1774 2998 1832 3063 ἐξ
1868 2997 1971 3053 αῦ-

385 3089 485 3146 τοῦ
509 3091 650 3160 ἐστι,
681 3092 841 3164 φησι,
877 3092 978 3148 καὶ
1030 3091 1207 3158 οὕτως
1261 3093 1320 3160 ἐξ
1358 3091 1526 3148 αὑτοῦ
1580 3091 1656 3156 ὡς
1691 3091 1776 3144 ἐπ’
1803 3089 1968 3143 αὑτοῦ

2067 857 2571 936 τὶροιρασιςομένοις
2609 862 2936 933 περιαιρῶν.
2983 861 3095 915 Καὶ
3144 861 3309 915 πάλιν
3338 861 3368 914 ό
3397 860 3560 923 αὐτὸς
3587 859 3648 911 ἐν

2065 954 2146 1023 τῷ
2185 955 2321 1027 πρὸς
2353 958 2446 1011 τὸν
2476 955 2705 1027 βασιλέα
2761 955 3045 1009 Θεοδόσιον
3077 951 3244 1024 λόγῳ,
3279 950 3648 1017 Βαπτίζοντσι,

2067 1048 2196 1117 εφη,
2228 1048 2321 1102 τὸν
2345 1047 2563 1120 Ἰησοῦν
2582 1048 2641 1100 ὲν
2674 1048 2808 1118 πυρὶ
2843 1046 2938 1099 καὶ
2969 1045 3112 1114 ἁγιῳ
3163 1045 3464 1112 Πνεῦματι,
3494 1043 3554 1096 οὔ
3584 1041 3650 1096 τὺ

2067 1141 2351 1213 ἀλλότριον
2382 1143 2496 1206 τοῖς
2539 1140 2960 1210 βαπτιζομένοις
3007 1140 3219 1192 ὲνιέντα
3265 1135 3494 1205 Πνεῦμα
3524 1135 3649 1188 δου-

2069 1231 2364 1305 λοπρεπῶς
2391 1234 2487 1288 καὶ
2519 1231 2893 1304 ὕπηρετικῶς.
2924 1231 3046 1286 ἀλλ’
3063 1231 3138 1295 ὡς
3165 1229 3301 1284 Θεδν
3321 1231 3463 1283 κατὰ
3485 1228 3650 1296 φύσιν

2074 1323 2196 1395 μετ’
2233 1325 2484 1392 ἐξουσίας
2511 1325 2613 1396 τῆς
2634 1325 2921 1389 ἀνωτάτω,
2968 1324 3028 1377 τὸ
3071 1323 3134 1388 ἐξ
3182 1321 3347 1376 αὐτοῦ
3379 1324 3478 1376 καὶ
3515 1321 3650 1376 [διον

2069 1413 2237 1468 αὑτοῦ
2258 1431 2274 1445 ο
2312 1414 2405 1469 καὶ
2433 1415 2599 1470 πάλιν
2636 1417 2695 1470 ἐν
2727 1416 2876 1486 ἄλλῳ
2897 1431 2912 1446 ο
2945 1414 3388 1486 Νομοθετοῦντος
3424 1430 3650 1482 τοιγαρ-

2071 1504 2167 1560 οῦν
2195 1506 2292 1560 τοῦ
2317 1507 2580 1579 Χριστοῦ,
2615 1509 2691 1573 ὡς
2715 1510 2773 1562 ιν
2796 1507 2946 1580 αὑτῷ
2975 1509 3066 1562 καὶ
3098 1507 3159 1576 ἐξ
3202 1508 3369 1563 αὐτοῦ
3398 1506 3652 1576 φυσικῶς

2073 1597 2320 1670 ὑπάρχον
2337 1600 2399 1654 τὸ
2429 1600 2653 1672 Πνεῦμα
2681 1600 2868 1663 αὑτοῦ,
2890 1600 3196 1672 νομοθετεῖ.
3225 1601 3334 1656 Καὶ
3369 1602 3424 1655 ἐν
3454 1600 3648 1669 ἑτέρῳ,
3673 1597 3677 1602 ’

2073 1691 2348 1762 Οὐδεμίαν
2397 1693 2528 1764 ἄρα,
2560 1695 2750 1765 φησιν,
2803 1690 2947 1749 οἶδεν
2976 1695 3006 1746 ό
3039 1694 3256 1759 Παῦλος
3292 1695 3508 1763 φύσεως
3537 1693 3653 1746 δια-

2071 1786 2249 1854 φορὰν
2307 1784 2440 1838 Υιοῦ
2486 1803 2547 1839 τε
2598 1786 2694 1840 καὶ
2731 1789 2891 1856 ἁγίου
2948 1788 3291 1859 Πνεῦματος,
3340 1785 3557 1849 ἀλλ’ὡς
3589 1784 3655 1847 ἐξ

2072 1875 2240 1931 αὑτοῦ
2269 1878 2364 1931 καὶ
2389 1880 2447 1930 ἐν
2478 1879 2627 1948 αὐτῷ
2651 1879 2900 1949 φυσικῶς
2923 1881 3194 1951 ὑπάρχον,
3223 1879 3300 1951 τῷ
3325 1879 3427 1949 τῆς
3459 1877 3656 1948 κυριό-

2071 1987 2236 2040 τητος
2274 1971 2504 2042 ὀνόματι
2537 1972 2712 2026 καλεῖ.
2764 1972 2878 2026 Καὶ
2923 1975 3048 2045 δρα,
3088 1974 3174 2028 ὅτι
3200 1972 3291 2027 διὰ
3319 1970 3482 2025 τοῦτό
3513 1987 3656 2040 φησι

2072 2065 2167 2117 τὸν
2198 2064 2408 2119 Παῦλον
2457 2065 2664 2137 Κύριον
2706 2066 2769 2120 τὸ
2802 2066 3029 2136 Πνεῦμα
3067 2066 3320 2132 καλέσαι,
3364 2065 3506 2134 ὅπερ
3534 2063 3657 2117 ἐστὶ
3709 2066 3712 2067 ⁷

2074 2157 2172 2210 τοῦ
2209 2156 2335 2210 ΐιοῦ
2364 2156 2560 2229 ὄνομα,
2593 2159 2681 2213 διὰ
2714 2158 2776 2213 τὸ
2809 2160 2870 2226 ἐξ
2895 2159 3062 2214 αὐτοῦ
3093 2153 3235 2212 εἶναι
3256 2172 3272 2189 ⁶
3303 2157 3374 2211 τὰ
3406 2157 3517 2227 γὰρ
3543 2155 3658 2210 τῶν

2077 2250 2271 2304 αἰτίων
2301 2250 2543 2321 ὀνόματα
2591 2255 2704 2315 τοῖς
2731 2252 2997 2316 αἰτιατοίς
3024 2250 3304 2321 εἰώθαμεν
3325 2247 3654 2306 ἐπιτιθέναι.

2080 2341 2190 2396 Καὶ
2221 2343 2281 2396 ιν
2333 2345 2400 2414 τῇ
2453 2346 2536 2408 εἰς
2563 2345 2658 2399 τὸν
2696 2342 2922 2399 ἔννατον
2970 2344 3424 2414 ἀναθεματισμὸν
3455 2341 3657 2413 ἐξηγή-

2079 2452 2185 2500 σει,
2217 2434 2541 2508 ’Ἄνθρωπος
2592 2436 2852 2506 γεγονὼς,
2899 2438 3091 2509 φησὶν,
3142 2438 3173 2490 ό
3225 2436 3526 2506 μονογενὴς
3553 2432 3653 2488 τοῦ

2075 2528 2212 2584 Θεοῦ
2246 2530 2417 2599 Λόγος
2452 2531 2852 2602 ἀπομεμένηκε
2909 2533 3016 2585 καὶΓ
3050 2528 3194 2584 οὓτω
3249 2529 3382 2592 Θερς
3405 2569 3420 2595 ,
3472 2527 3657 2583 πάντα

2074 2621 2213 2694 ἔχων
2239 2622 2339 2677 ὅσα
2374 2624 2469 2678 καὶ
2493 2626 2521 2677 ό
2545 2624 2755 2695 Πατὴρ,
2790 2626 2915 2696 δίχα
2944 2623 3108 2695 μόνου
3141 2623 3236 2677 τοῦ
3268 2618 3410 2677 εἶναι
3434 2622 3654 2691 Πατὴρ,

2071 2716 2168 2768 καὶ
2195 2716 2326 2768 ἴδιον
2359 2715 2505 2781 τὺ⁴ὲξ
2538 2717 2705 2771 αὑτοῦ
2737 2715 2832 2771 καὶ
2867 2718 2923 2771 ὲν
2959 2714 3107 2789 αὐτῷ
3144 2712 3462 2785 ἐμπεφυκὸς
3491 2709 3662 2783 ἅγιον

2076 2807 2322 2877 Πνεῦμα.
3073 2843 3078 2848 .
3543 2795 3547 2798 ’

2153 2903 2213 2958 Εἰ
2242 2905 2298 2958 δέ
2335 2920 2424 2968 τις
2475 2903 2634 2968 αὖθις
2685 2905 2986 2974 ἀντεπάγοι
3031 2904 3099 2958 sit
3145 2902 3238 2957 τοῦ
3289 2901 3650 2973 Θεοδωρήτου

2075 2999 2158 3063 εἰς
2185 2997 2375 3053 τοῦτον
2405 2998 2496 3053 τὸν
2525 2997 2980 3070 ἀναθεματισμδν
3030 2996 3320 3069 εἰρημένα,
3351 2995 3482 3065 περὶ
3523 2993 3650 3048 τούν

2074 3107 2170 3144 του
2234 3090 2330 3144 καὶ
2383 3089 2653 3161 πρότερον
2712 3086 2969 3160 εἴπομεν,
3029 3090 3121 3143 καὶ
3185 3086 3284 3144 νῦν
3337 3085 3498 3151 αὖθις
3550 3083 3659 3158 τὴν

1849 3232 2077 3290 CAPUT
2120 3231 2236 3289 ΥΠ.

459 3356 567 3415 Sed
592 3357 702 3428 jam
747 3373 843 3428 per
883 3354 1001 3428 ipsa
1034 3354 1151 3412 sola
1183 3352 1628 3410 manifestissime
1674 3349 1967 3425 probatum

386 3459 497 3519 est,
525 3449 837 3508 Orientales
867 3448 1123 3505 doctores
1147 3446 1349 3502 Filium
1377 3445 1709 3516 principium
1730 3443 1971 3515 Spiritus

2077 3347 2189 3404 Deo
2217 3356 2274 3403 et
2313 3347 2474 3403 Patre
2509 3344 2855 3416 intelligitur,
2884 3359 3048 3401 omne
3076 3344 3310 3404 dubium
3347 3352 3650 3418 quaerenti.

2076 3438 2181 3493 bus
2213 3452 2432 3493 causam
2469 3439 2686 3494 tollens.
2737 3438 2882 3495 Idem
2927 3453 3123 3495 rursus
3175 3439 3229 3495 in
3282 3455 3538 3499 sermone
3580 3443 3648 3500 ad

389 3556 515 3600 esse
551 3543 726 3612 palam
757 3541 1023 3612 proliteri.
1057 3539 1406 3594 Probandum
1437 3546 1620 3594 autem
1677 3535 1973 3591 nonnullos
1996 3571 2043 3634 ϐ
2077 3529 2448 3634 Theodosium
2510 3531 2901 3634 imperatorem
2934 3547 2950 3585 :
3000 3530 3396 3634 Baptizantem,
3449 3534 3650 3606 inquit.

389 3650 582 3692 eorum
623 3632 1011 3704 praepositione
1060 3645 1282 3702 quoque
1331 3645 1396 3682 ea:
1442 3645 1550 3684 non
1607 3629 1791 3682 minus
1842 3642 1972 3683 usos
1998 3622 2042 3634 “
2072 3623 2263 3680 Jesum
2316 3624 2369 3678 in
2402 3623 2526 3694 igne
2553 3632 2612 3679 et
2643 3622 2851 3694 Spiritu
2890 3635 3102 3691 sancto,
3151 3639 3260 3680 non
3288 3626 3529 3683 alienum
3561 3630 3655 3685 ba-

390 3727 567 3784 fuisse
588 3727 660 3782 de
685 3725 826 3781 Filio
863 3725 918 3779 in
946 3724 1299 3780 subsistentia
1321 3723 1581 3793 Spiritus.
1608 3721 1733 3776 Illos
1762 3722 1971 3789 itaque,

391 3833 630 3892 quorum
665 3818 983 3875 testimonia
1007 3817 1338 3874 calumniam
1371 3815 1675 3886 patiuntur,
1713 3825 1970 3884 tanquam

391 3931 505 3971 non
538 3930 752 3980 eorum,
793 3912 880 3967 vel
935 3927 1045 3967 non
1103 3911 1177 3964 ita
1218 3924 1316 3980 per
1357 3927 1453 3966 eos
1490 3909 1636 3964 edita
1663 3951 1677 3974 ,
1719 3919 1972 3964 sanctum

391 4006 652 4062 videlicet
679 4005 1064 4070 Athanasium,
1104 4003 1388 4068 Basilium,
1417 4001 1741 4071 Gregorium
1775 4000 1976 4070 Nysse-

397 4117 555 4167 num,
602 4099 937 4156 omittendos
967 4100 1118 4164 duxi,
1148 4113 1251 4153 nec
1288 4097 1510 4152 illorum
1549 4093 1974 4149 auctoritatibus

395 4192 681 4256 utendum,
707 4191 799 4262 qui
839 4191 1116 4260 plerisque
1144 4188 1197 4243 in
1227 4188 1362 4244 locis
1385 4187 1557 4256 ipsam
1593 4202 1707 4256 per,
1741 4185 1976 4256 probant

393 4283 723 4354 mquivalere
775 4282 878 4352 ipsi
927 4297 1011 4343 ex,
1051 4281 1106 4334 in
1166 4277 1485 4348 theologia:
1537 4278 1591 4331 hi
1635 4292 1766 4332 vero
1815 4274 1973 4345 quasi

391 4396 585 4437 omnes
631 4387 724 4434 aut
752 4378 927 4448 major
973 4391 1103 4446 pars
1156 4385 1470 4431 sanctorum
1535 4375 1820 4428 doctorum
1866 4381 1972 4426 est.

390 4472 654 4544 Cyrillum
681 4479 863 4525 autem
887 4469 1151 4522 duntaxat
1178 4477 1234 4522 et
1263 4465 1631 4536 Epiphanium
1665 4463 1974 4533 producen-

393 4564 529 4619 dum
560 4561 713 4625 duxi,
744 4560 839 4628 qni
875 4557 1090 4613 caeteris
1133 4556 1382 4626 apertius
1428 4565 1485 4610 ct
1537 4555 1710 4623 magis
1768 4551 1974 4623 ubique

393 4657 632 4728 Operum
671 4667 896 4710 suorum
930 4650 1316 4723 praepositione
1345 4664 1410 4703 ea:
1447 4647 1526 4702 usi
1554 4655 1712 4703 sunt:
1739 4662 1973 4718 quorum

397 4759 600 4821 quanta
649 4747 942 4822 qualisque
991 4744 1293 4801 auctoritas
1345 4743 1400 4798 in
1446 4742 1688 4798 Ecclesia
1739 4741 1832 4796 Dei
1879 4741 1976 4807 sit,

399 4842 814 4914 certaminaque
858 4855 1050 4896 eorum
1096 4846 1289 4894 contra
1329 4835 1578 4891 inﬁdeles
1613 4844 1670 4889 ct
1716 4833 1974 4894 haereses.

2073 3716 2348 3786 ptizandis
2393 3715 2652 3772 effudisse
2695 3713 2964 3786 Spiritum
3018 3718 3293 3774 serviliter
3345 3729 3401 3776 et
3444 3720 3650 3778 instru-

2075 3809 2411 3874 mentaliter,
2443 3807 2537 3864 sed
2571 3815 2827 3880 tanquam
2862 3807 3032 3866 Deum
3062 3810 3364 3868 secundum
3396 3823 3648 3872 naturam

2073 3920 2199 3960 cum
2247 3905 2575 3960 auctoritate
2625 3919 2877 3970 Summa,
2914 3904 3009 3976 qui
3053 3920 3120 3959 ex
3171 3919 3241 3960 eo
3289 3918 3349 3962 et
3396 3909 3652 3981 proprius

2071 4000 2194 4069 ejus
2223 3997 2412 4055 est.Et
2437 3999 2636 4054 iterum
2673 3999 2727 4052 in
2759 3996 3044 4052 Thesauri:
3065 4001 3089 4054 ἰ
3112 3997 3311 4070 Legem
3339 4000 3508 4073 igitur
3523 4019 3647 4058 cum

2073 4090 2216 4146 ferat
2239 4090 2516 4156 Christus,
2550 4090 2623 4145 ita
2675 4090 2866 4145 condit
2916 4105 3060 4153 eam,
3099 4101 3356 4162 tanquam
3406 4094 3461 4149 in
3491 4111 3559 4150 eo
3595 4107 3650 4152 ct

2072 4199 2139 4240 ex
2179 4198 2246 4239 eo
2270 4183 2342 4238 sit
2372 4182 2610 4253 Spiritus
2655 4183 2798 4252 ejus.
2828 4183 2898 4238 Et
2947 4199 3177 4239 rursus:
3225 4183 3440 4241 Nullam
3483 4189 3652 4260 igitur

2074 4286 2287 4332 naturas
2313 4274 2682 4331 diﬂcrentiam
2711 4274 2833 4330 Filii
2879 4285 2936 4330 et
2973 4273 3211 4345 Spiritus
3250 4279 3422 4333 sancti
3451 4278 3652 4336 Paulus

2074 4365 2247 4433 novit,
2282 4366 2377 4422 sed
2417 4375 2675 4436 tanquam
2715 4379 2783 4419 ex
2811 4379 2880 4418 eo
2904 4374 2960 4420 et
2994 4366 3048 4420 in
3091 4379 3161 4420 eo
3192 4369 3518 4424 naturaliter
3555 4369 3647 4437 sit,

2075 4458 2362 4515 Dominico
2388 4459 2610 4515 nomine
2639 4475 2765 4515 cum
2801 4471 2976 4516 vocat.
2999 4462 3062 4517 Et
3090 4463 3484 4532 animadverte,
3505 4467 3652 4537 quod

2075 4552 2203 4606 ideo
2232 4552 2366 4606 dicit
2412 4551 2640 4608 Paulum
2672 4553 2978 4623 appellasse
3015 4553 3284 4624 Spiritum
3328 4555 3647 4623 Dominum,

2074 4641 2221 4712 quod
2253 4641 2384 4716 Filii
2417 4657 2618 4698 nomen
2645 4653 2751 4705 est,
2787 4643 2916 4714 quia
2942 4658 3008 4699 ex
3040 4642 3179 4700 Filio
3205 4653 3327 4714 est;
3357 4647 3648 4702 ansarum

2075 4735 2222 4791 enim
2258 4737 2480 4790 nomina
2531 4737 2775 4792 causatis
2805 4737 3047 4793 solemus
3083 4737 3392 4807 imponere.
3429 4737 3566 4794 Item
3595 4738 3648 4794 in

2076 4829 2418 4898 expositione
2440 4829 2568 4882 noni
2603 4827 3045 4884 anathematismi
3071 4847 3086 4885 :
3122 4828 3296 4884 Homo
3324 4828 3502 4886 factus
3527 4872 3545 4898 ,
3568 4832 3652 4886 in-

401 4955 563 4998 nemo
594 4947 682 4995 est
711 4952 873 5008 quem
907 4936 1098 4990 lateat.
1140 4931 1442 4988 Producam
1479 4943 1613 4984 vero
1645 4944 1755 4982 non
1789 4930 1973 4983 omnia
2003 4929 2056 4990 ι)
2081 4921 2223 4992 quit,
2264 4919 2581 4990 nnigenitus
2612 4921 2704 4976 Dei
2742 4918 2933 4988 Filius,
2974 4937 3086 4977 non
3124 4920 3310 4977 minus
3348 4924 3652 4994 permansit

397 5049 591 5093 eorum
622 5030 936 5087 testimonia
971 5030 1096 5098 (nec
1126 5027 1274 5081 enim
1309 5024 1466 5078 facile
1499 5022 1628 5092 est),
1661 5022 1756 5078 sed
1789 5023 1971 5092 aliqua

397 5143 618 5201 pauca,
679 5123 892 5194 fugiens
963 5120 1256 5175 verborum
1323 5116 1713 5186 prolixitatem.
1773 5114 1972 5170 Beatus

395 5225 582 5291 itaque
637 5217 873 5287 Cyrillns
901 5254 918 5278 ,
965 5213 1020 5267 in
1066 5210 1411 5279 expositione
1464 5207 1749 5280 pr0phetze
1799 5207 1973 5263 .loelis

395 5328 563 5384 supra
593 5311 740 5365 illam
766 5306 1153 5362 auctoritatem
1185 5303 1508 5373 :Eﬁ‘nndam
1539 5317 1572 5354 a
1595 5299 1799 5369 Spiritu
1831 5315 1971 5363 meo,

395 5407 477 5462 sic
501 5405 580 5459 ait
614 5402 714 5456 :ln
750 5408 1015 5470 quantum
1069 5394 1215 5450 enim
1248 5395 1394 5449 Deus
1421 5410 1487 5447 ex
1521 5393 1630 5447 Deo
1660 5391 1970 5447 secundum

394 5508 651 5554 naturam
687 5493 854 5550 Filius
878 5497 979 5552 est,
1010 5504 1132 5544 cum
1162 5499 1322 5542 natus
1363 5487 1431 5542 sit
1458 5501 1525 5541 ex
1556 5486 1666 5540 Deo
1696 5492 1750 5539 et
1788 5480 1968 5545 Patre,

394 5592 653 5666 preprius
685 5589 804 5657 ejus
833 5596 888 5642 et
917 5585 971 5639 in
999 5598 1066 5640 eo
1096 5593 1150 5637 et
1182 5598 1249 5636 ex
1268 5596 1337 5636 eo
1365 5579 1601 5648 Spiritus
1632 5587 1738 5644 est,
1771 5590 1971 5647 quem-

396 5684 688 5742 admodum
714 5691 768 5737 et
793 5679 861 5733 de
885 5679 1003 5747 ipso
1035 5677 1146 5731 Deo
1172 5684 1227 5730 et
1244 5675 1404 5730 Putre
1442 5671 1796 5742 intelligitur;
1823 5681 1878 5725 et
1903 5685 1972 5727 ex

397 5792 466 5837 eo
499 5783 601 5840 est,
633 5774 830 5843 inquit,
850 5782 906 5829 et
933 5771 1008 5826 ita
1035 5784 1101 5826 ex
1127 5783 1216 5836 eo,
1257 5762 1723 5838 quemadmodum
1755 5761 1824 5819 de
1854 5763 1974 5836 ipso

2083 5014 2252 5073 Deus.
2281 5015 2463 5068 omnia
2508 5012 2717 5067 habens
2747 5029 3085 5084 quaecunque
3110 5024 3164 5068 et
3215 5014 3397 5077 Pater,
3433 5027 3652 5086 praeter»

2081 5123 2242 5177 quam
2287 5107 2428 5177 quod
2466 5122 2572 5161 non
2594 5107 2668 5162 sit
2692 5104 2876 5174 Pater,
2902 5115 2957 5160 et
2989 5106 3268 5177 prOprium
3297 5106 3528 5175 habens,
3557 5106 3650 5178 qui

2080 5216 2147 5256 ex
2175 5214 2244 5254 eo
2268 5209 2324 5253 et
2352 5201 2405 5253 in
2433 5214 2502 5254 eo
2532 5198 2724 5254 insitus
2761 5208 2844 5253 est
2885 5197 3125 5268 Spiritus
3154 5209 3398 5260 sanctus.

2152 5295 2306 5360 Quod
2347 5293 2392 5347 si
2424 5292 2549 5362 quis
2596 5306 2788 5346 rursus
2828 5299 3067 5360 Opponat
3105 5307 3225 5359 qua:
3255 5308 3282 5347 a
3309 5290 3648 5350 Theodorito

2082 5388 2136 5442 in
2164 5387 2311 5441 hunc
2333 5384 2848 5439 anathemalismum
2876 5384 3024 5437 dicta
3044 5393 3190 5451 sunt,
3218 5385 3396 5450 primo
3425 5387 3647 5456 quidem

2075 5481 2256 5539 sciat,
2311 5488 2653 5545 quacunque
2707 5472 3078 5530 Theodoritus
3139 5487 3326 5530 contra
3384 5478 3645 5548 Cyrillum

2081 5569 2324 5641 scripsit,
2361 5569 2547 5623 omnia
2579 5567 2866 5636 reprobata
2902 5577 2956 5621 et
2989 5568 3322 5623 anathemati
3355 5571 3553 5626 tradita
3579 5573 3645 5626 ab

2082 5665 2340 5720 omnibus
2393 5662 2753 5733 sequentibus
2804 5662 3012 5716 sanctis
3042 5663 3293 5718 conciliis
3339 5665 3530 5732 fuisse,
3573 5664 3643 5718 ita

2085 5767 2142 5814 ut
2184 5757 2521 5814 nondeceat
2547 5770 2612 5811 ex
2640 5752 2943 5811 maledictis
2983 5763 3036 5811 et
3060 5756 3170 5829 jam
3218 5757 3527 5836 reprobatis
3558 5772 3644 5813 οτ-

4039 2925 4064 3434 ῐ
