4108 6142
324 221 440 287 τω

1296 229 1602 309 ORATIO
1640 243 2090 306 DOGMATICA
2132 243 2286 304 PRO
2329 239 2650 304 UNlONE.

3500 246 3608 312 594

319 346 604 418 ιξήγησιν
623 349 1044 425 ἀντεστὴσαμεν
1071 355 1299 429 ταύτην,
1326 361 1516 429 σαφῶς
1562 362 1920 432 παριστῶσαν
1946 362 1996 419 Α
2024 361 2139 430 ἔχει
2169 361 2308 431 μετὰ
2368 359 2464 414 τοῦ
2526 357 2762 427 Πατρός.
2819 356 2931 414 Καὶ
2976 357 3255 429 ἀνωτέρω,
3284 357 3392 414 τοῦ
3454 362 3612 434 Ποῦ,

315 439 421 511 τὴν
449 443 554 497 τοῦ
577 443 913 502 διδασκάλου
965 449 1209 505 διάνοιαν
1235 470 1251 484 ο
1284 455 1513 522 προσέτι
1561 455 1618 508 δὲ
1667 457 1763 508 καὶ
1814 453 1925 508 ἀπὸ

314 534 420 604 τῆς
441 537 760 608 ἀπολογίας
783 542 883 612 τῆς
918 543 1058 614 πρὸς
1097 544 1450 616 Θεοδώρητον
1482 550 1541 601 τὸ
1575 549 1709 603 αὐτὸ
1739 547 1920 610 τοῦτο,

310 628 374 681 ετ
397 646 488 693 τις
506 632 886 703 εὐγνωμόνως
915 636 1234 703 ἀκούσεται,
1258 641 1432 707 δεῖξαι
1463 641 1773 714 δυνάμεθα..
1805 641 1926 694 Ἐκο

314 721 633 792 πορεύεται
671 727 772 796 μὲν
793 728 924 796 γὰρ,
973 731 1160 801 φησὶν,
1187 731 1263 796 ὡς
1293 733 1363 787 ἐκ
1391 731 1484 786 τοῦ
1516 733 1653 786 Θεοῦ
1681 733 1778 786 καὶ
1806 734 1922 786 lla-

314 819 452 888 τρδς
487 819 556 870 τὸ
591 819 826 891 Πνεῦμα
856 824 917 876 τὸ
947 823 1104 891 ἅγιον
1159 825 1301 878 κατὰ
1361 825 1461 897 τὴν
1519 826 1613 880 τοῦ
1667 827 1923 896 Σωτῆρος

315 910 538 981 φωνὴν,
567 912 691 966 ἀλλ’
726 914 828 968 οὐκ
859 914 1145 987 ἀλλότριόν
1167 919 1284 971 ἐστι
1307 918 1400 972 τοῦ
1427 918 1583 982 Υῑοῦ,
1616 919 1794 974 πάντα
1815 919 1921 990 γὰρ

316 1113 520 1166 gnere.
554 1098 773 1155 Deinde
791 1101 928 1156 satis
953 1101 1066 1172 iam
1093 1101 1162 1158 de
1189 1102 1297 1157 hoc
1328 1101 1426 1173 per'
1459 1117 1561 1157 nos
1583 1100 1789 1156 dictum
1811 1111 1916 1167 est,

314 1191 555 1259 quando
583 1193 692 1248 etsi
726 1209 837 1248 non
875 1194 928 1247 in
971 1204 1227 1265 utroque,
1265 1195 1319 1250 in
1354 1196 1528 1250 altero
1579 1179 1757 1250 tamen
1793 1209 1920 1249 eum

315 1282 634 1336 mentitum
687 1282 857 1338 fuisse
908 1286 1282 1354 probavimus,
1327 1302 1453 1341 cum
1508 1287 1625 1355 ipse
1671 1285 1917 1355 quidem,

314 1372 472 1442 quod
542 1389 649 1443 per
697 1374 895 1430 Filium
945 1375 1187 1446 Spiritus
1232 1377 1430 1432 habeat
1474 1377 1917 1445 subsistentiam,

315 1474 596 1536 negaret;
650 1483 754 1524 nos
802 1479 987 1524 autem
1039 1471 1371 1527 testimoniis
1402 1471 1691 1527 doctorum
1724 1470 1924 1540 proba-

313 1560 579 1615 verimus
609 1576 804 1616 verum
835 1577 976 1629 esse,
1003 1561 1076 1617 ita
1112 1571 1172 1617 ut
1212 1580 1320 1619 non
1353 1565 1654 1620 debeamus
1699 1564 1924 1619 silentio

313 1651 464 1706 sacri
488 1651 724 1707 concilii
767 1651 888 1718 niti,
942 1661 998 1706 et
1039 1653 1165 1708 inde
1199 1669 1452 1725 arguere,
1481 1655 1630 1726 quod
1661 1655 1923 1711 Theodo-

316 1745 469 1800 ritus
495 1744 820 1815 scripsisset
869 1745 1134 1814 Spiritum
1179 1757 1452 1815 sanctum,
1503 1763 1606 1804 nec
1638 1765 1706 1803 ex
1754 1749 1916 1815 Filio,
1955 1727 1995 1785 Β

315 1853 432 1894 nec
457 1853 577 1910 per
598 1837 803 1894 Filium
831 1839 1245 1896 subsistentiam
1275 1840 1506 1906 habere,
1531 1851 1587 1896 et
1615 1841 1920 1896 concilium

321 1932 415 1988 bis
463 1930 686 1988 auditis
735 1934 990 1998 tacuerit,
1047 1947 1152 1987 nec
1182 1947 1308 1986 eum
1370 1931 1755 2000 redarguerit:
1796 1931 1922 1986 ideo

319 2026 521 2094 tacuit,
561 2026 699 2096 quia
731 2042 856 2082 eum
888 2042 1019 2082 vera
1055 2025 1259 2082 dixisse
1285 2025 1514 2081 sciebat.
1545 2025 1685 2080 Ecce
1717 2027 1920 2081 etenim

319 2118 631 2188 probatum
662 2117 883 2188 quidem
899 2118 1288 2190 est,Spiritum
1314 2129 1562 2174 sanctum
1593 2134 1691 2188 per
1721 2118 1922 2174 Filium

321 2211 758 2268 subsistentiam
787 2211 1030 2277 habere;
1064 2210 1308 2283 synodus
1342 2227 1470 2264 vero
1497 2226 1604 2266 non
1650 2212 1824 2265 solum
1855 2210 1923 2266 de

321 2306 528 2371 altero,
569 2303 835 2359 videlicet
862 2304 1008 2375 quod
1063 2320 1171 2359 non
1205 2321 1270 2358 ex
1319 2303 1459 2358 Filio
1503 2303 1701 2357 habeat
1741 2302 1924 2357 subsi-

323 2398 618 2464 stentiam,
654 2397 846 2463 tacuit,
881 2395 980 2451 sed
1010 2396 1175 2450 etiam
1203 2395 1270 2450 de
1301 2397 1471 2449 altera
1494 2404 1669 2463 parte,
1691 2394 1794 2448 hoc
1813 2405 1919 2462 est,

322 2493 474 2560 quod
509 2506 618 2544 nec
660 2505 761 2560 per
797 2487 996 2543 Filium
1025 2488 1307 2558 procedat,
1337 2486 1486 2557 quod
1532 2497 1714 2541 tamen
1742 2487 1921 2558 palam

327 2579 533 2637 l‘alsutn
560 2590 674 2636 est.
710 2579 1182 2647 Quemadmodum
1217 2578 1363 2634 enim
1401 2578 1510 2634 hoc
1543 2578 1762 2634 silentio
1789 2593 1927 2648 pra!-

327 2672 504 2739 teriit,
551 2680 900 2727 cumtamen
933 2671 1133 2726 falsum
1175 2673 1266 2737 sit,
1313 2670 1388 2726 ita
1427 2671 1593 2726 etiam
1624 2671 1918 2738 reliquum,

325 2764 596 2820 videlicet
636 2764 782 2834 quod
824 2780 926 2819 nec
948 2779 1015 2818 ex
1065 2763 1205 2818 Filio
1235 2762 1656 2819 subsistentiam
1700 2761 1921 2827 habeat,

325 2875 457 2915 cum
496 2858 684 2929 ipsum
713 2872 932 2926 quoque
959 2857 1157 2911 falsum
1190 2858 1284 2911 sit.
1310 2855 1436 2911 llmc
1465 2855 1633 2926 igitur
1677 2858 1730 2910 in
1756 2871 1923 2926 supe-

327 2952 584 3006 rioribus
641 2949 918 3015 diximus,
962 2958 1016 3004 et
1052 2964 1199 3004 nunc
1250 2948 1398 3003 illius
1429 2950 1559 3003 noni
1603 2949 1925 3004 anathema-

333 3042 510 3110 tismi,
539 3049 735 3098 centra
765 3054 928 3110 quem
970 3039 1341 3095 Theodoritus
1371 3043 1617 3095 scribens
1639 3040 1728 3096 illa
1759 3041 1918 3107 dixit,

328 3135 512 3207 ipsius
551 3135 750 3207 Cyrilli
779 3133 1175 3203 expositionem
1206 3130 1542 3200 indusimus,
1567 3134 1813 3205 seipsum
1868 3142 1927 3189 et

329 3243 494 3285 suam
550 3237 797 3284 mentem
862 3225 1215 3296 exponentis,
1268 3233 1324 3281 et
1372 3233 1565 3281 contra
1632 3223 1926 3281 maledicta

318 3319 668 3376 Theodoritl
719 3317 1059 3388 replicantis.
1111 3314 1232 3373 Non
1267 3315 1427 3372 decet
1474 3316 1664 3386 igitur,
1721 3315 1927 3372 omisso

335 3416 434 3473 illo
452 3416 628 3473 alium
668 3428 920 3485 quaerere
967 3421 1262 3469 verborum
1295 3410 1482 3481 Cyrilli
1524 3411 1922 3481 expositorem,

335 3518 394 3567 ct
426 3511 731 3582 praesertim
757 3507 1092 3564 acerrimum
1127 3505 1246 3576 ejus
1272 3506 1506 3560 hostem.
1532 3503 1713 3570 Quare
1741 3511 1924 3560 autem

337 3599 582 3672 Cyrillus
615 3599 886 3669 Spiritum
926 3597 1141 3653 dixerat
1165 3596 1445 3668 propriqu
1479 3595 1624 3663 Filii,
1669 3596 1721 3649 in
1770 3610 1922 3651 nono

333 3697 836 3762 anathematismo,
883 3694 1032 3765 quod
1080 3691 1454 3749 Theodoritus
1502 3693 1743 3763 carpsit,
1806 3693 1926 3763 ipse

334 3805 664 3863 exponens:
701 3789 840 3858 Quia
867 3787 1022 3854 dicit,
1049 3787 1128 3842 Ex
1161 3801 1228 3842 eo
1258 3795 1362 3854 est,
1401 3797 1459 3842 et
1486 3784 1826 3842 conveniens
1868 3785 1924 3841 in

338 3885 445 3942 hoc
476 3883 930 3944 Occidentalibus
954 3881 1228 3938 Patribus.
1260 3881 1324 3935 Et
1363 3880 1438 3936 illi
1468 3878 1617 3936 enim
1657 3877 1925 3949 Spiritum

338 3979 534 4035 dicunt
567 3979 688 4035 Filii
727 3989 987 4046 tanquam
1012 3991 1078 4030 ex
1117 3991 1184 4030 eo
1208 3973 1620 4044 procedentem.
1653 3971 1923 4028 Praeterea

337 4087 412 4129 ex
433 4071 795 4145 responsione
825 4059 1010 4142 Cyrilli
1059 4067 1124 4123 ad
1175 4065 1572 4122 Tlteodoritum
1622 4064 1766 4120 idem
1799 4080 1928 4136 pro-

309 4163 475 4221 'bsre
518 4178 833 4236 possumus,
862 4179 908 4218 si
951 4161 1076 4232 quis
1130 4160 1250 4215 sine
1297 4158 1653 4214 contentione
1686 4159 1924 4215 audiat:

341 4256 602 4316 Procedit
631 4240 891 4329 quidem,
913 4256 1124 4326 inquit,
1155 4253 1395 4322 Spiritus
1447 4259 1674 4309 sanctus
1707 4269 1773 4308 ex
1815 4253 1928 4309 Deo

342 4350 506 4408 Patre
561 4350 868 4408 secundum
911 4351 1080 4405 verba
1112 4346 1433 4415 Salvatoris,
1461 4361 1569 4401 non
1626 4354 1807 4401 tamen
1841 4354 1927 4402 est

2034 456 2189 524 φησι.
2219 452 2446 520 Πνεῦμα
2473 455 2533 505 τὸ
2559 452 2807 522 Πνεῦμα,
2845 451 2941 506 καὶ
2976 450 3110 508 [διον
3133 452 3322 520 αὐτοῦ,
3357 470 3615 524 μονονου-

2031 548 2088 618 χὶ
2117 547 2276 602 τοῦτο
2293 547 2494 617 λέγων,
2521 548 2596 609 ὡς
2629 548 2676 600 εἰ
2710 547 2803 600 καὶ
2831 548 2895 598 ἐκ
2923 545 3017 600 τοῦ
3059 543 3272 614 Πατρδς
3311 546 3613 618 ἐκπορεύε-

2032 640 2160 695 σθαι
2204 640 2338 694 αὐτὸ
2364 642 2395 694 ὁ
2425 640 2689 711 σωτήριός
2712 656 2846 708 φησι
2873 638 3051 707 λόγος,
3086 637 3202 691 ἀλλ’
3236 635 3391 693 οὕδὶν
3440 633 3610 709 ἦττᾶν

2031 735 2148 786 ἔστι
2172 735 2273 788 καὶ
2301 734 2396 788 τοῦ
2419 732 2577 797 Υἱοῦ,
2611 733 2686 797 ὡς
2707 720 2912 802 δηλαδὴ
2941 731 3379 800 ἐκπορευόμενον
3407 731 3467 798 ἒξ
3514 731 3613 785 αὐ-

2029 825 2124 879 τοῦ
2163 842 2179 858 ·
2209 826 2358 896 καὶὴ
2395 826 2564 891 αἰτία,
2597 825 2682 878 ὅτι
2713 826 2893 878 πάντα
2926 824 3039 895 ἔχει
3068 825 3208 892 μετὰ
3229 823 3324 877 τοῦ
3356 822 3608 894 Πατρός⁴

2027 917 2306 973 ﬁtfit-06m
2327 919 2462 990 τὰρ,
2491 919 2646 988 φησὶ,
2676 918 2772 971 καὶ
2818 917 2904 983 τὸ,
2970 916 3076 983 Ἐξ
3131 915 3278 987 ἐμοῦ
3320 916 3609 986 λήψεται,

2027 1104 2176 1173 quod
2202 1105 2305 1159 hoc
2353 1108 2422 1160 de
2464 1104 2671 1175 Spiritu
2730 1105 2947 1158 dixerat
2990 1103 3277 1160 Dominus.
3322 1103 3611 1158 Postremo

2031 1197 2174 1251 idem
2213 1196 2404 1266 probat
2432 1211 2531 1266 per
2576 1196 2723 1250 illam
2771 1197 3179 1262 auctoritatem,
3216 1196 3363 1264 quod
3396 1211 3462 1251 ex
3516 1206 3608 1259 eo,

2030 1288 2082 1341 id
2115 1296 2222 1355 est,
2251 1286 2389 1342 Filio
2420 1286 2650 1356 accipiat
2676 1287 2936 1357 Spiritus.
2975 1289 3091 1341 Hoc
3121 1287 3267 1342 enim
3299 1297 3356 1342 et
3385 1299 3610 1342 sanctus

2028 1380 2368 1450 Epiphanius
2391 1380 2655 1449 (utpaulo
2686 1390 2806 1450 post
2834 1381 3185 1448 ostenditur),
3219 1393 3320 1450 pro
3357 1395 3426 1434 eo
3456 1379 3608 1448 quod

2027 1488 2095 1528 ex
2132 1487 2201 1526 eo
2257 1472 2537 1542 procedat,
2575 1472 2792 1542 accipit.
2835 1472 2954 1540 Ipse
2991 1487 3212 1540 quoque
3269 1472 3459 1525 beatus
3500 1469 3614 1542 Cy-

2029 1565 2189 1619 rillus
2228 1565 2282 1619 in
2313 1565 2655 1633 expositione
2679 1581 2845 1634 super
2872 1564 3166 1629 Joannem,
3211 1564 3381 1633 ipsam
3413 1573 3610 1618 aucto.

2028 1657 2239 1711 ritatem
2274 1672 2552 1726 exponens
2574 1701 2587 1722 ,
2623 1656 2703 1711 sic
2749 1656 2928 1726 inquit
2963 1673 2974 1707 ε
3008 1655 3272 1726 Accipere
3308 1656 3457 1710 enim
3483 1654 3611 1722 Spi-

2027 1748 2192 1803 ritum
2245 1747 2478 1803 dicimus
2536 1765 2601 1803 ex
2650 1747 2810 1804 Patre
2858 1758 2914 1805 et
2948 1749 3090 1803 Filio
3130 1765 3194 1802 ea
3227 1763 3350 1818 quze
3386 1748 3606 1801 illorum

2026 1851 2172 1906 sunt,
2207 1858 2314 1895 non
2355 1851 2611 1911 tanquam
2666 1842 2962 1910 aliquando
2997 1841 3222 1909 quidem
3251 1855 3360 1894 non
3393 1838 3610 1895 baben-

2025 1942 2134 1988 tem
2172 1934 2390 1990 insitam
2423 1933 2475 1988 in
2504 1935 2586 1990 eis
2620 1937 2945 2005 sapientiam
2994 1946 3050 1990 et
3097 1937 3439 2004 potentiam,
3479 1948 3606 1987 cum

2025 2025 2359 2098 intelligatur
2414 2027 2616 2082 habere
2681 2028 2930 2086 eamdem
2989 2026 3322 2093 essentiam,
3390 2040 3611 2094 semper

2023 2119 2225 2175 etenim
2277 2119 2492 2189 sapiens
2533 2129 2589 2175 et
2639 2129 2836 2188 potens
2875 2130 2962 2177 est
3012 2121 3290 2187 Spiritus;
3329 2120 3441 2175 imo
3475 2134 3610 2175 vero

2023 2212 2141 2281 ipsa
2178 2211 2446 2280 sapientia
2475 2220 2528 2264 et
2558 2213 2799 2279 potentia
2831 2224 2916 2267 est
2937 2257 2950 2278 ,
2999 2227 3108 2266 non
3152 2211 3607 2280 participatione,

2023 2304 2119 2359 sed
2145 2302 2491 2360 naturaliter.
2518 2303 2573 2358 Si
2610 2304 2777 2375 igitur
2808 2303 2860 2360 id
2902 2304 3047 2372 quod
3087 2303 3332 2373 Spiritus
3371 2320 3438 2358 ex
3471 2302 3613 2359 Filio

2023 2394 2242 2464 accipit,
2295 2395 2560 2466 sapientia
2611 2403 2666 2449 et
2705 2377 2951 2465 potentia
3007 2403 3128 2460 est,
3189 2396 3304 2450 haec
3330 2411 3463 2450 vero
3499 2412 3609 2447 non

2023 2487 2319 2557 aliquando
2370 2488 2594 2558 quidem
2657 2488 2860 2554 habet,
2919 2487 3218 2556 aliquando
3267 2503 3404 2543 vero
3461 2500 3610 2552 non;

2022 2595 2244 2650 semper
2293 2597 2527 2650 namque
2584 2580 2710 2635 talis
2749 2589 2834 2634 est
2891 2592 3108 2647 natura,
3163 2595 3275 2634 non
3317 2579 3614 2649 participa-

2024 2674 2209 2738 tione;
2263 2685 2592 2741 semperque
2642 2687 2670 2724 a
2721 2669 2860 2728 Filio
2899 2670 3121 2740 accipit,
3156 2671 3280 2741 qua:
3319 2685 3443 2725 cum
3494 2685 3608 2724 non

2025 2765 2222 2820 habeat
2256 2765 2700 2834 participatione,
2735 2774 2930 2819 natura
2953 2765 3077 2834 ejus
3122 2773 3288 2819 sunt:
3319 2762 3448 2832 quid
3481 2761 3614 2816 hinc

2024 2859 2336 2930 colligatur,
2369 2860 2492 2930 quis
2523 2856 2777 2929 ignorat?
2801 2857 2868 2912 Et
2889 2858 3087 2913 merito
3110 2860 3228 2913 lucc
3249 2859 3442 2912 beatus
3475 2855 3615 2910 dicit

2024 2952 2282 3025 Cyrillus,
2317 2953 2411 3025 qui
2451 2953 2507 3008 in
2550 2952 2827 3022 plerisque
2859 2951 2982 3005 aliis
3027 2948 3166 3005 locis
3208 2949 3496 3002 manifeste
3547 2963 3614 3002 ex

2027 3043 2188 3113 Filio,
2223 3045 2383 3101 sicuti
2435 3061 2504 3100 ex
2544 3045 2738 3110 Patre,
2794 3041 3094 3113 procedere
3151 3041 3290 3096 dicit
3344 3040 3615 3110 Spiritum

2027 3148 2300 3194 sanctum.
2343 3138 2402 3194 In
2436 3136 2671 3207 epistola
2730 3152 2968 3207 namque
3002 3134 3070 3191 ad
3110 3133 3467 3190 Nestorium:
3499 3130 3614 3186 Etsi

2026 3241 2130 3300 est,
2195 3232 2396 3303 inquit,
2459 3229 2700 3302 Spiritus
2753 3230 2809 3286 in
2839 3228 3059 3300 propria
3110 3227 3391 3298 bypostasi
3451 3234 3618 3296 prout

2027 3321 2267 3394 Spiritus
2304 3334 2406 3389 est,
2437 3338 2547 3378 non
2581 3321 2774 3387 Filius,
2801 3337 2912 3376 non
2949 3330 3037 3375 est
3068 3328 3250 3374 tamen
3283 3317 3352 3374 ab
3381 3332 3449 3373 eo
3476 3315 3615 3370 alie-

2026 3425 2152 3482 ‘nus,
2177 3413 2400 3484 proﬂuit
2435 3421 2618 3469 autem
2655 3427 2724 3468 ex
2755 3426 2825 3467 eo
2874 3411 3035 3467 sicuti
3075 3426 3140 3465 ex
3180 3410 3290 3465 lieo
3329 3418 3385 3464 et
3427 3408 3610 3464 Patre.

2026 3504 2106 3561 Ne
2137 3506 2260 3576 quis
2283 3515 2464 3560 autem
2497 3503 2604 3560 hoc
2635 3504 2886 3570 verbum,
2930 3502 3231 3568 Proﬂuere,
3261 3501 3329 3555 de
3369 3496 3614 3556 secunda

2027 3610 2081 3653 et
2114 3597 2401 3668 temporali
2440 3597 2796 3666 processione
2837 3603 2993 3666 putet
3026 3594 3118 3649 hic
3157 3593 3328 3648 fuisse
3367 3592 3608 3658 dictum;

2028 3697 2204 3765 primo
2248 3692 2469 3763 quidem
2531 3691 2688 3760 sciat,
2746 3691 2892 3762 quod
2933 3705 3044 3746 non
3069 3698 3156 3744 est
3192 3689 3280 3744 hic
3307 3705 3488 3742 sermo
3540 3688 3610 3742 de

2028 3785 2417 3842 distributione
2467 3784 2743 3840 donorum
2797 3791 2851 3839 et
2894 3783 3288 3839 charismatum
3343 3779 3605 3850 Spiritus,

2026 3879 2122 3935 sed
2144 3879 2211 3935 de
2242 3878 2359 3948 ipsa
2382 3877 2504 3948 ejus
2537 3873 2838 3948 hypostasi.
2874 3874 3081 3931 Deinde
3121 3873 3247 3940 hoc,
3299 3871 3603 3938 Prollucre,

2027 3983 2246 4038 semper
2275 3967 2524 4037 reperies
2557 3966 2702 4037 apud
2742 3966 2889 4020 hunc
2929 3964 3211 4019 doctorem
3254 3979 3374 4034 pro,
3404 3964 3612 4019 Procev

2027 4060 2180 4117 dere.
2211 4059 2430 4116 Etenim
2465 4067 2581 4113 tum
2617 4057 2672 4112 in
2703 4057 3048 4128 expositione
3081 4055 3348 4127 Symboli,
3381 4053 3610 4125 proﬂuit

2027 4151 2269 4224 quidem,
2316 4151 2517 4222 inquit,
2567 4151 2672 4208 hoc
2705 4159 2812 4218 est,
2855 4149 3142 4222 procedit:
3193 4155 3310 4204 tum
3349 4148 3407 4222 in
3455 4155 3612 4204 sexto

2027 4248 2096 4305 ad
2144 4246 2445 4315 Hermiam,
2503 4255 2561 4302 et
2598 4244 2867 4316 Spiritum
2916 4244 3138 4315 quidem
3185 4243 3435 4299 veritatis
3484 4256 3611 4297 eum

2027 4339 2298 4409 nominat,
2347 4338 2621 4411 proﬂuere
2657 4345 2840 4396 autem
2873 4351 2942 4392 ex
2995 4338 3112 4407 ipso
3158 4336 3357 4394 asserit
3411 4333 3616 4404 Patre,

343 4443 559 4502 alienus
585 4461 615 4501 s
657 4443 837 4512 Filio;
866 4442 1050 4499 omnia
1098 4457 1334 4513 namque
1373 4456 1496 4494 cum
1525 4440 1686 4497 Patre
1734 4440 1922 4497 habet.
1955 4438 2002 4496 D
2031 4443 2146 4490 tum
2173 4433 2336 4490 etiam
2368 4433 2650 4504 plerisque
2688 4432 2811 4487 aliis
2842 4432 2898 4488 in
2934 4431 3075 4487 locis
3107 4433 3253 4489 idem
3286 4431 3443 4489 dicit.
3465 4431 3612 4489 Illud

346 4537 416 4595 Et
446 4538 554 4613 hoc
583 4538 817 4610 ipsemet
855 4538 1062 4605 docuit,
1098 4536 1290 4593 dicens
1319 4535 1387 4591 de
1425 4532 1636 4606 Spiritu
1693 4544 1928 4589 sancto:

345 4629 534 4689 Omnia
588 4647 912 4706 qun'ctmqtte
955 4630 1106 4686 habet
1169 4629 1355 4696 Pater,
1417 4643 1537 4683 utea
1581 4636 1756 4683 sunt:
1804 4627 1931 4682 ideo

349 4724 489 4783 dixit
517 4725 711 4782 vobis:
749 4723 834 4779 Ex
870 4739 984 4777 meo
1023 4722 1277 4792 accipiet,
1312 4728 1361 4774 et
1399 4717 1740 4774 annuntiabit
1765 4718 1930 4774 vobis.

350 4815 484 4874 Nam
522 4818 623 4875 etsi
655 4833 684 4872 a
712 4815 896 4882 Patre,
930 4815 1127 4886 inquit,
1159 4811 1459 4884 procedere
1499 4809 1768 4880 Spiritum
1800 4824 1932 4865 san-

351 4921 499 4965 ctum
544 4911 796 4967 Salvator
842 4905 1019 4972 dixit,
1053 4920 1165 4960 non
1202 4904 1386 4959 minus
1421 4913 1603 4958 tamen
1643 4910 1734 4957 est
1763 4902 1930 4957 etiam

351 4995 510 5054 Filii:
559 5007 643 5054 est
682 5003 866 5052 autem
920 4993 1065 5059 Filii,
1127 4992 1590 5062 quemadmodum
1623 4997 1689 5046 'et
1731 4991 1929 5046 Patris.

351 5089 613 5159 Superius
637 5101 876 5158 namque
905 5086 1048 5142 dixit
1083 5103 1096 5138 :
1121 5083 1254 5137 Erat
1293 5097 1530 5152 namque
1556 5089 1612 5137 et
1636 5091 1722 5136 est
1751 5080 1930 5151 Spiri-

355 5193 440 5235 tus
486 5184 621 5254 ejus,
679 5180 827 5238 sicut
886 5188 942 5235 et
989 5177 1215 5234 Patris:
1257 5185 1315 5233 et
1353 5190 1464 5231 non
1516 5175 1686 5245 magis
1728 5174 1926 5243 Patris,

357 5279 534 5334 minus
556 5277 702 5344 Filii,
729 5275 828 5332 sed
861 5273 1118 5329 similiter
1147 5272 1459 5328 amborum.
1481 5270 1596 5326 Hoc
1624 5285 1757 5326 vero
1789 5270 1929 5326 nihil

353 5367 497 5425 aliud
524 5379 625 5438 est,
654 5369 757 5426 nisi
781 5385 798 5422 :
825 5364 1300 5434 Quemadmodum
1335 5370 1420 5420 est
1450 5360 1688 5432 Spiritus
1730 5361 1926 5428 Patris,

357 5465 608 5532 tanquam
647 5478 714 5518 ex
764 5475 834 5517 eo
884 5457 1213 5531 procedens,
1253 5457 1328 5512 ita
1357 5455 1570 5512 scilicet
1596 5452 1761 5510 etiam
1807 5453 1927 5508 Filii

356 5559 456 5618 est,
509 5553 769 5626 tanquam
836 5570 902 5609 ex
931 5567 999 5608 eo
1048 5568 1145 5623 per
1200 5565 1327 5606 eum
1373 5547 1698 5620 procedens.
1730 5547 1799 5602 Et
1825 5545 1931 5602 hoc

359 5643 768 5714 signiticatcum
798 5647 852 5702 in
906 5643 1282 5703 testimonium
1319 5641 1484 5712 huius
1535 5641 1616 5696 rei
1667 5639 1921 5710 accipiat,

363 5737 498 5803 quod
523 5738 692 5796 Filius
725 5739 908 5797 omnia
945 5737 1140 5794 babeat
1178 5750 1299 5808 qua:
1332 5744 1388 5790 et
1425 5734 1609 5802 Pater,
1650 5741 1704 5790 et
1731 5733 1917 5804 addat,

2031 4539 2252 4597 quoque
2283 4524 2431 4595 quod
2470 4524 2606 4579 dicit
2640 4561 2656 4579 .
2689 4522 2862 4580 Sicuti
2914 4537 2980 4579 ex
3037 4523 3149 4580 Deo
3191 4533 3249 4580 et
3280 4525 3458 4593 Patre,
3503 4540 3612 4587 non

2031 4616 2352 4690 superﬂuit;
2390 4617 2527 4672 nihil
2559 4616 2707 4671 enim
2728 4617 2819 4672 ille
2842 4632 3114 4687 supervac
3126 4633 3348 4685 aueum,
3373 4617 3471 4672 sed
3495 4616 3612 4669 om-

2032 4712 2122 4770 nia
2141 4729 2267 4769 cum
2290 4727 2489 4782 magno
2517 4711 2764 4781 pondere
2795 4709 2963 4777 dicit;
2985 4718 3041 4765 et
3072 4710 3148 4765 ita
3176 4709 3314 4776 vult,
3343 4709 3612 4779 Spiritum

2028 4822 2152 4864 esse
2190 4804 2336 4874 Filii,
2361 4813 2538 4875 prout
2555 4811 2642 4858 est
2679 4802 2858 4857 Patris
2889 4819 2903 4856 :
2950 4813 3006 4858 et
3037 4803 3110 4857 ita
3148 4804 3443 4873 proﬂuere,
3478 4819 3611 4873 pro-

2031 4897 2172 4966 dire,
2224 4907 2280 4954 et
2311 4910 2574 4953 emanare
2626 4911 2655 4950 a
2683 4894 2842 4961 Filio,
2872 4903 3037 4965 prout
3064 4909 3095 4949 a
3126 4895 3311 4961 Patre,
3342 4904 3396 4948 et
3454 4895 3609 4948 nullo

2031 4994 2196 5050 modo
2224 4993 2405 5048 aliter.
2441 4992 2570 5046 Ideo
2597 4989 2650 5044 iu
2695 5003 2951 5044 sermone
2980 4988 3047 5042 ad
3086 4987 3460 5045 Theodosium
3505 4989 3608 5043 im-

2031 5095 2344 5156 peratorem
2383 5083 2451 5139 de
2502 5085 2607 5137 hoc
2643 5082 2894 5151 loquens,
2930 5089 2986 5136 et
3029 5081 3221 5137 volens
3256 5084 3490 5153 probare
3533 5085 3610 5139 ita

2031 5194 2153 5235 esse
2189 5176 2315 5232 Filii
2351 5175 2620 5246 Spiritum
2644 5211 2660 5236 ,
2701 5181 2867 5243 prout
2904 5173 3112 5239 Patris;
3160 5184 3218 5229 et
3247 5175 3321 5230 ita
3353 5191 3418 5231 cx
3473 5175 3614 5232 Filio

2033 5271 2192 5327 nobis
2225 5282 2486 5326 emanare
2513 5282 2662 5335 eum,
2705 5275 2868 5338 prout
2895 5284 2962 5322 ex
2990 5269 3188 5323 Patre:
3213 5267 3330 5323 Non
3363 5287 3428 5325 ex
3451 5285 3608 5326 men-

2029 5378 2192 5429 sura,
2251 5359 2469 5430 inquit,
2518 5359 2826 5415 secundum
2876 5359 3177 5430 Joannem,
3211 5361 3307 5418 dat
3341 5356 3634 5433 Spiritum'

2028 5453 2222 5518 Filius,
2276 5451 2373 5506 sed
2407 5449 2525 5520 ipse
2563 5465 2687 5505 eum
2733 5465 2797 5505 ex
2847 5450 3027 5521 seipso
3053 5451 3278 5520 emittit,
3339 5452 3610 5522 quemado

2029 5546 2252 5604 modum
2283 5553 2337 5600 et
2378 5544 2495 5614 ipse
2543 5544 2726 5618 Pater.
2766 5542 2945 5612 Quare
2974 5548 3165 5601 beatus
3209 5547 3413 5602 Paulus
3457 5548 3606 5602 omni

2030 5639 2083 5694 in
2126 5638 2231 5692 hoc
2263 5635 2579 5690 diﬂ'erentia
2635 5635 2936 5707 praposita,
2976 5653 3125 5711 nunc
3155 5638 3378 5708 quidem
3419 5637 3527 5692 Deo
3551 5649 3610 5693 ct

2029 5731 2177 5789 Patri
2240 5729 2394 5786 illum
2446 5726 2722 5798 attribuit,
2778 5744 2927 5788 nunc
2987 5744 3176 5788 rursus
3198 5729 3356 5788 Filio.
3396 5730 3610 5787 Profert
