4064 6148
317 363 420 427 σει

1266 357 1554 418 ORATIO
1593 354 2040 416 DOGMA'l‘lCA
2086 354 2239 414 PRO
2285 349 2607 413 UNIONE.

3489 353 3596 417 602

318 482 392 535 ὃν
424 479 536 550 ἐγὼ
565 477 783 548 πέμψω
822 478 966 548 ὑμῖν
988 476 1150 546 παρὰ
1175 475 1283 529 τοῦ
1309 475 1558 543 Πατρεες,
1593 475 1661 528 τὸ
1719 474 1910 528 [Ινεῦ-
1941 480 1986 537 Α
2021 472 2337 543 Πνεύματος
2367 472 2599 540 νοοῦμεν
2643 470 2960 535 ὑπόστασιν,
3004 469 3099 524 καὶ
3129 469 3191 524 τ’)
3239 471 3598 542 πεμπόμενον

315 591 400 644 μα
426 574 536 642 τῆς
560 574 870 640 ἀληθείας,
909 573 940 627 ὃ
971 571 1129 641 παρὰ
1163 569 1270 624 τοῦ
1303 571 1535 637 Πατρός
1584 569 1906 637 ἐκπορεύε-

321 680 436 721 ται.
467 664 641 719 Τοῦτο
669 666 725 718 δὲ
763 667 858 717 καὶ
903 662 1316 734 γραμματικῶν
1375 663 1564 724 παῖδες
1614 660 1787 722 οὕτως
1841 659 1906 713 ἂν

322 760 531 811 αἶποιεν
556 773 572 789 ’
605 755 779 814 ’Όταν
809 757 936 828 ἔλθῃ
975 759 1003 810 ὁ
1064 755 1444 825 Παράκλητος,
1503 754 1562 816 ὃς
1607 754 1760 824 παρὰ
1811 751 1906 806 τοῦ

322 851 534 921 Harpe:
559 851 949 924 ἐκπορεύεται.
981 851 1042 903 ὃν
1066 850 1177 918 ἐγὼ
1199 848 1402 918 πέμψω
1431 848 1560 917 ὑμῖν
1597 863 1609 877 ο
1635 847 1712 911 ὡς
1766 842 1907 899 εἶναι

318 941 477 1013 δῆλον
503 943 675 996 tauro
704 941 864 996 τοῦτο
891 941 1128 1012 πέμψειν
1149 941 1339 1004 αὐτὸν,
1371 939 1400 993 δ
1465 940 1616 1009 παρὰ
1656 937 1754 992 τοῦ
1797 937 1907 990 Πα-

317 1034 442 1103 τρὸς
467 1033 852 1105 ἐκπορεύεται.
889 1032 953 1088 Εἰ
1000 1029 1096 1086 οὖν
1128 1033 1162 1104 ἡ
1198 1032 1500 1094 ὑπόστασις
1523 1031 1619 1084 τοῦ
1650 1031 1905 1098 Πνεὺμα·

317 1143 408 1188 τος
443 1128 597 1197 παρὰ
649 1126 746 1179 τοῦ
797 1126 1014 1197 Πατρὶς
1056 1125 1441 1199 ξκπορεύιται,
1485 1127 1689 1194 ταύτην
1739 1127 1832 1177 καὶ
1875 1126 1905 1176 ὁ

319 1217 445 1282 Υἱὸς
477 1220 687 1287 πέμπει
715 1236 730 1250 ·
757 1219 806 1271 εξ
835 1218 892 1272 δὲ
929 1219 1092 1286 χάριν
1148 1222 1174 1270 e
1213 1218 1337 1280 Υἱὸς
1377 1217 1586 1287 πέμπει
1637 1217 1737 1288 τὴν
1778 1217 1906 1270 ἁνυ-

319 1311 612 1373 πόστατον,
635 1313 736 1377 καὶ
770 1312 923 1382 παρὰ
956 1311 1050 1364 τοῦ
1084 1311 1296 1380 [ἰατρὸς
1323 1312 1384 1364 οὐ
1409 1311 1470 1362 τὸ
1497 1309 1747 1380 Πνεῦμα,
1781 1309 1898 1363 ἀλλ’

316 1401 539 1472 ήχάρις
584 1401 651 1456 ἂν
683 1402 1061 1470 ὲκπορεὺοιτο.
1102 1403 1266 1455 Ἀλλὰ
1319 1401 1481 1456 τοῦτο
1523 1418 1585 1470 γε
1641 1404 1775 1472 πρὸς
1826 1401 1904 1471 τῷ

314 1494 623 1566 ἀδιανοήτῳ
651 1497 744 1549 καὶ
777 1495 1130 1567 βλάσφημον.
1178 1496 1333 1549 Ἐπεὶ
1354 1497 1463 1563 γὰρ
1504 1494 1627 1549 καθ’
1657 1496 1775 1559 ἑνὸς
1807 1495 1902 1548 καὶ

313 1585 409 1640 τοῦ
439 1586 607 1640 αὐτοῦ
637 1587 1007 1656 ὑποκειμένου
1037 1585 1133 1640 τοῦ
1163 1586 1475 1657 Πνεῦματος
1510 1586 1605 1640 δύο
1624 1587 1749 1640 τινὰ
1799 1603 1902 1640 κα-

314 1680 705 1751 τηγοροῦνται,
735 1680 799 1734 τὸ
832 1679 1236 1747 δκπορεύεσθαε
1298 1697 1360 1735 ἰε
1411 1680 1506 1734 καὶ
1562 1680 1900 1752 πέμπεσθαι,

314 1772 465 1826 ὠσὰν
486 1770 576 1840 ἐφ’
609 1770 737 1835 ἐνὸς
771 1771 882 1824 τῶν
911 1771 1406 1843 κατηγορουμένων
1445 1771 1506 1825 τὸ
1540 1771 1900 1839 ὑποκείμενον

2009 567 2108 636 τὴν
2129 566 2301 631 αὐτὴν
2331 566 2474 619 νοεῖν
2530 565 2868 634 ὀφείλομενο
2910 563 2973 617 τὸ
3023 565 3132 633 γὰρ
3187 564 3363 628 ἄλλως
3413 565 3600 633 λέγειν

2009 659 2137 711 ἄνευ
2161 659 2258 727 τῆς
2286 658 2394 710 ἀπὸ
2416 657 2528 711 τῶν
2557 657 2734 725 λόγων
2766 657 3037 727 ἀνάγκης,
3074 657 3169 711 καὶ
3199 657 3260 711 τὸ
3295 657 3395 728 μὶν
3427 659 3598 711 ὲκτιοο

2013 751 2269 820 ρεύεσοαι
2302 753 2403 820 τὴν
2437 750 2741 804 ὑπόστασιν
2771 749 3071 820 ἀπονέμειν
3095 748 3191 804 τοῦ
3253 750 3596 818 Πνεύματος,

2009 844 2105 914 τὴν
2133 844 2190 896 δὲ
2217 845 2378 914 χάριν
2404 842 2482 913 τῷ
2507 843 2851 913 πέμπεσθαι,
2884 842 3095 911 ἀλόγως
3127 842 3597 911 ἀποκληρούντων

2007 940 2178 998 ἐστίν.
2224 940 2386 994 Ἀλλὰ
2408 939 2565 992 τοῦτό
2585 957 2647 1007 γε
2681 940 2780 992 οὐκ
2807 938 2872 992 ἄν
2902 955 2987 1002 τις
3024 937 3412 1008 παραδέξαιτο.
3446 936 3598 1002 nip.-

2006 1047 2170 1084 πιται
2202 1030 2309 1096 ἄρα
2343 1029 2496 1100 παρὰ
2523 1029 2617 1081 τοῦ
2651 1026 2810 1091 Υξοῦ,
2836 1028 2955 1095 ἥτις
2987 1025 3085 1078 καὶ
3137 1025 3290 1095 παρὰ
3353 1021 3450 1075 τοῦ
3484 1021 3598 1075 ﬂa-

2006 1119 2136 1190 ’πρὸς
2201 1119 2296 1172 τοῦ
2370 1120 2692 1187 ιινειῖματος
2747 1119 3039 1178 ὑπόστασις
3095 1112 3475 1181 ἐκπορεύεται,
3519 1111 3598 1175 ὡς
3643 1117 3646 1120 ’

2007 1214 2117 1267 ἀπό
2141 1229 2198 1265 τι
2223 1213 2330 1266 τῶν
2351 1211 2550 1280 λογίων
2575 1210 2814 1280 ἐδείχθη,
2844 1211 2956 1263 ἀπό
2983 1226 3041 1262 τε
3091 1207 3202 1261 τῶν
3228 1205 3592 1260 διδασκάλων.

2009 1307 2172 1360 Ὥστε
2193 1309 2287 1358 καὶ
2308 1306 2371 1357 τὸ
2395 1307 2457 1358 ἐκ
2477 1305 2573 1359 τοῦ
2607 1303 2739 1358 Υἰοῦ
2767 1303 3060 1372 λεγόμενον
3096 1302 3197 1372 τὴν
3224 1298 3319 1353 τοῦ
3347 1296 3596 1366 Πνεύμα-

2007 1416 2101 1464 τος
2161 1399 2461 1454 ὑπόστασιν
2517 1400 2658 1452 νοεῖν
2708 1398 2930 1467 δίδωσι·
2996 1395 3099 1449 κᾶν
3149 1393 3443 1464 πηγὰζειν,
3490 1391 3597 1446 κᾶν

2006 1492 2348 1563 πέμπεσθαι,
2376 1491 2531 1562 παρὰ
2579 1489 2676 1544 τοῦ
2713 1488 2842 1543 Υὶοῦ
2886 1488 2947 1540 τὸ
3005 1487 3226 1549 Πνεῦμα
3274 1486 3593 1554 ἀκούωμεν,

2003 1585 2101 1654 τὴν
2126 1584 2277 1637 Θείαν
2304 1581 2516 1636 ἐκείνου
2577 1584 2718 1635 νοεῖν
2761 1581 3062 1648 ἀναγκαῖον
3113 1579 3436 1630 ὑπόστασιν.
3469 1573 3594 1639 Πῶς

2003 1677 2049 1731 δ’
2072 1677 2138 1730 ἂν
2166 1675 2344 1739 ἄλλως
2369 1675 2400 1745 ἡ
2425 1673 2520 1728 τοῦ
2544 1672 2866 1742 Πνεύματος
2896 1671 3017 1724 θεία
3048 1669 3348 1732 ὑπόστασις
3405 1668 3469 1720 ὲκ
3495 1663 3593 1719 τοῦ

2007 1769 2162 1831 Tim"),
2203 1769 2236 1840 ἢ
2276 1769 2430 1838 παρὰ
2462 1767 2561 1821 τοῦ
2593 1765 2724 1818 Υἱοῦ
2758 1764 2869 1836 εἴη,
2925 1764 2958 1834 ἢ
2991 1761 3373 1826 ἁναϐλύσειεν,
3409 1760 3443 1831 ἢ
3489 1774 3596 1830 πη.

312 1863 472 1916 τοῦτο
501 1863 885 1934 λαμϐάνεσθαι
911 1865 1012 1928 δεῖ,
1042 1864 1216 1928 οὓτως
1241 1865 1453 1934 ἀνάγκη
1512 1865 1611 1918 καὶ
1652 1864 1742 1917 ἐπὶ
1803 1861 1898 1916 τοῦ
1931 1854 1973 1909 Β
2004 1863 2218 1930 reisue,
2254 1861 2332 1932 μὴ
2359 1859 2578 1931 ἔχοντος
2608 1857 2816 1912 ἐκεῖνον
2859 1856 3046 1912 αἰτίαν
3081 1869 3099 1924 ;
3134 1853 3366 1925 συνορᾷν
3417 1849 3594 1921 ἔγωγ’

314 1958 506 2030 ἑτέρου
527 1957 825 2030 ληφθῆναι.
863 1960 925 2014 Εἰ
946 1958 1042 2014 οὖν
1079 1958 1140 2013 τὸ
1167 1957 1609 2030 ἐκπορευόμενον
1654 1958 1754 2026 τὴν
1811 1956 1933 2031 τοῦη

311 2117 481 2185 cedit,
522 2133 682 2188 quem
713 2132 815 2189 ego
838 2119 1051 2174 mittam
1105 2117 1306 2175 vobis:
1342 2125 1404 2173 ut
1433 2115 1788 2175 manifestum
1826 2118 1896 2174 sit

316 2211 521 2282 ipsum,
560 2209 614 2266 id
663 2221 767 2277 est,
813 2209 1013 2266 Filium
1063 2211 1382 2277 missurum,
1409 2210 1555 2282 quod
1585 2221 1638 2265 et
1675 2227 1706 2266 a
1736 2211 1895 2265 Patre

314 2301 602 2375 procedit;
640 2303 698 2359 Si
755 2303 924 2374 igitur
969 2318 1202 2373 persona
1238 2301 1477 2373 Spiritus
1504 2319 1534 2357 a
1566 2303 1726 2358 Patre
1761 2318 1896 2371 pro-

314 2395 482 2462 cedit,
527 2395 718 2451 eadem
771 2395 935 2450 etiam
968 2410 998 2448 a
1044 2392 1183 2448 Filio
1215 2393 1472 2449 mittitur.
1497 2392 1653 2460 Quod
1694 2393 1740 2448 si
1773 2407 1896 2461 gra-

315 2488 446 2541 tiam
477 2487 650 2541 Ftlius
677 2502 786 2540 non
815 2486 1206 2540 subsistentem
1245 2485 1433 2550 mittit,
1466 2499 1496 2538 a
1528 2484 1689 2538 Patre
1726 2484 1894 2538 etiam

312 2595 422 2634 non
480 2593 737 2649 persona,
788 2579 882 2634 scd
939 2579 1117 2649 gratia
1167 2577 1437 2648 procedit.
1500 2574 1606 2632 Sed
1634 2577 1734 2630 hoc
1763 2591 1892 2631 cum

313 2673 568 2740 stultum,
620 2680 734 2726 tum
783 2673 1011 2743 impium
1051 2681 1138 2726 est
1193 2670 1397 2726 dicere.
1454 2669 1593 2725 Cum
1644 2670 1793 2724 enim
1824 2669 1894 2726 de

315 2778 425 2822 uno
492 2776 552 2823 et
596 2768 787 2822 eodem
836 2765 1109 2835 subjecto,
1169 2763 1436 2818 videlicet
1485 2761 1722 2833 Spiritu,
1783 2762 1895 2816 duo

314 2863 566 2932 quaedam
617 2858 1011 2930 pradicantur,
1071 2856 1377 2924 procedere
1405 2855 1694 2924 selliicetet
1723 2856 1888 2924 mitti,

312 2943 512 3008 eodem
571 2949 735 3006 modo
792 2947 1176 3018 accipiendum
1211 2946 1525 3015 subjectum
1557 2947 1625 3001 de
1659 2957 1892 3016 utroque

315 3045 634 3118 praedicata.
686 3043 743 3098 Si
787 3043 956 3114 igitur
1015 3039 1335 3113 hypostasin
1410 3037 1650 3108 Spiritus
1698 3055 1893 3110 proce-

315 3139 445 3194 dere
509 3135 889 3206 intelligimus,
934 3134 1184 3189 eamdem
1207 3130 1377 3186 etiam
1409 3130 1554 3184 mitti
1585 3131 1892 3202 intelligere

315 3228 588 3286 debemus
643 3245 658 3282 :
709 3226 872 3281 aliter
931 3223 1080 3280 enim
1148 3224 1334 3278 dicere
1381 3221 1590 3292 absque
1650 3225 1888 3290 ratione,

316 3323 524 3379 nullam
578 3318 961 3391 probationem
1031 3317 1401 3382 adducenda,
1477 3325 1533 3371 et
1590 3317 1892 3385 procedere

2014 1955 2114 2009 οὐκ
2132 1954 2263 2025 ξχω.

1999 2113 2086 2168 vel
2143 2128 2211 2167 ex
2279 2122 2538 2182 utroque,
2600 2109 3071 2181 quemadmodum
3121 2109 3203 2163 ait
3247 2107 3507 2163 Christus
3569 2124 3588 2164 :

2000 2204 2103 2272 Qui
2123 2221 2187 2259 ea:
2217 2204 2377 2259 Putre
2407 2204 2722 2274 procedit,et
2775 2203 2857 2256 hic
2887 2217 2952 2256 ea:
2976 2217 3092 2256 meo
3119 2202 3363 2270 accipiet.
3399 2200 3467 2256 Et
3491 2215 3590 2271 pa-

1998 2305 2075 2350 tet
2100 2295 2251 2367 quod
2278 2295 2369 2351 hic
2393 2295 2574 2349 dictor
2608 2308 2717 2349 non
2743 2293 2812 2348 de
2843 2293 3240 2348 distributione
3274 2293 3588 2349 charisma-

2002 2399 2143 2457 tnm,
2174 2390 2244 2446 de
2278 2389 2490 2450 divinis
2528 2399 2720 2444 autem
2749 2388 3008 2454 personis
3029 2377 3087 2441 et
3108 2387 3478 2442 subsistentia
3509 2400 3584 2442 eo

1996 2498 2119 2538 rum
2169 2483 2438 2554 loquitur.
2490 2481 2552 2536 ln
2607 2481 2987 2537 testimonium
3037 2495 3167 2537 vero
3209 2490 3266 2536 et
3311 2479 3593 2550 probatio-

1996 2593 2148 2642 nem,
2211 2575 2359 2646 quod
2419 2574 2668 2645 Spiritus
2709 2589 2778 2629 ex
2830 2573 2974 2631 Filio
3029 2589 3256 2646 quoque
3313 2574 3589 2646 procedit,

1997 2668 2146 2724 illam
2191 2664 2577 2726 auctoritatem
2634 2662 2865 2720 adducit
2924 2680 2940 2717 :
3004 2663 3088 2718 Ea:
3140 2678 3254 2718 meo
3322 2664 3592 2733 accipiet-

1995 2761 2224 2822 docens,
2269 2767 2327 2813 ut
2377 2742 2502 2814 cum
2541 2755 2832 2813 audiamus
2861 2757 2916 2811 in
2948 2757 3258 2827 Evangeliis
3294 2758 3588 2815 Dominum

1996 2855 2274 2910 dicentem
2339 2853 2407 2909 de
2459 2851 2693 2923 Spiritu,
2756 2851 2904 2923 quod
2963 2867 3029 2906 ex
3087 2867 3156 2908 eo
3204 2851 3474 2924 accipiet,
3512 2854 3589 2909 ita

1995 2946 2395 3015 intelligamus,
2453 2958 2518 2999 ac
2588 2927 2633 2998 si
2695 2936 2947 3012 diceret,
3011 2959 3076 3000 ex
3157 2960 3226 3001 eo
3280 2944 3590 3016 procedere

1993 3039 2262 3110 Spiritum
2315 3048 2590 3094 sanctum.
2640 3036 2787 3093 Idem
2844 3038 2902 3092 in
2973 3038 3231 3093 eisdem:
3265 3039 3375 3096 Sed
3440 3039 3590 3096 dicet

1993 3134 2291 3206 quispiam.
2365 3131 2510 3202 Ergo
2563 3131 2699 3184 duos
2777 3130 2952 3186 Filios
3015 3145 3140 3187 esse
3191 3131 3468 3190 dicimus?
3519 3133 3589 3190 Et

1993 3223 2274 3294 quomodo
2313 3228 2399 3278 est
2452 3220 2814 3292 unigenitus?
2861 3221 2933 3278 At
2977 3222 3231 3294 quisnam
3282 3240 3343 3281 es
3370 3233 3446 3294 tu,
3490 3230 3589 3296 qui

1995 3304 2333 3376 contradicis
2381 3318 2534 3375 Deo?
2591 3318 2648 3375 Si
2676 3319 2824 3375 enim
2854 3320 3053 3378 Filium
3086 3322 3356 3390 nominat,
3395 3325 3491 3395 qui
3514 3340 3584 3381 ex

314 3414 566 3484 quidem,
600 3411 876 3484 hypostasi
909 3409 1148 3480 Spiritus
1181 3409 1510 3474 attribuere,
1571 3408 1715 3464 mitti
1740 3423 1891 3476 vero,
1927 3429 1974 3492 α
2004 3415 2186 3482 Patre,
2230 3413 2500 3492 Spiritum
2561 3426 2692 3468 vero
2744 3423 3022 3480 sanctum,
3081 3416 3175 3485 qui
3231 3430 3299 3471 ex
3330 3426 3584 3490 utroque,

317 3510 505 3580 gratia:
563 3521 674 3561 non
732 3502 1078 3568 subsistenti,
1115 3502 1219 3559 hoc
1247 3501 1565 3567 ridiculum,
1601 3500 1896 3556 irrationa-

319 3599 444 3664 bile,
495 3607 552 3653 et
580 3594 951 3652 voluntarium
977 3603 1086 3659 est,
1125 3603 1182 3648 et
1207 3593 1352 3654 mod
1388 3594 1574 3648 nullus
1599 3592 1894 3648 concedet.

316 3691 552 3746 Mittitur
596 3689 766 3758 igitur
821 3703 888 3742 ex
937 3685 1077 3743 Filio
1132 3686 1248 3756 ipsa
1284 3685 1523 3756 Spiritus
1555 3684 1892 3756 hypostasis,

316 3796 438 3851 quae
495 3790 554 3836 et
598 3795 628 3832 a
682 3780 844 3835 Patre
872 3778 1136 3849 procedit,
1171 3777 1638 3848 quemadmodum
1661 3777 1731 3832 ab
1758 3776 1898 3848 ipsis

319 3873 600 3945 Evangelii
657 3872 867 3939 verbis,
912 3881 969 3926 et
1021 3886 1051 3925 a
1107 3870 1433 3928 doctoribus
1461 3871 1753 3941 probatum
1783 3878 1893 3924 est.

319 3967 502 4034 Quare
558 3967 604 4021 si
660 3966 825 4026 mitti,
882 3966 929 4019 si
982 3978 1266 4031 emanare,
1331 3964 1379 4019 si
1410 3963 1662 4033 prodire,
1696 3962 1898 4033 sipro-

321 4059 511 4124 linere,
537 4057 583 4111 si
610 4056 900 4121 scaturire,
927 4054 973 4110 si
1002 4055 1137 4109 oriri
1170 4035 1440 4124 Spiritum
1472 4070 1502 4109 a
1538 4054 1678 4110 Filio
1703 4054 1892 4108 audia-

322 4170 459 4220 nius,
494 4151 738 4207 divinam
793 4151 914 4220 ejus
950 4146 1271 4221 hypostasin
1327 4149 1637 4221 intelligere
1667 4163 1894 4205 necesse

320 4252 405 4299 est
440 4263 453 4298 :
486 4243 727 4297 divinam
778 4253 963 4296 autem
1011 4240 1248 4311 Spiritus
1283 4241 1604 4312 hypostasin
1662 4257 1727 4296 ex
1757 4241 1897 4296 Filio

322 4330 618 4401 proﬂuere,
670 4332 754 4386 vel
811 4344 1091 4397 etnanare,
1147 4340 1204 4386 et
1241 4331 1473 4401 reliqua,
1513 4348 1754 4402 quonam
1786 4333 1897 4385 alio

323 4426 484 4481 modo
528 4425 790 4495 possibile
839 4435 944 4498 est,
1000 4424 1104 4478 nisi
1150 4423 1325 4478 Filius
1352 4439 1520 4482 causa
1543 4425 1658 4481 sive
1691 4428 1900 4496 princi-

322 4518 470 4586 pium
511 4517 685 4587 lpsius
718 4516 1089 4573 subsistentia!
1141 4514 1383 4585 Spiritus
1409 4517 1522 4573 sit?
1545 4518 1649 4572 Sed
1678 4533 1742 4574 ea
1777 4535 1899 4589 qua

322 4607 558 4678 Cyrillus
617 4607 688 4664 de
735 4609 1094 4678 processione
1151 4608 1328 4678 ipsius
1379 4623 1632 4678 persona:
1656 4609 1899 4679 Spiritus

322 4699 494 4755 sancti
540 4715 609 4754 ex
667 4700 828 4755 Patre
883 4709 941 4754 et
985 4699 1125 4755 Filio
1155 4701 1309 4767 dicit,
1341 4701 1461 4755 haec
1487 4710 1546 4756 et
1577 4701 1664 4758 bis
1693 4705 1896 4761 similia

2000 3516 2112 3562 etc.
2145 3505 2214 3562 Et
2244 3506 2445 3561 iterum
2478 3523 2491 3558 :
2524 3504 2766 3578 Spiritus
2798 3516 3048 3573 sanctus,
3091 3508 3345 3580 Spiritus
3385 3512 3592 3570 verita-
3665 3573 3668 3577 ,

2004 3600 2073 3655 tis
2109 3608 2215 3666 est,
2254 3599 2479 3654 tertium
2499 3600 2687 3655 lumen
2719 3616 2749 3656 a
2781 3600 2947 3658 Patre
2972 3611 3030 3670 et
3055 3602 3216 3659 Filio.
3251 3605 3316 3660 Et
3345 3622 3540 3662 rursus
3568 3624 3584 3660 :

2003 3693 2483 3760 Quemadmodum
2539 3694 2690 3748 enim
2780 3691 2953 3749 Nemo
3014 3698 3157 3750 novit
3215 3699 3434 3754 Patrem
3488 3703 3589 3758 nisi

2005 3783 2198 3853 Filius,
2230 3801 2326 3840 nec
2357 3783 2557 3840 Filium
2593 3787 2696 3840 nisi
2733 3784 2894 3841 Pater
2931 3787 2948 3817 ⁸
2976 3805 2990 3852 ;
3052 3787 3126 3843 ita
3162 3788 3348 3845 dicere
3386 3791 3586 3856 audeo,

2004 3896 2105 3935 nec
2134 3879 2398 3951 Spiritum
2445 3881 2551 3936 nisi
2597 3882 2758 3936 Pater
2813 3892 2873 3938 et
2900 3882 3092 3950 Filius,
3124 3901 3153 3939 a
3176 3901 3287 3956 quo
3310 3889 3584 3956 procedit,

2003 3982 2056 4028 et
2085 3988 2113 4027 a
2139 3988 2247 4042 quo
2267 3973 2489 4044 accipit,
2512 3974 2628 4042 (sed
2664 3974 2912 4040 adverte,
2937 3975 3085 4044 quod
3110 3976 3166 4031 in
3201 3978 3588 4048 superioribus
3649 3995 3652 3998 ‘

2003 4062 2254 4132 accipere
2312 4078 2414 4133 pro
2471 4063 2770 4133 procedere
2811 4067 3018 4135 posuit)
3074 4082 3256 4138 neque
3295 4068 3494 4132 Filium
3529 4084 3588 4127 et

2006 4154 2243 4223 Patrem,
2300 4156 2403 4210 nisi
2457 4155 2700 4227 Spiritus
2734 4169 2982 4225 sanctus,
3012 4160 3108 4229 qui
3139 4175 3264 4217 vere
3296 4161 3583 4232 gloriﬁcat,

2003 4248 2098 4318 qui
2144 4248 2328 4305 omnia
2379 4248 2566 4318 docet,
2605 4249 2700 4320 qui
2740 4265 2807 4306 ex
2843 4251 3004 4306 Patre
3037 4262 3092 4306 et
3133 4252 3290 4311 Filio.
3323 4254 3468 4323 Quid
3501 4257 3589 4312 his

2004 4340 2270 4411 apertius,
2329 4341 2460 4412 quid
2519 4343 2726 4398 clarius
2773 4342 2883 4400 dici
2945 4346 3377 4414 potestiNonne
3404 4351 3584 4420 palam

2005 4431 2099 4488 isti
2155 4431 2411 4490 doctores
2465 4432 2666 4491 Filium
2719 4452 2940 4507 quoque
2974 4454 3197 4496 causam
3230 4440 3350 4498 sive
3373 4443 3586 4513 princi-

2005 4527 2158 4597 pium
2198 4526 2437 4596 Spiritus
2465 4529 2718 4600 ponunt?
2774 4530 2970 4587 Nonne
3005 4533 3209 4588 dot-ent
3240 4550 3307 4589 ex
3341 4551 3411 4590 eo
3448 4551 3587 4607 quo-

2005 4634 2115 4691 que
2141 4618 2318 4691 ipsum
2381 4622 2714 4690 procedere?
2758 4622 2898 4691 Quid
2937 4625 3150 4695 igitur?
3183 4626 3587 4686 Claudemusne

2007 4727 2172 4767 aures
2236 4725 2456 4773 nostras
2511 4715 2598 4774 his
2650 4716 3101 4784 auctoritatibus,
3157 4729 3215 4773 et
3255 4720 3588 4777 testimoniis

323 4801 466 4847 sunt.
495 4793 764 4848 Cancrum
797 4792 1084 4846 audiamus
1145 4803 1396 4846 sanctum
1428 4793 1806 4863 Epiphanium
1839 4795 1896 4851 in
1932 4801 1974 4856 D
2001 4813 2319 4861 sanctorum
2372 4815 2481 4862 tam
2549 4808 2760 4874 multis,
2793 4817 2902 4863 tam
2936 4810 3166 4880 apertis.
3203 4819 3316 4866 tam
3355 4810 3583 4882 divinis,

323 4898 427 4938 suo
461 4884 724 4938 Ancorato
757 4897 1014 4938 sermone
1052 4883 1125 4936 ita
1150 4883 1422 4938 dicentem
1455 4899 1471 4937 :
1506 4882 1749 4954 Spiritus
1771 4902 1902 4944 san-

325 4987 446 5030 ctus
493 4993 559 5031 ex
616 4977 775 5031 Patre
821 4985 877 5030 et
935 4975 1097 5043 Filio,
1147 4977 1343 5032 tertius
1403 4979 1806 5033 nominatione.
1836 4978 1901 5035 Et

328 5084 520 5125 rursus
550 5089 566 5126 :
601 5067 846 5141 Uterque
897 5069 1110 5125 habitat
1159 5071 1213 5125 in
1266 5069 1420 5138 justo
1456 5070 1704 5135 homine,
1729 5071 1898 5129 Citri-

328 5171 446 5215 stus
495 5172 552 5217 et
623 5162 868 5232 Spiritus
893 5163 1035 5233 ejus.
1068 5162 1225 5228 Quod
1261 5163 1306 5217 si
1345 5162 1602 5220 Christus
1633 5179 1701 5220 ex
1737 5165 1899 5223 Patre

326 5253 568 5309 creditur
622 5253 768 5309 Deus
816 5269 882 5310 es
935 5255 1069 5322 Deo,
1119 5255 1358 5324 Spiritus
1399 5271 1620 5327 quoque
1665 5272 1734 5313 ex
1755 5257 1898 5330 ipso,

403 5412 421 5444 ‘
453 5409 644 5486 Hatth.
670 5431 746 5484 xi,
779 5415 875 5471 27.

2007 4906 2117 4951 tam
2179 4900 2443 4954 consonis
2499 4899 2733 4954 invicem
2789 4908 2848 4955 et
2911 4902 3153 4967 veritati,
3206 4913 3265 4958 et
3295 4902 3585 4960 obstinato

2001 4992 2172 5046 corde
2225 5001 2418 5048 contra
2487 4993 2604 5049 haec
2649 4993 3091 5059 contendemus?
3122 4997 3195 5048 At
3229 4994 3334 5050 hoc
3363 5010 3474 5050 non
3497 5011 3584 5055 sa-

2002 5081 2274 5152 pientum,
2331 5099 2441 5140 non
2505 5086 2778 5140 bonorum
2845 5087 3131 5142 hominum
3159 5087 3442 5158 proprium
3471 5098 3578 5154 est.

2001 5183 2274 5229 eteorum
2321 5177 2416 5246 qui
2447 5176 2858 5246 dispensatores
2907 5177 3066 5235 verbi
3103 5193 3161 5237 et
3192 5180 3580 5251 mysteriorum

2004 5262 2209 5322 Christi
2229 5274 2286 5323 ct
2314 5281 2437 5323 esse
2464 5279 2520 5324 et
2541 5267 2719 5324 videri
2748 5269 2941 5328 velint.
