4064 6148
266 304 386 368 Ἑθῦ

1240 306 1527 368 οῐιΑτιυ
1570 296 2010 371 DOGMATlCA
2048 310 2197 372 PRO
2236 301 2558 373 UNIONE.

3423 314 3534 381 606

274 422 410 475 nos
451 420 857 493 ἐκπορεύεσθαι
887 423 946 476 τὸ
974 420 1197 494 Πνεῦμα
1230 424 1289 477 τὸ
1324 425 1484 493 ἅγιον
1517 428 1852 494 φάσὶιοντας,
1882 439 1927 492 Α
1961 426 2142 496 μένὼν
2163 427 2258 480 καὶ
2286 424 2595 495 ἑπομένων,
2632 425 2707 488 ὡς
2746 423 2915 495 μηδὲν
2976 416 3115 478 εἶναι
3175 426 3297 482 κατ’
3348 428 3536 485 αὐτῶν

273 517 471 571 οὐκᾶν
503 516 756 585 εἴποιμεν
807 514 1102 585 Ῥωμαίοις
1158 518 1490 587 συμϐαίνειν
1540 513 1710 573 «rauca
1772 518 1855 572 λέ-

276 625 435 677 γουσι
458 608 654 676 τοῦτος
698 608 838 662 Ἀλλ’
869 609 970 663 οὐκ
1002 606 1098 663 οἶδ’
1128 611 1180 663 εῐ
1235 626 1320 674 τις
1379 613 1527 681 ἡμᾶς
1572 613 1855 665 ὲπαινὲσὲέ

274 718 387 753 ται.
420 704 514 754 Δεῖ
537 692 593 754 δὲ
622 702 714 753 καὶ
742 699 901 754 τοῦτο
935 701 1135 755 είδέναι
1194 703 1360 774 ὑμᾶς,
1414 703 1490 765 ὡς
1531 702 1564 772 ἤ
1598 702 1853 773 οὐδαμῶς

270 790 353 841 δεῖ
384 784 800 861 συγγράμματα
855 790 1223 863 εὑρισκόμενα
1280 792 1686 864 παραδέχεσθαι
1745 793 1855 847 τῶν

272 881 451 948 ἁγίων
486 877 598 935 των
623 883 901 945 Δυτικῶν.
946 882 976 953 ἢ
1026 884 1074 936 εί
1129 883 1308 936 ταῦτα
1369 883 1850 955 παραδεξαίμεοα,

270 975 343 1037 τα
414 976 723 1044 φαινόμενα
752 976 835 1027 δεῖ
863 976 957 1028 καὶ
1006 975 1075 1029 τὰ
1100 976 1229 1045 περὶ
1273 975 1366 1028 τοῦ
1402 973 1606 1045 ἄρθρου
1661 972 1853 1028 τούτου

267 1066 545 1133 λεγόμενα
574 1067 630 1131 ἐξ
674 1067 920 1136 ἀνάγκης
953 1068 1501 1137 συμπαραδέχεσθαι.
1559 1068 1715 1120 υῡτω
1743 1067 1851 1137 γὰρ

267 1157 328 1208 ὲν
360 1156 642 1220 πλείστοις
672 1159 860 1221 τόποις
890 1159 1003 1212 τῶν
1036 1158 1214 1226 λόγων
1240 1158 1441 1218 αὐτῶν.
1475 1157 1571 1211 καὶ
1599 1156 1772 1219 οὕτως
1797 1156 1857 1211 ἐν

271 1250 408 1303 πᾶσι
438 1251 617 1303 ταῦτα
674 1252 1027 1325 διέσπαρται·
1082 1253 1178 1307 καὶ
1224 1253 1460 1322 τοσαύτη
1505 1253 1597 1304 καὶ
1626 1251 1853 1322 τοιαύτη

269 1343 420 1395 ἐστὶν
442 1345 477 1413 ἡ
525 1343 778 1413 σύνςχειὰ
801 1361 860 1398 τε
901 1345 1000 1399 καὶ
1026 1345 1390 1418 ἀκολούθησις
1420 1345 1531 1399 τῶν
1573 1360 1852 1415 προηγου-

1932 515 2328 596 νὺποπτεῦσαι.
2366 518 2525 572 Ἐπεὶ
2553 518 2748 571 τούτου
2784 534 2848 586 γε
2904 517 2999 573 τοῦ
3026 532 3027 535 ‘
3058 518 3375 590 ζητήματος
3435 524 3534 576 καὶ

1958 610 2067 663 τῶν
2098 610 2275 677 λόγων
2297 604 2410 665 τῶν
2438 610 2571 683 περὶ
2607 610 2802 664 τούτου
2836 612 2901 664 ἐκ
2946 610 3056 666 τῶν
3089 612 3315 667 ἐκείνων
3349 612 3534 681 λόγων

1959 700 2389 771 ἔξαιρουμένιον,
2417 700 2572 755 οὐδὶν
2623 699 2712 755 ιττ
2753 700 3027 768 λείπεται,
3082 702 3193 757 οὐδ’
3218 701 3286 757 ἂν
3319 701 3534 757 ἔννοιαν

1958 795 2033 849 τὰ
2061 794 2371 865 λειπόμενα
2390 794 2648 850 ὀώσαιεν·
2698 794 2876 863 οὕτως
2914 797 2973 851 ἓν
3016 797 3304 861 πλείστοις
3350 798 3534 852 αὐτῶν

1959 888 2150 951 τόποις
2199 887 2478 959 ὁλόκληρα
2527 889 2801 958 κειρἀλαιά
2851 892 2945 945 καὶ
2993 889 3284 963 ζητήματα
3314 905 3536 961 κεκινη-

1965 980 2103 1049 μένα
2126 979 2361 1049 διάφορα
2379 979 2467 1031 διὰ
2505 979 2719 1033 τούτων
2774 981 3158 1048 συνυφαίνεται
3210 980 3392 1035 πάντα
3423 981 3536 1034 τῶν

1959 1074 2154 1141 λόγων.
2200 1071 2343 1125 Ἀλλ’
2371 1071 2407 1125 ἃ.
2440 1072 2540 1142 μὲν
2567 1072 2665 1126 καὶ
2693 1072 2795 1124 ὅσα
2823 1074 2957 1142 περὶ
2985 1072 3154 1127 αὐτοῦ
3192 1073 3371 1127 εἰπεῖν
3423 1072 3530 1127 ἔδει

1958 1162 2053 1217 τοῦ
2078 1161 2371 1231 δόγματος,
2399 1163 2473 1225 ὡς
2518 1161 2574 1214 ἐν
2603 1177 2669 1231 γε
2704 1163 2781 1233 τῷ
2830 1164 3062 1234 παρόντι
3127 1164 3218 1218 διὰ
3282 1162 3533 1237 βραχέων

1962 1254 2455 1325 προστησαμένους
2478 1256 2675 1318 εἰπεῖν,
2710 1254 2785 1318 ὡς
2817 1257 2937 1309 ὲνδν
2989 1257 3127 1328 πρὸς
3176 1256 3325 1327 ὑμᾶς
3380 1255 3534 1326 εἴρη-

1959 1364 2077 1413 ται,
2110 1346 2204 1401 καὶ
2234 1346 2387 1400 οὐδὲν
2418 1346 2579 1401 πλέον
2607 1346 2690 1401 δεῖ
2712 1349 3083 1420 προστιθέναι.

1750 1491 2001 1557 ΚΕΦΑΛ.
2037 1486 2115 1557 θ’.

414 1616 721 1695 Ερῐίοθαιίο
750 1634 800 1679 et
838 1629 1079 1698 repetitio
1111 1630 1483 1698 prwdz’rtorum
1507 1667 1519 1687 .
1562 1634 1611 1678 et
1656 1624 1848 1698 solutio
1882 1622 2087 1698 [rivales
2131 1622 2525 1698 responsionisﬂ
2559 1638 2662 1691 qua
2684 1621 2916 1692 quidam
2950 1623 3021 1678 ad
3052 1625 3393 1683 auctoritates

1093 1695 1503 1754 occidentalium
1536 1695 1875 1767 respondent,
1909 1701 1963 1747 ει
1992 1695 2285 1777 exhortatio
2313 1696 2381 1749 ad
2418 1696 2683 1747 unionem.

337 1811 550 1882 Δέομαι
577 1815 635 1868 δὲ
680 1815 774 1870 καί
806 1818 1112 1886 παρακαλῶ
1138 1818 1350 1879 πάντας
1387 1820 1417 1870 ὑ
1430 1820 1557 1888 μᾶς,
1614 1816 1854 1885 ἁγιώτα-
1889 1804 1930 1876 ιξ
1963 1827 2053 1883 σῃ·
2092 1813 2184 1865 καὶ
2217 1814 2299 1867 ὄτι
2334 1814 2467 1885 πρὶν
2496 1813 2595 1884 μὲν
2624 1813 3017 1882 οίκουμενικὴν
3063 1815 3284 1873 σύνοδον
3338 1821 3532 1875 συνελ-

264 1922 348 1958 τοι
374 1907 627 1978 Πατέρες
649 1925 711 1961 τε
735 1910 834 1964 καὶ
878 1912 1158 1975 δεσπόται,
1218 1914 1474 1981 σύστημα
1531 1907 1848 1979 ἱερώτατον,

266 1997 532 2067 σύλλογος
565 2000 742 2070 ἅγιος,
776 2003 950 2058 ταῦτα
1014 2005 1417 2073 σκεψαμένου;;
1477 2003 1572 2055 καὶ
1603 2000 1850 2071 ἀκριϐῶς

267 2090 688 2164 ἐπιστήσαντας
730 2084 887 2161 πᾶσι,
923 2097 1024 2166 τὴν
1086 2097 1479 2167 προσήκουσαν
1537 2093 1851 2161 ἐξενεγκεῖν

264 2184 471 2253 ψῆφον,
500 2189 599 2243 καὶ
640 2187 765 2257 ἥτις
797 2188 930 2258 ὑμῖν
985 2190 1104 2258 μετ’
1136 2188 1419 2258 εὐφημίας
1475 2185 1665 2255 ἕψεται
1699 2185 1852 2256 παρὰ

268 2279 451 2331 πάντα
484 2276 582 2333 τὸν
612 2279 831 2350 χρόνον,
856 2281 952 2334 καὶ
977 2284 1093 2343 τοῖς
1144 2280 1419 2349 ὀψιγόνοις
1473 2279 1621 2349 ἡμᾶς
1670 2292 1851 2347 παρα-

266 2368 474 2437 πέμψει
538 2368 656 2439 μετ’
694 2370 946 2433 εὐκλείας
1001 2388 1061 2424 τε
1098 2372 1191 2424 καὶ
1250 2369 1534 2438 στεφάνων
1595 2370 1694 2422 καὶ
1751 2366 1848 2421 τοῦ

268 2461 418 2530 παρὰ
448 2462 676 2515 πάντων
727 2462 978 2515 ἐπαίνου.
1041 2460 1447 2528 Συλλογίσασθε
1509 2460 1621 2530 γὰρ
1652 2458 1848 2530 πρῶτα

268 2551 387 2623 μὲν,
426 2553 505 2615 ὡς
529 2553 628 2623 οὐχ
658 2553 819 2623 ὁμοία
849 2556 980 2623 ἡμῖν
1008 2556 1041 2624 ἡ
1067 2554 1331 2621 ἀπολογία
1348 2553 1502 2606 ἔσται
1528 2555 1845 2624 μετέπειτα,

267 2645 339 2708 ὡς
363 2647 463 2699 καὶ
496 2646 788 2716 πρότερον,
822 2647 921 2717 τῆς
953 2646 1222 2718 τοσαύτης
1257 2646 1367 2700 τῶν
1401 2647 1649 2715 ἀδελφῶν
1702 2645 1845 2701 διαι-

265 2742 495 2808 ρέσεως,
525 2744 623 2796 καὶ
662 2742 757 2811 τῆς
787 2742 987 2814 ἔχθρας
1039 2744 1137 2813 τῆς
1176 2745 1310 2814 πρδς
1340 2743 1634 2809 Λατίνους,
1699 2743 1847 2797 οὕτω

268 2836 366 2903 μὲν
394 2834 560 2897 ὄντας
589 2834 842 2898 πολλοὺς,
892 2834 1035 2889 οὕτω
1064 2836 1119 2888 δὲ
1173 2837 1336 2907 σοφία
1398 2836 1493 2890 καὶ
1526 2837 1727 2905 γνώσει
1752 2852 1847 2888 κεα-

264 2926 662 2996 κοσμημένους
698 2926 796 2979 καὶ
832 2926 1043 2996 ἀρετῶν
1095 2926 1209 2997 ίδέᾳ
1242 2928 1496 2998 παντοίᾳ,
1556 2930 1624 2997 τῇ
1682 2943 1742 2981 τε
1789 2928 1845 2990 ἐς

264 3015 441 3090 ψυχὴν
482 3017 586 3072 καὶ
630 3018 729 3089 τὴν
753 3019 972 3087 ἐκείνης
1006 3012 1347 3073 κατάστασιν
1402 3022 1497 3073 καὶ
1557 3019 1847 3090 βελτίωσιν

266 3110 582 3182 ἀπαγούσῃ,
608 3113 675 3183 τῇ
706 3128 763 3165 τε
788 3113 847 3176 ἐς
885 3110 1043 3181 σῶμα
1065 3112 1161 3164 καὶ
1190 3112 1258 3166 τὰ
1292 3108 1583 3182 σωματικὰ
1624 3110 1844 3183 ἀφορὼ-

265 3290 496 3347 auderet
527 3305 622 3346 eos
654 3290 844 3345 dicere
871 3288 1324 3346 Occidentalibus
1361 3288 1617 3344 Patribus
1639 3288 1846 3345 dixisse

266 3380 567 3440 contraria.
598 3376 757 3439 Nunc
786 3399 918 3439 vero
948 3398 1070 3439 cum
1100 3399 1208 3438 non
1250 3384 1427 3439 solum
1471 3398 1578 3437 non
1620 3390 1843 3453 negent,

265 3478 357 3532 sed
388 3476 739 3548 apertissime
776 3480 943 3531 etiam
971 3476 1177 3541 dicant,
1212 3490 1312 3545 per
1338 3474 1539 3529 Filium
1566 3483 1623 3531 et
1652 3490 1718 3530 ex
1755 3474 1847 3529 Fi-

177 3634 182 3638 ,
264 3569 338 3625 Ιίο
367 3569 672 3640 procedere
697 3569 983 3639 Spiritum,
1020 3568 1419 3624 audebimusne
1477 3570 1686 3633 dicere,
1735 3582 1845 3623 non

264 3678 357 3717 eos
382 3662 687 3719 convenire
714 3669 769 3717 et
818 3663 1162 3716 concordare
1196 3676 1319 3714 cum
1360 3660 1846 3718 Occidentalibus?

266 3756 331 3809 At
378 3769 546 3810 nemo
592 3769 694 3810 nos
739 3754 1175 3821 commendabit,
1216 3753 1326 3807 into
1358 3768 1490 3809 vero
1537 3770 1699 3809 nemo
1730 3766 1839 3822 est,

263 3849 392 3916 quin
439 3862 545 3902 nos
578 3845 846 3910 audacias;
903 3846 1248 3913 temeritatis,
1285 3845 1536 3902 stultitiae
1582 3854 1833 3903 accuset.
1886 3868 1889 3871 λ

263 3937 415 3995 Scire
468 3944 656 3994 autem
715 3935 823 3993 hoc
877 3938 1046 3994 etiam
1097 3937 1333 4003 debetis,
1365 3938 1513 4009 quod
1560 3951 1656 3994 aut
1689 3940 1842 3995 nullo

264 4031 425 4086 modo
454 4029 798 4101 acceptanda
822 4040 974 4098 sunt,
995 4038 1119 4101 quae
1143 4030 1497 4101 reperiuntur
1525 4045 1690 4100 opera
1710 4047 1838 4087 san-

259 4131 475 4177 ctorum
534 4122 828 4179 doctorum
867 4123 1348 4191 Occidentalium;
1381 4133 1475 4177 aut
1520 4123 1565 4178 si
1596 4122 1713 4179 bac
1740 4140 1832 4181 ac-

260 4211 625 4286 ceptabimtts,
692 4225 755 4271 ut
805 4215 1121 4272 faciendum
1164 4223 1268 4282 est,
1320 4218 1557 4284 oportet,
1596 4231 1716 4285 quae
1756 4217 1825 4273 de

260 4309 362 4367 hoc
395 4310 628 4366 articulo
674 4309 892 4377 dicunt;
921 4318 977 4367 et
998 4319 1295 4382 acceptare
1334 4319 1391 4366 et
1414 4307 1664 4378 credere.
1694 4308 1825 4365 Tam

1955 1905 2091 1970 θεῖν,
2112 1903 2341 1964 ἐκείνοις
2393 1908 2454 1957 τὸ
2513 1904 2680 1975 βάρος
2732 1904 2832 1974 τῆς
2905 1906 3202 1973 ἀπολογίας
3257 1910 3531 1975 ἐπέκειτο,

1951 1995 2048 2050 νῦν
2076 1995 2135 2049 δὲ
2163 1996 2461 2059 συστάντος
2488 1996 2672 2050 κοινοῦ
2727 1998 3033 2069 συνεδρίου,
3087 2000 3212 2053 καθ’
3253 2002 3409 2072 ἡμῶν
3460 2004 3531 2058 τὰ

1952 2090 2179 2143 ἐκείνων
2205 2088 2530 2159 ἐγκλήματα
2559 2089 2934 2160 μετεστράφη,
2994 2089 3061 2143 ἂν
3117 2092 3195 2162 μὴ
3246 2092 3535 2164 εὐπρόσω-

1952 2198 2053 2235 πον
2086 2181 2299 2251 ἔχωμεν
2328 2184 2512 2236 αἰτίαν
2547 2181 2848 2247 δεικνύναι,
2913 2184 2982 2237 δι’
3022 2183 3094 2254 ἢν
3130 2183 3316 2237 αὐτῶν
3348 2185 3532 2259 διῃρέ-

1953 2273 2149 2345 θημεν.
2182 2275 2422 2330 Ἔπειτα
2456 2275 2766 2345 μέμνησθε,
2793 2274 3046 2348 ἀνάγκην
3075 2275 3175 2347 μὲν
3209 2275 3355 2332 εἷναι
3389 2293 3529 2351 συμ-

1952 2366 2164 2420 ϐαίνειν
2229 2374 2357 2432 τοὺς
2426 2370 2678 2441 Πατέρας
2720 2370 3002 2443 ἀλλήλοις,
3070 2372 3165 2427 καὶ
3202 2374 3377 2438 ἄλλως
3425 2374 3529 2428 οὐκ

1950 2455 2115 2524 εἷναι,
2173 2461 2544 2533 Χριστιανοὺς
2578 2464 2725 2533 ἡμᾶς
2775 2463 2960 2528 ὄντας,
3010 2462 3072 2516 οὗ
3138 2464 3340 2533 λέγειν,
3402 2464 3527 2519 οὐδὲ

1951 2555 2188 2622 φρονεῖν,
2217 2553 2323 2616 ἕως
2348 2553 2413 2607 ἂν
2464 2555 2559 2608 καὶ
2588 2557 2693 2617 τὰς
2728 2556 2825 2628 τῆς
2851 2556 3089 2622 πίστεως
3136 2556 3293 2626 ἡμῶν
3350 2557 3529 2628 ἀρχὰς

1951 2643 2148 2706 σώζειν
2198 2643 2496 2713 ἐθέλωμεν,
2527 2646 2653 2709 τοὺς
2684 2626 2745 2699 δέ
2783 2646 3100 2717 Ῥωμαίους
3124 2626 3401 2716 Πατέραςί
3428 2626 3528 2700 σα-

1950 2739 2198 2807 φέστατά
2258 2755 2316 2792 τε
2378 2740 2472 2793 καὶ
2526 2738 2885 2809 φανερώτατα
2940 2742 3004 2793 ἐκ
3053 2740 3149 2794 τοῦ
3177 2739 3310 2794 Υίοῦ
3356 2742 3527 2796 ἐκπο-

1951 2830 2207 2902 ρεύεσθαι
2262 2831 2522 2898 λέγοντας
2578 2833 2639 2886 τὸ
2698 2832 2923 2911 Πνεῦμα
2974 2833 3036 2888 τὸ
3095 2833 3275 2904 ἅγιον,
3335 2834 3530 2889 κάκεί-

1948 2945 2036 2981 νον
2055 2927 2236 2981 αιτίαν
2271 2926 2417 2998 ἔχειν
2440 2925 2536 2981 τοῦ
2569 2922 2711 2981 εἶναι
2740 2925 2932 2999 ὥσπερ
2992 2928 3088 2980 καὶ
3114 2927 3209 2981 τὸν
3262 2928 3483 2999 Πατόρα
3505 2942 3521 2958 ⁸

1948 3018 2086 3089 πρὸς
2115 3015 2327 3083 τούτοις
2368 3017 2524 3072 οὐδὲν
2574 3012 2739 3091 ἦττον
2794 3020 2891 3074 καὶ
2934 3020 3062 3084 τοὺς
3097 3021 3162 3075 ὲκ
3210 3018 3312 3090 τῆς
3355 3020 3528 3092 Ἔῴας

1947 3109 2112 3164 ταυτὸ
2161 3110 2323 3165 τοῦτο
2376 3112 2643 3180 λέγοντας
2695 3111 3212 3185 ἀποδεδειγμένους,
3261 3113 3389 3176 τοὺς
3424 3112 3529 3184 μὲν

1950 3291 2098 3349 enim
2134 3293 2323 3349 multis
2354 3292 2410 3348 in
2438 3294 2576 3350 locis
2608 3308 2841 3365 operum
2884 3308 3106 3356 eorum,
3137 3293 3251 3348 imo
3283 3285 3417 3348 vero
3468 3292 3527 3347 in

1949 3384 2209 3440 omnibus
2265 3396 2451 3455 sparsa
2488 3395 2652 3451 sunt;
2685 3394 2946 3455 tantaque
2985 3394 3042 3440 et
3075 3383 3200 3441 talis
3230 3392 3316 3440 est
3343 3384 3526 3439 contio

1948 3475 2139 3529 nuatio
2169 3484 2225 3530 et
2272 3476 2561 3545 sequentia
2604 3475 3032 3546 praecedentium
3064 3475 3133 3529 ad
3166 3488 3233 3531 ea
3263 3489 3387 3546 quae
3436 3488 3527 3531 se-

1947 3576 2215 3638 quuntur,
2249 3579 2305 3623 ut
2335 3584 2445 3623 non
2486 3569 2659 3639 possit
2711 3568 2913 3639 aliquis
2938 3568 3007 3624 de
3048 3567 3137 3624 his
3171 3568 3376 3638 aliquid
3426 3582 3529 3623 su-

1947 3662 2174 3731 Spicari.
2208 3661 2267 3716 Si
2298 3661 2423 3732 quis
2444 3662 2591 3716 enim
2627 3661 2771 3717 hanc
2812 3662 3251 3729 conclusionem,
3282 3670 3337 3715 et
3358 3660 3526 3717 ratio-

1947 3768 2045 3808 nes
2073 3768 2193 3809 eam
2226 3754 2529 3824 probantes
2548 3768 2613 3809 ex
2640 3754 2903 3824 Operibus
2928 3767 3123 3810 eorum
3162 3753 3388 3821 adimat,
3431 3753 3524 3809 ni-

1945 3847 2022 3902 hil
2057 3847 2295 3918 amplius
2341 3855 2528 3913 restat,
2571 3864 2675 3903 nec
2695 3863 2921 3904 sensum
2971 3849 3212 3920 aliquem
3258 3847 3521 3916 reddunt,

1943 3955 2068 4011 quae
2101 3950 2391 3996 remanent
2425 3959 2439 3993 :
2475 3942 2548 3996 ita
2581 3956 2849 4006 connexa,
2908 3942 2984 3996 ita
3033 3942 3415 4013 conglutinata
3462 3951 3523 3997 et

1942 4034 2241 4104 conjuncta
2283 4044 2479 4090 ca:tera
2512 4038 2694 4089 omnia
2752 4050 2876 4093 cum
2926 4037 3029 4091 hoc
3078 4036 3331 4103 deg'mate
3367 4043 3519 4091 sunt.

1944 4124 2050 4177 Sed
2097 4122 2165 4179 de
2213 4123 2462 4196 dogmate
2508 4124 2768 4196 quidem,
2816 4140 2935 4196 quat
2995 4124 3237 4181 breviter
3286 4124 3521 4180 dicenda

1933 4225 2121 4283 erant,
2161 4217 2308 4274 dicta
2356 4226 2517 4283 sunt,
2562 4233 2661 4274 nec
2695 4217 2994 4290 quidquam
3035 4218 3268 4274 ulterius
3308 4216 3519 4274 adden-

1939 4310 2070 4364 dum
2104 4318 2206 4368 esL

1705 4462 1932 4521 CAPUT
1988 4456 2080 4520 IX.

327 4588 485 4658 Rogo
513 4593 718 4653 autem,
749 4598 940 4655 posco,
988 4590 1137 4656 peto,
1192 4590 1250 4638 et
1282 4582 1510 4653 supplex
1569 4595 1667 4635 oro
1730 4594 1829 4634 vos
1863 4581 1905 4631 Ι)
1944 4588 2059 4636 tum
2108 4579 2326 4637 facilior
2371 4589 2563 4637 nostra
2594 4581 2880 4637 excusatio
2920 4591 3062 4649 erat,
3116 4581 3191 4637 ita
3240 4596 3366 4654 post
3414 4584 3519 4642 hoc

266 4693 478 4741 omnes,
539 4684 725 4747 patres
771 4675 989 4745 optimi,
1050 4687 1206 4728 sacer
1251 4681 1577 4738 conventus,
1630 4670 1838 4725 anima-

264 4786 379 4825 rum
433 4778 705 4841 pastores,
774 4768 943 4821 duces
996 4779 1290 4827 caecorum.
1349 4764 1662 4818 eruditores
1697 4763 1833 4817 insi—
1888 4752 1893 4757 ’

265 4864 553 4932 pientium,
600 4868 662 4913 ut
710 4858 797 4913 his
851 4856 1111 4911 omnibus
1159 4855 1541 4921 consideratis,
1590 4865 1645 4909 et
1692 4854 1833 4910 bene

263 4955 527 5024 pensatis,
575 4954 726 5030 illam
770 4950 963 5006 feratis
1012 4949 1370 5011 sententiam,
1401 4963 1523 5018 qua:
1557 4956 1723 5003 tanta:
1753 4946 1830 5003 rei

262 5048 535 5108 convenit,
591 5057 824 5114 quaeque
877 5050 1196 5113 perpetuam
1243 5039 1403 5095 vobis
1445 5041 1669 5105 tamam,
1716 5038 1834 5107 810-

266 5138 400 5192 riam
450 5146 505 5192 et
556 5135 795 5189 salutem
832 5130 1033 5202 pariat.
1072 5130 1357 5201 Repetatis
1381 5129 1529 5185 enim
1563 5130 1831 5183 memoria

266 5230 461 5301 primo,
485 5226 633 5299 quod
673 5240 785 5280 non
825 5224 935 5279 erit
974 5222 1133 5277 nobis
1178 5222 1247 5277 de
1290 5217 1494 5277 caetero
1544 5222 1831 5277 excusatio

266 5322 474 5387 eadem,
519 5334 643 5390 quae.
694 5317 867 5387 prius,
927 5331 1027 5370 cur
1077 5330 1107 5369 a
1155 5314 1354 5370 talibus
1403 5313 1743 5379 dividantur,
1774 5319 1832 5367 et

269 5414 449 5469 hostes
477 5413 708 5468 velimus
754 5424 880 5464 esse
925 5406 1139 5461 Latinis
1171 5416 1281 5461 tam
1318 5407 1531 5475 multis,
1585 5416 1693 5460 tam
1744 5423 1832 5462 sa—

268 5508 559 5576 pientibus,
591 5516 698 5561 tam
740 5502 943 5565 doctis,
988 5501 1140 5557 omni
1170 5500 1375 5557 virtute
1406 5500 1675 5571 praeditis,
1713 5516 1827 5555 non

267 5602 435 5655 solum
466 5598 554 5654 illa
579 5613 703 5669 quae
730 5595 977 5652 animum
1012 5603 1195 5660 ornat,
1239 5592 1334 5649 sed
1377 5594 1545 5649 etiam
1591 5610 1652 5650 ea
1704 5610 1828 5665 quae

268 5694 331 5747 ad
375 5706 574 5763 corpus
621 5699 680 5745 et
730 5688 1066 5759 temporales
1114 5702 1204 5743 res
1258 5686 1462 5743 attinet
1503 5705 1518 5742 :
1562 5686 1823 5758 quodque

269 5783 717 5857 quemadmodum
755 5792 881 5838 ante
910 5782 1164 5853 generale
1196 5782 1490 5838 concilium
1513 5790 1817 5854 congrega-

1941 4673 2123 4744 gravis
2155 4682 2343 4729 nostra
2395 4673 2675 4729 accusatio
2718 4675 2848 4742 erit,
2900 4675 2947 4730 si
2993 4690 3104 4730 non
3155 4675 3521 4734 habuerimus

1942 4765 2130 4822 dicere
2160 4781 2387 4822 causam
2421 4766 2516 4822 tali
2552 4765 2826 4822 divisione
2874 4766 3119 4837 dignam.
3161 4768 3370 4824 Deinde
3403 4782 3517 4825 non

1938 4851 2154 4923 fugiant
2179 4869 2276 4909 vos
2306 4870 2429 4925 quae
2454 4854 2524 4908 de
2554 4856 2866 4912 necessaria
2896 4855 3186 4912 doctorum
3218 4860 3515 4915 concordia

1940 4945 2086 5000 dicta
2120 4955 2271 5010 sunt,
2296 4961 2399 5002 nec
2430 4947 2593 5001 aliter
2625 4962 2727 5002 nos
2760 4946 2949 5002 dicere
2975 4963 3157 5017 posse,
3186 4949 3316 5003 dum
3350 4949 3516 5005 Chri-

1941 5038 2106 5095 Stiani
2160 5053 2307 5103 esse,
2361 5021 2740 5107 etprincipia
2799 5040 2922 5094 ﬁdei
2976 5040 3189 5096 salvare
3236 5042 3517 5097 velimus:

1939 5130 2204 5199 quodque
2231 5128 2429 5183 Patres
2457 5126 2839 5183 Occidentales
2883 5130 3257 5198 apertissime,
3290 5146 3355 5184 ex
3406 5131 3511 5185 Pa-

1940 5230 2023 5277 tre
2055 5231 2112 5276 et
2162 5221 2303 5277 Filio
2335 5220 2604 5290 Spiritum
2642 5230 2898 5276 sanctum
2950 5224 3254 5292 procedere
3288 5238 3514 5278 asseve-

1936 5324 2082 5381 rant,
2118 5322 2175 5368 et
2198 5314 2395 5368 Filium
2426 5328 2551 5369 esse
2578 5313 2702 5385 ejus
2726 5314 3085 5384 principium,
3116 5325 3281 5385 prout
3309 5314 3467 5371 Pater
3492 5335 3508 5371 :

1942 5408 2258 5464 Orientales
2308 5422 2530 5477 quoque
2581 5406 2686 5461 hoc
2737 5405 2881 5461 idem
2928 5406 3134 5471 dicere,
3186 5407 3385 5477 partim
3441 5424 3510 5464 ex

1936 5502 2099 5556 Patre
2133 5516 2231 5572 per
2263 5499 2488 5563 Filium,
2527 5498 2726 5568 partim
2747 5513 2811 5552 ex
2857 5498 3021 5553 Patre
3052 5510 3110 5554 et
3138 5498 3298 5561 Filio,
3346 5508 3403 5553 et
3440 5515 3508 5554 ex

1938 5601 2174 5661 utroque
2206 5593 2536 5661 procedere,
2565 5598 2622 5645 et
2649 5604 2717 5643 ex
2743 5587 2886 5645 Filio
2928 5604 3059 5645 esse
3089 5591 3271 5661 ipsum
3310 5590 3509 5646 dicen-

1936 5693 2056 5748 tes;
2100 5696 2339 5753 cumque
2386 5682 2502 5737 haec
2544 5680 2754 5748 dicant,
2801 5679 3255 5737 Occidentalibus
3308 5697 3512 5737 conve-

1936 5779 2081 5846 nire,
2113 5787 2169 5833 et
2198 5777 2394 5835 eadem
2426 5770 2535 5832 non
2561 5774 2741 5832 solum
2774 5776 3075 5846 sententia,
3104 5790 3299 5849 verum
3339 5776 3515 5834 etiam
