4064 6148
526 308 634 373 6οἸ

1476 299 1986 366 ΒΕςεΑιιιοΝιε
2030 299 2092 361 s.
2140 298 2210 359 ιι.
2261 297 2332 358 Ε.
2374 252 2865 358 carisimus

3681 284 3782 350 608

524 430 606 497 τῷ
627 426 715 480 διὰ
745 423 840 477 τοῦ
862 423 993 478 Υίοῦ
1027 423 1215 493 λέγειν
1254 421 1388 476 αὐτὸ
1425 423 1502 503 ὲκ.
1522 421 1618 475 τοῦ
1673 421 1889 490 Πατρός
1941 422 2106 473 ἔκποι-
2137 427 2177 484 Α
2210 418 2391 488 χειρὸς
2416 417 2578 487 ἔργον
2594 415 2746 478 ὄντα,
2767 413 2869 465 ἀνά
2899 409 3081 465 πᾶσαν
3102 407 3158 461 at
3183 405 3627 503 {exagitem—rip
3660 409 3780 503 γῆν,

530 520 808 594 ρεύεσθαι,
842 520 969 581 τοὺς
995 517 1052 573 δὲ
1087 519 1162 589 τῷ
1193 519 1258 570 ὲκ
1288 517 1382 570 τοῦ
1420 517 1636 587 Πατρός
1691 519 1784 571 καὶ
1818 515 1969 578 Υίοῦ,
2014 516 2108 568 καὶ

526 615 588 683 ἐξ
619 615 823 685 ἀμφοῖν
853 608 1014 674 εἶναι,
1038 613 1134 666 καὶ
1150 613 1211 666 ὲκ
1234 610 1332 664 τοῦ
1378 610 1509 664 Υίοῦ
1543 610 1729 679 σαφῶς
1755 607 1900 665 εἶναι
1958 610 2107 666 διδάσ

529 721 705 760 σκεινο
743 703 840 757 καὶ
862 704 945 756 ὅτι
980 701 1155 756 ταῦτα
1190 702 1464 770 λέγοντες,
1493 701 1606 763 τοῖς
1650 700 1946 770 Ῥωμαίοις
1996 701 2106 754 lla-

524 797 691 868 τράσι
747 796 1132 867 συμόαίνουσι,
1165 795 1261 848 καὶ
1308 794 1559 864 λέγουσιν
1613 791 1871 864 ἀλλήλοις
1911 793 2107 856 ταυτά,

524 891 602 955 ὡς
629 891 710 944 ἑνὶ
735 891 829 943 καὶ
863 888 1045 960 ταυτῷ
1074 887 1442 958 φθεγγόμενοι
1475 884 1616 940 Πνεῦ
1628 904 1781 957 ματι.
1823 886 1950 941 Ἐπὶ
1974 887 2109 951 πᾷσι

525 986 585 1039 δὲ
637 983 874 1046 τούτοις,
919 984 1011 1036 καὶ
1043 982 1111 1053 ἢν
1139 982 1275 1052 ἡμῖν
1328 980 1441 1048 ἐγὼ
1471 980 1943 1051 ὑπολελειμμένην
1974 981 2111 1035 ἀπο-

528 1079 717 1148 λογίαν
767 1076 899 1146 ὁρῶ,
935 1078 1064 1142 περὶ
1114 1068 1188 1127 ὧν
1221 1074 1271 1127 οἱ
1331 1073 1596 1144 Ῥωμαῖοι
1659 1074 1900 1145 Πατέρες
1953 1075 2110 1142 φασί,
2154 1127 2156 1129 ς

529 1173 628 1227 καὶ
665 1171 875 1241 ταύτην
909 1168 1063 1222 οὐδὲν
1095 1167 1270 1222 οὖσαν
1317 1167 1542 1230 εἰδότες,
1588 1166 1791 1238 μᾶλλον
1849 1167 1907 1220 δὲ
1959 1167 2110 1237 σαφῆ

527 1264 743 1334 γέλωτά
765 1279 826 1316 τε
858 1263 953 1316 καὶ
986 1263 1260 1328 παίγνιον,
1291 1257 1716 1330 βουλευσώμεθα
1769 1260 1836 1313 τά
1890 1259 2110 1329 βελτίω,

529 1359 629 1413 καὶ
654 1358 790 1427 πρ³ις
815 1355 1013 1408 ἕνωσιν
1051 1351 1421 1423 ἐπειχθῶμεν,
1453 1351 1576 1422 Θεῷ
1604 1352 1802 1422 ἀρέσαι
1851 1352 2113 1422 βουλόμε-

529 1469 641 1507 νοι.
704 1452 776 1507 Ἦ
803 1449 913 1520 γὰρ
961 1451 1034 1518 μὴ
1085 1449 1193 1500 δεῖν
1239 1447 1488 1517 δέχεσθαι
1556 1445 1689 1515 φαίη
1747 1464 1829 1510 τις
1859 1446 1924 1500 ἂν
1983 1450 2112 1512 τοὺς

532 1543 746 1612 ἁγίους,
773 1543 869 1595 καὶ
892 1542 1071 1596 πάντα
1105 1538 1360 1592 ὑπείκειν
1384 1538 1588 1600 αὐτοῖς·
1627 1541 1660 1608 ἢ
1702 1538 1960 1610 δέχεσθαι
2012 1535 2114 1610 μὶν

530 1639 729 1702 αὐτοὺς
755 1636 1076 1705 ἀναγκαῖον,
1110 1636 1171 1689 οὐ
1206 1632 1393 1705 μέντοι
1416 1633 1514 1686 καὶ
1542 1632 1888 1704 πλανηθῆναι
1912 1635 2113 1701 αὐτοὺς

530 1726 853 1800 ἀνθρώπους
882 1727 1042 1790 ὂντας
1072 1724 1354 1780 ἀδύνατον·
1390 1723 1422 1795 ἢ
1466 1725 1530 1778 τό
1553 1741 1614 1793 γε
1641 1723 1826 1778 λοιπὸν
1871 1727 1967 1782 καὶ
1989 1727 2110 1797 τρί-

532 1841 647 1892 τον,
680 1825 729 1878 εί
753 1829 846 1877 καὶ
883 1821 1063 1891 niam;
1082 1819 1188 1886 ἔξω
1219 1817 1432 1887 πλάνης
1475 1818 1606 1886 alat,
1653 1819 1749 1874 καὶ
1781 1821 1959 1875 πάντα
1993 1838 2112 1875 πει-

534 1919 692 1973 στέον
726 1917 931 1979 αὐτοῖς,
967 1914 1139 1967 ταῦτα
1168 1914 1353 1982 μέντοι
1387 1913 1456 1966 τὰ
1500 1912 1653 1982 παρά
1698 1913 1946 1968 Λατίνων
1990 1915 2114 1968 ἀνε-

532 2009 827 2083 γνωσμένα
863 2008 972 2062 τῶν
1002 2007 1177 2077 ἁγίων
1213 2007 1353 2076 ῥητὰ
1379 2003 1483 2059 οὔκ
1503 2006 1615 2059 εἰσι
1649 2006 1847 2077 γνήσια
1876 2005 1977 2076 τῆς
2001 2006 2117 2060 δια-

533 2104 687 2167 νοίας
757 2103 1006 2164 ἐκείνων,
1062 2100 1196 2153 ἀλλά
1233 2099 1364 2154 νόθα
1394 2099 1517 2153 τινὰ
1569 2100 1664 2151 καὶ
1715 2098 2117 2171 παρέγγραπτα

532 2192 631 2250 καὶ
654 2193 832 2246 πάντα
862 2190 1050 2253 ἁπλῶς
1085 2186 1595 2260 παραπεποιημένα
1647 2189 1742 2240 καὶ
1799 2189 2116 2256 προσθῆκαι

539 2284 730 2356 χειρὸς
796 2280 1112 2350 ἀλλοτρίας.
1158 2278 1326 2333 ’Δλλὰ
1368 2279 1478 2332 τῶν
1529 2278 1628 2348 μὲν
1682 2275 1915 2348 πρώτων
1961 2279 2116 2334 οὐδὲν

535 2375 697 2443 ὑμεῖς
724 2371 928 2439 διξαιθ⁹
961 2373 1051 2437 ἂν,
1089 2370 1124 2442 ἢ
1161 2371 1340 2426 πάντα
1394 2368 1554 2438 ἡμῶν
1611 2368 1777 2432 εὐθὺς
1830 2370 2112 2442 ἀνετράπη

533 2469 605 2522 τὰ
623 2467 723 2539 τῆς
759 2465 1087 2538 Ἐκκλησίας
1130 2467 1429 2536 μυστήρια,
1477 2465 1577 2517 καὶ
1619 2465 1709 2517 ἐπ’
1736 2463 1972 2527 οὐδενὸς,
2022 2465 2117 2518 καὶ

537 2549 854 2632 βεϐήκαμεν
890 2555 1136 2630 ίσχυροῦο
1190 2557 1250 2609 τδ
1271 2557 1427 2640 δέρε
1462 2556 1651 2611 λοιπον
1686 2558 1783 2610 κα)⁸
1808 2556 1994 2629 τρίτον
2023 2559 2115 2626 γέ⁹

537 2653 646 2716 λως
669 2653 872 2724 σαφὴς,
908 2653 1006 2705 καὶ
1061 2651 1414 2718 κατάγνωσις
1463 2647 1757 2719 πρόδηλος,
1803 2650 1868 2702 πεί
1934 2649 2115 2705 πάντα

537 2744 688 2814 ἑξῆς,
720 2744 864 2798 οὕτω
895 2741 994 2814 μὲν
1025 2740 1264 2796 τοσαῦτα
1314 2739 1518 2810 βιϐλία,
1588 2739 1732 2794 οῦτω
1782 2740 1841 2793 δὲ
1886 2739 2116 2796 τοιαῦτα

538 2837 671 2893 νόθα
701 2835 958 2907 ἐροῦμεν,
993 2835 1171 2887 καίτοι
1201 2832 1445 2904 παλαιᾷς
1478 2831 1578 2905 μιν
1629 2831 1726 2887 καὶ
1748 2833 2118 2906 ἀρχαιοτάτης

537 3018 724 3076 verbis
752 3017 961 3086 dicere,
1012 3024 1273 3085 tanquam
1303 3027 1416 3069 uno
1443 3022 1501 3070 et
1533 3013 1727 3071 eodem
1761 3012 1972 3084 Spiritu
2020 3030 2117 3072 eos

2210 511 2278 562 δι’
2309 511 2478 580 αὐτῆς
2503 510 2561 562 δὲ
2587 511 2687 578 τῆς
2713 504 3040 560 ἀκολουθίας
3063 502 3170 554 τῶν
3204 500 3631 572 προηγουμένων
3694 502 3786 554 καὶ

2212 604 2500 673 ἑπομένων
2535 599 2828 653 δεικνύντα
2853 593 2920 650 τὸ
2937 597 3184 663 γ·.ήσιον·
3203 593 3296 646 καὶ
3329 590 3500 645 ταῦτα
3520 590 3627 646 τῶν
3656 593 3786 664 ἡμε-

2212 697 2386 765 τέρων
2425 695 2646 748 πάντων
2693 690 2791 747 καὶ
2843 686 3027 742 αὐτῶν
3075 685 3186 739 τῶν
3239 683 3640 754 ἀρχαιοτάτων,
3699 682 3787 737 καὶ

2211 787 2296 840 ἐπ’
2321 786 2490 840 αὑτοῦ
2554 786 2653 839 τοῦ
2718 786 2943 854 aptatos
2984 777 3157 834 κακοῦ
3218 775 3312 828 καὶ
3345 773 3443 844 τῆς
3474 774 3786 846 διαιρέσεως

2215 879 2316 948 μὲν
2334 880 2524 949 ἀκμῆς
2561 879 2653 932 καὶ
2686 876 2859 946 ἀρχῆς
2882 872 3272 943 ἀκμασάντων,
3299 867 3669 938 μεμνημένων
3691 865 3784 936 μὲν

2209 973 2437 1036 τοῦτων,
2480 971 2633 1026 οὐδὲν
2662 969 2718 1025 δὲ
2763 971 2912 1038 ὅμως
2949 968 3227 1021 ἀντειπεῖν
3280 963 3630 1034 δυναμένων,
3680 962 3708 1014 ὃ
3736 976 3785 1012 τι

2212 1067 2308 1120 καὶ
2334 1066 2484 1131 ἀξιον
2510 1065 2696 1134 λόγου·
2718 1063 2896 1126 ἄλλως
2923 1081 2982 1117 τε
3012 1064 3106 1115 καὶ
3139 1062 3264 1134 μηδ’
3294 1061 3471 1116 ἀλλων
3500 1056 3636 1121 παρ’
3660 1056 3788 1127 ἡμῖν

2212 1159 2384 1213 ὄντων
2432 1158 2675 1229 βιϐλίων,
2700 1158 2836 1228 πρὸς
2876 1155 2912 1210 ἃ.
2944 1154 3393 1228 παραϐάλλοντες
3424 1153 3493 1205 τὰ
3547 1150 3658 1203 τῶν
3684 1149 3792 1205 Δα-

2211 1254 2398 1321 τίνων,
2435 1254 2496 1307 τὸ
2525 1252 2680 1306 νόθον
2729 1251 2911 1305 αὐτῶν
2942 1252 3313 1323 ὲφωρᾶσαμεν
3342 1247 3429 1303 ἄν.
3495 1248 3560 1299 "A
3617 1244 3790 1296 πάντα.

2215 1347 2696 1417 ἀναλογισάμενοι,
2737 1345 2833 1399 καὶ
2884 1347 3021 1397 πᾶσι
3048 1346 3140 1396 τὸν
3195 1342 3322 1395 νοῦν
3375 1340 3791 1408 ἐπιστήσαντες,

2219 1441 2296 1513 μὴ
2325 1441 2394 1494 τὰ
2433 1442 2608 1510 χείρω
2632 1439 2903 1509 ἑλώμεθα,
2942 1439 3076 1507 μηδὲ
3127 1438 3248 1489 καθ’
3282 1435 3444 1506 ήμῶν
3491 1432 3676 1484 αὐτῶν
3699 1431 3791 1498 τὴν

2213 1530 2399 1601 ψῆφον
2423 1530 2825 1598 ὲξενέγκωμενθ
2856 1527 3030 1580 δεινὸν
3053 1526 3185 1594 γὰρ,
3235 1526 3285 1576 εί
3323 1523 3481 1592 ἡμεῖς
3511 1519 3671 1588 ἡμῶν
3695 1519 3790 1568 αὑ-

2213 1627 2323 1678 τῶν
2348 1624 2776 1693 καταγνοίημεν⁹
2805 1620 2942 1692 μηδὲ
2977 1619 3270 1688 προδὼμεν
3294 1616 3441 1686 ἡμᾶς
3473 1613 3674 1673 αὐτοὺς
3701 1608 3793 1660 καὶ

2216 1717 2277 1770 τδ
2302 1717 2482 1786 γένος,
2534 1717 2730 1786 πρῶτα
2790 1714 2891 1784 μὲν
2942 1712 3373 1782 ἀποστραφῆναι
3398 1706 3656 1771 δόξιντες
3697 1702 3791 1769 τὴν

2218 1810 2499 1881 ἀληθειαν,
2555 1810 2646 1862 καὶ
2699 1807 2974 1877 μύσαντες
3022 1804 3152 1866 τοὺς
3189 1801 3506 1872 ὀφθαλμοὺς
3566 1795 3703 1868 πρὸς
3733 1791 3791 1844 τὸ

2219 1904 2356 1973 φῶς·
2399 1905 2590 1956 ἔπειτα
2640 1902 2816 1955 δὲκαὶ
2853 1898 3128 1952 ἐθελονταὶ
3153 1896 3306 1949 αὐτοὶ
3349 1894 3472 1947 καθ’
3499 1891 3662 1962 ἡμῶν
3702 1890 3796 1943 αὐ-

2217 1997 2326 2050 τῶν
2355 1997 2422 2049 τὰ
2457 1995 2744 2049 δεινότατα
2780 1991 3201 2062 ἐπαγαγόντεςη
3243 1989 3342 2043 καὶ
3382 1983 3798 2039 πολλαπλασιά-

2220 2104 2414 2150 σαντες
2437 2087 2506 2140 τά
2532 2086 2706 2140 δεινά.
2743 2086 2884 2138 Ὅσα
2911 2086 3020 2154 γὰρ
3058 2085 3195 2154 ημῖν
3225 2082 3322 2135 καὶ
3366 2078 3668 2148 σωματικὰ
3720 2077 3800 2128 ὲν-

2219 2179 2410 2234 τεῦθεν
2451 2178 2635 2231 ἔπεισι
2661 2177 2836 2240 δεινὰ,
2883 2176 2981 2229 καὶ
3015 2175 3089 2238 ὡς
3151 2172 3505 2244 ἰσχυρότερον
3560 2169 3671 2237 μὲν
3715 2166 3802 2218 τὸν

2219 2272 2405 2326 κοινὸν
2434 2270 2624 2344 ὲχθρδν
2684 2269 2777 2322 καὶ
2812 2266 3070 2334 πολέμιον
3101 2265 3404 2333 όπλίσομεν
3467 2257 3602 2314 καθ’
3624 2255 3802 2330 ἡμῶν,

2220 2365 2319 2418 καὶ
2378 2363 2455 2425 ὡς
2505 2360 2810 2416 κινδυνεύει
2844 2359 3032 2430 σχεδὸν
3086 2356 3356 2426 παντελὴς
3407 2353 3635 2424 ὗλεθρος
3691 2350 3800 2403 ἐσε-

2223 2458 2348 2512 σθαι
2371 2456 2478 2510 τῶν
2512 2456 2603 2525 ὑφ’
2633 2456 2781 2527 ἡμᾶς
2813 2456 2908 2508 καὶ
2955 2453 3056 2523 τὴν
3082 2451 3419 2523 Ἐκκλησίαν
3451 2449 3550 2518 τὴν
3609 2449 3802 2518 ἡμετέο

2225 2568 2324 2622 ραν
2353 2549 2720 2621 Χριστιανῶν,
2751 2549 2845 2601 καὶ
2887 2545 2947 2601 τὸ
2972 2546 3143 2616 δνομα
3165 2545 3259 2599 τοῦ
3309 2544 3550 2617 Χριστοῦ
3595 2545 3800 2599 ἐκεῖθεν

2221 2645 2428 2700 τέλειον
2455 2644 2905 2715 ἐκτριϐήσεσθαι,
2962 2640 3137 2719 οὐδεὶς
3183 2641 3389 2707 ἀγνοεῖ.
3445 2639 3551 2692 Καὶ
3589 2638 3800 2708 διῆλθον

2223 2741 2291 2796 ἂν
2324 2740 2502 2794 πάντα
2531 2738 2653 2792 καθ’
2697 2736 2776 2802 ἓν,
2809 2738 2904 2789 καὶ
2954 2731 3313 2806 ὲτραγῴδησα
3361 2737 3429 2787 τὰ
3461 2733 3694 2787 ἐπιόντα
3727 2731 3800 2803 τῷ

2221 2834 2370 2904 γένει
2400 2834 2547 2886 δεινὰ
2580 2831 2674 2885 καὶ
2734 2833 2868 2884 πᾶσι
2898 2832 3012 2894 τοῖς
3067 2831 3177 2884 ἀπὸ
3235 2828 3475 2899 Χριστοῦ
3531 2827 3805 2897 καλουμίο

2221 3019 2508 3083 corrupta,
2553 3017 2787 3073 mutata,
2825 3016 2881 3064 et
2924 3005 3279 3077 superaddita
3332 3020 3458 3061 esse
3506 3004 3798 3070 dicemus;

539 3112 889 3168 llluminante
935 3109 1171 3164 locutos.
1223 3106 1475 3173 Demum,
1520 3122 1686 3178 quam
1737 3107 1911 3164 solam
1954 3109 2115 3166 nobis
2145 3144 2187 3202 ο
2221 3105 2462 3159 maxime
2526 3116 2654 3157 cum
2714 3099 3001 3156 Videamus
3068 3098 3217 3169 ipsos
3284 3112 3510 3167 quoque
3577 3087 3800 3154 nomos

537 3207 607 3263 ad
653 3221 718 3261 ea
765 3219 884 3275 quae
921 3201 1096 3258 Latini
1133 3201 1350 3269 dicunt,
1404 3201 1657 3257 relictam
1700 3205 2115 3274 reSponsionem

537 3299 724 3366 video,
755 3287 879 3354 eum
917 3297 1018 3367 ipsi
1053 3312 1276 3367 quoque
1306 3296 1513 3351 nullam
1544 3310 1666 3352 esse
1711 3297 2115 3369 judicaveritis,

540 3393 654 3448 imo
681 3406 811 3447 vero
838 3405 955 3445 rem
997 3390 1262 3458 puerilem
1291 3397 1349 3443 et
1382 3387 1612 3442 omnino
1643 3388 1957 3456 ridiculam,
1983 3408 2117 3447 con-

540 3485 788 3542 sulamus
821 3484 984 3540 nobis
1019 3482 1157 3549 ipsis
1187 3498 1311 3551 quae
1352 3481 1504 3537 utilia
1538 3492 1690 3548 sunt,
1729 3492 1785 3538 et
1827 3485 1971 3539 uniri
2017 3485 2122 3540 La-

542 3579 677 3634 tinis
727 3590 1020 3641 conemur,
1054 3575 1100 3630 si
1135 3590 1198 3630 ea
1235 3589 1357 3644 quae
1388 3575 1591 3646 placita
1632 3589 1764 3631 sunt
1790 3577 1904 3631 Deo
1937 3576 2118 3633 facere

551 3672 814 3726 velimus.
847 3668 958 3725 Aut
981 3667 1128 3723 enirn
1164 3683 1274 3722 non
1304 3668 1626 3739 aceeptandi
1660 3681 1789 3726 sunt
1818 3671 1994 3727 sancti
2024 3672 2121 3726 do-

541 3770 748 3826 ctores,
808 3774 912 3816 nec
961 3759 1126 3815 dictis
1174 3773 1372 3814 eorum
1437 3758 1906 3831 acquiescendom
1954 3779 1968 3817 :
2024 3772 2121 3817 aut

545 3853 866 3923 scoeptandi
907 3853 1156 3924 quidem,
1205 3860 1263 3908 et
1299 3853 1763 3919 acquiescendnm
1812 3854 1978 3911 dictis
2027 3872 2122 3913 eo-

543 3963 691 4013 rum,
722 3962 833 4002 non
869 3958 1053 4002 tamen
1091 3945 1398 4011 omnibus;
1443 3961 1570 4001 eum
1613 3947 1719 4017 ipsi
1752 3963 1971 4020 quoque
2005 3960 2121 4005 lan-

543 4052 712 4108 quam
760 4038 1014 4114 homines
1057 4037 1112 4093 in
1169 4037 1500 4107 quibusdam
1547 4052 1735 4093 errare
1785 4041 2117 4110 potuerint:

542 4138 640 4183 aut
667 4131 817 4199 quod
845 4129 1121 4198 reliquum
1153 4141 1208 4185 et
1239 4129 1464 4184 tertium
1498 4142 1605 4192 est,
1643 4146 1747 4186 nec
1792 4131 1847 4186 in
1880 4133 2122 4203 aliquem

544 4220 869 4276 inciderunt
897 4236 1172 4286 errorem,
1217 4231 1275 4276 et
1307 4222 1527 4277 cunctis
1558 4237 1752 4277 eorum
1787 4223 1976 4282 verbis
2027 4240 2122 4281 ac-

543 4313 982 4383 quiescendum;
1023 4314 1139 4369 hare
1188 4322 1394 4378 tamen,
1430 4330 1555 4386 quae
1607 4314 1793 4370 Latini
1840 4317 2120 4388 produxe-

543 4416 710 4476 runt,
780 4413 1042 4477 tanquam
1100 4407 1322 4463 illorum
1380 4418 1698 4464 sanctorum
1765 4411 2120 4478 testimonia,

2224 3199 2389 3255 etiam
2422 3195 2786 3264 antiquiores,
2833 3202 2888 3248 et
2933 3192 3030 3262 qui
3065 3191 3118 3246 in
3150 3191 3284 3260 ipsis
3315 3190 3611 3261 principiis
3641 3189 3801 3262 huius

2225 3290 2486 3346 acerrimi
2526 3287 2742 3343 dissidii
2779 3286 3028 3352 luerunt,
3066 3284 3341 3338 facientes"
3372 3283 3598 3351 quidem
3656 3299 3801 3338 men-

2228 3388 2436 3438 tionem
2507 3380 2904 3436 auctoritatum
2972 3379 3264 3432 doctorum
3335 3377 3794 3441 Occidentalium,

2229 3476 2367 3532 nihil
2427 3485 2610 3530 tamen
2663 3483 2859 3530 contra
2915 3487 3013 3527 eos
3049 3469 3315 3526 habentes
3357 3469 3505 3540 quod
3557 3473 3804 3528 dicerent

2227 3572 2440 3627 ratione
2472 3581 2722 3640 dignum.
2765 3568 2885 3636 Quo
2936 3568 3014 3633 ﬁt,
3058 3574 3118 3622 nt
3147 3566 3296 3620 nullo
3359 3565 3526 3619 modo
3557 3567 3686 3635 quis
3718 3583 3806 3620 eas

2228 3673 2421 3734 putare
2454 3663 2656 3718 debeat
2689 3672 2979 3730 corruptas
3028 3659 3218 3724 fuisse,
3260 3658 3537 3727 siquidem
3585 3659 3640 3713 in
3690 3660 3804 3727 ipso

2226 3759 2394 3810 etiam
2428 3754 2805 3809 contentionis
2853 3751 3130 3822 principio
3173 3751 3367 3805 eodem
3404 3751 3572 3806 modo
3615 3752 3804 3807 inscri-

2229 3863 2381 3923 ptum
2436 3849 2595 3905 libris
2649 3858 2798 3914 erat;
2860 3847 3206 3917 potissimum
3247 3860 3372 3900 cum
3431 3861 3534 3901 nec
3593 3854 3809 3904 exstent

2231 3945 2376 4016 apud
2409 3960 2509 3999 nos
2554 3944 2659 3998 alia
2714 3958 2907 3998 eorum
2943 3942 3232 3996 doctorum
3260 3940 3498 4010 antiqua
3525 3942 3803 3996 volumina

2228 4039 2415 4109 lingua
2447 4036 2641 4092 Latina
2693 4036 2919 4106 scripta,
2972 4035 3038 4089 ad
3090 4050 3231 4104 quae.
3267 4035 3409 4089 facta
3443 4039 3802 4104 comparatio~

2227 4147 2322 4196 nc,
2354 4145 2639 4201 possemus
2667 4129 3084 4199 deprehendere
3134 4143 3329 4184 eorum
3363 4131 3804 4198 corruptionem.

2229 4225 2362 4293 Quae
2389 4224 2574 4280 omnia
2611 4239 2735 4279 cum
2768 4223 3277 4278 animadvertamus
3319 4232 3377 4277 et
3409 4232 3595 4278 mente
3652 4238 3808 4294 repe‘

2233 4326 2435 4382 tamus,
2464 4331 2572 4369 non
2602 4315 2870 4385 eligamus
2902 4329 3026 4384 qua:
3070 4312 3257 4384 pejora
3291 4321 3442 4379 sunt,
3481 4329 3584 4369 nec
3615 4324 3803 4370 contra

2232 4428 2332 4467 nos
2366 4412 2516 4482 ipsos
2564 4409 2894 4464 sententiam
2946 4408 3227 4473 feramus;
3264 4407 3506 4462 nolimus
3559 4425 3665 4465 nec
3709 4425 3804 4464 nos

547 4512 660 4553 non
688 4512 759 4553 ex
786 4514 980 4555 eorum
1029 4509 1215 4555 mente.
1250 4501 1584 4571 procedunt,
1627 4516 1731 4558 nec
1765 4517 1961 4560 eorum
1994 4520 2125 4561 sen-
2153 4510 2201 4566 ι)
2231 4505 2404 4576 ipsos,
2441 4519 2545 4558 nec
2590 4502 2875 4557 nationem
2915 4510 3159 4557 nostram
3191 4500 3448 4571 prodere,
3479 4502 3659 4571 primo
3687 4505 3804 4572 qui-

548 4589 740 4645 tentiae
786 4600 939 4658 sunt,
970 4592 1068 4647 sed
1098 4589 1423 4648 Latinorum
1463 4593 1663 4648 horum
1714 4595 1992 4660 ﬁctiones,
2025 4597 2128 4652 sd-

548 4680 792 4738 ditinnes
831 4693 886 4737 et
936 4683 1335 4755 appositiones,
1397 4700 1562 4740 manu
1613 4695 1911 4759 menteque
1947 4687 2126 4742 aliena

547 4773 706 4829 libris
736 4785 1061 4832 sanctorum
1120 4776 1413 4848 inscripta.
1445 4777 1515 4833 At
1549 4781 1854 4848 primorum
1890 4778 2127 4833 duorum

550 4876 809 4921 neutrum
838 4880 992 4924 certe
1043 4870 1188 4937 scio,
1216 4887 1319 4926 nec
1357 4885 1453 4926 vos
1492 4870 1838 4942 approbatis,
1869 4872 1974 4927 nisi
2002 4874 2130 4942 quis

549 4959 736 5014 omnia
772 4959 900 5016 ﬁdei
950 4972 1152 5017 nostrae
1200 4964 1882 5037 iundamentahEcclcsite
1927 4976 2131 5037 myste-

556 5007 736 5014 -___-_
772 5007 900 5016 ---_.
950 5007 1152 5017 ..--.._.
1200 5007 1554 5019 .-..,......ν.....
1621 5007 1882 5020 ..νωυυηυ
1927 5007 2119 5037 ...νην

553 5052 657 5114 ria,
683 5061 740 5107 ct
768 5067 989 5109 omnem
1024 5056 1312 5113 veritatem
1343 5007 1809 5115 everter’e.velit:
1851 5059 2127 5131 reliquum

551 5160 687 5201 vero
745 5155 801 5202 et
849 5147 1070 5202 tertium
1130 5150 1419 5205 manifesta
1465 5151 1733 5215 stultitia,
1781 5146 2154 5222 apertissima

551 5238 772 5309 ignavia
805 5249 908 5306 est,
941 5241 987 5295 si
1033 5249 1113 5294 tot
1159 5257 1352 5298 eorum
1383 5243 1574 5309 libros,
1620 5255 1700 5300 tot
1740 5259 1934 5300 eorum
1965 5261 2131 5315 opera

551 5332 861 5395 doctorum,
893 5341 974 5385 tot
1003 5345 1193 5386 eorum
1240 5337 1475 5400 latiores,
1520 5345 1598 5389 tot
1629 5336 1933 5403 volumina,
1988 5354 2130 5408 prae-

554 5423 748 5476 sertim
784 5426 1173 5493 antiquissima
1229 5443 1392 5481 manu
1445 5429 1707 5483 nonnulla
1762 5444 1956 5485 eorum
1993 5446 2131 5485 con-

553 5517 787 5586 scripta,
833 5526 891 5574 et.
924 5533 1023 5588 per
1052 5528 1228 5573 totum
1259 5522 1448 5576 orbem
1495 5533 1770 5576 terrarum
1817 5539 2031 5593 sparsa,
2059 5533 2133 5591 et

554 5607 941 5677 multiplicata,
979 5626 1079 5679 per
1122 5611 1302 5682 ipsum
1342 5612 1472 5668 item
1501 5615 1851 5684 sequentium
1885 5614 1954 5670 a‘d
1992 5630 2131 5686 prte-

553 5700 804 5755 eedentia
836 5716 1150 5758 connexum
1180 5715 1239 5762 et
1264 5708 1735 5773 convenientiam,
1771 5709 1945 5779 ipsam
1983 5687 2132 5764 veri-

557 5802 724 5848 tatem
779 5793 901 5851 luce
948 5795 1155 5852 clarius
1194 5799 1591 5871 ostendentia,
1635 5801 1933 5857 temerario
1985 5815 2125 5858 ausu

2232 4600 2355 4655 dem
2394 4604 2724 4669 avertentes-
2751 4610 2783 4651 a
2822 4594 3074 4660 veritate,
3143 4603 3199 4649 et
3233 4593 3448 4660 oculos,
3483 4609 3557 4649 ne
3586 4595 3804 4650 videant

2229 4691 2442 4756 lumen,
2478 4688 2843 4753 claudentes;
2872 4684 3075 4742 deinde
3108 4687 3332 4758 ipsimet
3359 4688 3583 4758 propria
3608 4696 3803 4759 sponte

2229 4792 2424 4839 contra
2471 4795 2574 4837 nos
2611 4782 2765 4851 ipsos
2792 4793 2964 4835 omne
3013 4794 3189 4850 genus
3219 4780 3494 4834 malorum
3528 4795 3803 4838 accumu-

2232 4877 2431 4939 lantes,
2466 4882 2524 4929 et
2573 4858 2959 4947 multipliciter
3006 4879 3177 4926 totam
3229 4881 3476 4941 nostram
3522 4872 3793 4929 nationem

2232 4967 2596 5023 otl’endcntes.
2630 4965 2767 5032 Quis
2791 4963 2939 5019 enim
2971 4947 3213 5034 ignorat,
3243 4980 3366 5034 qua:
3394 4966 3562 5019 etiam
3587 4975 3800 5035 tempo-

2233 5062 2366 5116 ralia
2405 5060 2548 5114 mala
2603 5073 2674 5114 ex
2725 5058 2832 5112 hac
2880 5057 3155 5112 divisione
3187 5072 3290 5113 nos
3325 5066 3588 5113 secutura
3635 5057 3804 5113 sunt?

2233 5167 2357 5223 quae
2407 5150 2747 5207 infortunia?
2775 5136 3033 5224 Quodque
3081 5164 3433 5206 communem
3486 5151 3695 5206 hostem
3748 5161 3800 5206 et

2238 5245 2530 5302 inimicum
2575 5243 2734 5300 nobis
2762 5243 3068 5302 Turcarum
3103 5243 3408 5318 principem
3438 5245 3796 5304 robustiorem

2235 5348 2429 5393 contra
2463 5351 2566 5391 nos
2618 5337 2768 5407 ipsos
2816 5335 3124 5391 etiieimus‘!
3163 5339 3218 5392 in
3257 5338 3616 5408 periculoque
3651 5347 3796 5398 sunt,

2240 5441 2297 5485 ut
2325 5430 2552 5485 omnino
2583 5429 2696 5485 fere
2727 5441 2958 5501 pereant
2987 5429 3311 5501 quicunque
3349 5433 3520 5488 ritum
3551 5439 3794 5485 nostrum

2238 5535 2553 5593 sequuntur
2583 5522 2909 5590 Christiani,
2943 5537 3258 5595 nomenque
3284 5521 3490 5580 Christi
3527 5523 3639 5580 illic
3671 5531 3802 5577 tota-

2235 5619 2366 5674 liter
2402 5616 2676 5671 deleatur.
2727 5613 2796 5670 Et
2844 5630 3282 5684 enumerassem,
3332 5626 3390 5673 et
3429 5616 3796 5689 deplorassem

2237 5721 2432 5762 omnes
2463 5706 2874 5777 particularins,
2907 5722 3030 5777 qua:
3063 5707 3263 5764 futurae
3290 5717 3420 5766 sunt
3460 5707 3666 5764 nationi
3703 5722 3797 5762 no-

2237 5809 2366 5858 strae
2394 5799 2759 5867 calamitates,
2809 5814 2932 5870 quae
2962 5799 3179 5858 cunctis
3209 5802 3415 5858 nostris
3458 5798 3786 5870 hominibus
