4064 6148
473 284 580 350 813

1457 284 1742 351 ORATIO
1786 281 2231 351 ΒΟΟΜΑΊῚΟΑ
2274 290 2425 351 PllO
2470 288 2770 352 UNIONE

3638 283 3757 360 ως

472 408 629 482 deus,
691 421 758 461 eu
809 408 939 478 quia
982 405 1049 463 ad
1100 394 1321 464 Graecos
1366 405 1659 478 iequebar,
1716 409 1916 479 quibus
1964 408 2055 463 illa
2091 419 2131 473 Α
2165 425 2319 465 rores
2346 411 2492 465 illius
2516 384 2983 478 auatbematizat‘;
3010 420 3244 481 quorum
3284 413 3337 466 in
3365 424 3517 467 nunc
3548 424 3743 469 contra

473 514 598 555 nota
629 510 831 555 erant:
880 498 1196 565 sciendum,
1232 499 1382 570 quod
1418 514 1543 555 cum
1576 499 1834 555 doctores
1865 500 2057 558 dicant

474 591 742 666 Spiritum
796 605 1046 652 sanctum
1078 610 1144 650 ex
1189 594 1349 651 Patre
1384 608 1484 665 per
1518 593 1718 651 Filium
1753 596 2055 665 procedere

468 686 559 741 vel
589 685 893 758 proﬂuere,
935 696 992 743 et
1039 696 1239 743 caetera
1269 686 1508 755 similia;
1538 695 1595 742 et
1621 698 1690 742 ex
1741 684 1847 743 hoc
1889 688 2058 758 appa-

472 787 591 837 reat
643 779 849 835 Filium
901 794 1124 852 quoque
1186 778 1436 850 Spiritus
1502 778 1842 851 principium
1896 796 2054 847 esse,

468 872 621 945 quod
669 881 864 930 contra
902 887 1002 930 eos
1043 872 1213 941 facit;
1263 873 1351 930 his
1401 882 1643 944 quatuor
1694 872 2057 930 evasionibus

467 969 616 1027 banc
641 969 939 1025 veritatem
971 966 1213 1022 evadere
1235 975 1528 1022 conantur.
1568 965 1755 1040 Primo
1786 982 2053 1037 namque,

467 1077 596 1120 cum
632 1062 923 1120 rarissime
948 1063 1142 1119 dicant
1169 1061 1456 1125 doctores,
1486 1058 1758 1132 Spiritum
1800 1069 2055 1117 sanctum

467 1172 536 1213 ex
594 1157 758 1213 Patre
815 1170 916 1227 per
962 1154 1164 1210 Filium
1204 1154 1525 1223 procedere,
1569 1153 1874 1238 saepissime
1925 1167 2056 1208 vero

456 1249 640 1313 mitti,
679 1248 983 1319 proﬂuere,
1018 1246 1265 1318 prodire,
1300 1262 1583 1312 emanare,
1615 1245 1912 1311 scaturire,
1943 1245 2083 1318 ori-p

467 1341 538 1403 ri.
584 1350 641 1397 et
685 1338 1036 1415 hujus-nodi,
1065 1335 1319 1396 iecerunt
1367 1338 1475 1396 sibi
1509 1338 1652 1397 hanc
1682 1338 2056 1395 voluntariam

466 1434 908 1497 distinctionem,
964 1430 1117 1502 quod
1159 1430 1420 1488 videiicet
1475 1430 1706 1488 verbum
1752 1432 2055 1503 procedere

464 1529 740 1583 duntaxat
783 1525 1125 1597 signiﬁcaret
1165 1524 1568 1598 hypostaticam
1599 1532 1656 1579 et
1703 1524 2052 1595 personalem

464 1620 706 1690 Spiritus
735 1618 917 1676 sancti
945 1616 1356 1674 emanationem
1388 1637 1402 1671 :
1433 1626 1637 1675 caetera
1695 1631 1832 1677 vero
1887 1629 2057 1674 voca-

466 1698 617 1779 bula,
659 1710 1060 1768 charismatum
1106 1720 1164 1765 et
1214 1710 1492 1767 donorum
1525 1710 1779 1780 ejusdem
1832 1713 1888 1766 in
1951 1724 2054 1766 nos

2162 500 2401 558 Nestorii
2454 501 2741 567 errorem,
2782 502 2875 572 qui
2940 502 3354 571 biaSpltemabat
3409 502 3607 559 Filium
3649 505 3742 561 Dei

2160 608 2359 664 purum
2415 594 2694 651 hominem
2729 608 2872 655 esse,
2932 594 3173 663 Spiritus
3208 595 3381 652 sancti
3420 597 3595 668 gratia
3647 614 3747 670 per

2160 688 2642 758 participationem
2693 687 3135 754 sanctiﬁcatum;
3170 687 3317 742 idem
3368 697 3592 744 sanctus
3635 688 3743 759 Cy-

2160 782 2317 838 rillus
2361 781 2623 851 Spiritum
2682 793 2931 837 sanctum
2995 780 3260 851 Spiritum
3322 779 3445 836 Filii
3494 790 3550 836 et
3617 798 3744 851 pro-

2163 873 2341 943 prium
2380 872 2505 929 Filii
2540 887 2661 929 esse
2710 873 2866 928 dicit.
2906 873 3035 929 Post
3078 876 3191 929 haec
3233 872 3457 944 quidam
3492 872 3749 928 Theodo-

2162 972 2317 1018 retus
2345 961 2471 1033 Cyri
2526 962 2845 1032 episcopus,
2882 953 2965 1016 vir
3013 962 3236 1032 quidem
3286 962 3743 1026 litteratissimus,

2161 1054 2415 1111 humana:
2453 1067 2637 1112 tamen
2680 1053 2964 1125 fragilitati
3015 1057 3315 1128 subjectus,
3346 1057 3746 1128 superveniens

2163 1146 2217 1200 in
2280 1146 2546 1217 synodum
2621 1159 2746 1199 sero
2818 1160 2944 1200 cum
3025 1145 3338 1215 patriarcha
3401 1147 3746 1204 Antiochenu

2157 1239 2390 1305 Joanne,
2423 1256 2548 1297 cum
2592 1241 2930 1310 reperissent
2974 1240 3088 1313 jam
3116 1241 3432 1298 Nestorium
3478 1243 3744 1298 condem-

2158 1343 2371 1413 natum,
2425 1344 2482 1391 et
2541 1345 2639 1405 pro
2673 1334 2965 1391 demeritis
3024 1334 3143 1392 suis
3200 1335 3341 1413 sede.
3386 1337 3742 1407 patriarcltali

2116 1442 2119 1445 ·
2159 1412 2776 1499 Constantinopolitana
2816 1429 3115 1500 privatum,
3159 1428 3424 1503 indignati
3468 1432 3631 1502 .qnod
3662 1433 3746 1489 eis

2158 1538 2271 1580 non
2325 1524 2653 1594 exspectatis
2705 1524 3030 1580 conclusum
3100 1524 3312 1593 fuerat,
3368 1525 3742 1584 defensionem

2155 1613 2393 1673 Nestorii
2433 1624 2819 1687 susceperunt.
2845 1612 3228 1674 Theodoretus
3257 1620 3446 1689 igitur,
3481 1627 3741 1690 tanquam

2156 1707 2241 1764 vir
2262 1707 2616 1765 doctissimus
2640 1750 2655 1774 ,
2694 1718 2887 1765 contra
2912 1708 3203 1765 duodecim
3241 1710 3744 1768 Anathematismos

463 1803 944 1870 distributionem,
992 1812 1046 1857 et
1094 1802 1566 1872 temporalem‘in
1613 1803 1880 1858 mundum
1932 1803 2055 1875 ejus
2089 1824 2129 1878 η
2159 1799 2349 1875 Cyrilii
2398 1800 2506 1871 alia
2561 1801 2856 1859 duodecim
2899 1802 3135 1873 capitula
3164 1802 3377 1871 edidit;
3415 1819 3652 1875 quorum
3685 1809 3739 1862 iu

463 1897 808 1970 missionem,
859 1910 1023 1966 quam
1070 1895 1239 1949 etiam
1291 1909 1389 1964 per
1421 1891 1623 1949 Filium
1675 1894 1795 1952 ﬁeri
1847 1910 2049 1953 conce‘

462 1990 620 2047 dunt.
655 1988 919 2045 Secundo
952 1988 1167 2053 dicunt,
1203 1986 1351 2058 quod
1385 1985 1514 2043 ideo
1550 1986 1761 2043 dicitur
1789 2004 1856 2045 ex
1887 1988 2049 2045 Patre

464 2097 561 2153 per
589 2080 810 2146 Filium,
849 2097 958 2138 non
990 2081 1125 2152 quia
1160 2070 1333 2137 Filius
1372 2089 1460 2138 est
1498 2072 1835 2154 principium
1873 2082 2051 2154 Spiri-

464 2184 553 2231 tus
594 2174 795 2238 sancti,
834 2173 933 2230 sed
960 2175 1092 2244 quia
1126 2174 1293 2229 Pater
1318 2181 1374 2231 et
1421 2172 1597 2228 Filius
1644 2182 1775 2228 sunt
1822 2175 2048 2230 nomina

464 2267 729 2335 relative;
759 2267 997 2322 alterum
1020 2282 1155 2322 vero
1185 2265 1543 2322 relativorum
1569 2281 1680 2323 non
1709 2276 1892 2338 potest
1914 2267 2045 2331 dzci,

461 2361 596 2431 quin
632 2362 973 2432 intelligatur
1010 2360 1275 2427 alterum;
1313 2360 1438 2416 ideo
1470 2360 1727 2429 dicendo,
1765 2361 1842 2417 Ex
1864 2362 2048 2427 Patre,

461 2471 687 2515 necesse
732 2467 819 2511 εει
865 2456 1031 2511 etiam
1086 2454 1284 2511 Filium
1334 2454 1629 2525 nominare
1675 2466 1904 2527 propter
1939 2456 2046 2509 vim

462 2549 639 2619 ipsius
657 2548 968 2603 relationis.
1005 2546 1219 2611 Tertio,
1260 2546 1903 2603 consubstantialitatem
1946 2545 2053 2601 Pa-

463 2645 565 2699 tris
612 2652 668 2698 et
713 2640 836 2696 Filii
884 2654 1107 2698 causam
1143 2653 1268 2696 esse
1320 2639 1503 2705 aiunt,
1550 2649 1612 2694 ut
1656 2654 1724 2695 ex
1756 2638 1917 2696 Patre
1951 2656 2047 2710 per

460 2735 658 2791 Filium
694 2732 938 2803 Spiritus
979 2746 1104 2786 esse
1153 2731 1409 2786 dicatur:
1447 2744 1575 2786 cum
1603 2731 1752 2786 enim
1795 2729 2045 2800 ejusdem

458 2827 780 2883 substantia:
814 2823 1138 2897 sintPater
1188 2833 1244 2879 et
1284 2822 1484 2889 Filius,
1530 2824 1870 2889 necessario,
1920 2841 2045 2879 eum

459 2919 664 2974 dicitur
710 2912 776 2972 ex
822 2916 1007 2981 Patre,
1070 2924 1292 2988 Oportet
1340 2925 1404 2973 ut
1472 2914 1691 2971 dicatur
1749 2915 1916 2971 etiam
1979 2930 2047 2970 ex

456 3011 622 3067 Filio.
650 3012 884 3080 Quarto,
913 3009 1044 3083 quia
1084 3024 1512 3080 nonnunquam,
1542 3009 1826 3065 rarissime
1859 3021 1986 3064 tami
2008 3026 2041 3061 η

458 3118 513 3161 et
544 3104 689 3177 apud
744 3112 961 3175 poetas,
1003 3101 1211 3175 quibus
1246 3103 1318 3156 ob
1349 3101 1664 3183 angustiam
1720 3101 1883 3156 metri
1914 3088 2045 3156 licet

2159 1909 2329 1961 nono,
2372 1895 2462 1951 ubi
2491 1904 2715 1967 sanctus
2747 1896 2990 1968 Cyrinus
3018 1897 3285 1968 Spiritum
3315 1908 3565 1955 sanetum
3592 1900 3741 1961 Filii.

2157 1998 2213 2044 et
2248 1988 2526 2061 proprium
2573 1988 2722 2053 Filii,
2766 1990 2902 2045 dicit
2925 2005 3072 2054 esse,
3109 1992 3192 2047 his
3222 1992 3405 2048 verbis
3432 1994 3545 2049 ait:
3583 1992 3740 2061 Quod

2156 2082 2201 2137 si
2229 2080 2467 2152 Cyrillus
2505 2080 2770 2154 Spiritum
2802 2093 3053 2139 sanctum
3088 2084 3375 2155 proprium
3409 2084 3533 2141 Filii
3566 2086 3726 2149 dicit,

2160 2183 2419 2245 tanquam
2463 2175 2992 2231 consubstantialem
3020 2176 3092 2241 ei,
3141 2176 3247 2231 hoc
3286 2191 3418 2234 vero
3480 2188 3736 2248 accepta-

2160 2281 2331 2331 mus,:‘
2371 2266 2516 2339 quod
2561 2271 2608 2325 si
2647 2279 2906 2341 tanquam
2950 2286 3018 2327 ex
3075 2272 3235 2334 Filio.
3272 2272 3355 2328 vel
3412 2287 3506 2342 per
3539 2273 3737 2329 Fiiium

2157 2371 2362 2431 esseet
2409 2363 2788 2419 exsistentiam
2848 2364 3165 2432 habentem,
3224 2364 3332 2421 hoc
3371 2375 3433 2421 ut
3476 2366 3735 2437 blasphe-

2157 2456 2321 2510 miam
2350 2454 2622 2525 ejicimus.
2666 2455 2749 2509 Ad
2782 2457 2896 2511 haec
2941 2464 3115 2511 totum
3164 2456 3566 2513 tecumeuicum
3601 2460 3754 2513 con-'

2156 2548 2342 2603 cilium
2373 2548 2593 2604 tertium
2619 2548 2808 2616 tacuit,
2842 2564 2942 2605 nec
2973 2547 3278 2619 increpavit
3324 2549 3731 2607 'l‘hcodoretum

2158 2650 2419 2711 tauquam
2475 2641 2943 2700 maledicentem:
3002 2641 3239 2715 Cyr-illus
3296 2655 3478 2699 tamen
3533 2643 3604 2700 ad
3665 2660 3731 2700 ea

2157 2733 2460 2801 respondit,
2515 2735 2811 2809 omniaque
2837 2748 2937 2789 sua
2976 2734 3214 2805 capitula
3256 2735 3381 2793 aliis
3441 2735 3732 2793 duodecim

2156 2814 2630 2897 nevis'capitulis
2671 2827 2743 2884 ita
2798 2826 2981 2883 denuo
3032 2827 3261 2899 exponit
3287 2830 3319 2893 ,κ
3341 2838 3401 2883 ut
3461 2820 3735 2885 sontentiai

2156 2919 2293 2991 ejus,
2324 2920 2425 2975 etsi
2464 2935 2573 2975 non
2606 2919 2771 2975 nimis
2796 2920 3003 2989 apertis
3026 2920 3383 2987 verbis,clare
3418 2929 3601 2979 tamen
3632 2938 3734 2994 pro

2158 3013 2460 3068 nobis'esse
2484 3024 2767 3084 appareat.
2805 3014 2921 3069 Hoc
2951 3015 3185 3069 maxime
3207 3013 3429 3072 Graecos
3467 3016 3749 3077 oblectat,

2157 3105 2212 3161 in
2247 3105 2354 3161 hoc
2384 3104 2732 3175 potiSsimum
2769 3105 3077 3172 contidunt,
3122 3111 3225 3163 hoc
3270 3122 3369 3177 pro
3412 3109 3651 3164 maximo
3677 3122 3736 3164 ct

459 3198 834 3272 metaphorice
871 3207 935 3254 et
958 3198 1189 3253 abusive
1218 3195 1505 3253 vocabulis
1536 3196 1639 3262 uti,
1682 3195 2037 3266 praepositio‘
2067 3209 2113 3268 ο
2146 3188 2426 3255 insolubili
2456 3209 2782 3270 argumento
2822 3209 3045 3271 putant,
3078 3200 3226 3271 quod
3261 3198 3608 3260 'l‘heodorete
3639 3220 3735 3259 nc-

458 3308 580 3361 nem
629 3307 725 3363 per
776 3289 1073 3362 aliquando
1124 3298 1454 3359 repererunt
1518 3288 1664 3345 idem
1728 3287 2045 3360 signiﬁcare

456 3386 603 3458 quod
648 3384 962 3457 praepositio
996 3398 1161 3449 cum;
1218 3384 1435 3442 dicunt.
1462 3380 1733 3453 Spiritum
1777 3390 2031 3454 sanctum

457 3480 583 3535 ideo
616 3476 728 3532 dici
759 3492 827 3531 ex
872 3476 1035 3531 Patre
1067 3490 1165 3545 per
1195 3473 1398 3529 Filium
1436 3472 1765 3543 procedere,
1808 3472 2041 3543 quiane:

456 3572 618 3629 Patre
650 3586 779 3626 cum
818 3567 959 3625 Filio
989 3566 1156 3623 simul
1187 3565 1481 3639 procedit:
1514 3576 1570 3621 et
1596 3566 1681 3621 his
1714 3566 1893 3623 modis
1922 3579 2043 3621 om-

457 3680 560 3723 nes
609 3665 731 3721 illas
779 3664 1141 3720 auctoritates
1182 3668 1496 3731 exponunt,
1542 3659 1661 3716 sive
1694 3666 2041 3731 pervertunt.

462 3758 588 3815 Hatc
617 3754 720 3815 nos
746 3773 813 3814 ex
854 3758 1089 3828 ipsamet
1149 3755 1545 3810 aucloritalum
1573 3753 1847 3809 sententia
1870 3761 1927 3808 et
1950 3766 2044 3806 ra-

462 3852 708 3910 tionibus
755 3850 1064 3907 verissimis
1100 3846 1539 3909 cnnfutavimus.
1589 3846 1894 3916 probantes
1928 3847 2044 3901 hac

458 3962 571 4004 non
621 3960 784 4018 posse
830 3943 1154 4009 consistere,
1192 3958 1293 3998 uec
1339 3938 1701 4012 opinionibus
1749 3946 1809 3994 et
1860 3937 2064 4016 verbis

459 4049 777 4096 sanctorum
842 4038 1133 4094 doctorum
1181 4036 1484 4091 convenire
1515 4074 1532 4101 ,
1592 4043 1760 4104 prout
1799 4046 1865 4086 ex
1907 4031 2043 4101 ipsis

457 4134 657 4204 verbis
693 4131 899 4189 clarius
963 4131 1201 4185 videtur.
1274 4128 1547 4184 Pra:terea
1593 4124 1881 4181 sciendum
1929 4133 2040 4189 est,

456 4230 603 4300 quod
637 4230 692 4286 in
723 4228 889 4287 tertio
926 4226 1275 4285 mcumenieo
1295 4224 1534 4283 concilio
1563 4220 2044 4291 sa‘nctusCyrillus

456 4335 651 4382 contra
678 4322 998 4381 Nestorium
1020 4333 1076 4377 et
1125 4323 1248 4393 ejus
1281 4318 1535 4377 haeresim
1566 4315 1715 4375 inter
1740 4315 1847 4371 alia
1871 4314 2043 4369 multa

457 4433 578 4489 qua
606 4419 1017 4491 sapientissime
1061 4415 1310 4489 scripsit,
1337 4413 1633 4470 duodecim
1675 4408 1847 4467 etiam
1891 4407 2044 4477 capi-

461 4509 573 4567 tula
615 4511 795 4569 edidit
852 4521 1049 4571 contra
1099 4508 1392 4566 haereticos
1452 4504 1692 4563 Nestorii
1751 4501 2038 4568 articulos,

460 4618 579 4674 qua
610 4604 1117 4662 Anathematismos
1140 4600 1459 4676 appellavit,
1495 4614 1563 4654 eo
1590 4595 1737 4669 quod
1771 4597 1823 4649 in
1846 4595 1927 4649 eis
1953 4610 2044 4649 er-

2155 3302 2317 3366 gante
2344 3293 2605 3364 Spiritum
2624 3309 2693 3349 ex
2721 3294 2883 3360 Filio,
2912 3296 2995 3351 vel
3029 3310 3126 3368 per
3152 3296 3350 3352 Filium
3388 3296 3590 3354 habere
3608 3314 3736 3354 esse
3763 3349 3766 3353 .

2152 3397 2207 3439 et
2261 3385 2693 3455 subsistentiam,
2742 3387 3041 3443 concilium
3091 3394 3267 3446 totum
3332 3390 3588 3453 tacuerit,
3630 3406 3735 3446 nec

2151 3492 2279 3531 cum
2341 3477 2612 3534 mendacii
2666 3489 2723 3533 et
2782 3480 2992 3536 erroris
3054 3481 3441 3552 redarguerit;
3495 3480 3734 3554 Cyrillus

2153 3585 2371 3642 quoque
2396 3582 2508 3627 non
2532 3574 2606 3628 ita
2634 3584 2844 3643 aperte,
2870 3583 2930 3630 ut
2955 3585 3170 3647 putant.
3196 3576 3544 3648 responderit
3568 3594 3583 3645 ;
3605 3593 3732 3632 cum

2152 3673 2335 3720 tamen
2368 3669 2547 3722 sciant
2592 3666 2999 3723 Theodoretum
3060 3681 3351 3740 propterea
3399 3669 3736 3725 condemna-

2153 3768 2292 3823 tum,
2327 3766 2382 3813 et
2417 3760 2485 3814 ab
2531 3759 2774 3814 Ecclesia
2823 3760 3010 3815 multis
3034 3760 3237 3816 abhinc
3264 3760 3428 3815 annis
3489 3762 3728 3829 ejectum

2152 3855 2341 3913 fuisse.
2373 3852 2454 3909 Ad
2490 3854 2605 3909 haec
2649 3855 2812 3925 igitur
2865 3863 3124 3925 tanquam
3159 3854 3448 3910 notissima
3503 3856 3731 3919 Graecis,

2154 3962 2262 4002 non
2317 3959 2382 3999 ea
2408 3945 2575 4008 latius
2611 3942 2957 4015 explicando,
2994 3952 3055 3998 ut
3090 3944 3144 3999 in
3176 3945 3432 4014 oratione
3485 3946 3728 4010 videtur,

2151 4037 2537 4107 respondetur.
2567 4035 2671 4092 Sed
2712 4051 2875 4091 nemo
2903 4036 2973 4090 de
3010 4036 3359 4093 Theudoreto
3379 4039 3504 4094 viro
3526 4037 3734 4095 doctis-

2152 4128 2293 4182 simo
2335 4128 2551 4193 doleat;
2596 4144 2755 4182 suum
2795 4130 2944 4183 enim
2996 4129 3316 4199 recognovit
3352 4144 3623 4195 errorem,
3675 4144 3731 4187 et

2153 4221 2206 4275 in
2246 4232 2444 4291 quarto
2470 4219 2904 4283 Chalcedonensi
2959 4220 3196 4292 generali
3248 4221 3484 4278 concilio
3519 4224 3733 4296 (super-

2152 4314 2291 4369 vixit
2344 4329 2580 4385 namque
2615 4315 2681 4369 ad
2731 4307 2863 4368 illud
2897 4329 3070 4386 usque
3104 4313 3342 4386 tempus)
3372 4314 3549 4385 palam
3598 4317 3727 4393 eum

2152 4392 2473 4475 confessus,
2528 4424 2559 4462 a
2614 4416 2798 4463 sancta
2851 4408 3097 4480 synodo,
3158 4418 3419 4481 tanquam
3482 4412 3722 4466 honora-

2150 4501 2263 4563 bile
2306 4500 2611 4555 membrum
2666 4498 2945 4567 Ecclesize,
3000 4511 3289 4572 susceptus
3334 4514 3389 4555 et
3436 4502 3726 4558 restitutus

2158 4592 2285 4647 fuit.
