4108 6142
394 292 508 363 615

1592 464 1847 472 m

1369 298 1879 363 BESSARIONIS
1920 304 1977 367 S.
2021 303 2094 367 Ii.
2130 304 2195 368 Ε.
2243 303 2723 373 CARDlN/tlJS.

3553 301 3656 383 'lilli

1853 464 2185 474 W—

1340 645 2550 825 BESSARION
2558 651 2754 826 IS

1138 972 2169 1094 CARDlNALlS
2305 973 2949 1091 NlC/ENI

1859 1212 2220 1278 MONODIA

792 1378 918 1489 tu
998 1398 1376 1494 OBITU
1458 1401 2076 1494 MANUELIS
2153 1396 2877 1504 PALIEOLOGI
2966 1399 3220 1493 lMP.

408 1596 632 1662 (Nicolao
667 1594 889 1660 Perotto,
923 1594 1295 1675 archiepiscopo
1338 1594 1599 1657 Sipontino
1632 1594 1927 1705 interﬁt-etc.-
1959 1594 2102 1658 Apud
2137 1594 2364 1666 Bzovium
2396 1592 2594 1646 Contiu.
2620 1594 2797 1646 Annal.
2828 1592 3038 1661 Baron.,
3072 1596 3135 1650 sd
3165 1611 3245 1647 an.
3288 1593 3426 1658 ιω,
3452 1609 3507 1651 n.
3547 1597 3673 1661 LVI,

1232 1665 1402 1705 (mace
1436 1664 1607 1705 exstat
1641 1671 1687 1704 in
1714 1658 1759 1705 bl
1802 1658 2013 1705 lmtheea
2048 1658 2100 1705 S.
2138 1656 2286 1705 Marci
2321 1658 2533 1705 Veneta.
2558 1656 2665 1705 eod.
2701 1658 2839 1705 535.t

1232 1658 1402 1710 Graece
1436 1664 1607 1707 exstat
1641 1658 1687 1704 in
1714 1658 1759 1706 bi

1982 1824 2060 1841 ψ

1802 1655 2015 1707 lietheca
2048 1658 2100 1707 S.
2138 1655 2286 1707 Marci
2321 1658 2533 1720 Veneta,
2558 1656 2665 1709 cod.
2701 1658 2839 1725 535.)

479 1959 535 2013 Si
564 1959 696 2012 flere
721 1958 886 2012 etiam
929 1953 1226 2026 aiiquaudo
1252 1953 1333 2009 fas
1358 1962 1445 2008 est
1466 1996 1482 2020 ,
1528 1956 1584 2007 et
1618 1963 1858 2006 amaram
1889 1967 1982 2007 so-
2012 1958 2056 2014 Α
2090 1962 2142 2007 te
2175 1951 2298 2007 vita:
2334 1954 2659 2031 jttcunditas
2710 1963 2911 2026 potest,
2941 1955 3040 2015 vel
3075 1959 3259 2030 potius
3285 1960 3566 2031 quomodo
3589 1962 3672 2018 vi-

404 2053 660 2108 cietatcm
691 2052 1034 2106 constituere
1074 2059 1274 2105 cautus
1301 2057 1470 2116 atque
1496 2046 1725 2114 doloris,
1766 2062 1876 2099 non
1909 2046 1988 2099 vi—

407 2148 509 2201 deo
559 2146 703 2214 quod
763 2156 983 2215 tempus
1018 2142 1146 2197 huic
1197 2140 1275 2196 rei
1326 2140 1736 2195 accommodari
1790 2139 1987 2195 melius

406 2241 612 2309 possit,
672 2254 835 2308 quam
892 2252 1156 2307 prmeens,
1210 2236 1263 2289 in
1315 2251 1425 2303 quo
1464 2232 1735 2303 quidquid
1777 2232 1986 2304 gaudii,

402 2334 604 2390 notitia:
658 2347 718 2384 ac
753 2330 1050 2398 toluptatis
1088 2338 1229 2393 erat,
1265 2327 1544 2381 sublatum
1582 2336 1746 2395 atque
1777 2326 1987 2379 exstin-

404 2436 550 2482 ctum
583 2435 686 2489 est,
755 2431 811 2478 et
846 2440 940 2492 pro
964 2422 1051 2476 his
1086 2419 1560 2483 suceessirdolor,
1593 2419 1876 2483 nim-stitia,
1897 2434 1990 2489 ge-

406 2519 594 2573 mitus.
651 2518 804 2584 Quod
854 2531 1002 2572 nunc
1040 2529 1161 2570 esse
1220 2514 1383 2569 nobis
1436 2512 1694 2568 solatium
1751 2513 1989 2583 amplius

404 2620 608 2680 potest.
673 2626 797 2679 qua:
847 2608 1097 2664 melioris
1139 2600 1374 2662 fortuna:
1420 2623 1591 2677 spes,
1629 2605 1774 2672 quod
1823 2612 1997 2661 tantae

404 2704 743 2760 infelicitatis
776 2702 1082 2759 remedium
1111 2702 1135 2755 ἲ
1168 2701 1488 2769 Tondentur
1509 2716 1654 2755 nunc
1685 2699 1839 2754 orbis
1878 2712 1988 2753 ter-

406 2816 613 2866 rarum,
648 2806 863 2854 mutent
903 2798 1149 2852 universi
1185 2807 1419 2862 vestem,
1462 2796 1752 2865 lugubrem
1796 2809 1987 2849 omnes

406 2892 653 2948 habitum
682 2899 926 2956 sumant,
958 2898 1016 2943 et
1041 2897 1152 2944 tam
1185 2888 1457 2959 insignem
1491 2888 1856 2955 calamitatem
1880 2900 1985 2939 una

406 3002 539 3042 voce
581 2985 893 3055 deplorant.
933 2981 1123 3052 Neque
1162 2981 1310 3037 enim
1366 2981 1701 3035 mediocrem
1755 2978 1986 3033 fecimus

399 3080 697 3150 jacturam,
730 3091 835 3133 nec
855 3075 1059 3129 malum
1096 3073 1241 3144 passi
1270 3080 1464 3129 sumus
1496 3075 1582 3128 cui
1614 3072 1869 3129 adhiberi
1900 3089 1987 3127 res

405 3171 647 3226 lltt'tllllltt
677 3170 872 3240 possit.
892 3168 1124 3223 Ablatus
1144 3168 1304 3224 nobis
1321 3177 1406 3222 est
1440 3175 1667 3237 repente
1702 3159 1863 3222 ditius
1886 3167 1987 3220 int-

406 3276 651 3333 perator,
687 3262 857 3316 totius
908 3260 1063 3314 orbis
1111 3269 1382 3314 terrarum
1430 3259 1787 3328 deeus;.qui
1840 3261 1989 3313 dono

403 3357 642 3428 quodam
678 3354 1048 3409 Providentia:
1096 3368 1283 3408 rerum
1316 3353 1685 3424 gubernacula
1731 3367 1989 3422 suscepe-

406 3458 511 3516 rat,
536 3463 593 3504 ttt
617 3446 1090 3517 tranquillitatem,
1110 3447 1376 3517 quietem,
1400 3444 1712 3500 felicitatem
1732 3447 1988 3503 munibus

408 3553 735 3615 praestaret;
779 3551 838 3597 ut
865 3543 1179 3603 communis
1212 3544 1460 3597 omnium
1515 3552 1671 3611 pater
1696 3555 1872 3607 esset;
1928 3552 1988 3598 ut

408 3658 497 3693 res
527 3639 781 3691 humanm
812 3636 1081 3707 dignitate
1116 3644 1171 3689 et
1206 3637 1380 3705 gloria
1421 3635 1702 3689 florerent.
1754 3634 1985 3704 iamiam

404 3733 588 3785 omnis
619 3730 839 3785 fortuna
875 3740 1080 3783 mutata
1103 3738 1188 3783 est
1223 3728 1522 3782 :labuntur
1544 3728 1729 3782 nuntia
1759 3729 1811 3782 in
1832 3729 1988 3798 pejus

403 3836 451 3878 et
484 3840 568 3876 res
598 3826 663 3876 ad
701 3824 995 3891 pristinum
1027 3829 1231 3897 statum
1272 3820 1530 3873 redeunt.
1561 3816 1645 3871 Me
1675 3817 1978 3871 miseruml

406 3928 671 3988 quantum
717 3895 881 3969 unius
912 3895 1153 3968 hominis
1187 3912 1413 3966 interitu
1448 3915 1710 3966 damnum
1743 3927 1827 3965 res
1871 3912 1942 3963 bu
1969 3942 1984 3949 -

405 4025 581 4063 manu:
630 4007 914 4061 feeeruntl
948 4004 1101 4058 Abiit
1146 4004 1235 4056 ille
1280 4013 1445 4073 atque
1478 4003 1717 4058 excessit
1761 4017 1793 4056 e
1823 4006 1935 4056 vita
1970 4021 1983 4055 :

412 4104 573 4158 nobis
633 4101 768 4155 nihil
810 4108 1009 4169 pneter
1050 4097 1309 4168 suspiria,
1361 4107 1417 4150 et
1459 4099 1690 4164 luctum,
1725 4106 1779 4151 et
1811 4100 1988 4166 laery-

414 4214 530 4251 ntas
570 4196 817 4263 reliquit.
873 4192 1121 4247 Abstulit
1172 4206 1202 4245 c
1249 4191 1412 4246 nobis
1450 4204 1670 4244 omnem
1709 4189 1984 4267 laetitiam,

410 4290 639 4343 abstult
690 4286 1032 4349 felicitatem,
1087 4280 1323 4337 abstulit
1375 4280 1714 4345 libertatem,
1748 4285 1804 4332 et
1838 4277 1986 4345 quod

408 4380 658 4431 nuntium
684 4374 1117 4446 pulcherrimum
1134 4380 1277 4439 erat,
1301 4367 1808 4441 seipsumabstulit.
1830 4368 1943 4422 lleu
1968 4367 1982 4420 l

407 4470 533 4538 quis
568 4469 704 4522 adeo
739 4478 1023 4532 constans,
1055 4464 1140 4519 vel
1167 4461 1344 4517 durus
1373 4460 1580 4531 potius,
1616 4470 1670 4515 et
1694 4476 1825 4515 vero
1860 4459 1988 4513 ada-

411 4561 691 4614 mantinos
715 4569 819 4625 est,
850 4557 946 4627 qui
979 4565 1285 4626 temperare
1308 4567 1338 4609 a
1368 4552 1629 4623 lacrymis
1661 4554 1868 4623 possit;
1893 4552 1989 4623 qui

408 4672 517 4711 non
564 4665 622 4709 et
659 4655 846 4709 animo
879 4659 1317 4717 commoveatur,
1349 4658 1409 4703 et
1441 4656 1557 4702 toto
1604 4661 1840 4717 corpore
1864 4661 1989 4717 per-

2091 2060 2219 2101 vere
2248 2046 2367 2101 sine
2401 2056 2453 2103 te
2481 2046 2718 2119 amplius
2751 2064 3065 2121 possumus,
3109 2054 3266 2123 quasi
3292 2069 3527 2126 corpora
3547 2057 3671 2127 qui-

2091 2140 2191 2202 bus
2232 2139 2511 2194 sublatum
2553 2140 2626 2195 sit
2663 2143 2869 2212 caput?
2914 2142 3111 2198 Μοιριυί
3150 2146 3299 2200 enim
3328 2146 3439 2218 jam
3473 2163 3672 2204 omnes

2088 2229 2361 2298 videmur,
2414 2241 2478 2287 et
2520 2233 2588 2312 ad
2622 2234 2857 2289 nihilum
2899 2236 3107 2292 redacti
3148 2253 3364 2294 sumus.
3417 2239 3532 2307 Sol,
3574 2235 3671 2310 qui

2091 2330 2362 2377 terrarum
2411 2338 2581 2394 opera
2630 2325 2971 2397 fulgentibus
3018 2330 3190 2388 radiis
3243 2333 3469 2399 lustras,
3521 2332 3668 2391 heu!

2088 2431 2252 2485 quam
2285 2416 2594 2472 infaustum
2628 2431 2797 2489 atque
2830 2420 3111 2476 infelicem
3146 2424 3290 2478 hunc
3321 2423 3469 2478 diem
3510 2423 3673 2479 nobis

2089 2507 2414 2565 illucescere
2462 2508 2677 2566 fecisti!
2735 2509 2897 2566 Heu!
2960 2527 3123 2582 quam
3176 2515 3460 2581 acerbum,
3525 2515 3672 2570 indiv

2089 2616 2256 2670 guunt
2293 2617 2356 2655 ac
2388 2603 2707 2660 miserabile
2733 2607 3115 2676 spectaculum
3146 2608 3264 2677 ipse
3290 2608 3477 2666 vidisti
3507 2612 3518 2663 ε
3553 2609 3681 2665 Me-

2088 2694 2195 2748 lius
2229 2706 2379 2749 ce'rte
2412 2695 2616 2765 fuerat,
2656 2707 2709 2754 te
2742 2699 2848 2755 sub
2876 2704 3041 2755 terris
3067 2701 3339 2758 duntaxat
3365 2710 3668 2771 errantem,

2090 2786 2144 2841 in
2176 2790 2461 2858 perpetuis
2484 2802 2588 2846 nos
2630 2791 2881 2848 tenebris
2920 2794 3257 2865 relinquere,
3289 2812 3455 2867 quam
3486 2797 3670 2852 radio-

2090 2898 2213 2938 rum
2252 2897 2476 2941 tuorum
2504 2886 2803 2957 splendore
2832 2889 3113 2948 illustrare
3144 2894 3466 2963 superiores
3485 2893 3674 2963 plagas

2093 2986 2154 3030 ut
2189 2976 2509 3034 infelicibus
2538 2981 2717 3036 oculis
2756 2982 3119 3040 bustumboc
3150 3000 3510 3041 cerneremus
3533 2985 3671 3057 regii

2087 3070 2357 3139 corporis,
2391 3072 2543 3142 quod
2590 3082 2669 3129 tot
2695 3090 2796 3144 pro
2834 3076 3000 3133 nobis
3036 3076 3274 3145 labores,
3313 3085 3393 3132 tot
3428 3078 3667 3149 vigilias,

2090 3170 2171 3217 tot
2203 3165 2443 3234 pericula
2477 3181 2619 3237 smpe
2651 3167 2918 3224 subierat.
2961 3170 3006 3225 Ο
3049 3170 3243 3239 quales
3307 3172 3491 3226 radios
3512 3172 3663 3227 oeci-

2090 3256 2254 3323 dens,
2293 3259 2486 3328 qualus
2508 3274 2703 3316 rursus
2726 3261 2918 3318 oriens
2945 3261 3214 3319 emisisti!
3245 3261 3550 3335 Cor-reptas
3586 3275 3671 3321 est

2090 3350 2285 3404 morbo
2304 3348 2548 3419 optimus
2573 3349 2895 3422 imperator,
2915 3370 3118 3425 corpus
3140 3354 3261 3428 ejus
3287 3358 3361 3412 ita
3381 3373 3490 3412 non
3510 3358 3671 3415 modo

2091 3447 2274 3505 atate,
2327 3442 2423 3496 sed
2467 3443 2638 3497 variis
2672 3445 2837 3498 etiam
2897 3446 3203 3515 laboribus,
3250 3448 3565 3505 confectum
3607 3464 3672 3505 ac

2089 3534 2430 3589 debilitatum
2464 3548 2605 3605 erat,
2642 3548 2703 3592 ιιι
2727 3538 2998 3609 suspicari
3028 3556 3152 3597 mox
3182 3559 3375 3599 omnes
3396 3546 3671 3615 creperint

2090 3626 2237 3695 quod
2271 3629 2481 3694 evenit,
2548 3639 2846 3699 tantusque
2889 3634 3104 3688 animos
3156 3637 3405 3689 omnium
3445 3650 3671 3707 repente

2094 3732 2274 3775 metus
2318 3722 2541 3790 invasit,
2594 3732 2653 3778 ut
2698 3724 2840 3779 nihil
2890 3724 3170 3795 indignius
3214 3743 3338 3785 esse
3381 3728 3669 3786 ferendum

2094 3817 2390 3871 videretur.

2164 3908 2277 3962 Heu
2306 3909 2317 3961 ε
2348 3918 2483 3977 quot
2512 3923 2725 3978 preces,
2750 3920 2885 3980 quot
2909 3912 3361 3982 supplicationes,
3388 3926 3521 3985 quot
3544 3928 3667 3972 vota

2091 4006 2192 4067 pro
2230 3997 2375 4051 illius
2411 3999 2609 4065 salute,
2639 3999 2719 4055 vel
2763 4000 2948 4069 potius
2976 4017 3075 4071 pro
3108 4006 3277 4059 totius
3310 4007 3464 4061 orbis
3501 4018 3673 4064 terra-

2092 4103 2212 4142 rum
2246 4090 2625 4147 incolumitate
2654 4094 2903 4148 omniutn
2939 4110 3226 4165 generum,
3252 4109 3501 4165 aetatum,
3525 4103 3672 4155 ordi-

2091 4195 2224 4236 num
2266 4183 2454 4237 fuere!
2486 4184 2660 4239 Nemo
2684 4188 2916 4261 eratqui
2954 4190 3095 4244 mori
3128 4193 3315 4262 potius
3346 4194 3441 4249 illo
3476 4212 3669 4265 super

2094 4275 2265 4341 stite,
2317 4292 2481 4345 quam
2550 4291 2770 4333 mortuo
2816 4280 2910 4335 illo
2962 4272 3150 4338 vivere
3200 4286 3439 4357 amplius
3486 4291 3668 4349 vellet.

2096 4366 2339 4424 Salutem
2362 4370 2508 4425 illius
2528 4386 2641 4425 sua:
2662 4375 2894 4442 quisque
2918 4376 3081 4431 saluti
3101 4380 3502 4449 antepenebat:
3529 4387 3672 4439 scie-

2094 4462 2227 4517 bant
2284 4480 2520 4534 namque
2562 4465 2766 4537 singuli
2820 4468 3053 4524 salutem
3102 4486 3257 4527 suam
3299 4475 3366 4527 ad
3422 4476 3670 4547 singulos

2095 4555 2350 4610 homines
2429 4558 2756 4625 pertinere,
2826 4559 2978 4616 illius
3047 4579 3179 4618 vero
3232 4564 3668 4625 incolumitatem

2093 4646 2339 4700 omnium
2378 4649 2691 4701 mortalium
2726 4659 2784 4704 et
2825 4649 2997 4707 totius
3040 4656 3194 4709 orbis
3241 4665 3513 4712 terrarum
3553 4635 3676 4716 esse

408 4750 632 4803 horreat
660 4762 674 4810 ;
702 4746 799 4816 qui
839 4760 953 4801 non
980 4741 1239 4815 queritet
1264 4740 1609 4809 defunctum,
1652 4754 1718 4797 ac
1750 4740 1982 4811 gernitu,

2098 4729 2589 4795 comrnunernJlie
2630 4742 2778 4796 enim
2812 4743 3127 4799 universum
3160 4748 3348 4802 orbem
3386 4750 3543 4819 quasi
3572 4753 3665 4804 lir-

404 4860 449 4897 si
485 4843 603 4895 lteri
638 4841 837 4909 possit,
878 4852 1145 4893 revocare
1202 4836 1258 4907 in
1308 4836 1478 4904 vitam
1507 4836 1847 4891 contendat?
1873 4833 1985 4890 Cur

404 4951 432 4984 ει
467 4929 626 4986 nobis
656 4944 766 4987 tam
812 4938 1043 5001 repente
1068 4929 1320 4997 evolasti,
1360 4928 1611 4999 piissime
1645 4927 1989 4997 imperator?

404 5031 513 5080 Cur
543 5040 762 5078 manere
801 5024 1090 5079 nobiscum
1124 5022 1338 5077 diutius
1381 5020 1651 5076 noluisti?
1682 5019 1796 5074 Cur
1835 5022 1988 5090 regio

407 5124 501 5172 illo
535 5122 799 5171 virtutum
828 5130 1046 5169 tuarum
1078 5122 1351 5170 concentu
1380 5114 1489 5169 frui
1527 5113 1853 5168 nobisultra
1880 5130 1987 5167 non

407 5214 602 5266 lumt?
633 5212 940 5279 Suscepisti
975 5210 1041 5263 de
1083 5208 1238 5264 nobis
1271 5207 1537 5262 hactenus
1562 5222 1782 5262 omnem
1804 5224 1992 5262 curam

407 5321 459 5362 et
497 5319 553 5360 ut
596 5306 703 5378 ipsi
744 5307 853 5359 tuti
899 5318 963 5359 ac
1000 5303 1211 5356 laboris
1262 5311 1520 5370 expertes
1552 5300 1888 5368 viveremus,
1928 5312 1984 5355 tu

408 5401 557 5452 solus
607 5399 842 5452 maxime
890 5409 1110 5466 semper
1166 5394 1484 5448 elaborasti.
1534 5392 1833 5447 Testantur
1885 5395 1993 5448 hoc

408 5494 593 5563 populi
632 5506 859 5557 omnes;
911 5499 1188 5546 testantur
1234 5501 1428 5544 omnes
1464 5486 1797 5554 provinciae;
1842 5497 1988 5542 terra

408 5585 587 5649 omnis
624 5597 683 5639 et
727 5589 896 5639 maria
922 5585 1110 5638 omnia
1144 5590 1440 5637 testantur.
1476 5580 1635 5636 Nunc
1680 5594 1810 5633 vero
1842 5578 1987 5633 bona

411 5680 590 5734 unmia
620 5690 801 5733 tecum
824 5679 1007 5734 ferens
1030 5678 1240 5733 abiisti.
1260 5673 1390 5741 Qua:
1407 5677 1520 5745 jam
1548 5675 1708 5727 nobis
1725 5686 1847 5727 esse
1866 5672 1987 5728 sine

2090 4831 2338 4886 missima
2382 4833 2633 4901 quadam
2673 4834 2929 4889 columna
2975 4839 3437 4905 sustinebatmec
3475 4842 3677 4897 labefa~

2087 4920 2251 4989 clari,
2269 4924 2479 4989 vexari,
2501 4922 2677 4978 everti
2697 4925 3075 4995 ulioprocellte
3098 4943 3299 4999 genere
3326 4931 3672 5002 patiebatum

2088 5014 2185 5067 sed
2214 5030 2376 5084 aequo
2400 5014 2673 5070 virtutum
2698 5018 2971 5084 onmium,
2998 5019 3205 5089 quibus
3228 5022 3497 5094 praeditus
3529 5038 3673 5094 erat,

2094 5121 2533 5179 temperamento
2567 5113 2783 5167 firmum
2818 5130 2882 5168 ae
2910 5116 3169 5173 stabilem
3200 5122 3255 5174 in
3290 5122 3475 5177 medio
3523 5138 3678 5195 rcge-

2095 5204 2208 5257 bat.
2248 5201 2292 5257 0
2327 5204 2528 5272 quibus
2560 5205 2799 5271 artibus,
2843 5221 2957 5276 quo
2996 5209 3187 5265 labore
3223 5212 3478 5269 fundavit
3506 5216 3678 5287 impe-

2100 5312 2263 5363 l‘ltlfft,
2295 5313 2404 5367 qua
2436 5299 2640 5354 virtute
2676 5300 2917 5355 firmavit
2939 5316 3003 5358 ac
3034 5304 3310 5361 stabilivit
3336 5306 3692 5381 libertatenq

2097 5408 2207 5462 qua
2248 5393 2541 5448 clementia
2573 5394 2728 5449 auxit
2778 5397 3111 5467 populorum
3150 5412 3377 5453 suorum
3403 5398 3675 5465 fortunas,

2096 5488 2363 5554 quietem,
2398 5486 2722 5543 felicitatem
2754 5485 2846 5546 ιο
2882 5489 3103 5545 eximiae.
3130 5491 3398 5561 principis
3429 5492 3674 5548 admira-

2095 5582 2346 5650 bilcsque
2364 5580 2616 5649 virtutes,
2639 5583 2845 5651 quibus
2866 5582 3123 5637 omnibus
3141 5598 3336 5647 omnes
3356 5584 3677 5656 superabat,

2098 5675 2394 5746 prudentia
2432 5675 2605 5729 fortes
2650 5675 2928 5743 vincebat,
2972 5676 3303 5734 fortitudine
3357 5677 3676 5749 prudentes,

465 5803 484 5819 '
508 5802 648 5856 .‘lnno
673 5796 791 5849 ltl9
811 5795 1054 5849 defuncti.
1080 5794 1197 5846 Haec
1220 5790 1422 5858 juvenis
1456 5790 1613 5842 adhuc
1641 5791 1871 5845 Bessum
1915 5796 2185 5855 peroravit.
2229 5787 2473 5841 Manuelis
2497 5788 2679 5852 scripta
2712 5788 3012 5852 collegimus
3039 5790 3088 5840 in
3144 5796 3278 5843 torno
3320 5798 3492 5845 nostro
3513 5790 3676 5847 CLVI.
