4064 6148
447 283 548 359 617

449 408 535 457 vel
570 410 630 456 ut
663 404 870 461 rectius
895 405 1112 480 loquar,
1138 398 1375 473 consilio
1405 421 1660 490 callidos,
1698 406 1914 483 viribus
1950 447 2039 484 ro-

445 491 644 592 bustos
701 498 970 555 anteibat.
1014 496 1184 574 Atqui
1236 515 1602 584 temperantia
1636 532 1798 571 nemo
1842 521 1891 575 ei
1930 538 2030 592 par

457 586 583 642 fuit.
613 588 838 648 Justitia
866 596 1144 684 omnibus,
1176 601 1271 669 qui
1304 619 1544 675 unquam
1581 609 1830 666 Romano
1855 586 2030 684 impe-

446 679 532 733 rio
594 683 960 752 prtefuerun‘t,
1012 680 1247 750 habitus
1306 710 1389 753 est
1452 705 1825 773 prastantior.
1889 679 2028 775 Quid

446 777 627 877 fidem
652 781 773 853 ejus
822 790 1294 850 commemorem?
1322 798 1461 866 quid
1484 798 1850 861 facilitatem?
1896 792 2028 877 quid

442 870 772 942 ingenium?
798 878 929 950 quid
951 880 1209 940 eximiam
1239 904 1423 945 rerum
1442 896 1692 950 omnium
1715 898 2032 955 scientiam?

441 967 573 1064 quid
604 969 1180 1064 lil:eralitatem?quid
1210 985 1379 1039 animi
1400 990 1834 1059 magnitudinem
1857 995 2028 1064 l'quld

439 1057 866 1132 humanitatem,
895 1074 1405 1144 mansuetudinem,
1428 1057 1749 1140 comitatem
1776 1089 1799 1142 ?
1822 1057 2031 1143 Memi-

440 1156 658 1211 seruml
702 1158 777 1213 ita
801 1160 1058 1234 lacrymis
1098 1182 1163 1222 ac.
1197 1169 1389 1227 dolore
1411 1173 1692 1243 debilitor,
1716 1189 1774 1234 ut
1797 1196 1905 1248 prae
1940 1185 2032 1237 ni-

440 1248 549 1302 mio
584 1266 821 1308 maerore
840 1257 1049 1317 referre
1066 1261 1335 1320 virtutum
1358 1268 1478 1337 eius
1507 1272 1886 1332 excellentiam
1918 1291 2027 1331 non

438 1344 667 1411 possim.
706 1345 802 1402 llis
863 1355 1123 1411 omnibus
1170 1374 1319 1415 nunc
1351 1362 1714 1420 infelicissimi
1743 1367 2028 1425 hominum

437 1435 635 1504 privati
652 1457 865 1525 sumus.
881 1444 998 1503 Heu
1020 1449 1034 1503 l
1055 1459 1311 1519 quantam
1329 1452 1596 1523 iacturam
1614 1476 1721 1515 non
1746 1478 1851 1516 una
1870 1479 2027 1535 gens,

436 1542 537 1582 nec
567 1531 734 1588 unius
770 1530 1013 1623 civitatis
1047 1544 1317 1613 pOpulns,
1349 1542 1446 1603 sed
1492 1564 1656 1605 omne
1684 1530 2031 1611 Christiano-

422 1622 557 1679 rum
586 1641 759 1716 genus
790 1622 850 1684 in
888 1634 1177 1702 praesentia
1210 1626 1373 1694 fecit!
1416 1641 1457 1694 0
1494 1643 1689 1699 misera
1742 1648 2028 1703 hominum

417 1718 720 1799 .couditiol
762 1738 794 1777 ο
830 1725 1210 1794 spesinanesl
1250 1747 1281 1786 ο
1317 1732 1477 1789 dulce
1510 1740 1789 1806 quondam
1820 1757 2022 1799 nomen

1233 302 1587 372 MONODM
1635 311 1711 374 iN
1754 312 1990 377 OBITU
2035 320 2441 385 MANUELIS
2484 327 2952 397 PALd'ZOLO'GI.

3607 294 3717 408 eis

2069 437 2115 494 Α
2148 442 2491 496 torrentibus
2522 445 2719 502 obruta
2746 447 2908 505 tellus
2925 449 3208 507 ferebatur
3234 452 3399 509 funus
3430 470 3721 526 procerum

2142 534 2420 591 manibus.
2460 538 2845 616 Undecunquc
2900 560 3032 599 vero
3075 547 3279 602 civium
3310 557 3475 619 atque
3504 561 3725 607 exterm-

2143 636 2264 678 rum
2300 627 2602 683 multitudo
2627 631 2965 697 confluebat,
2998 637 3432 715 implentesyias
3456 650 3510 696 et
3551 644 3724 700 mise-

2142 715 2294 769 rabili
2327 719 2534 787 gemitu
2570 738 2752 777 acrem
2778 740 2943 796 atque
2984 729 3189 784 :ctltera
3216 733 3579 801 complentes.
3603 736 3722 793 Una

2140 807 2391 863 omnium
2433 826 2557 878 vox,
2604 830 2746 871 unus
2800 819 3042 887 clamor,
3093 838 3239 877 unus
3294 826 3533 893 gemitus
3577 839 3722 884 erat.

2140 900 2247 957 Iste
2278 918 2407 959 vero
2437 908 2606 963 silens
2628 926 2691 965 ac
2723 925 2972 969 mortuus
2997 916 3237 985 jacchat,
3279 936 3383 973 nec
3415 936 3535 989 qtae
3567 937 3725 993 gere-

2141 993 2343 1080 bantur
2363 1000 2626 1069 sentiens,
2659 1019 2759 1060 nec
2785 1004 3069 1061 hominum
3087 1010 3358 1066 clamores
3384 1013 3721 1082 intelligens.

2139 1087 2305 1145 Nihil
2351 1104 2552 1163 praeter
2611 1095 2773 1153 inane
2823 1103 3065 1156 cadaver
3138 1105 3611 1175 crniSpicieltatur,
3668 1119 3727 1163 ct

2139 1184 2299 1251 quasi
2357 1198 2519 1242 natus
2562 1206 2801 1260 unquam
2848 1208 2958 1247 non
3027 1194 3245 1265 fuisset,
3298 1210 3395 1252 aut
3440 1215 3725 1266 nunquam

2141 1275 2488 1347 imperasset,
2552 1292 2651 1337 aut
2704 1294 2783 1339 tot
2830 1299 3010 1341 annos
3052 1302 3157 1343 non
3186 1290 3463 1355 'vixisset,
3500 1307 3726 1359 prorsus

2139 1370 2294 1433 omni
2331 1387 2497 1428 sensu
2540 1385 2661 1431 erat
2694 1376 3019 1434 destitutus.
3055 1380 3350 1437 Petebatur
3380 1384 3606 1454 quidem
3656 1387 3725 1440 ab

2139 1475 2205 1515 co
2231 1461 2370 1516 ratio
2412 1480 2511 1518 cur
2549 1483 2650 1521 nos
2682 1468 2939 1523 deserere
2977 1471 3276 1534 voluisset;
3326 1490 3425 1542 pro
3459 1492 3728 1544 responso

2138 1553 2420 1611 silentium
2459 1571 2599 1614 erat.
2644 1560 2689 1615 Ο
2736 1564 3171 1619 taciturnitatem
3208 1568 3438 1621 invisam
3472 1582 3527 1623 ct
3561 1586 3587 1622 a
3624 1587 3722 1623 no-

2140 1646 2223 1701 bis
2260 1648 2484 1705 minime
2529 1646 2939 1722 exspectatam!
2980 1657 3081 1713 Ubi
3135 1668 3220 1713 est
3254 1661 3439 1730 lingua
3486 1662 3575 1715 illa
3617 1673 3725 1716 tam

2137 1739 2379 1804 erudita,
2433 1751 2543 1796 tam
2581 1746 2792 1812 suavis,
2833 1763 2899 1803 cx
2960 1764 3067 1824 qua
3113 1751 3275 1805 melle
3320 1750 3536 1805 dulcior
3570 1753 3727 1807 erirc

435 1810 686 1911 iinperiil
720 1832 753 1869 o
797 1820 963 1876 toties
996 1820 1312 1881 desiderata
1342 1836 1397 1881 et
1432 1830 1735 1900 aliquando
1765 1836 2025 1892 restituta
2057 1808 2105 1868 Β
2135 1834 2317 1889 oratio
2354 1838 2591 1911 solebat,
2626 1840 2785 1910 cujus
2822 1808 2994 1897 motu.
3018 1842 3201 1897 omnia
3241 1852 3431 1898 tonare
3463 1844 3728 1901 videban-

433 1904 639 1964 (ἰπνοῖς
686 1910 951 1970 libertas!
980 1930 1014 1971 ο
1056 1916 1150 1988 jus
1198 1918 1519 1978 inviolabile
1560 1936 1616 1980 et
1664 1929 2028 1985 sanctissimre

407 2000 620 2072 leges!
650 2004 887 2063 'buccine
923 2011 1141 2067 tandem
1170 2016 1352 2070 omnia
1379 2016 1692 2077 recidistis?
1722 2021 1847 2075 hem
1872 2024 1886 2076 l
1919 2041 2028 2091 quo

435 2098 829 2164 pervenimus?
861 2102 987 2157 hem
1014 2104 1029 2157 l
1061 2122 1173 2175 quo
1225 2108 1575 2165 miseriarum
1610 2122 1664 2167 et
1698 2114 2028 2172 calamitatis

435 2190 641 2246 redacti
667 2197 902 2250 sumus?
932 2197 1109 2269 Luget
1144 2216 1293 2257 nunc
1320 2212 1568 2270 senatus,
1601 2219 1842 2263 mter-cut
1876 2211 2027 2279 prin-

436 2284 608 2353 cipes,
661 2286 960 2357 provinciis
988 2308 1183 2357 omnes
1213 2305 1547 2365 queruntur,
1577 2300 1800 2368 plorant
1836 2304 2022 2373 urbes,

437 2374 568 2432 ﬂent
596 2379 915 2451 municipia,
954 2384 1212 2453 squalent
1243 2385 1496 2451 coloniae,
1533 2388 1733 2442 domus
1765 2390 2027 2446 afflictan-

436 2481 545 2537 tur,
571 2462 687 2545 agri
711 2474 954 2547 denique
986 2479 1088 2548 ipsi
1123 2490 1231 2535 tam
1280 2491 1656 2549 mansuetum,
1698 2492 1806 2538 tam
1852 2487 2023 2553 pium,

434 2576 543 2622 tam
570 2568 873 2625 salutarem
908 2571 1219 2643 principem
1260 2575 1540 2643 suspiriis,
1574 2584 1628 2631 et
1658 2578 1942 2649 lacrymis,
1972 2588 2027 2633 et

434 2659 565 2716 ﬂetu
593 2652 865 2739 prosequi
889 2664 1170 2720 videntur.
1196 2664 1242 2721 0
1268 2672 1516 2738 tempus!
1543 2669 1751 2727 Siccine
1777 2674 2029 2745 superio-

432 2754 589 2809 ribus
612 2756 790 2826 malis,
832 2758 1089 2814 ultimum
1128 2760 1254 2826 hoc,
1303 2771 1359 2815 et
1394 2762 1669 2829 omnium,
1704 2777 1825 2833 quae
1879 2766 2028 2835 passi

434 2861 677 2916 unquam
720 2846 949 2917 fuimus,
1000 2852 1300 2909 maximum
1355 2864 1522 2925 atque
1579 2852 2026 2925 indignissimum

434 2936 639 2995 addere
688 2942 979 2999 debebas?
1012 2944 1218 3002 sicciue
1260 2936 1585 3002 cit-terarum
1628 2949 1905 3005 malorum
1950 2951 2028 3007 fa-

436 3051 578 3090 mam
630 3052 693 3093 ac
748 3039 1200 3097 recordationem
1238 3044 1508 3111 postremi
1555 3042 1724 3117 hujus
1755 3045 2030 3123 magnitu-

434 3133 563 3186 dine
592 3131 891 3189 obsrurare
910 3136 932 3189 ?
954 3135 1171 3190 Etenim
1202 3141 1549 3207 quaecunque
1577 3140 1740 3203 nobis
1776 3148 1902 3194 ante
1927 3140 2028 3195 hoc

435 3224 665 3303 achrsa
722 3230 1143 3300 contingebant,
1232 3240 1423 3302 utpote
1475 3232 1637 3298 bella,
1714 3220 2026 3299 conﬂictus,

437 3320 639 3387 credes,
663 3323 838 3393 spolia
869 3334 924 3379 et
954 3325 1063 3379 alia
1093 3341 1215 3396 qum
1244 3342 1310 3381 ex
1352 3327 1421 3382 iis
1444 3328 1599 3396 sequi
1623 3336 2033 3383 consueverunt

437 3416 623 3472 divina
651 3416 739 3472 illa
772 3416 1123 3488 imperatoris
1153 3420 1419 3487 sapientia
1455 3420 1896 3475 emcndabautur
1974 3421 2029 3474 in

441 3510 659 3566 melius.
719 3510 879 3565 Nunc
932 3510 1215 3567 autemab
1262 3512 1355 3566 illo
1400 3511 1598 3581 relicti,
1648 3527 1811 3581 qualem
1860 3513 2029 3567 alium

439 3604 715 3660 habemus
745 3605 811 3661 ad
843 3621 1007 3676 quem
1042 3605 1366 3676 confugere,
1413 3622 1577 3676 quem
1606 3607 1915 3677 appellare,
1940 3622 2032 3660 cu-

435 3700 527 3772 jus
555 3699 871 3770 pra-sidium
911 3700 1575 3771 implorarepossumus?
1608 3701 1911 3755 Deventum
1946 3709 2031 3756 est

440 3791 509 3847 ad
556 3790 804 3847 estrema
836 3792 1107 3863 malorum
1158 3794 1434 3859 omnium,
1466 3791 1597 3848 faeti
1650 3807 1844 3847 sumus
1875 3792 2029 3861 quasi

441 3875 637 3956 pupilli
671 3884 854 3941 Orbati
891 3894 1068 3956 patre,
1100 3902 1128 3940 a
1158 3902 1269 3957 quo
1303 3895 1498 3941 nostro
1527 3887 1711 3941 omnis
1745 3886 1863 3957 vita,
1898 3902 2029 3955 pcn-

440 3979 633 4047 debat,
675 3979 837 4050 cujus
879 3978 1103 4034 assiduo
1138 3978 1333 4034 labore
1365 3979 1547 4033 omnis
1576 3994 1677 4034 nos
1706 3978 1911 4033 laboris
1931 3995 2029 4034 ex-

440 4083 630 4144 pertes
661 4073 829 4129 vitam
878 4071 1219 4130 dueebamus
1249 4073 1699 4128 amoenissimam.
1733 4072 1851 4129 Iam
1900 4088 2030 4129 vero

439 4167 605 4239 longe
626 4165 788 4222 nobis
808 4164 985 4221 emori
1012 4174 1314 4236 prastaret,
1346 4181 1509 4234 quam
1537 4164 1591 4220 in
1625 4173 1774 4221 tanta
1807 4165 2030 4219 calami-

441 4272 555 4321 tate
608 4274 665 4318 et
709 4262 937 4318 miseria
994 4263 1201 4317 vivere.
1256 4261 1471 4316 Etenim
1525 4262 1667 4317 male
1712 4262 1924 4323 vivere.
1972 4270 2032 4318 ut

440 4368 603 4427 poeta
631 4355 834 4427 inquit.
864 4354 1145 4411 laboriosa
1194 4369 1284 4409 res
1336 4365 1441 4411 est.
1482 4353 1526 4411 Ο
1566 4372 1823 4427 magnum
1865 4365 2031 4426 atque

441 4449 853 4506 intolerabilem
893 4449 1171 4516 dolorem,
1203 4450 1299 4519 qui
1324 4466 1521 4506 omnes
1551 4452 1759 4521 pariter
1799 4452 2024 4517 invasit,

2134 1936 2245 1991 tur,
2278 1928 2438 1999 cujus
2470 1932 2694 1989 ubertas
2746 1951 2967 1990 omnem
3000 1937 3288 2005 aperiebat
3336 1937 3724 2006 qttatstiouem,

2130 2034 2295 2075 omne
2328 2021 2559 2077 dubium
2593 2024 2882 2089 solvebat,
2935 2026 3010 2080 ita
3047 2041 3180 2083 vero
3228 2027 3465 2082 docebat
3502 2038 3724 2086 cuncta.

2132 2110 2206 2166 ita
2256 2128 2641 2183 saepenumero
2695 2117 2984 2173 auditores
3013 2120 3286 2174 excitabat
3318 2160 3331 2181 ,
3373 2128 3431 2173 ut
3469 2136 3574 2173 non
3617 2130 3725 2173 tam

2130 2205 2366 2261 suadere
2398 2223 2563 2276 quam
2615 2225 2728 2262 rem
2759 2221 2886 2265 ante
2921 2213 3116 2267 oculos
3165 2228 3392 2281 ponere,
3455 2227 3555 2265 nec
3615 2221 3722 2265 tam

2129 2283 2433 2352 acrendere
2465 2298 2605 2354 alios
2629 2315 2794 2370 quam
2839 2301 2954 2370 ipse
2988 2304 3181 2359 ardere
3210 2303 3533 2358 videretur?
3558 2300 3727 2357 ‘Unde

2132 2403 2281 2449 nunc
2318 2401 2428 2444 tam
2461 2394 2814 2461 repentinum
2852 2396 3178 2450 silentium?
3210 2395 3367 2451 Unde
3405 2406 3514 2451 tam
3541 2396 3724 2451 subita

2135 2482 2414 2536 mutatio?
2450 2484 2531 2536 An
2575 2494 2625 2537 te
2668 2499 2915 2556 quoque,
2950 2488 3164 2557 optime
3200 2488 3517 2558 imperator.
3557 2504 3725 2556 supc-

2074 2646 2077 2649 ‘
2132 2587 2255 2627 rare
2287 2576 2480 2629 mortis
2510 2576 2719 2635 saevitia
2750 2580 2971 2647 potuit,
3009 2595 3173 2649 quem
3202 2581 3537 2635 Atlanticum
3570 2582 3723 2652 pela-

2131 2680 2230 2734 gus
2281 2681 2379 2733 pro
2430 2668 2589 2723 nobis
2640 2671 3048 2737 periclitantem
3108 2672 3281 2739 vidit,
3343 2688 3507 2742 quem
3570 2674 3725 2727 Italia

2130 2760 2362 2828 aspexit,
2394 2769 2451 2814 et
2483 2776 2604 2830 qua:
2633 2762 2776 2816 ultra
2812 2762 3019 2818 italiam
3048 2776 3180 2819 sunt
3209 2764 3457 2820 occidua:
3489 2769 3726 2834 gentes?

2130 2849 2212 2904 Ad
2239 2866 2376 2920 quas
2410 2866 2532 2905 cum
2571 2853 2800 2922 petendi
2850 2854 3119 2912 adversus
3171 2856 3444 2912 Barbaros
3482 2858 3724 2926 prasidii

2130 2943 2301 3016 gratia
2336 2940 2617 3015 profectus
2644 2948 2865 3015 fuisses,
2894 2950 3136 3004 maximo
3168 2950 3220 3004 in
3250 2955 3463 3005 honore
3503 2951 3725 3005 habitus

2132 3036 2308 3092 fuisti.
2334 3035 2409 3096 Ex
2442 3056 2552 3109 quo
2585 3040 2749 3095 facile
2799 3043 3186 3111 perspeximus
3218 3060 3329 3101 non
3362 3046 3722 3113 pecuniarum

2056 3168 2108 3227 Ο
2135 3128 2515 3197 multitudine,
2553 3146 2663 3186 non
2703 3134 2988 3201 cupiarum
3024 3148 3258 3190 numero
3295 3138 3464 3190 robur
3504 3137 3723 3205 imperii

2136 3223 2437 3289 contineri,
2479 3226 2576 3280 sed
2634 3230 2866 3293 virtute,
2915 3228 3296 3285 moderatione
3334 3242 3397 3284 ac
3452 3230 3723 3299 sapientia

2135 3317 2424 3387 principis.
2473 3318 2518 3375 Ο
2565 3320 2860 3389 prudentia
2912 3321 3248 3393 singularis,
3312 3338 3475 3392 quam
3525 3322 3722 3378 Latini

2135 3409 2409 3475 homines,
2439 3422 2494 3466 ct
2524 3423 2722 3467 natura
2745 3424 2801 3469 ct
2828 3417 3129 3470 multarum
3164 3431 3351 3471 rerum
3375 3416 3722 3486 experientia

2135 3506 2593 3573 prudentissimi,
2633 3507 2896 3563 admirari
2934 3525 2999 3565 ac
3032 3520 3260 3580 stupere
3293 3511 3581 3575 solebant,
3613 3526 3721 3580 qua

2134 3597 2398 3670 adhibitis
2449 3586 2786 3669 eloquentiae
2818 3619 2931 3657 suae
2978 3604 3188 3667 nervis,
3238 3602 3399 3658 facile
3451 3602 3639 3658 Medos
3669 3611 3721 3657 et

2134 3689 2331 3746 Persas
2362 3693 2601 3754 induxit,
2641 3702 2700 3748 ut
2729 3694 2997 3750 adversus
3045 3695 3273 3764 impium
3318 3693 3476 3748 illum
3515 3693 3720 3750 Turca‘

2134 3799 2257 3838 rum
2304 3786 2698 3855 imperatorem
2751 3804 2903 3841 arma
2950 3798 3345 3857 capesserent,
3401 3788 3606 3857 quibus
3636 3788 3727 3842 illc

2118 3867 2306 3947 parvo
2333 3880 2633 3948 iutcrjecto
2669 3889 2941 3948 tempore,
2973 3882 3152 3934 victus
3183 3897 3246 3934 ac
3280 3880 3601 3949 profligatus
3629 3881 3728 3935 tle--

2135 3966 2279 4026 bitas
2319 3973 2595 4027 scelernm
2629 3987 2860 4025 suorum
2914 3986 3106 4041 pinnas
3136 3971 3477 4026 luit..'l'aceo
3507 3973 3728 4041 quoties

2136 4069 2256 4123 sine
2292 4067 2506 4131 armis,
2563 4068 2678 4122 Sola
2715 4066 3052 4121 auctoritate
3100 4075 3157 4121 et
3205 4064 3522 4135 prudentia,
3577 4069 3724 4136 quod

2134 4159 2577 4231 pulcherrimum
2598 4160 2847 4216 victoria
2868 4162 3043 4228 genus
3075 4165 3181 4222 est,
3214 4161 3398 4213 hostes
3418 4159 3724 4228 superavit,

2136 4270 2413 4326 quamque
2445 4253 2618 4309 armis
2652 4268 2871 4323 quoque
2902 4250 3128 4319 quando
3160 4266 3247 4305 rcs
3278 4250 3473 4313 ferret,
3504 4252 3576 4307 ita
3604 4262 3725 4305 ute~

2133 4344 2300 4405 batur
2330 4386 2376 4412 ,.
2410 4354 2470 4400 ut
2517 4345 2720 4399 merito
2740 4353 2808 4399 et
2858 4340 3199 4399 fortisslmus
3246 4353 3302 4396 et
3343 4342 3422 4397 rei
3473 4341 3730 4397 militaris

2134 4440 2509 4513 peritissimus
2564 4439 2885 4495 haberetur.
2942 4437 3089 4504 Quot
3139 4437 3306 4493 urbes
3356 4452 3553 4507 nuper,
3591 4447 3730 4505 quot

442 4554 497 4599 et
546 4544 824 4599 neminem
862 4542 1092 4612 reliquit
1149 4541 1452 4607 intactum;
1501 4558 1611 4597 non
1659 4543 1863 4611 virum,
1921 4558 2034 4601 non
2070 4541 2115 4601 Β
2143 4535 2367 4606 oppida,
2402 4542 2458 4590 et
2485 4534 2595 4589 situ
2629 4541 2687 4589 et
2716 4542 2912 4587 natura
2939 4532 3189 4589 locorum
3234 4530 3631 4595 munitissima,
3673 4533 3728 4583 in

446 4640 759 4705 mulierem,
794 4653 903 4692 non
927 4639 1214 4709 juvenem,
1254 4651 1364 4691 non
1400 4639 1629 4694 senem!
1662 4636 1707 4701 Ο
1736 4637 2030 4708 lugubrem

446 4732 590 4787 illam
633 4732 832 4787 famam
855 4746 923 4785 ac
955 4729 1180 4784 minime
1212 4728 1514 4799 optabilem
1535 4745 1657 4801 quae
1684 4730 1885 4801 passim
1908 4744 2033 4800 per-

447 4833 639 4895 vagata
684 4819 985 4881 omnesad
1023 4820 1194 4883 funus
1222 4821 1459 4894 piissimi
1499 4822 1851 4889 imperatoris
1880 4822 2035 4876 exci-

449 4916 628 4971 tabatl
662 4930 696 4969 ο
718 4912 1094 4981 infelicissima
1127 4928 1281 4968 mors
1305 4914 1455 4979 illius
1485 4915 1643 4986 cujus
1668 4914 1723 4968 in
1751 4914 1860 4968 vita
1884 4914 2035 4970 salus

446 5009 600 5066 orbis
658 5017 939 5071 terrarum
971 5008 1258 5069 nitebatur
1286 5008 1299 5062 ε
1330 5005 1385 5069 0_
1402 5009 1663 5076 suspiria,
1697 5023 1730 5061 o
1756 5008 2029 5081 lacrymte,

446 5118 480 5157 ο
509 5100 817 5172 singultus,
838 5115 872 5155 o
892 5113 1055 5155 voces
1084 5099 1480 5165 acerbissimae,
1517 5115 1550 5152 ο
1571 5098 1899 5155 amarissimi
1922 5099 2036 5155 cla-

450 5210 648 5259 mores,
679 5209 714 5248 o
740 5192 999 5261 gemitus,
1026 5206 1062 5247 ο
1091 5191 1272 5257 ﬂetus,
1336 5207 1371 5245 ο
1410 5193 1590 5259 luctus
1631 5191 1812 5247 omnis
1845 5208 2030 5258 sexus,

446 5286 646 5348 tetatls,
666 5281 900 5346 ordinis,
932 5281 1306 5337 conditionis!
1335 5280 1441 5337 Alii
1476 5282 1701 5351 quidem
1749 5284 2032 5343 dominum

450 5378 788 5447 quaerebant.
826 5374 920 5433 alii
958 5383 1168 5442 patrem
1194 5375 1428 5446 patrias,
1474 5374 1565 5429 alii
1617 5376 2029 5447 imperatorem,

451 5469 544 5526 alii
582 5477 898 5536 patronum,
936 5466 1031 5522 alii
1064 5467 1415 5537 magistrum,
1447 5466 1539 5521 alii
1578 5466 1725 5537 juris
1762 5477 1817 5523 et
1846 5468 2031 5539 legum

453 5562 818 5628 conditorem,
857 5576 1053 5617 omnes
1108 5576 1238 5617 vero
1264 5576 1414 5629 eum,
1466 5563 1559 5633 qui
1606 5577 1703 5631 pro
1744 5562 2029 5631 omnibus,

457 5667 513 5711 ut
546 5656 636 5721 illc
679 5656 883 5726 inquit,
922 5656 1110 5710 omnia
1156 5654 1332 5710 factus
1392 5668 1532 5710 erat.
1567 5655 1611 5711 Ο
1644 5656 1826 5725 gravis
1870 5664 2033 5724 atque

456 5750 836 5818 asperainter
884 5764 980 5804 eos
1011 5749 1105 5818 qui
1151 5750 1384 5802 aderant
1424 5750 1743 5804 contentio!
1785 5749 2034 5804 certabat

458 5842 689 5919 quisque
714 5850 771 5897 ut
800 5841 930 5898 fletu
961 5842 1216 5912 superior
1246 5841 1541 5897 videretur.
1590 5842 1631 5895 υ
1663 5842 2028 5916 iacrymarum

2143 4625 2528 4697 Peloponneso
2549 4617 2793 4695 recepitl
2816 4622 3017 4679 Nonne
3044 4624 3212 4677 etiam
3239 4623 3532 4677 maximam
3558 4621 3729 4677 Thes-

2143 4717 2293 4774 saliae
2328 4728 2541 4791 partem
2569 4718 2803 4787 imperio
2848 4731 2951 4771 suo
2989 4715 3231 4786 adjecit?
3263 4716 3409 4769 Idem
3439 4725 3519 4774 et
3560 4716 3730 4769 armis

2140 4822 2404 4876 strenuus
2428 4821 2572 4875 erat,
2608 4821 2665 4866 et
2694 4809 2933 4865 consilio
2963 4810 3232 4877 providus
3260 4827 3273 4872 ;
3306 4806 3548 4861 habebat
3577 4807 3725 4861 enim

2144 4905 2523 4978 Thucydidem
2555 4920 2766 4967 secum,
2801 4915 2857 4958 et
2898 4902 3358 4979 xcnOpliontcm,
3408 4910 3464 4954 et
3510 4900 3555 4955 si
3600 4902 3730 4970 quis
3801 4895 3804 4898 ’

2144 4995 2234 5051 bis
2262 4997 2465 5052 similis
2492 5005 2899 5065 erat,vquorum
2946 4993 3180 5049 consilio
3226 4991 3494 5047 continuo
3537 4992 3726 5046 uteba-

2144 5100 2235 5145 tur
2266 5106 2282 5144 :
2324 5105 2401 5151 ex,
2436 5104 2547 5163 quo
2589 5069 2756 5143 ﬂebat
2797 5097 2876 5149 ut,
2909 5084 3377 5156 quemadmodum
3407 5081 3725 5153 inquit'llu-

2145 5197 2352 5249 merus,
2379 5190 2435 5236 et
2468 5196 2560 5235 rex
2585 5179 2831 5248 optimus
2858 5187 3008 5233 esset
3036 5186 3091 5231 et
3117 5176 3349 5231 bellator
3370 5174 3725 5233 fortissimus.

2144 5285 2210 5339 et
2230 5274 2381 5344 quod
2432 5287 2534 5327 nos
2585 5271 2867 5336 adiimus,
2921 5267 3359 5323 facundissimus
3392 5276 3603 5322 orator.
3657 5268 3737 5322 At.

2145 5370 2238 5425 ubi
2281 5381 2430 5421 nunc
2496 5368 2611 5421 hazc
2647 5365 2827 5419 omnia
2861 5362 3029 5418 sunt?
3063 5360 3167 5417 Ubi
3209 5360 3453 5431 plausus,
3494 5368 3551 5416 et
3591 5376 3726 5429 prm-

2144 5464 2327 5521 conia.
2374 5470 2431 5517 ct
2482 5460 2714 5515 laudes?
2767 5458 2861 5513 ubi
2901 5445 3232 5527 populorum
3288 5453 3584 5509 inofl‘abilis
3634 5451 3729 5507 illa

2143 5560 2419 5628 voluptas,
2457 5570 2619 5625 quam
2651 5568 2716 5608 ex
2760 5550 3029 5622 principis
3067 5546 3297 5613 virtute,
3324 5546 3725 5605 moderatione,

2145 5650 2459 5711 clementia,
2496 5657 2703 5704 tantam
2737 5645 3139 5715 pcreipicbant,
3176 5652 3268 5703 ut,
3308 5640 3402 5695 illo
3437 5640 3723 5707 imperium

2146 5755 2394 5813 regente,
2424 5739 2731 5795 beatissimi
2766 5740 2869 5792 sii-i
2900 5754 3020 5793 esse
3058 5726 3417 5789 viderentur?
3442 5732 3486 5787 0
3514 5747 3726 5787 summa

2146 5852 2331 5896 rerum
2369 5832 2632 5906 tranquill
2661 5829 2912 5885 tast'lllo
2960 5842 3060 5899 pro
3097 5826 3257 5883 nobis
3292 5827 3597 5911 laborante.
3636 5835 3724 5878 sua
