4064 6148
379 277 486 344 6l9

1349 280 1857 342 BESSARiONlS
1892 280 1951 341 S.
1986 281 2055 340 Β.
2092 281 2156 339 Ε.
2201 280 2668 344 CAHDINALIS

3542 271 3637 339 620

382 397 500 452 euri
545 396 661 453 otio
694 396 1039 453 fruebantur.
1063 397 1200 464 Quis
1230 397 1392 452 nobis
1445 397 1609 453 modo
1664 398 1965 469 imperato—
1997 406 2036 459 Α
2071 394 2240 450 decus
2270 396 2401 450 illud
2442 406 2604 464 atque
2636 399 3049 449 ornamentum.
3081 385 3224 460 quod
3252 387 3495 443 omnium
3529 391 3641 460 pul-

386 507 499 545 rem
552 489 763 560 reddet,
814 491 939 561 quis
991 503 1227 561 patrem,
1288 492 1414 561 quis
1466 501 1778 562 patronum,
1841 490 1965 560 quis

382 593 855 654 prepugnatorem
882 625 897 649 ,
944 586 1067 654 quis
1110 600 1326 641 morum
1356 596 1414 641 et
1442 586 1569 642 vitae
1616 584 1959 657 magistrum,

378 678 504 745 quis
555 676 839 732 dominum
877 687 984 734 tam
1025 677 1333 734 beneﬁcum
1373 690 1430 736 et
1464 680 1803 734 salutarem?
1848 678 1958 754 Lug

383 779 509 838 gest
550 786 697 824 nunc
726 766 1041 826 ChriStiana
1069 772 1408 841 respublica,
1432 773 1593 843 cujus
1622 774 1960 843 splendidis-

379 860 554 915 simus
591 860 784 915 oculus
812 863 1122 917 exstinctus
1145 874 1249 919 est.
1284 863 1518 935 incipiat
1550 864 1663 933 jam
1694 873 1839 920 terra
1867 866 1962 928 ile-

378 952 546 1008 biiem
611 966 871 1021 cantum;
927 956 1185 1011 columna
1226 956 1435 1011 corruit
1495 972 1601 1029 qua
1657 960 1957 1014 sustentari

374 1046 607 1103 uolebat.
658 1046 860 1103 Omnes
912 1062 1059 1105 nunc
1100 1064 1323 1105 saccum
1383 1049 1613 1106 induant
1665 1062 1721 1106 et
1772 1052 1957 1107 cinere

378 1150 731 1211 spargantur.
772 1141 1100 1198 Remedium
1147 1158 1257 1197 non
1312 1141 1476 1198 habet
1518 1142 1621 1199 ista
1648 1144 1954 1200 calamitas.

373 1232 509 1300 Quis
559 1248 706 1288 nunc
746 1232 932 1291 claves
984 1235 1118 1291 tanti
1166 1234 1384 1307 imperii
1426 1248 1653 1299 tenere.
1691 1239 1814 1303 quis
1845 1250 1955 1293 tra-

371 1339 525 1379 ctare
563 1326 732 1381 totius
765 1325 916 1382 orbis
949 1326 1329 1397 gubernacula
1381 1330 1579 1401 paterit
1602 1332 1624 1385 ?
1648 1328 1691 1385 0
1734 1330 1949 1385 litterae.

372 1418 581 1487 plurale
631 1419 901 1475 cultorem
945 1430 1213 1475 vestrum.
1265 1421 1438 1479 Periit
1482 1410 1575 1479 ille
1608 1426 1703 1495 qui
1743 1441 1841 1479 vos
1900 1426 1953 1479 in

366 1525 528 1577 emno
556 1520 614 1566 et
658 1512 926 1568 sordibus
968 1512 1221 1584 jacentes
1252 1516 1431 1571 erexit
1471 1527 1526 1572 et
1557 1519 1712 1588 quasi
1743 1535 1774 1573 e
1806 1528 1955 1573 tene-

368 1603 481 1659 bris
508 1604 574 1659 ad
602 1605 782 1661 lucem
820 1609 1141 1675 revocavit;
1172 1612 1267 1683 qui
1298 1620 1449 1666 tanto
1479 1626 1579 1667 vos
1606 1626 1798 1668 amore
1824 1627 1952 1683 pro-

364 1698 723 1767 sequebatur,
760 1709 820 1757 ut
864 1682 969 1757 nec
1007 1682 1228 1773 publica
1281 1718 1384 1758 nec
1446 1704 1659 1774 privata
1708 1682 1944 1776 negotia,

2070 494 2407 552 cberrimum
2441 495 2701 551 habebas.
2740 494 2842 552 Ubi
2890 509 3039 549 nunc
3070 503 3156 548 est
3195 500 3284 546 tua
3341 490 3433 545 illa
3482 504 3637 544 aurea

2070 589 2343 655 cii-saries,
2370 589 2461 644 ubi
2502 590 2827 644 mortalibus
2859 587 3116 642 omnibus
3144 594 3332 657 gratus
3353 585 3640 654 aspectus?

2078 678 2231 737 lieni
2273 682 2462 760 quales
2493 681 2593 738 tibi
2627 682 2829 741 crines.
2859 678 3061 751 quibus
3088 677 3392 734 virtutibus
3412 677 3640 732 intortos

2070 774 2235 845 impia
2278 791 2427 833 mors
2453 776 2683 833 evulsit!
2719 776 2936 847 quaiem
2968 773 3187 829 oculum
3218 770 3469 834 abstulit,
3501 770 3639 841 quod

2070 879 2238 941 caput
2268 870 2525 940 abscidit,
2569 882 2623 926 et
2668 880 2720 927 te
2743 869 3075 927 seminecem
3107 882 3171 922 ac
3203 867 3635 929 semimortuam,

2066 960 2178 1015 imo
2221 977 2353 1027 vero
2395 973 2678 1024 mortuam
2699 977 2925 1033 prorsus
2950 970 3117 1033 atque
3146 952 3483 1014 imnmbilem
3517 955 3638 1010 reli-

2063 1054 2215 1123 quit!
2252 1054 2403 1111 Heul
2458 1072 2622 1128 quam
2659 1056 2830 1113 latum
2866 1067 2924 1110 et
2958 1071 3121 1128 quam
3163 1052 3467 1124 spatiosum
3498 1063 3639 1108 cam-

2064 1162 2192 1217 pum
2222 1147 2321 1204 tibi
2353 1149 2642 1220 proposuit
2673 1149 3038 1221 lacrymarum
3066 1157 3125 1203 et
3167 1147 3384 1211 luctus,
3420 1141 3635 1199 minimc

2060 1240 2281 1310 quidem
2308 1241 2407 1298 tibi
2442 1242 2765 1312 optabilem.
2790 1241 3185 1300 Verumtamen
3201 1240 3281 1294 ita
3310 1238 3516 1292 factum
3535 1241 3631 1298 est,

2060 1340 2116 1384 et
2148 1342 2205 1388 tu
2246 1331 2347 1388 ista
2378 1334 2621 1404 pateris;
2656 1333 2789 1405 quid
2819 1332 2967 1390 enim
2999 1332 3185 1401 facere
3211 1338 3387 1401 potes,
3427 1326 3537 1381 Deo
3568 1325 3633 1378 ita

2054 1425 2330 1494 jubente?
2356 1425 2581 1483 Stamus
2614 1442 2762 1481 nunc
2807 1426 2881 1481 tui
2915 1424 3032 1493 filii,
3064 1421 3433 1481 miserabilem
3468 1418 3633 1473 induti

2060 1518 2307 1574 habitum
2335 1560 2349 1583 ,
2383 1529 2440 1575 et
2480 1519 2717 1575 ﬂebilem
2758 1528 2981 1574 cantum
3028 1511 3453 1573 iuchoantes.‘0
3504 1509 3631 1564 varii

2059 1610 2499 1682 multiplicesque
2527 1628 2815 1667 sermones
2856 1612 2911 1666 in
2945 1612 3132 1668 animo
3175 1607 3360 1670 illius,
3394 1604 3548 1675 quasi
3580 1603 3630 1657 in

2059 1702 2356 1757 rencrabili
2381 1703 2615 1773 quodam
2645 1703 2952 1758 dirersOrio
2979 1698 3258 1771 dispositi,
3278 1707 3335 1752 et
3364 1698 3491 1751 inde
3522 1693 3631 1749 vel-

363 1804 471 1844 nec
499 1786 647 1845 cura:
697 1803 794 1848 aut
839 1782 1278 1863 sollicitudines,
1325 1812 1431 1851 nec
1468 1798 1725 1868 voluptas
1757 1797 1942 1868 aliqua
1973 1782 2014 1840 Β
2053 1793 2131 1848 uti
2156 1811 2218 1847 ex
2253 1794 2731 1850 abundantissime
2755 1794 2911 1851 fonte
2958 1793 3277 1849 manantes!
3313 1790 3376 1846 Hi
3412 1788 3627 1859 quidem

364 1896 465 1937 nec
518 1899 746 1941 somnus
786 1887 1103 1946 distrahere
1157 1905 1285 1946 eum
1341 1908 1371 1948 a
1415 1900 1601 1953 vestro
1662 1896 1946 1949 consortio

362 1986 573 2044 posset.
620 1978 687 2033 Et
724 1980 1192 2049 quemadmodum
1236 1998 1337 2040 vos
1388 1984 1700 2041 incredibili
1761 1984 1947 2040 studio

363 2082 429 2123 ac
461 2069 744 2139 diligentia
783 2074 1124 2143 sequebatur
1150 2118 1166 2143 ,
1212 2076 1287 2132 ita
1319 2087 1569 2144 caeteros,
1602 2086 1662 2132 ut
1693 2078 1836 2134 idem
1869 2077 1948 2134 fa-

364 2170 576 2228 cerent,
614 2163 931 2232 excitabat;
965 2181 1069 2222 nec
1106 2169 1493 2226 adolescentes
1519 2170 1810 2236 duntaxat,
1848 2186 1946 2225 vc-

363 2271 481 2307 ruttt
532 2256 700 2312 etiam
738 2273 904 2329 senes
947 2259 1015 2314 ad
1052 2262 1402 2334 disciplinam
1442 2264 1793 2321 hortabatur.
1825 2262 1947 2331 Quo

356 2348 565 2405 factum
601 2362 709 2421 est,
747 2362 805 2408 ut
836 2350 1089 2427 plerique
1132 2372 1368 2427 quorum
1406 2369 1541 2415 atas
1594 2358 1707 2429 jam
1757 2358 1944 2428 ingra-

358 2458 589 2501 vescens
613 2456 755 2515 erat,
786 2449 1044 2520 exemplo
1071 2449 1267 2521 optimi
1300 2450 1651 2523 imperatoris
1680 2455 1940 2524 permoti,

355 2534 423 2589 ad
454 2536 792 2606 optimarum
838 2540 1042 2595 artium
1074 2540 1261 2598 studia
1314 2556 1374 2599 se
1421 2544 1827 2599 transtulerint.
1854 2543 1947 2600 Sic

354 2628 503 2682 enim
531 2640 730 2687 natura
762 2642 1143 2705 comparatum
1175 2644 1282 2701 est,
1320 2647 1379 2689 ut
1410 2635 1607 2706 quales
1626 2643 1757 2691 sunt
1794 2636 1945 2706 prin-

354 2721 528 2793 eipes,
567 2722 704 2780 tales
733 2726 900 2780 etiam
947 2722 1155 2783 subditi
1191 2725 1362 2793 fiant;
1395 2736 1452 2783 et
1476 2729 1942 2797 quemadmodum

352 2829 418 2869 ea
454 2829 484 2868 a
519 2815 726 2885 quibus
759 2818 1039 2890 principes
1067 2819 1389 2888 abhorrent,
1412 2821 1673 2876 omnibus
1705 2820 1945 2877 ludibrio

354 2918 509 2977 situt,
541 2909 615 2964 ita
647 2926 767 2982 qua:
803 2912 880 2967 illi
930 2912 1227 2982 honorant,
1282 2914 1543 2970 coluntur
1573 2912 1642 2968 ab
1687 2915 1945 2971 omnibus

350 3008 405 3054 ct
438 2999 492 3054 in
530 3001 709 3070 pretio
740 3001 1034 3059 habentur.
1064 3003 1109 3061 0
1144 3007 1316 3077 leges,
1351 3021 1386 3061 ο
1421 2994 1654 3076 judices,
1684 3021 1719 3060 ο
1742 3006 1939 3070 forum,

2053 1885 2238 1951 ﬁdem,
2284 1886 2567 1956 pietatem,
2618 1885 2938 1957 religionem
2985 1885 3359 1951 extollebant;
3395 1883 3469 1937 illi
3504 1893 3631 1936 tem-

2051 1978 2157 2047 pla,
2195 1978 2487 2047 sacrificia,
2520 1978 2643 2034 dies
2669 1979 2839 2035 festos
2862 1978 3171 2043 ornabant;
3201 1978 3296 2031 alii
3328 1977 3397 2032 de
3431 1975 3627 2030 virtute

2048 2083 2105 2126 et
2151 2072 2403 2128 moribus
2450 2070 2848 2144 disputabant;
2905 2071 3159 2127 nonnulli
3216 2072 3346 2125 vitia
3394 2070 3627 2125 insecta-

2050 2168 2287 2233 bantur;
2323 2165 2593 2237 pterique,
2627 2166 2762 2237 quid
2794 2164 3069 2238 agendum
3098 2207 3112 2228 .
3162 2163 3293 2234 quid
3344 2164 3624 2239 vitandum

2049 2268 2221 2323 esset,
2255 2258 2564 2314 incredibili
2598 2257 2883 2326 facilitate,
2943 2258 3255 2329 splendore,
3287 2258 3484 2328 gratia,
3519 2255 3622 2310 dis-

2031 2351 2339 2421 serebant.
2374 2350 2569 2408 Testes
2589 2350 2863 2422 sunt,qui
2890 2360 3109 2407 essunt
3139 2351 3284 2407 illius
3313 2348 3459 2419 libri,
3485 2364 3625 2405 sum-

2050 2463 2192 2501 mam
2223 2446 2556 2514 doctrinam,
2583 2446 2862 2517 singulare
2883 2445 3164 2518 ingcnium
3192 2454 3250 2501 et
3274 2444 3513 2500 divinam
3540 2459 3623 2498 sa-

2050 2540 2315 2610 pientiam
2350 2556 2463 2611 pra:
2511 2554 2569 2595 se
2616 2538 2882 2607 ferentes,
2939 2554 3255 2609 quanquam
3317 2536 3625 2594 infelicibus

2048 2626 2213 2689 nobis
2242 2634 2401 2703 longe
2435 2641 2721 2703 priestaret
2749 2633 2937 2689 vivum
2977 2631 3155 2711 illum,
3188 2645 3255 2686 ac
3298 2628 3626 2686 concinnan-

2049 2737 2159 2784 tem
2196 2727 2478 2793 admirari,
2517 2741 2681 2798 quam
2715 2735 2842 2796 post
2871 2724 3091 2781 eineres
3132 2738 3199 2780 ex
3228 2723 3376 2781 illius
3407 2724 3623 2793 script's

2048 2823 2194 2885 ritze,
2239 2831 2295 2878 et
2329 2821 2572 2887 virtutis,
2638 2829 2694 2877 ct
2734 2835 2951 2877 morum
3007 2820 3195 2877 facere
3229 2820 3616 2892 conjecturam.

2048 2914 2293 2987 Magnam
2355 2922 2506 2970 certe
2542 2914 2816 2984 jacturam
2863 2926 3061 2969 omnes
3092 2909 3364 2975 fecerunt,
3400 2908 3495 2965 sed
3527 2925 3621 2963 nos

2051 3007 2103 3059 in
2160 3004 2353 3075 primis
2402 3006 2496 3073 qui
2539 3005 2723 3061 adhuc
2782 3004 3162 3061 adolescentes
3200 3005 3363 3059 talem
3411 3003 3623 3063 virum,

348 3105 383 3144 ο
412 3092 695 3161 subsellia,
722 3112 754 3150 ο
789 3096 1113 3163 tribunalia,
1157 3099 1337 3170 lugete
1370 3101 1705 3157 exstinctum
1742 3101 1943 3171 princi-
1970 3137 2014 3195 ϐ
2048 3097 2199 3167 prius
2226 3102 2339 3153 fere
2372 3115 2537 3171 quam
2570 3115 2734 3155 nosse
2786 3114 3105 3170 possumus.
3163 3098 3471 3154 amisimus.
3503 3096 3615 3151 Non

352 3201 477 3255 pem
526 3188 620 3257 qui
678 3189 836 3246 vobis
876 3191 1162 3248 tribuerat
1217 3202 1275 3249 ut
1320 3202 1548 3265 propter
1590 3196 1822 3268 justitite
1879 3205 1935 3250 et

346 3278 624 3351 aequitatis
652 3282 1186 3343 administrationem
1230 3288 1344 3343 hanc
1371 3289 1590 3344 nomina
1630 3290 1935 3362 justissime

346 3374 731 3443 possidentis.
759 3376 805 3433 0
830 3378 982 3435 cives
1014 3390 1070 3435 et
1108 3381 1325 3436 urbium
1351 3384 1667 3452 optimates.
1702 3391 1933 3440 tnuzrcte

346 3466 591 3524 ablatum
625 3470 783 3527 vobis
819 3472 1250 3551 imperatorem,
1287 3475 1380 3545 qui
1412 3485 1558 3534 tanta
1584 3476 1849 3533 facilitate
1876 3486 1933 3533 et

347 3560 641 3637 prudentia
670 3562 952 3622 vobiscum
981 3567 1049 3622 du
1082 3567 1246 3624 rebus
1274 3570 1533 3625 omnibus
1560 3569 1926 3641 loquebatur!

345 3656 392 3711 0
431 3671 723 3729 pauperes,
778 3658 904 3716 ﬂete
943 3671 1239 3731 patronum
1289 3662 1381 3731 qui
1429 3678 1525 3719 vos
1580 3662 1923 3735 pretegebat.

344 3751 695 3818 sublevabat,
747 3752 963 3811 alebat!
1012 3754 1059 3811 0
1107 3755 1375 3827 quidquid
1421 3756 1597 3813 Gratci
1640 3757 1927 3829 sanguinis

347 3862 578 3917 usquam
610 3857 716 3915 est,
752 3849 960 3917 omnia,
998 3858 1059 3905 ut
1090 3850 1290 3916 facitis,
1317 3853 1574 3923 lacrymis
1599 3867 1665 3907 ac
1687 3867 1925 3909 maerore

340 3939 613 4011 complete
640 3981 654 4006 ,
694 3945 821 4000 cum
879 3952 1064 4000 vestro
1112 3943 1482 4015 gubernatore
1529 3945 1733 4016 privati
1778 3947 1918 4014 sitis,

344 4034 436 4100 qui
468 4048 565 4089 vos
590 4035 660 4091 ab
685 4037 834 4091 omni
870 4036 1078 4107 impetu
1107 4045 1166 4092 et
1192 4037 1435 4107 procella
1466 4037 1698 4094 fortuna:
1729 4042 1922 4100 tueba-

325 4138 466 4190 tur,
520 4138 576 4183 et
622 4127 896 4185 minantes
938 4143 1085 4199 sirpe
1123 4130 1393 4185 bellorum
1448 4126 1699 4195 turbines
1775 4147 1923 4188 nunc

338 4223 513 4277 armis
533 4232 589 4278 ct
622 4221 785 4291 bello,
818 4237 965 4278 nunc
994 4223 1108 4278 sola
1142 4206 1432 4293 prudentia
1472 4233 1635 4294 atque
1679 4226 1919 4280 auctori-

340 4324 451 4370 tate
484 4302 788 4371 averteivat.
834 4311 1050 4369 Etenim
1096 4313 1200 4370 hoc
1230 4313 1282 4369 in
1308 4315 1502 4386 primis
1526 4316 1917 4385 sapientissimi

338 4406 688 4476 imperatoris
709 4408 990 4477 proprium
1010 4418 1148 4475 erat,
1171 4423 1272 4464 nec
1290 4418 1526 4480 tempus,
1549 4424 1648 4464 nec
1672 4410 1915 4475 modum,

2046 3191 2201 3246 licuit
2234 3192 2398 3249 nobis
2427 3206 2677 3250 orantem
2730 3192 2930 3265 saepius
2961 3192 3190 3259 audire,
3243 3207 3352 3246 non
3404 3192 3615 3247 cencfo-

2022 3284 2196 3340 ‘nanti
2230 3286 2484 3357 plausum
2529 3285 2780 3353 reddere,
2829 3302 2937 3342 non
2983 3286 3058 3340 illi
3096 3286 3415 3357 priusquam
3448 3301 3477 3339 c
3512 3285 3613 3337 vita

2042 3380 2373 3445 discederet,
2410 3379 2682 3450 primitias
2727 3380 2931 3450 ingenii
2984 3381 3156 3436 nostri
3208 3380 3611 3450 qualescunque

2038 3481 2243 3539 essent,
2278 3472 2494 3527 otl'erre.
2527 3470 2687 3527 Nunc
2714 3486 2865 3535 vero,
2901 3485 2989 3526 me
3037 3471 3300 3526 miserum
3340 3480 3507 3541 atque
3538 3470 3610 3523 iri-

2039 3562 2291 3617 felicem!
2334 3563 2590 3618 mteroris
2620 3572 2677 3620 et
2704 3563 3072 3636 lacrymarnm
3119 3574 3175 3619 et
3211 3565 3391 3619 luctus
3418 3563 3609 3637 offerre

2037 3645 2309 3722 primitias
2334 3654 2601 3726 cogimur.
2633 3652 2746 3710 Heu
2775 3654 2789 3708 ι
2831 3652 2887 3709 in
2915 3669 3034 3725 qua:
3064 3664 3310 3725 tempora
3356 3654 3606 3711 reservati

2035 3761 2249 3812 sumus,
2274 3762 2437 3816 quam
2458 3763 2707 3803 amarum
2729 3748 2889 3802 nobis
2906 3756 3209 3814 certamen,
3237 3764 3387 3804 mors
3410 3748 3606 3815 invida,

2032 3838 2411 3910 proposuisti!
2454 3839 2498 3895 Ο
2534 3839 2720 3897 clades
2746 3841 3011 3897 omnibus
3040 3856 3165 3912 qua:
3214 3857 3455 3910 unquam
3493 3842 3605 3898 fueo

2035 3944 2164 3987 runt
2191 3933 2442 3988 cladibus
2470 3934 2683 4005 major!
2714 3933 2995 4005 quomodo
3024 3935 3214 3991 vivere
3248 3934 3486 4007 amplius
3520 3951 3605 4006 po.
3664 3980 3667 3981 ν

2033 4023 2293 4079 terimus!
2331 4026 2611 4096 quomodo
2657 4024 2935 4082 infelicem
2979 4024 3121 4081 hanc
3148 4025 3409 4093 animam,
3440 4042 3603 4098 quan-

2017 4118 2433 4190 tulumcunque
2454 4120 2578 4174 vita:
2606 4120 2876 4190 supersit,
2917 4119 2969 4173 in
3015 4128 3168 4175 tanto
3194 4119 3343 4175 luctu
3379 4135 3443 4174 ac
3480 4134 3602 4174 mm-

2029 4225 2156 4266 rore
2211 4212 2532 4269 traducere!
2568 4211 2665 4269 Ubi
2708 4228 2855 4268 nunc
2880 4221 2965 4268 est
2993 4211 3177 4284 regius
3211 4212 3302 4266 ille
3323 4227 3423 4283 pro
3454 4212 3605 4267 nobis

2028 4318 2246 4374 semper
2301 4306 2528 4375 pervigil
2583 4306 2777 4360 oculus
2828 4318 2993 4374 quem
3052 4319 3333 4374 nunquam
3389 4306 3602 4359 vincere

2028 4410 2255 4451 somnus
2283 4406 2514 4466 poterat,
2538 4413 2746 4463 rerum,
2771 4405 2830 4450 ut
2854 4395 3126 4452 Homerus
3149 4395 3599 4466 inquit,omnium

340 4518 442 4558 nec
475 4515 624 4557 πιρε
663 4501 789 4557 ben;
828 4514 887 4559 ει
918 4501 1083 4573 pacis
1139 4504 1412 4575 ignorare,
1466 4504 1624 4560 nunc
1670 4507 1915 4575 ντοςοοιο
1958 4509 2000 4565 ο
2030 4488 2291 4546 domitor.
2331 4489 2598 4561 Vigilabat
2630 4490 2722 4544 ille
2771 4501 2962 4546 noctes
2996 4499 3173 4552 totas,
3204 4498 3297 4544 aut
3338 4490 3601 4545 meditans

337 4596 538 4667 ιιρίηυι·
581 4596 747 4650 etiam
790 4594 980 4651 hostes
1030 4605 1195 4667 atque
1255 4596 1508 4657 inimicos
1556 4597 1681 4668 ejus
1730 4612 1925 4669 magna

337 4705 402 4745 ex
445 4700 602 4761 parte
640 4688 935 4760 prosequi,
977 4703 1041 4744 ac
1074 4689 1353 4753 lamentis,
1393 4699 1453 4763 et
1488 4690 1553 4744 'iu
1612 4700 1727 4757 tam,
1770 4689 1920 4760 gravi
1970 4692 1973 4693 ⁷

337 4796 503 4856 atque
529 4784 732 4861 acerbo
773 4784 926 4840 luctu
959 4784 1246 4840 nobiscum
1281 4782 1525 4840 misceri.
1557 4778 1698 4839 Vicit
1731 4797 1924 4839 omnes

339 4880 606 4951 principis
636 4881 842 4945 virtus,
873 4880 1032 4952 cujus
1062 4886 1208 4933 tanta
1254 4878 1340 4932 vis
1366 4889 1487 4940 est.
1538 4888 1601 4931 Ut
1641 4876 1807 4932 etiam
1853 4876 1921 4933 ab

340 4972 590 5027 hostibus
617 4970 940 5027 honoretur.
972 4968 1017 5025 Ο
1047 4969 1387 5042 Byzantium,
1421 4968 1738 5039 Byzantium
1759 4969 1783 5027 ε,
1806 4982 1923 5023 om-

342 5064 493 5119 nium
527 5064 747 5119 urbium
775 5063 1139 5120 clarissimum
1188 5064 1397 5126 lumen,
1429 5062 1598 5115 decus
1633 5057 1788 5115 orbis
1814 5068 1919 5114 ter-

342 5170 552 5223 rarum,
580 5155 965 5227 naufragorum
993 5165 1208 5225 portus,
1234 5156 1563 5209 miserorum
1588 5150 1929 5223 perfugium,L

342 5249 658 5320 praesidium
677 5249 923 5305 omnium
948 5247 1245 5311 honorum,
1268 5246 1484 5317 qualem
1508 5244 1916 5314 imperatorem,

343 5352 549 5414 quanta
581 5341 872 5411 sapientia.
908 5340 1135 5411 pietate.
1163 5339 1451 5397 clementia
1483 5337 1770 5408 prteditum
1794 5335 1921 5390 hac—

346 5448 507 5512 tenus
538 5434 811 5513 habuisti!
847 5437 941 5507 qui
976 5436 1072 5489 tibi
1107 5434 1392 5503 pristinam
1434 5432 1740 5487 lihertatem
1773 5472 1786 5495 ,
1839 5428 1921 5484 di-

348 5528 638 5597 gnitatem,
666 5530 935 5593 fortunas,
966 5528 1258 5597 imperium
1293 5526 1565 5589 restituit;
1594 5524 1686 5593 qui
1735 5522 1921 5577 hostes

347 5634 472 5677 tuos
496 5623 769 5677 dominari
799 5632 958 5687 antea
995 5622 1222 5683 solitos,
1255 5619 1354 5675 tibi
1388 5619 1660 5689 subjecit;
1695 5616 1789 5685 qui
1820 5631 1917 5685 pa-

348 5715 429 5768 cis
452 5714 537 5767 eis
568 5714 717 5784 leges
752 5724 948 5783 prmter
981 5728 1133 5782 spem
1186 5712 1431 5788 nomium
1477 5710 1647 5764 dedit.
1675 5707 1828 5761 lieni
1862 5706 1917 5761 in

292 5847 297 5853 .
348 5819 582 5880 quantas
614 5820 757 5859 nunc
797 5821 1070 5862 aerumnas
1118 5806 1389 5865 incidisti!
1428 5802 1649 5858 luit-lis!
1687 5798 1918 5855 amisiin

286 6024 379 6037 Δ

2028 4582 2257 4652 aliquid,
2292 4593 2381 4638 aut
2431 4583 2653 4655 legens;
2684 4579 2806 4639 dies
2837 4582 2892 4637 in
2940 4583 3292 4639 sermonibus
3319 4594 3481 4653 atque
3513 4598 3599 4637 nc-

2028 4676 2188 4749 gotiis
2228 4678 2611 4733 consumebat.
2673 4676 2888 4747 Optime
2936 4676 3273 4747 imperatori
3326 4677 3598 4748 quomodo

2027 4770 2299 4825 sustinere
2334 4768 2437 4825 sub
2463 4769 2567 4826 hoc
2593 4785 2782 4825 amaro
2830 4770 3012 4840 lapide
3062 4778 3274 4825 tantum
3304 4773 3478 4826 otium
3510 4786 3596 4842 po.

2030 4865 2180 4932 teris,
2211 4864 2304 4933 qui
2334 4862 2490 4934 quasi
2526 4878 2733 4934 pennas
2764 4862 3000 4929 habens,
3049 4862 3495 4920 circumvolitarc
3527 4872 3596 4918 to.

2028 4967 2142 5010 tum
2176 4958 2367 5011 orbem
2421 4957 2681 5013 solebas!
2710 4956 2999 5024 Quomodo
3028 4966 3139 5013 tam
3170 4958 3493 5018 diuturnum
3524 4955 3596 5013 si-

2024 5054 2256 5109 lentium
2288 5050 2432 5106 ferre
2453 5092 2467 5115 ,
2490 5050 2650 5121 cujus
2678 5051 2878 5117 oratio,
2908 5052 3065 5121 quasi
3089 5060 3288 5108 cantus
3319 5050 3590 5112 Sirenum.

2025 5148 2372 5202 demulcebat
2405 5146 2690 5201 hominum
2723 5159 2909 5212 aures,
2953 5153 3009 5199 et
3035 5145 3191 5209 quasi
3235 5160 3459 5215 magnes
3489 5145 3589 5200 ier-

2027 5254 2169 5307 rum,
2200 5254 2533 5309 quocunque
2569 5237 2767 5300 vellet,
2820 5238 3045 5305 semper
3080 5236 3366 5291 trahebat?
3398 5234 3590 5293 Verum

2026 5342 2081 5387 tu
2110 5333 2331 5404 quidem
2364 5331 2568 5393 abiisti.
2592 5339 2647 5383 et
2675 5330 2742 5384 ad
2770 5329 3000 5385 meliora
3030 5326 3342 5384 habitacula
3370 5340 3590 5385 vocatus

2026 5426 2271 5498 migrasti
2313 5426 2366 5480 in
2410 5424 2645 5488 uelum,
2702 5422 2795 5480 ubi
2863 5433 3185 5493 perpetuam
3237 5424 3423 5479 sedem
3469 5424 3585 5489 fide,

2032 5518 2319 5585 religione,
2363 5516 2568 5572 virtute
2607 5515 2709 5570 tibi
2745 5527 3064 5585 paraveras.
3114 5513 3443 5571 Nos'autem
3494 5530 3586 5571 cur

2027 5613 2265 5665 iutaulo
2300 5610 2451 5664 luctu
2498 5618 2553 5663 et
2602 5623 2864 5674 mmrorc,
2898 5615 2953 5681 et
2984 5607 3239 5678 lacrymis
3292 5608 3587 5679 reliquisti?

2021 5705 2132 5761 Cur
2167 5703 2461 5759 discedens
2505 5717 2699 5757 omnes
2752 5716 2859 5755 non
2894 5701 3142 5755 vorasti?
3170 5700 3303 5756 Mori
3339 5704 3485 5757 enim
3515 5715 3583 5757 tc-

2023 5816 2143 5852 tium
2181 5811 2343 5867 quam
2378 5796 2495 5851 sine
2524 5802 2575 5849 te
2606 5794 2787 5849 \irure
2823 5792 3160 5865 commodius
3195 5794 3417 5850 fuisse!
