4064 6148
448 307 558 377 625

1232 309 1314 371 IN
1360 310 1622 383 lLLUD,
1668 325 1685 358 ι
1734 313 1803 372 SI
1842 311 2007 373 EUM
2054 310 2245 372 VOLO
2287 311 2625 384 MANERE,
2672 328 2689 360 ο
2730 310 2891 373 ETC.

3588 309 3707 374 ’626

450 428 521 478 ud
551 424 643 478 tc.’
676 423 827 491 iuxta
868 424 1122 481 Latinam
1168 443 1300 482 vero
1346 428 1899 499 interpretationem:
1941 428 2027 483 Sic
2059 432 2100 489 Α
2135 428 2584 489 iuccrtitudincm
2615 430 2723 493 sui,
2752 445 2852 484 nec
2886 444 3011 500 eum
3044 426 3345 483 indicativo
3368 428 3599 487 omnino
3624 430 3710 483 af-

448 532 568 572 eum
600 519 717 573 volo
741 535 951 575 manere
990 520 1153 575 donec
1198 525 1427 590 vestiam,
1459 523 1587 594 quid
1617 523 1687 576 ad
1711 533 1758 577 te
1783 522 1842 576 ’ἲ
1869 520 2028 591 Qum-

453 611 585 667 sivit
616 626 647 667 a
677 627 765 668 me
790 613 1036 684 quidam,
1062 630 1131 669 an
1158 626 1307 681 recte
1328 618 1609 687 interpres
1636 630 1755 673 eam
1791 615 2027 688 particu-

450 705 559 762 lam
598 705 653 761 in
681 703 937 763 Latinum
966 711 1259 765 vertissct?
1295 710 1393 765 Cui
1423 727 1525 783 ego
1558 728 1571 767 :
1601 711 1769 767 Recte
1801 709 2026 782 quidem

445 796 517 853 ab
559 797 720 854 initio
752 796 1066 855 translatam
1101 801 1273 858 fuisse
1306 802 1567 869 arbitror,
1598 813 1653 858 et
1682 806 1746 869 si,
1782 818 1890 857 non
1924 804 2024 866 sic,

453 890 521 944 ab
546 888 852 961 interprete
874 892 1137 963 scriptum
1169 895 1446 950 exstitisse
1473 911 1489 962 ;
1515 894 1609 951 sed
1642 904 1832 966 postea
1856 894 2055 964 (quod

447 979 703 1037 accidere
734 980 1055 1052 frequenter
1096 984 1258 1052 solet)
1299 985 1435 1041 vitio
1478 986 1831 1041 dormitantis
1856 986 2028 1042 libra-

450 1073 541 1139 rii,
575 1077 621 1128 si
652 1073 1103 1144 coniunctionem
1139 1077 1193 1132 in
1229 1077 1557 1134 adverbium
1588 1080 1663 1133 sic
1698 1078 1869 1134 fuisse
1895 1093 2029 1135 con-

443 1178 682 1227 versam,
708 1181 816 1221 una
849 1166 1029 1222 littera
1062 1165 1270 1237 addita.
1302 1167 1504 1224 Facilis
1560 1182 1643 1225 est
1672 1169 1820 1224 enim
1850 1173 1917 1225 ad
1938 1185 2030 1227 er-

447 1271 628 1312 rorcm
671 1256 879 1327 lapsus,
922 1259 1144 1330 quoties
1173 1260 1343 1316 dictio
1374 1260 1581 1332 aliquid
1626 1261 1944 1334 signiﬁcans
1971 1261 2026 1318 in

446 1345 743 1401 dictionem
772 1347 923 1403 aliud
958 1350 1388 1421 signiﬁcantem,
1421 1368 1527 1407 una
1560 1353 2026 1408 duntaxataddita

450 1437 537 1493 vel
576 1438 824 1496 detracta
862 1440 1047 1497 littera
1071 1484 1086 1507 ,
1133 1434 1463 1501 commutari
1504 1454 1704 1513 potest.
1756 1444 1896 1500 Tum
1933 1445 2033 1501 alii

454 1534 678 1602 quidam
718 1549 786 1590 ex
815 1535 902 1589 bis
934 1536 1027 1606 qui
1073 1537 1327 1599 aderant.
1378 1538 1781 1603 contradicere,
1809 1554 1919 1593 non
1956 1539 2024 1607 si,

451 1627 545 1680 sed
576 1627 651 1680 sic
676 1625 782 1698 legi
830 1627 1035 1685 debere
1063 1639 1444 1688 asseverantes
1465 1632 1715 1706 beneque
1740 1630 2028 1701 scitabere

457 1718 712 1775 Latinum
742 1735 1055 1779 sermonem
1086 1711 1358 1790 dicentes,
1394 1734 1453 1779 et
1481 1734 1575 1779 aut
1594 1724 1884 1781 rectiorem
1904 1739 2027 1781 esse

453 1809 666 1877 Graeco,
690 1821 790 1869 aut
816 1813 911 1882 illo
936 1828 1050 1870 non
1082 1814 1265 1871 minus
1296 1826 1533 1881 rectum,
1577 1815 2027 1889 quandoquidem

451 1906 569 1961 sive
598 1907 664 1975 si,
693 1907 810 1964 sive
855 1908 932 1963 sic
974 1907 1210 1973 dicatur,
1252 1909 1442 1965 eadem
1473 1910 1544 1966 sit
1569 1911 1858 1980 utriusque
1902 1926 2029 1967 sen-

452 1993 645 2051 tentia.
666 1995 824 2064 Quod
855 2011 987 2053 vero
1011 2000 1219 2055 rectius
1236 2015 1293 2056 se
1314 2000 1546 2057 haberet
1565 2016 1749 2057 sermo
1775 2000 2026 2069 Latinus,

449 2089 677 2146 minime
706 2092 825 2147 ausi
871 2100 1003 2148 sunt
1034 2095 1321 2165 prosequi,
1354 2094 1543 2171 stulte,
1572 2095 1629 2151 id
1656 2110 1685 2149 a
1712 2110 1774 2150 se
1814 2096 2024 2163 dictum

446 2182 840 2255 intelligentes,
880 2194 939 2242 et
986 2187 1362 2243 contentionis
1412 2187 1603 2257 potius.
1628 2192 1808 2260 gratia
1861 2205 2025 2260 quam

447 2274 722 2332 veritatis.
752 2275 1039 2348 Siquidem
1095 2277 1445 2352 Evangelista
1484 2278 1723 2337 Joannes
1752 2292 1804 2338 et
1846 2281 2024 2337 Evan-

449 2367 661 2439 gelium
701 2378 861 2424 suum
898 2370 1112 2436 Gnaeo,
1160 2387 1269 2428 non
1294 2370 1779 2440 Latinosermone
1804 2390 2035 2448 compo-

444 2459 573 2525 suit,
601 2468 659 2517 et
687 2461 781 2516 ιὰν
809 2464 1205 2541 conjunctione
1236 2479 1368 2521 usus
1391 2474 1495 2526 est.
1517 2480 1659 2536 qme,
1694 2465 1746 2519 in
1767 2462 2024 2522 Latinum

443 2566 628 2620 versa,
666 2555 713 2609 si
739 2554 947 2625 absque
978 2555 1085 2610 ulla
1128 2556 1487 2627 ambiguitate
1528 2558 1820 2629 signiﬁcat.
1846 2557 2031 2614 inter-

444 2661 573 2717 pres
600 2661 751 2713 vero,
781 2647 1096 2719 quicunque
1147 2648 1197 2704 is
1222 2649 1445 2721 quidem
1500 2649 1693 2717 fuerit,
1729 2665 1832 2706 nec
1878 2659 2025 2706 tanta

448 2738 691 2808 Spiritus
738 2742 937 2812 gratia,
992 2754 1197 2811 quanta
1222 2741 1471 2801 Joannes
1505 2744 1818 2800 illustratus
1854 2744 2025 2803 fuisse

445 2830 850 2889 existimandus
878 2841 981 2895 est.
1000 2835 1240 2892 etverbo
1263 2851 1398 2892 usus
1422 2847 1506 2893 est
1538 2839 1602 2892 ad
1630 2855 1873 2893 errorem
1902 2854 2033 2909 pro-

450 2923 603 2991 clivi,
634 2925 843 2999 quippe
877 2927 1072 2985 atldita
1100 2929 1150 2984 si
1193 2931 1598 3001 coniunctioni,
1636 2947 1735 3004 per
1766 2932 2026 3003 ignorano

446 3019 576 3075 tiam
601 3021 715 3077 sive
733 3020 1001 3076 incuriam
1023 3022 1399 3088 librariorum,
1423 3043 1449 3078 c
1469 3025 1672 3089 littera,
1699 3027 1879 3083 omnis
1905 3043 2029 3082 sen-

2131 523 2372 589 l‘srmare,
2398 540 2504 580 nec
2538 540 2665 579 cum
2701 522 3058 592 subiunCtivo
3090 536 3320 591 prorsus
3341 537 3465 578 esse
3491 522 3704 589 ancipi-

2131 625 2239 672 tem
2268 634 2283 683 ;
2318 616 2574 690 praesenti
2611 632 2740 671 vero
2775 616 2941 673 etiam
2970 614 3328 686 subiunctivo
3368 614 3705 685 adiunctam,

2128 708 2516 764 certitudinem
2573 705 2909 778 significare.
2946 705 3099 762 lianc
3144 704 3703 762 eorumtsenteutiam

2129 799 2459 870 quibusdam
2491 800 2707 871 Virgilii
2734 815 2797 854 ac
2827 797 3118 855 Ciceronis
3155 797 3422 868 exemplis
3449 798 3706 852 nituntur

2128 893 2420 949 atlirmare.
2452 892 2588 949 Cum
2615 891 2781 962 igitur
2812 890 2955 963 apud
2987 888 3207 945 Grarcos
3231 874 3302 945 ita
3322 890 3585 959 scriptum
3613 891 3703 954 sit,

2127 983 2224 1037 ιᾶν
2256 983 2421 1049 Olim,
2453 982 2559 1039 hoc
2594 991 2700 1049 cst,
2733 982 2781 1036 si
2812 981 2984 1047 uelim,
3022 980 3210 1049 procul
3258 980 3427 1033 dubio
3479 980 3705 1035 et-rtitu-

2130 1076 2314 1133 dinem
2344 1074 2636 1145 utrobique
2664 1073 2959 1145 significari
2989 1083 3275 1131 asserunt.
3310 1073 3552 1141 ideoque
3581 1088 3704 1131 erit.

2128 1169 2176 1223 si
2195 1168 2369 1236 velim,
2389 1175 2447 1223 nt
2474 1165 2673 1235 Graeci,
2700 1167 2813 1225 sive
2839 1169 2914 1222 sic
2934 1167 3073 1234 volo,
3106 1176 3167 1221 ut
3199 1165 3405 1230 Latini,
3433 1164 3703 1227 dicamus,

2129 1274 2293 1316 unam
2327 1275 2552 1330 prorsus
2576 1268 2629 1315 et
2661 1260 2910 1315 eamdem
2947 1275 3066 1315 esse
3098 1260 3454 1313 sententiam.
3485 1256 3708 1314 Postic-

2130 1366 2221 1407 nto
2254 1352 2347 1406 ubi
2396 1351 2637 1422 negatio,
2684 1350 2967 1422 inquiunt,
3021 1353 3106 1404 vel
3144 1350 3474 1421 ambiguitas
3525 1351 3706 1403 locum

2132 1460 2240 1500 non
2276 1443 2463 1509 habet,
2488 1442 2784 1499 indicativo
2805 1459 2929 1499 cum
2956 1445 3000 1507 si
3030 1444 3419 1516 coniunctione
3444 1442 3706 1497 utendum

2129 1544 2232 1592 est.
2268 1536 2324 1591 in
2349 1536 2635 1603 hocvero,
2667 1535 2736 1593 de
2768 1551 2881 1608 quo
2908 1537 3210 1607 loquimur,
3242 1535 3519 1606 Evangelii
3565 1535 3707 1601 loco,

2129 1630 2278 1686 nulla
2314 1628 2485 1686 habet
2534 1631 2717 1686 locum
2775 1629 3133 1700 ambiguitas.
3187 1629 3493 1684 lndieativo
3544 1628 3711 1700 igitur

2131 1720 2474 1792 adiungenda
2506 1721 2595 1778 illa
2628 1720 2964 1792 coniunctio,
3002 1729 3074 1784 et,
3118 1722 3163 1775 si
3211 1719 3348 1785 colo,
3395 1720 3707 1783 dicendum,

2130 1814 2276 1884 quod
2324 1813 2469 1871 idem
2503 1824 2589 1870 est
2620 1830 2683 1870 ac
2740 1813 2787 1869 si
2840 1813 3140 1879 diceretur,
3176 1813 3253 1868 sic
3279 1812 3436 1877 colo;
3480 1812 3707 1877 idcirco,

2129 1906 2205 1960 sic
2249 1906 2370 1962 volo
2411 1906 2466 1962 in
2512 1906 2815 1977 Evangelio
2854 1905 3175 1977 legendum.
3224 1904 3378 1971 Quod
3424 1891 3557 1959 vero
3598 1905 3710 1956 Ita-4'.

2129 1998 2394 2056 duoidem
2411 1998 2741 2071 signiﬁcent,
2761 1998 3074 2069 huiusmodi
3094 1998 3421 2054 confirmant
3437 1997 3709 2066 exemplo.

2129 2093 2186 2150 Si
2228 2095 2354 2164 quis
2384 2094 2555 2161 enim,
2592 2092 2870 2166 inquiunt,
2909 2092 3075 2148 alicui
3110 2095 3161 2146 in
3196 2093 3285 2148 die
3313 2092 3539 2147 Veneris
3582 2107 3712 2146 car—

2128 2202 2237 2243 nes
2276 2187 2462 2243 edenti
2523 2187 2594 2242 ita
2653 2188 2873 2254 dixerit,
2910 2186 3072 2243 Tune
3120 2186 3209 2241 die
3263 2186 3490 2242 Veneris
3514 2201 3711 2242 carnes

2128 2281 2375 2339 edisiet
2406 2281 2498 2337 ille
2546 2281 2618 2337 ita
2666 2280 3016 2351 respondeat,
3066 2280 3122 2335 Si
3174 2280 3294 2344 edo,
3342 2278 3476 2348 quid
3512 2279 3578 2335 ad
3621 2281 3713 2335 te?

2130 2376 2388 2431 Profecto
2420 2374 2469 2429 si
2497 2374 2589 2429 edo
2646 2374 2793 2429 idem
2846 2381 2931 2428 est
2979 2388 3042 2429 ac
3077 2372 3121 2428 si
3152 2375 3451 2435 diceretur,
3477 2373 3556 2427 sic
3588 2373 3705 2435 cdo,

2129 2470 2213 2523 vel
2240 2471 2313 2524 ita
2344 2470 2459 2534 cdo,
2479 2468 2612 2540 quid
2638 2467 2704 2523 ad
2740 2469 2833 2523 te?
2861 2465 3332 2534 Quemadmodum
3360 2467 3525 2537 igitur
3549 2467 3594 2521 si
3614 2470 3709 2521 edo

2131 2571 2187 2618 ct
2221 2564 2297 2617 sic
2340 2564 2436 2617 cdo
2471 2579 2643 2619 unum
2675 2570 2825 2628 sunt,
2868 2560 2943 2617 ita
2977 2562 3146 2615 etiam
3186 2562 3231 2615 si
3264 2558 3378 2615 volo
3408 2567 3464 2614 et
3489 2561 3564 2614 sic
3595 2558 3709 2614 r-olo

2130 2657 2271 2713 idem
2301 2672 2423 2711 esse
2449 2656 2737 2712 fatendum
2761 2663 3013 2711 censent.
3045 2655 3203 2722 Quod
3242 2654 3285 2709 si
3322 2654 3451 2724 quis
3484 2669 3707 2710 causam

2135 2749 2343 2820 ﬂagitet
2382 2765 2482 2805 cur
2511 2748 2862 2821 Evangelista
2908 2747 3133 2811 dixerit,
3162 2745 3230 2801 Et
3264 2764 3368 2801 non
3399 2746 3533 2802 dixit
3555 2746 3708 2801 Iesus

2128 2848 2269 2914 quod
2302 2861 2407 2899 non
2456 2844 2708 2904 moritur,
2740 2842 2861 2908 sed,
2893 2840 2956 2898 Si
2994 2858 3121 2897 eum
3148 2839 3263 2897 volo
3303 2857 3540 2907 strauere,
3566 2838 3707 2895 nihil

2128 2952 2256 2992 eum
2285 2936 2473 2994 dicere
2509 2942 2804 2991 asserunt:
2838 2935 3020 3006 primo
3047 2935 3198 2990 enim
3232 2948 3340 2991 non
3368 2932 3479 2988 vim
3506 2944 3563 2990 et
3582 2947 3707 2989 sen-

2131 3046 2252 3086 sum
2286 3030 2612 3091 verborum.
2647 3027 2747 3085 sed
2778 3027 2944 3083 verba
2973 3028 3090 3099 ipsa
3118 3028 3187 3083 ab
3214 3026 3571 3099 Evangelista
3602 3043 3705 3082 ne-

446 3112 616 3169 tentia
650 3113 994 3170 subvertitur
1012 3126 1068 3171 et
1109 3131 1208 3185 pro
1240 3117 1651 3187 coniunctione,
1686 3135 1808 3191 quae
1853 3122 2023 3177 dubia
2050 3143 2095 3201 α
2127 3124 2266 3195 gari,
2324 3122 2524 3179 deinde
2554 3131 2613 3179 ct
2656 3123 2733 3177 sic
2777 3107 2911 3177 volo.
2936 3120 3251 3193 signiﬁcare
3277 3126 3358 3176 sic
3395 3120 3532 3177 velle
3576 3136 3703 3177 eum

446 3212 555 3270 est,
580 3204 907 3287 adverbium
932 3206 1169 3263 edicitur
1198 3207 1523 3265 alitrmandi.
1546 3210 1702 3276 Quod
1720 3227 1852 3267 vero
1870 3228 2023 3287 eque

438 3296 595 3371 bene
619 3296 847 3355 Latinus
880 3286 1061 3358 sermo
1092 3318 1152 3359 se
1181 3302 1400 3371 habent,
1425 3306 1771 3377 argumentis
1795 3308 2025 3378 quibus-

446 3388 574 3447 dam
599 3392 783 3448 conati
813 3402 941 3449 sunt
971 3397 1292 3463 ostendere,
1326 3413 1447 3469 qua:
1482 3398 1725 3456 breviter
1768 3400 1873 3457 hoc
1899 3404 2027 3458 loco

451 3485 740 3543 referenda
765 3488 1219 3558 existimavimus,
1250 3502 1307 3547 et
1343 3492 1412 3548 ad
1436 3494 1780 3564 ea’quantum
1806 3495 2027 3554 divinus

445 3578 608 3634 favor
636 3583 998 3647 concesserit,
1026 3583 1494 3654 respondendum.
1544 3585 1742 3644 Primo
1780 3588 1928 3643 enim
1968 3590 2025 3645 id

446 3672 777 3731 auctoritate
805 3674 1124 3747 Hieronymi
1153 3685 1210 3731 et
1239 3677 1530 3749 Augustini
1567 3691 1624 3735 ct
1657 3681 1889 3737 aliorum
1923 3681 2029 3737 La-

446 3763 686 3820 tinorum
716 3764 1007 3823 doctorum
1038 3769 1390 3835 conﬁrmant,
1424 3787 1564 3843 quos
1589 3789 1656 3829 eo
1684 3778 1739 3829 in
1768 3776 1885 3832 loco
1911 3792 2021 3832 non

441 3862 509 3928 si,
545 3861 640 3918 sed
662 3863 761 3932 sic,
786 3863 1080 3941 scripsisse
1110 3876 1167 3921 et
1196 3866 1270 3924 ita
1302 3884 1422 3923 eam
1458 3879 1665 3937 partem
1702 3876 2023 3943 exposuisse

443 3965 684 4030 constat.
725 3956 840 4014 llos
866 3958 1015 4013 enim
1051 3974 1163 4015 non
1187 3968 1272 4015 est
1310 3961 1610 4018 verisimile
1648 3974 1704 4019 et
1736 3965 2021 4021 veritatem

443 4042 691 4112 latuisse,
755 4048 849 4119 qui
895 4060 952 4107 et
996 4052 1359 4122 sapientiores
1404 4056 1576 4110 nobis
1619 4040 1774 4114 fuere
1809 4069 1864 4114 ct
1912 4076 2022 4115 non

445 4139 610 4195 modo
633 4141 862 4206 Latinae,
907 4144 1004 4199 sed
1045 4144 1213 4201 etiam
1246 4146 1447 4205 (irascar
1493 4150 1692 4221 linguae
1724 4152 2022 4221 doctiores,

443 4232 667 4301 quando
687 4235 991 4305 praesertim
1014 4223 1143 4293 ante
1161 4237 1406 4309 ipsorum
1430 4254 1652 4312 quoque
1676 4254 1891 4300 atatem
1911 4262 2022 4300 nou

443 4326 509 4394 si,
544 4326 642 4381 sed
673 4329 750 4383 sic
780 4329 927 4399 apud
975 4328 1201 4388 Latinos
1247 4334 1514 4405 scriptum
1546 4334 1717 4391 fuisse
1770 4336 2023 4392 animad-

444 4420 700 4477 vertitur.
732 4420 862 4479 Post
894 4424 1011 4482 hzc
1027 4437 1302 4493 asserunt,
1321 4427 1464 4495 nihil
1492 4428 1546 4481 in
1566 4442 1719 4482 sacra
1737 4429 2020 4500 Scriptura

2129 3233 2376 3283 manere,
2424 3216 2521 3273 sed
2553 3216 2798 3271 voluisse
2843 3215 3125 3272 Christum
3172 3212 3581 3285 reprehendere
3608 3214 3711 3268 Pe-

2134 3322 2305 3378 trum,
2331 3311 2502 3368 veluti
2540 3309 3032 3380 quaeritabundum
3060 3309 3128 3365 de
3157 3307 3247 3373 his
3278 3323 3404 3379 qua!
3434 3308 3501 3364 ad
3526 3322 3585 3363 se
3607 3307 3711 3361 mi-

2127 3404 2283 3459 nime
2328 3403 2697 3476 pertinerent.
2731 3402 3088 3461 Concludunt
3130 3417 3266 3474 ergo
3298 3402 3558 3474 iniuriam
3589 3400 3708 3456 ﬁeri

2127 3497 2448 3569 Evangelia,
2477 3499 2522 3553 si
2554 3496 2681 3569 quis
2713 3497 2863 3555 hunc
2894 3498 3080 3553 locum
3109 3503 3306 3560 mutet,
3334 3493 3713 3551 moriendum-

2128 3609 2237 3666 que
2267 3593 2452 3661 potius
2481 3606 2604 3651 esse
2632 3608 2797 3663 quam
2827 3592 2939 3647 tale
2980 3590 3191 3662 aliquid
3224 3590 3583 3656 tentandum;
3606 3604 3710 3645 nec

2129 3684 2335 3741 debere
2357 3698 2693 3754 quemquam
2732 3683 3076 3737 catholicum
3110 3680 3318 3751 putari,
3349 3682 3447 3755 qui
3486 3687 3707 3734 mutanv

2128 3778 2253 3834 dam
2292 3778 2439 3831 hanc
2484 3773 2765 3847 Evangelii
2818 3776 3207 3830 auctoritatem
3244 3773 3549 3838 existimet,
3582 3788 3711 3826 cen-

2128 3869 2476 3941 scndumque
2511 3884 2637 3923 eum
2669 3868 2766 3937 qui
2796 3868 2849 3923 id
2883 3882 3054 3923 ausus
3087 3866 3275 3932 fuerit,
3307 3866 3475 3921 etiam
3522 3864 3709 3935 peiora

2127 3964 2405 4019 facturum
2436 3962 2626 4019 addita
2664 3962 2731 4017 ei
2751 3961 3084 4017 auctoritate
3107 3966 3274 4027 atque
3297 3958 3563 4028 potentia.

2200 4056 2325 4113 Haec
2352 4054 2576 4126 quidem
2614 4053 2713 4109 illi.
2758 4052 2867 4108 Nos
2888 4069 3020 4108 vero
3040 4052 3106 4109 ad
3142 4067 3207 4108 ea
3234 4052 3385 4107 hunc
3407 4051 3465 4106 in
3482 4050 3708 4110 modum

2127 4148 2562 4219 respondemus.
2610 4144 2843 4217 Oportet
2873 4145 3022 4201 enim
3052 4147 3147 4217 qui
3179 4143 3383 4214 aliquid
3415 4160 3483 4200 cx
3510 4160 3618 4199 una
3651 4146 3705 4199 in

2126 4242 2288 4295 aliam
2324 4238 2585 4296 transfert
2612 4239 2877 4310 linguam,
2921 4247 2974 4293 et
3031 4238 3274 4309 linguam
3326 4236 3501 4306 ipsam
3545 4252 3709 4292 nosse

2128 4349 2293 4404 quam
2333 4330 2621 4392 transfert,
2649 4340 2704 4386 et
2736 4331 2861 4400 eius
2892 4345 3002 4384 non
3041 4331 3204 4384 modo
3245 4329 3533 4384 sententia
3563 4328 3711 4381 veri-

2130 4436 2318 4490 tatem,
2348 4424 2446 4481 sed
2470 4425 2635 4481 etiam
2669 4422 2841 4479 verba
2876 4423 2945 4478 de
2964 4423 3151 4479 verbis
3180 4424 3521 4494 caprimere,
3540 4421 3708 4492 idque

443 4511 821 4571 innovandum
858 4533 1002 4585 esse,
1042 4492 1424 4591 praecipueque
1467 4522 1520 4575 iu
1577 4492 1888 4593 Evangeliu.
1928 4526 2017 4579 ubi
2052 4492 2098 4549 θ
2131 4517 2438 4591 praesertim
2480 4518 2538 4573 in
2576 4518 2750 4574 sacris
2778 4517 3007 4580 litteris,
3038 4516 3135 4571 ubi
3175 4492 3287 4572 non
3326 4515 3491 4571 modo
3537 4515 3707 4575 verba

412 4608 529 4683 _vel
568 4612 739 4666 unum
772 4613 1009 4683 apicem,
1042 4622 1137 4668 aut
1169 4629 1339 4669 unum
1376 4615 1490 4670 iota
1526 4615 1818 4670 immutare
1870 4619 2025 4674 nefas

442 4713 546 4759 est.
594 4703 829 4759 Daretur
858 4705 1006 4761 enim
1060 4708 1163 4762 hoc
1215 4707 1379 4763 modo
1426 4707 1659 4763 facultas
1714 4710 2025 4765 volentibus

445 4796 791 4870 Scripturam
833 4813 1047 4854 sacram
1074 4814 1456 4870 corrumpere,
1479 4801 1625 4867 quod
1660 4802 1812 4857 nullo
1856 4804 2023 4858 modo

447 4898 533 4945 est
571 4889 1027 4961 permittendum.
1056 4891 1195 4948 Cum
1233 4892 1401 4963 igitur
1427 4894 1573 4965 apud
1600 4892 2021 4974 LatinosEvan-

447 4983 651 5054 gelium
684 4984 767 5041 sic
794 4983 1017 5049 habeat.
1046 4986 1221 5041 asseri
1251 4987 1416 5042 aliter
1438 4990 1714 5043 mutarive
1756 4989 1877 5045 sine
1908 4988 2021 5048 cri-

448 5077 596 5134 mine
644 5091 756 5132 non
806 5092 988 5151 posse.
1019 5076 1289 5135 Pneterea
1355 5082 1402 5136 si
1451 5082 1895 5153 coniunctionem
1928 5074 2025 5137 'in-

446 5167 648 5239 quiunt
707 5166 1010 5237 aliquando
1058 5167 1402 5234 aﬁlrmative,
1450 5186 1852 5241 nonnunquam
1892 5187 2026 5227 vero

447 5266 505 5315 et
522 5249 829 5315 dubltative
854 5258 1057 5330 accipi,
1090 5250 1145 5315 et
1180 5275 1305 5315 cum
1337 5263 1595 5332 praesenti
1627 5262 1711 5318 vel
1742 5264 2025 5335 przeterito

451 5353 753 5411 indicativo
797 5354 1135 5427 adiungitur,
1170 5370 1294 5425 quae
1332 5364 1580 5426 tempora
1620 5356 1860 5413 certiora
1891 5364 2025 5411 sunt

449 5458 506 5504 et
528 5448 683 5520 quasi
716 5448 1135 5521 determinatam
1183 5464 1299 5503 rem
1347 5457 1643 5521 notamque
1690 5449 2023 5522 signiﬁcant,

453 5537 776 5596 aﬂlrmatlve
804 5541 948 5610 capi,
976 5554 1102 5595 cum
1141 5555 1274 5594 vero
1299 5541 1654 5613 subiunctivo
1686 5542 2024 5608 adnectitur,

452 5624 775 5689 dubitative.
804 5632 959 5697 Quod
991 5634 1035 5688 si
1089 5633 1275 5688 futuro
1299 5633 1579 5705 iungatur,
1625 5647 1754 5691 tunc
1798 5646 2024 5707 propter

529 5824 546 5856 '
577 5800 737 5893 luat).
770 5841 880 5897 xxi,
905 5824 995 5891 22,
1033 5825 1119 5884 25.

2133 4613 2250 4685 ipsa
2285 4611 2587 4675 custodiri.
2629 4610 2729 4667 sed
2760 4612 2897 4666 ordo
2926 4624 3149 4681 quoque
3171 4608 3493 4676 verborum,
3526 4608 3710 4679 quoad

2130 4706 2252 4777 eius
2285 4704 2399 4761 lleri
2425 4710 2633 4777 potest,
2681 4701 2896 4767 servari
2927 4701 3113 4758 debet.
3158 4700 3442 4773 Siquidem
3464 4700 3524 4765 in
3552 4712 3711 4761 sacra

2133 4795 2426 4868 Scriptura
2462 4795 2794 4860 etiamordo
2830 4794 2945 4867 ipse
2979 4793 3299 4857 verborum,
3338 4802 3399 4847 ut
3446 4790 3711 4861 Hierony-
3754 4868 3757 4870 ἓ

2132 4905 2259 4947 mus
2284 4887 2350 4944 ad
2402 4887 2811 4944 Pammachium
2869 4888 3125 4947 scribens
3153 4886 3352 4957 inquit,
3382 4883 3703 4956 mysterium

2129 4994 2214 5045 est
2242 5003 2261 5058 ;
2317 4984 2693 5056 periculosum
2740 4991 2825 5046 est
2869 4982 3016 5037 enim
3050 4980 3256 5051 aliquid
3285 4980 3337 5034 in
3367 4993 3431 5033 ea
3464 4988 3708 5045 mutare,

2130 5078 2237 5135 nisi
2269 5078 2582 5149 proprietas
2608 5076 2830 5146 lingutu,
2876 5074 2933 5133 in
2968 5088 3130 5145 quam
3159 5074 3219 5127 lit
3247 5071 3557 5139 translatio,
3579 5079 3704 5127 tan-

2132 5183 2242 5227 tam
2271 5170 2491 5227 interim
2519 5167 2923 5224 observantiam
2952 5182 3059 5221 non
3099 5165 3367 5235 patiatur;
3401 5176 3531 5221 tunc
3555 5162 3711 5227 enim

2130 5263 2260 5327 licet
2288 5259 2636 5318 diversorum
2666 5259 2963 5315 verborum
2992 5256 3219 5313 ambitu’
3242 5255 3494 5328 eamdem
3528 5254 3709 5310 lidelie

2132 5363 2216 5415 ter
2237 5336 2636 5422 repraesentare
2659 5350 3015 5406 sententiam.
3043 5347 3151 5403 Sed
3192 5347 3300 5403 hoc
3334 5346 3387 5401 in
3413 5346 3706 5416 praesentia

2129 5449 2311 5503 locum
2353 5450 2477 5503 non‘
2498 5446 2684 5501 habet.
2711 5445 2850 5502 Cum
2890 5443 3006 5500 haec
3037 5443 3113 5499 ita
3154 5442 3286 5507 sint,
3318 5439 3454 5497 illud
3477 5453 3708 5511 quoque

2127 5542 2567 5597 animadvertere
2605 5537 2886 5602 convenit,
2939 5536 3084 5610 quod
3135 5538 3264 5592 licet
3311 5534 3701 5596 nonnullorum

2125 5633 2314 5706 Opinio
2337 5633 2524 5702 fuerit,
2564 5637 2782 5689 beatum
2820 5629 3089 5687 Joannem
3122 5628 3525 5702 Evangelistam
3557 5644 3699 5695 non-
