4064 6148
322 280 425 346 629

1130 294 1214 358 ΙΝ
1248 296 1514 374 ILLUD,
1551 316 1568 347 ε
1618 302 1687 361 Si
1732 303 1892 365 EUM
1937 306 2130 366 VOLO
2165 307 2507 378 MANERE,
2553 324 2569 355 ι
2614 309 2769 368 ETC.

3479 309 3589 375 63!)

321 393 657 492 quo-pientis
686 397 1053 457 nihilominus
1082 405 1334 461 redditur
1361 408 1697 472 intellectus.
1732 422 1791 466 ut
1812 422 1898 467 est
1926 417 1976 477 Α
2006 417 2251 473 vitiatam
2287 427 2450 488 atque
2483 421 2800 476 mendosam
2828 438 2843 483 ;
2878 436 3128 492 opusque
3159 434 3282 477 esse
3317 431 3377 479 ut
3408 421 3452 477 is
3476 436 3599 492 qur-

311 487 455 564 illud
491 488 544 543 in
572 488 860 550 Ezechiele
902 496 1013 552 :Et
1045 500 1180 553 dixit
1225 501 1296 554 ad
1326 502 1516 568 cirum,
1557 503 1651 574 qui
1690 508 1903 563 indutus

315 591 432 635 erat
462 580 614 637 lineis
645 594 696 639 et
728 587 805 641 ait
841 589 885 654 ι,
921 588 1023 647 ltoc
1056 592 1203 661 quod
1244 592 1441 649 ultimo
1472 596 1715 664 ponitur.
1750 599 1900 654 scili-

318 684 423 739 cet,
448 684 500 728 et
528 677 624 743 ait,
660 677 708 733 si
766 679 889 750 quis
914 695 1274 752 pmsttnteret
1307 685 1642 753 diminuere,
1690 689 1905 745 intelle-

316 766 428 821 ctui
477 769 795 828 nullatenus
830 773 1142 846 detegeret.
1206 776 1271 831 Et
1321 779 1375 835 in
1429 780 1697 837 Zacbaria
1733 804 1747 837 :
1787 783 1903 851 Ipse

313 858 590 929 rrdiﬁcabil
612 864 863 936 templum
882 863 1103 924 Domino
1120 882 1171 925 et
1195 882 1425 928 exstrue!
1445 874 1694 944 templum
1720 875 1904 932 Domi-

311 955 431 1019 κη’,
454 956 600 1025 quod
629 967 906 1027 postremo
930 964 1152 1033 ponitur
1173 975 1223 1019 ct
1248 978 1481 1023 exstrue:
1511 969 1765 1041 templum
1792 971 1898 1025 οο-

310 1046 454 1101 mino
472 1047 542 1101 de
573 1050 761 1108 multis
786 1056 1188 1126 exemplaribus
1213 1059 1517 1115 detractant
1543 1070 1646 1117 est.
1676 1062 1832 1130 Quod
1854 1062 1898 1117 si

308 1139 431 1206 quis
460 1140 528 1196 de
560 1142 648 1197 liis
668 1144 824 1214 plura
853 1144 1126 1203 desiderat
1147 1151 1457 1207 testimonia
1471 1161 1525 1207 et
1544 1153 1719 1207 latius
1740 1170 1900 1211 nosse

309 1233 447 1311 hanc
476 1251 590 1290 rem
616 1238 789 1320 cupit,
818 1238 1103 1297 Nicolaum
1133 1244 1275 1316 legat
1306 1246 1443 1301 tituli
1474 1245 1689 1307 Damasi
1715 1248 1896 1304 diaco-

305 1340 436 1380 num
466 1325 523 1381 ει
550 1328 898 1389 bibliothecae
928 1332 1359 1408 suilraganeum,
1385 1339 1585 1399 virum.
1628 1350 1896 1411 quantum

305 1417 606 1492 intelligere
629 1423 781 1487 licet.
799 1425 1083 1485 Hebraica:
1113 1431 1315 1501 lingua:
1339 1433 1761 1504 peritissimum,
1778 1436 1896 1505 qui,

302 1506 453 1567 Lucii
491 1516 719 1572 secundi
773 1518 1007 1576 Romani
1055 1524 1337 1593 pontilicis
1386 1536 1650 1597 tempore,
1694 1531 1759 1583 ad
1792 1528 1898 1584 Pe-

304 1612 446 1659 trum
479 1606 718 1667 basilica:
752 1610 943 1683 Sancti
977 1615 1124 1673 Petri
1158 1621 1491 1676 canonicum
1526 1623 1803 1687 scribens,
1828 1621 1897 1678 de

299 1704 502 1754 sancta
553 1698 853 1774 Scriptum
909 1708 1299 1767 emendatione
1358 1713 1530 1767 multa
1609 1716 1890 1771 disseruit.

277 1786 467 1844 'Nobis
494 1793 646 1847 enim
696 1795 1073 1865 prolixitatem
1105 1799 1470 1873 fugientibus,
1498 1805 1640 1861 satis
1669 1814 1755 1860 est.
1777 1821 1893 1861 uno
1922 1790 1964 1846 Β

300 1881 383 1935 vel
445 1882 669 1960 duobus
725 1891 1071 1953 testimoniis
1114 1894 1261 1963 quod
1324 1896 1561 1964 probare
1612 1897 1887 1965 volumus,

297 1984 570 2043 astruere,
594 1979 858 2037 lectorem
902 1984 1201 2056 impigrum
1232 1986 1299 2041 ad
1334 2002 1450 2055 eos,
1496 2005 1525 2042 a
1556 1989 1758 2059 quibus
1789 2006 1888 2045 nos

299 2066 414 2122 inec
441 2072 779 2141 sumpsimus
803 2077 1231 2134 remittentibus.
1261 2080 1423 2136 Plura
1457 2063 1714 2154 namque
1742 2082 1887 2140 idem

295 2158 559 2218 Nicolaus
581 2164 659 2219 ait
687 2183 700 2219 :
736 2164 1008 2226 Lustrans
1033 2173 1294 2240 armaria,
1322 2174 1617 2245 nequibant
1646 2176 1749 2231 ltoe
1767 2177 1899 2231 adi-r

294 2253 453 2321 pisci,
501 2258 719 2313 veracia
761 2260 973 2317 scilicet
1003 2265 1335 2335 exemplaria
1365 2268 1633 2335 invenire,
1672 2271 1799 2341 quia
1833 2281 1888 2327 ct

292 2360 413 2413 qm:
449 2362 482 2402 a
513 2349 852 2406 doctissimis
902 2354 1036 2408 viris
1064 2355 1392 2411 dicebantur
1442 2370 1715 2427 correcta,
1747 2376 1885 2414 uno-

293 2454 513 2509 quoque
538 2439 593 2496 in
633 2457 736 2497 suo
764 2458 930 2500 sensu
950 2446 1289 2513 abundante,
1312 2449 1446 2504 adeo
1473 2450 1881 2520 discrepabunt,

292 2544 354 2590 ut
406 2548 551 2605 pene
601 2548 736 2609 quot
770 2538 1014 2604 codices,
1074 2548 1154 2597 tot
1184 2531 1521 2613 exemplaria
1554 2549 1879 2616 reperirem,

294 2636 468 2695 usque
499 2626 644 2683 adeo
684 2628 853 2685 etiam
888 2631 1186 2688 millesimo
1224 2635 1342 2690 fere
1381 2645 1507 2705 post
1548 2637 1878 2707 interpreta-

292 2722 499 2775 tionem
537 2721 865 2797 Hieronymi
895 2739 1065 2790 anno,
1100 2728 1326 2785 codices
1361 2745 1535 2786 sacrre
1576 2732 1880 2803 Scriptum!

289 2816 543 2873 mendosi
601 2828 768 2889 atque
821 2822 1075 2892 corrupti
1123 2834 1308 2889 erant,
1360 2834 1414 2879 et
1444 2826 1516 2879 ita
1552 2827 1695 2882 inter
1724 2844 1782 2882 se
1822 2828 1879 2884 in

286 2907 578 2982 plerisque
604 2909 1007 2982 discrepantes,
1041 2921 1100 2968 ut
1125 2927 1247 2985 qua:
1274 2915 1644 2990 Hieronymus
1668 2922 1733 2973 ad
1774 2920 1874 2975 Da-

290 3016 515 3057 masum
550 3002 867 3074 scripserat,
893 3007 1087 3063 eadem
1120 3008 1405 3076 Nicolaus,
1435 3024 1559 3082 post
1587 3022 1668 3068 tot
1704 3028 1881 3071 anno-

287 3108 410 3200 rum
436 3096 673 3163 circula,
704 3090 914 3155 scribat
945 3101 1013 3156 ad
1056 3101 1309 3169 Petrum,
1345 3114 1423 3160 tot
1448 3106 1664 3162 scilicet
1686 3123 1875 3165 exetn-
1907 3144 1949 3200 Ο

284 3184 454 3256 plaria
484 3201 612 3243 esse
648 3197 785 3260 quot
826 3189 1068 3246 codices.
1102 3191 1271 3248 Addit
1311 3206 1574 3265 praeterea
1624 3214 1685 3253 se
1725 3216 1869 3255 non-

285 3272 433 3339 nulla
464 3284 812 3354 comperisse
847 3285 917 3341 de
959 3286 1189 3344 lit-bram
1215 3289 1413 3345 abesse
1443 3307 1563 3356 qua:
1594 3301 1773 3349 tamen
1817 3296 1872 3350 in

283 3377 549 3433 omnibus
592 3376 804 3434 Latinis
837 3381 1128 3437 codicibus
1155 3384 1534 3455 parilortniter
1582 3390 1874 3458 reperiunt--

262 3479 396 3550 rtur.
429 3469 592 3538 Quod
624 3473 771 3527 enim
814 3474 868 3529 in
916 3471 1115 3530 Genesi
1159 3488 1264 3543 est,
1304 3477 1449 3533 Diarit
1486 3479 1618 3535 Cain
1648 3484 1719 3536 ad
1745 3484 1878 3539 Abel

281 3565 511 3633 fratrem
554 3582 729 3633 suum,
757 3566 1116 3638 Egrediamur
1144 3570 1288 3641 {oras
1321 3570 1361 3637 ³,
1392 3579 1645 3644 quamvis
1675 3577 1727 3631 in
1752 3593 1870 3632 om-

238 3698 241 3699 γ
284 3657 448 3714 uibus
487 3656 701 3716 Latinis
751 3659 1041 3739 codicibus
1095 3663 1171 3718 ita
1224 3664 1459 3736 legatur,
1497 3666 1553 3721 in
1589 3668 1872 3726 Hebraicis

250 3774 258 3780 -
282 3760 500 3808 tantum
521 3753 680 3818 illud,
704 3752 1064 3826 Egrediam'ur
1089 3758 1256 3829 foras,
1280 3776 1390 3815 non
1420 3777 1541 3819 esse
1563 3764 1869 3835 scriptum;

279 3852 334 3897 ct
359 3844 558 3900 eodem
597 3845 886 3917 modode
926 3851 1143 3905 car-teris
1180 3851 1514 3916 quibusdam
1554 3853 1871 3928 ainCujus

282 3942 357 3995 rei
390 3945 645 4007 causam,
683 3940 804 3998 sive“
829 3941 977 4011 quod
1006 3943 1380 4017 Hieronymus
1414 3946 1469 4003 in
1498 3948 1622 4003 aliis
1654 3959 1866 4022 reperta

283 4034 771 4112 translationibus,
810 4036 868 4093 in
900 4052 1004 4092 sua
1035 4038 1200 4094 etiam
1233 4043 1633 4115 conuexnerit,
1658 4042 1774 4100 sive
1800 4046 1868 4101 ab

279 4128 413 4197 alio,
446 4146 551 4186 usu
578 4131 819 4203 pristino
850 4132 1209 4202 praevalente,
1236 4136 1589 4205 postmodum
1620 4122 1868 4195 comtexa

280 4226 416 4294 sint,
472 4224 690 4283 nescire
748 4242 808 4283 se
860 4226 1085 4284 asserit.
1116 4227 1396 4298 Additque
1444 4232 1548 4286 hec
1582 4234 1665 4287 sui
1697 4235 1866 4291 studii

279 4316 472 4386 fuisse,
500 4318 684 4389 quoad
720 4319 924 4390 potuit,
959 4323 1235 4391 superﬂua
1289 4340 1560 4389 resecare,
1604 4330 1869 4384 transfor-

283 4426 427 4468 mata
463 4411 800 4480 reformare,
860 4426 915 4469 et
947 4432 1010 4469 ca
1042 4432 1236 4473 rursus
1270 4418 1474 4474 addere
1504 4436 1627 4489 quae
1659 4437 1689 4476 a
1723 4438 1865 4493 prm-

2006 524 2072 564 cx
2105 527 2212 565 una
2251 511 2303 565 in
2338 512 2499 566 aliam
2537 512 2778 582 linguam
2812 512 3016 583 aliquid
3048 514 3331 580 transfert,
3363 531 3483 571 eam
3518 532 3583 571 ex

2005 620 2113 673 qua
2150 607 2208 659 lit
2244 606 2551 667 translatio,
2587 605 2639 660 in
2681 606 2965 672 omnibus,
3004 616 3267 677 quantum
3306 608 3423 663 ﬁeri
3473 624 3589 679 po—

2009 708 2134 759 test.
2165 711 2448 769 sequatur.
2484 699 2527 754 si
2576 714 2633 753 se
2664 701 2911 755 veritatis
2942 701 3299 770 interpretem
3328 705 3453 768 esse
3507 709 3591 754 at.

2004 808 2111 864 que
2138 792 2312 847 videri
2354 795 2524 861 cupit.
2560 791 2716 859 Quod
2749 792 2791 847 si
2826 792 2949 862 quis
2985 794 3036 846 in
3072 794 3390 863 interpretis
3416 809 3591 863 opere

2004 902 2165 943 error
2212 887 2698 952 animadvertitur,
2759 888 2805 940 si
2876 901 2983 956 qua
3040 887 3312 944 dubitatio
3371 889 3584 954 oritur,

2008 980 2253 1051 profecto
2274 995 2343 1036 eo
2378 984 2780 1036 recurrentium
2812 992 2915 1046 est,
2950 987 3093 1038 unde
3130 972 3375 1038 l‘a'cta'est
3406 991 3585 1039 trans-

2004 1072 2161 1128 latio.
2206 1074 2350 1129 Audi
2386 1074 2535 1130 enim
2570 1076 2701 1145 quid
2732 1075 2929 1131 beatus
2961 1076 3324 1145 Hieronymus
3356 1074 3408 1129 in
3442 1089 3581 1143 prac-

2004 1168 2209 1225 fatione
2238 1185 2406 1240 super
2460 1170 2773 1225 Mattlizeum
2826 1171 3033 1225 scribat
3073 1169 3172 1225 :Si
3211 1170 3432 1229 veritas.
3498 1170 3585 1223 iu-

2002 1265 2142 1329 quit,
2175 1276 2255 1318 est
2285 1265 2579 1333 quaerenda
2615 1265 2683 1320 de
2716 1265 2988 1335 pluribus,
3041 1280 3139 1319 cur
3180 1279 3286 1337 non
3330 1265 3396 1317 ad
3434 1264 3580 1321 Grat-

2001 1372 2118 1410 cam
2152 1356 2421 1427 originem
2476 1371 2845 1423 recurrentes,
2876 1375 2939 1413 ea
2973 1374 3117 1428 quin
3145 1357 3230 1412 vel
3289 1374 3316 1410 a
3370 1357 3582 1440 vitiosis

2001 1451 2397 1520 interpretibus
2429 1452 2569 1507 male
2596 1450 2766 1521 dicta,
2791 1454 2873 1508 vel
2904 1470 2931 1505 a
2966 1453 3453 1523 praesumptoribus
3481 1453 3582 1506 im-

2000 1540 2196 1615 peritis
2228 1546 2522 1600 etnendata
2551 1542 2887 1616 perversius,
2920 1546 3005 1600 vel
3045 1561 3074 1599 a
3106 1544 3344 1599 librariis
3373 1544 3579 1598 dormi-

2002 1639 2246 1694 tantibus
2277 1649 2371 1694 aut
2396 1639 2581 1693 addita
2616 1649 2763 1705 sunt,
2798 1647 2891 1694 aut
2949 1648 3156 1694 mutata
3213 1638 3579 1709 corrigimus?

1984 1732 2338 1802 'Augustinus
2370 1748 2591 1801 quoque
2624 1733 2677 1787 in
2729 1732 2977 1789 secundo
3041 1731 3118 1786 De
3150 1733 3398 1799 doctrina
3427 1731 3577 1788 Chri-

1994 1825 2174 1878 stiana
2206 1824 2348 1879 libro
2378 1827 2450 1879 it‘a
2484 1824 2661 1896 inquit
2695 1843 2709 1879 :
2748 1824 2955 1881 Latina:
2980 1825 3203 1893 quidem
3246 1825 3443 1896 linguae
3474 1823 3574 1877 lm-

1996 1918 2172 1974 mines
2205 1934 2346 1990 quos
2376 1935 2525 1974 nunc
2567 1921 2923 1975 instruendus
2964 1920 3328 1990 suscepimus,
3361 1918 3574 1972 duabus

1993 2014 2114 2067 aliis
2147 2011 2213 2068 ad
2247 2013 2662 2085 Scripturarum
2698 2014 3009 2069 divinarum
3041 2012 3409 2083 cognitionem
3434 2026 3576 2081 opus

1994 2096 2483 2170 liabent,lllebra‘.a
2519 2109 2731 2164 scilicet
2764 2120 2819 2163 et
2858 2107 3067 2171 Grmca,
3105 2117 3164 2162 ut
3191 2106 3257 2159 ad
3298 2106 3573 2175 exempla-

1992 2198 2070 2252 ria
2105 2200 2464 2269 praecedentia
2497 2211 2834 2266 recurratur,
2869 2201 2914 2253 si
2964 2216 3129 2269 quam
3167 2199 3568 2253 dubitationem

1990 2293 2242 2347 attulerit
2282 2292 2609 2348 Latinorum
2664 2294 3029 2360 interpretum
3066 2294 3277 2347 inﬁnita
3311 2295 3566 2347 varietas.

1988 2386 2205 2442 Rursus
2236 2386 2587 2443 :‘Codicibus
2627 2386 2989 2443 emendandis
3030 2387 3289 2458 primitus
3341 2385 3569 2457 vigilare.

1988 2478 2154 2534 debet
2180 2479 2404 2536 solertia
2438 2495 2657 2543 eorum,
2697 2480 2792 2549 qui
2818 2478 3136 2549 Scripturas
3165 2478 3381 2533 divinas
3408 2493 3569 2533 nosse

1982 2571 2323 2633 desiderant.
2353 2582 2415 2628 ut
2453 2572 2765 2629 emendatis
2802 2576 2909 2628 nou
2943 2572 3218 2628 emendati
3252 2572 3468 2628 cedant.
3500 2572 3569 2626 Et

1985 2666 2185 2720 iterum
2219 2683 2233 2720 :
2273 2665 2468 2722 Libros
2486 2678 2675 2724 autem
2711 2664 2844 2721 Novi
2878 2665 3236 2731 Tcstamenti,
3268 2665 3311 2719 si
3344 2664 3476 2734 quid
3512 2665 3564 2719 iu

1985 2759 2199 2815 Latinis
2226 2760 2583 2815 varietatibus
2603 2760 2823 2825 titubat,
2847 2759 3053 2815 Graecis
3081 2760 3279 2837 cedere
3305 2766 3566 2829 oportere

1985 2870 2093 2909 non
2126 2854 2355 2910 dubium
2391 2864 2493 2910 est.
2527 2854 2721 2911 Nonne
2752 2853 3347 2910 bis-sanctissimorum
3378 2852 3565 2907 docto-

1984 2963 2106 3001 rum
2132 2947 2318 3002 verbis
2352 2948 2706 3013 instrttintur,
2740 2962 2867 3003 cum
2898 2946 3073 3001 multa
3133 2944 3301 3002 fuisse
3349 2952 3406 2999 et
3439 2959 3565 2999 esse

1981 3040 2067 3095 vel
2103 3039 2468 3110 interpretum
2493 3041 2786 3106 varietate,
2840 3040 2929 3095 vel
2964 3040 3221 3108 imperite
3257 3036 3562 3093 emendan-

2163 3134 2322 3197 vitio,
2361 3136 2450 3191 vel
2475 3132 2897 3190 dormitantium
2952 3132 3306 3188 librariorum
3342 3131 3562 3187 incuria

1983 3227 2297 3298 depravata,
2330 3238 2443 3283 tum
2475 3242 2540 3283 ea
2563 3228 2761 3301 corrigi
2797 3226 2965 3282 licere
2988 3234 3154 3295 atque
3178 3225 3425 3281 debere?
3460 3225 3561 3279 Per

1982 3321 2127 3375 illam
2165 3322 2370 3391 quippe
2400 3321 2640 3391 regulam
2678 3335 2969 3375 monemur
2995 3321 3047 3375 in
3074 3318 3432 3388 inquisitione
3462 3335 3558 3373 ve-

1980 3414 2157 3467 ritatis
2196 3422 2363 3483 atque
2397 3412 2517 3484 ejus
2554 3411 2980 3483 investigatione
3006 3411 3071 3467 ad
3107 3410 3427 3481 originalem
3456 3410 3563 3464 lin-

1976 3523 2137 3578 guam
2163 3517 2219 3561 et
2238 3500 2576 3576 exemplaria
2596 3506 2963 3575 praecedentia
2984 3504 3386 3561 recurrentium
3413 3519 3557 3573 csso,

1976 3617 2038 3655 ac
2070 3598 2396 3656 Latinorum
2444 3600 2715 3655 librorum
2774 3587 3097 3655 varietatem
3129 3598 3332 3656 Graecis
3359 3584 3561 3655 cedere

1974 3702 2253 3763 Oportere.
2307 3691 2615 3749 Videndum
2672 3695 2861 3765 itaque
2915 3694 3114 3763 primo,
3173 3693 3447 3764 quomodo
3500 3708 3559 3749 se

1976 3788 2177 3843 habeat
2208 3786 2265 3843 in
2295 3786 2484 3842 Graaca
2517 3798 2682 3858 atque
2718 3789 2974 3858 originali
3038 3788 3247 3857 lingua,
3288 3786 3424 3852 haec,
3487 3786 3557 3842 de

1974 3897 2081 3950 qua
2113 3881 2434 3951 quaerimus,
2492 3881 2775 3950 Evangelii
2808 3881 3128 3945 aucturitas,
3166 3888 3318 3942 etan
3373 3892 3558 3933 sermo

1978 3973 2207 4030 Latinus
2236 3973 2426 4028 ϐῖκοι)
2463 3975 2815 4040 consentiat;
2864 3972 3011 4044 quod
3042 3973 3088 4028 si
3117 3970 3425 4037 dissentiat,
3486 3985 3555 4024 an

1974 4068 2027 4122 id
2058 4065 2216 4122 facile
2247 4067 2489 4136 potuerit
2546 4066 2967 4122 dormitantium
3009 4064 3366 4120 librariorum
3419 4062 3554 4119 vitio

1980 4160 2125 4227 ﬁeri,
2158 4168 2212 4215 et
2238 4176 2305 4214 an
2337 4161 2391 4214 in
2425 4161 2548 4215 aliis
2586 4176 2807 4230 quoque
2839 4161 3013 4215 simile
3044 4158 3249 4227 aliquid
3289 4157 3403 4214 ﬁeri
3465 4172 3556 4227 po-

1974 4256 2141 4309 tuerit
2175 4254 2449 4308 factumve
2485 4252 2558 4307 sit
2609 4255 2818 4324 absque
2852 4252 3029 4308 sancti
3062 4252 3303 4309 doctoris
3332 4252 3554 4323 peritis-

1973 4346 2208 4414 simique
2236 4346 2562 4417 interpretis
2598 4346 2913 4419 Hieronymi
2945 4346 3106 4415 culpa
3132 4355 3226 4400 aut
3255 4345 3553 4417 reprehen-

1975 4439 2151 4493 sione.
2183 4439 2389 4494 Deinde
2420 4440 2631 4509 aliquot
2652 4441 2959 4495 rationibus
2983 4438 3168 4496 Grazca
3191 4440 3377 4494 littera
3402 4455 3556 4495 com-

278 4506 962 4583 sumptoribus'tanquatn
983 4508 1262 4579 superﬂua
1310 4512 1535 4568 luerant
1559 4523 1864 4587 amputata.
1900 4492 1944 4548 θ
1970 4530 2256 4598 probanda
2292 4545 2357 4585 ac
2389 4492 2767 4586 confirmanda
2824 4540 2927 4588 est,
2970 4532 3259 4588 Postremo
3305 4533 3553 4589 rationes

278 4600 354 4654 Ita
379 4602 461 4658 vir
482 4599 577 4657 ille
610 4602 832 4667 doctus,
864 4604 1032 4657 etiam
1054 4601 1377 4675 longissimo
1398 4620 1522 4676 post
1548 4608 1866 4681 Hieronymi

276 4695 577 4754 editionem
617 4700 889 4770 tempore,
922 4701 1091 4757 multa
1119 4702 1357 4770 putavit,
1390 4700 1501 4756 imo
1544 4717 1676 4758 vero
1709 4715 1864 4760 certo

279 4791 482 4856 tenuit,
505 4791 594 4847 vel
619 4791 900 4862 apposita,
935 4791 1019 4847 vel
1062 4801 1431 4858 commutata,
1454 4795 1537 4861 vel
1590 4798 1864 4863 detracta,

276 4884 741 4956 quernadntodum
771 4897 829 4940 et
852 4899 978 4942 ante
1002 4885 1317 4955 Hieronymi
1343 4897 1589 4960 tempora
1618 4892 1858 4960 fuerant,

273 4989 328 5032 et
360 4977 487 5035 ideo
518 4978 887 5038 detrahenda.
915 4981 1255 5047 readdenda,
1284 4982 1633 5038 emendanda
1659 4996 1715 5039 et
1738 5001 1863 5039 cor-

278 5070 506 5142 rigentia
531 5086 679 5128 esse.
711 5070 808 5129 llis
841 5074 1016 5143 igitur
1046 5075 1119 5129 ita
1156 5076 1412 5144 cognitis,
1453 5092 1598 5131 nunc
1629 5077 1693 5132 ad
1742 5095 1856 5135 rem

276 5164 451 5232 ipsam
482 5165 553 5221 de
574 5182 685 5237 qua
716 5169 953 5237 quaestio
985 5180 1090 5235 est,
1114 5169 1425 5224 veniamus.

343 5258 484 5315 Cum
515 5276 731 5316 sacrum
755 5262 994 5340 Joannis
1032 5261 1389 5333 EVangeiittut
1422 5260 1662 5319 Joannes
1732 5265 1852 5337 ipse

272 5352 557 5421 apostolus
605 5362 663 5408 et
715 5350 1088 5426 Evangelista,
1142 5352 1385 5425 Spiritus
1438 5358 1613 5412 sancti
1677 5360 1850 5429 gratia

276 5443 491 5513 plenus,
522 5441 713 5503 Graeco
764 5462 1020 5504 sermone
1050 5450 1358 5521 scripserit,
1423 5453 1558 5505 nulli
1620 5453 1850 5509 dubium

269 5549 393 5592 esse
426 5537 606 5606 debet,
639 5541 1386 5609 quamlibettranslationem
1418 5544 1674 5614 originali
1706 5546 1856 5600 littco

273 5642 346 5683 rte
383 5631 605 5688 minime
638 5635 1086 5704 respondentem,
1140 5652 1247 5690 non
1310 5647 1513 5691 rectam
1549 5653 1691 5697 esse,
1755 5640 1849 5693 sed

348 5819 364 5849 ⁸
387 5814 585 5875 Bacch.
620 5833 695 5883 ts,
741 5815 820 5872 ll.
900 5818 919 5847 ’
951 5817 1180 5874 laetior.
1214 5832 1289 5882 γι,
1330 5816 1407 5872 1'2.

1488 5816 1508 5845 ⁸
1539 5816 1676 5871 Gen.
1704 5807 1707 5810 ⁴
1736 5829 1807 5886 tv,
1862 5820 1915 5878 8.

1966 4625 2034 4679 ab
2062 4624 2378 4681 adversario
2401 4626 2651 4688 adducta)
2681 4626 2955 4683 solvendae
2983 4636 3131 4684 sunt.

2035 4718 2195 4789 Apud
2257 4717 2475 4774 Grtecos
2527 4720 2852 4776 mauil'estus
2917 4729 3003 4794 est
3057 4736 3249 4777 sensus
3301 4722 3551 4793 Evangc~

1965 4810 2044 4872 lii.
2077 4828 2257 4883 neque
2294 4812 2475 4883 aliqua
2511 4815 2799 4870 verborum
2833 4816 3191 4883 ambiguitate
3221 4815 3543 4882 involutus;

1966 4916 2155 4974 aperte
2198 4921 2436 4975 namque
2475 4906 2620 4977 apud
2652 4907 2773 4963 illos
2808 4906 2879 4961 ita
2912 4908 3197 4971 scribitur,
3223 4904 3353 4965 Ἐὰν
3382 4906 3547 4959 αὐτὸν

1966 4995 2106 5051 θέλω
2135 4997 2324 5067 μένείν
2346 4998 2452 5061 ἕως
2480 4997 2738 5069 ἔρχομαι,
2764 4998 2818 5052 τί
2853 5000 2988 5069 πρὸς
3024 5003 3117 5067 σέ;
3148 4990 3296 5071 quod
3328 4999 3434 5054 nisi
3470 5000 3544 5054 ita

1959 5090 2381 5160 interpretatur.
2421 5099 2482 5146 ut
2505 5090 2671 5154 dicat,
2705 5090 2763 5146 Si
2817 5108 2937 5145 eum
2969 5074 3146 5157 velim,
3187 5092 3294 5159 vel,
3328 5091 3388 5148 Si
3420 5109 3547 5154 eum

1956 5182 2073 5237 volo
2108 5200 2324 5238 manere
2349 5186 2513 5239 donec
2541 5186 2768 5250 ueniam,
2799 5186 2922 5256 quid
2958 5187 3029 5239 ad
3056 5187 3151 5240 te?
3185 5195 3334 5244 recte
3366 5188 3543 5245 inter-

1956 5284 2232 5345 pretatum
2278 5293 2400 5332 esse
2433 5294 2542 5333 non
2590 5288 2808 5348 potest;
2843 5279 3029 5335 Graeca
3085 5281 3234 5337 enim
3292 5282 3382 5337 illa
3411 5299 3549 5341 con.

1954 5368 2170 5437 junctio
2203 5370 2299 5422 ἐὰν
2329 5370 2466 5424 nihil
2499 5371 2646 5425 aliud
2675 5388 2837 5443 quam
2868 5374 2914 5426 si
2944 5375 3372 5431 eonditionalem
3404 5393 3550 5433 conv

1958 5462 2295 5530 iunctionem
2344 5463 2691 5520 causalcmve
2743 5466 3036 5537 signiﬁcat,
3075 5476 3399 5542 tantumque
3457 5474 3543 5528 in-

1962 5562 2131 5609 terr-st
2168 5555 2312 5609 inter
2348 5558 2464 5625 ἐὰν,
2530 5557 2581 5612 id
2618 5567 2700 5614 est
2748 5563 2817 5623 si,
2851 5571 2926 5626 et,
2961 5562 3157 5629 οὕτως,
3194 5564 3299 5621 hoc
3327 5576 3409 5621 est
3444 5567 3539 5635 sic,

1960 5647 2104 5715 apud
2142 5640 2379 5715 Graecos,
2446 5661 2714 5726 quantum
2754 5653 2866 5712 fere
2904 5655 3046 5712 inter
3089 5657 3199 5716 duo
3237 5660 3535 5716 contraria.
