4108 6142
451 282 554 347 631

1399 285 1908 349 BESSARIONIS
1947 289 2008 354 S.
2048 290 2121 352 Ii.
2168 290 2232 352 E.
2277 280 2747 352 CARDlNALlS

3626 285 3734 350 632

450 397 736 469 Siquidem
762 401 857 454 ἐὰν
885 399 1224 474 ambiguam,
1281 402 1457 466 οὕτως
1513 419 1648 461 vero
1679 403 2188 465 certissimamla
2217 387 2594 476 praepositioni
2645 403 2857 460 addita.
2903 401 2982 457 ita
3028 401 3079 455 in
3134 401 3314 472 prima
3358 397 3608 470 Epistula
3662 399 3734 455 ad

452 505 573 546 rem
609 489 906 562 signiﬁcat,
937 503 998 548 ut
1031 494 1184 548 nullo
1225 496 1391 551 modo
1416 497 1688 568 suspicari
1707 499 1834 570 quis
1853 499 2051 569 possit,

456 582 677 640 librarii
709 585 845 642 vitio
897 587 1004 644 hoc
1037 589 1181 658 apud
1232 590 1454 647 Graecos
1511 593 1739 648 evenire
1780 594 2048 663 potuisse.

2153 496 2494 562 Corinthios,
2529 498 2621 552 ubi
2655 497 2830 554 (ἕτωοί
2865 496 3139 560 scribunt,
3169 494 3231 548 0!
3262 496 3374 566 γὰρ
3405 493 3612 558 πάντες
3670 494 3735 547 ἐκ

2153 589 2249 641 τοῦ
2282 589 2397 652 lvii;
2433 589 2600 660 ἄρτῡυ
2636 588 2960 658 μετέχομεν,
2993 586 3049 641 id
3105 593 3214 650 est,
3273 584 3465 642 Omnes
3494 587 3636 639 enim
3672 586 3737 638 de

452 673 617 732 Nulla
648 677 798 733 enim
854 679 911 734 in
945 696 1052 735 una
1086 681 1320 737 duarum
1360 684 1672 740 dictionum
1729 685 1914 742 littera
1969 695 2056 741 est
2138 699 2260 737 uno
2289 700 2428 755 pane
2454 679 2842 754 participantur
2869 681 2912 748 ⁵,
2957 679 3135 736 Latini
3168 679 3410 738 addunt.
3462 686 3511 731 et
3540 679 3604 732 de
3630 693 3737 731 uno

457 787 579 842 qtue
613 774 686 828 sit
720 774 776 830 in
832 774 1046 841 altera;
1111 778 1260 834 nulla
1297 781 1446 835 inter
1477 795 1573 836 eas
1609 790 1695 836 est
1725 780 1946 852 penitus
1978 780 2055 836 si-

457 864 959 940 militudo,quippe
981 871 1079 924 ὲάν
1099 870 1281 927 tribus
1301 872 1500 928 litteris
1529 874 1882 944 componitur
1905 875 2049 945 quod

455 957 657 1015 Latine
686 961 973 1038 significat
1002 965 1069 1030 si,
1095 964 1270 1030 οὕτως
1299 981 1450 1033 vero,
1483 966 1628 1036 quod
1659 968 1734 1022 sic
1761 983 1792 1022 a
1842 967 2052 1022 Latinis

457 1051 880 1123 interpretatur,
913 1057 1162 1128 quinque
1213 1059 1441 1115 litteras
1478 1061 1667 1122 habet,
1713 1068 1861 1131 tanta
1904 1060 2054 1116 inter

459 1144 563 1199 has
590 1145 1060 1224 ditas'dictionss
1098 1149 1242 1221 apud
1293 1151 1516 1208 Graecos
1566 1151 1878 1210 dill‘erentia
1941 1164 2046 1209 est.

457 1241 748 1300 Quomodo
783 1240 951 1310 igitur
988 1256 1048 1296 se
1092 1242 1237 1314 apud
1271 1244 1496 1301 Graecos
1551 1245 1753 1301 habent
1809 1246 1924 1308 hic.
1979 1246 2058 1302 de

409 1358 415 1369 η-
459 1346 570 1398 quo
600 1331 908 1402 loquimur,
945 1334 1224 1406 Evangelii
1278 1337 1462 1414 locus,
1495 1348 1550 1392 ct
1578 1339 1858 1409 quomodo
1900 1338 2044 1394 Lati-

460 1415 568 1477 nus
603 1439 788 1480 sermo
820 1426 873 1480 in
907 1426 1012 1483 hoc
1040 1443 1071 1482 a
1103 1428 1294 1499 Graeco
1321 1430 1637 1494 dissentiat,
1672 1432 1812 1488 satis
1840 1448 1908 1488 ex
1963 1432 2059 1489 his

461 1528 588 1584 qua
619 1515 861 1572 diximus
899 1527 1159 1589 apparet.
1211 1520 1369 1589 Quod
1404 1532 1591 1578 autem
1629 1525 1682 1577 in
1718 1524 1911 1578 Latina
1942 1525 2052 1579 liu-

457 1625 561 1680 gon
593 1609 750 1666 facile
791 1613 918 1669 talis
941 1628 1102 1670 error
1133 1617 1365 1671 evenire
1392 1619 1655 1686 potuerit,
1699 1616 1754 1672 in
1789 1629 2046 1690 promptu

455 1712 545 1756 est
580 1704 840 1773 intuenti,
878 1718 1083 1779 quanta
1124 1710 1194 1765 sit
1226 1709 1420 1764 harum
1460 1710 1696 1767 duarum
1739 1711 2046 1769 dictionum

455 1797 506 1849 si
537 1806 591 1852 et
621 1800 697 1852 sic
723 1799 1028 1856 similitudo
1065 1811 1228 1873 atque
1261 1803 1537 1861 vicinitas.
1568 1807 1744 1862 Unica
1775 1806 1927 1861 enim
1954 1807 2049 1862 lit-

461 1899 580 1945 tera
611 1907 661 1957 ο,
695 1891 1050 1950 dermitantis
1077 1895 1297 1952 lectoris
1335 1897 1470 1952 vitio
1504 1899 1716 1962 addita,
1754 1898 1884 1953 illud
1921 1901 1968 1954 si
1995 1911 2052 1956 et

456 1985 536 2037 sic
564 1994 781 2041 mutare
811 1988 1016 2056 potuit,
1069 1990 1545 2058 quemadmodum
1600 2004 1879 2046 tonsuram
1911 1995 2050 2065 regis
2095 2056 2099 2060 ν

463 2075 520 2129 in
552 2085 820 2131 tonsorem
844 2080 1038 2151 gregis,
1062 2093 1118 2136 et
1150 2084 1502 2137 vastationem
1531 2083 1588 2138 in
1615 2085 2052 2140 vaticinationem

463 2178 670 2224 mutata
701 2168 892 2239 fuisse,
916 2187 1027 2228 non
1045 2184 1255 2238 nostra,
1273 2175 1371 2230 sed
1388 2176 1742 2246 antiquorum
1762 2177 2051 2255 doctorum

462 2264 738 2318 sententia
777 2279 948 2336 supra
983 2268 1492 2325 demonstravimus
1523 2272 1928 2342 manifestoque
1964 2286 2058 2326 os-

464 2356 769 2414 tendimus.
801 2359 954 2417 idem
987 2360 1177 2418 multis
1205 2373 1428 2434 quoque
1456 2364 1580 2420 aliis
1609 2365 1817 2420 inlocis
1851 2365 2052 2420 factum

461 2449 740 2506 exstitisse
767 2453 996 2522 probari
1052 2465 1256 2524 potest.
1300 2455 1420 2510 Mox
1450 2456 1510 2511 in
1546 2458 1666 2525 ipso
1724 2459 1843 2513 fere
1894 2459 2054 2513 initio

460 2540 709 2612 ejusdem
744 2545 1022 2616 Evangelii
1050 2545 1278 2603 Joannis
1313 2547 1429 2613 ubi,
1466 2548 1601 2602 Οὐδὲ
1655 2550 1718 2603 ἐκ
1747 2548 2056 2620 θελήματος

463 2635 692 2703 σαρκὸς,
722 2635 830 2692 Nec
859 2653 923 2692 ea:
945 2638 1216 2696 uoluntate
1245 2642 1424 2696 carnis
1456 2642 1498 2706 ',
1531 2643 1630 2705 ait,
1665 2641 1904 2712 imperiti
1932 2646 2054 2712 qui-

461 2727 589 2784 dam
615 2746 709 2784 nec
733 2747 798 2785 ex
820 2731 1089 2804 voluptate
1118 2735 1294 2791 carnis
1314 2735 1584 2802 scribunt,
1614 2753 1648 2790 η
1670 2737 1724 2791 in
1749 2756 1782 2808 ρ
1809 2743 2056 2793 commu-

462 2830 668 2891 tantes,
701 2824 849 2893 quod
883 2825 1097 2885 scilicet
1128 2827 1198 2884 ad
1228 2843 1454 2883 carnem
1509 2830 1782 2897 pertineat
1814 2829 1932 2901 ipsa
1963 2847 2058 2887 vo-

460 2911 671 2982 luptas.
703 2914 774 2970 Et
795 2916 946 2986 apud.
973 2917 1230 2974 eumdem
1269 2926 1392 2989 post
1421 2907 1591 2976 verba
1619 2918 1826 2975 Christi
1853 2919 2057 2989 quibus

462 3003 662 3061 affatus
689 3015 776 3061 est
807 3007 1056 3078 Matrem,
1091 3021 1147 3066 et
1175 3025 1297 3065 eam
1323 3011 1544 3080 Joanni,
1574 3027 1736 3081 quem
1765 3011 2053 3083 diligebat,

2154 777 2335 832 calice.
2379 776 2444 831 Et
2470 774 2613 846 apud
2643 775 2955 830 Μηιῑῖιειξιιιιι
3007 782 3132 842 cap.
3168 787 3295 835 xxv,
3337 769 3601 838 Ἐξῆλθον
3657 771 3736 831 si;

2153 869 2465 940 ἀπάντησιν
2499 869 2593 922 τοῦ
2619 867 2881 936 νυμφίου,
2920 865 2972 920 id
3006 874 3114 928 est,
3185 862 3480 917 Exiverunt
3531 862 3736 914 obuiam

2155 979 2347 1036 sponso
2373 964 2418 1028 ',
2453 962 2632 1018 Latini
2680 962 2906 1023 habent.
2956 966 3005 1013 et
3037 974 3266 1025 sponsae,
3301 972 3426 1026 qua:
3485 953 3736 1026 profecto

2153 1058 2415 1128 augurari
2452 1057 2579 1113 licet
2613 1056 2667 1114 in
2717 1053 3067 1125 marginibus
3115 1053 3244 1107 olim
3300 1051 3574 1106 librorum
3639 1065 3738 1118 pro

2150 1149 2595 1220 expositionibus
2645 1149 2844 1218 posita,
2879 1148 2950 1201 ab
2991 1144 3198 1215 ignaris
3231 1141 3435 1198 deinde
3497 1141 3739 1197 librariis

2155 1242 2398 1299 orationi
2434 1243 2652 1298 intexta
2674 1241 2868 1297 fuisse.
2905 1239 3041 1294 item
3071 1239 3125 1292 in
3171 1236 3214 1290 ll
3267 1236 3334 1290 ad
3392 1235 3736 1298 Corinthius,

2153 1338 2247 1394 ubi
2283 1336 2456 1394 Gt‘aci
2507 1338 2731 1398 habent.
2783 1336 2877 1396 Εἰς
2908 1335 3202 1404 πρόσωπον
3239 1333 3350 1386 τῶν
3403 1329 3736 1400 ἐκκλησιῶν.

2151 1429 2206 1484 id
2235 1439 2344 1495 est,
2372 1427 2438 1485 In
2468 1429 2657 1501 faciem
2686 1428 3042 1484 ecclesiarum.
3065 1428 3108 1489 ⁸,
3156 1424 3335 1480 Latini
3391 1422 3645 1478 scribunt
3674 1420 3739 1476 In

2153 1525 2340 1598 faciem
2388 1524 2732 1579 ecclesiarum
2767 1521 2879 1591 Dei,
2936 1520 3208 1575 addentes
3248 1517 3362 1573 Dei.
3406 1517 3560 1573 Elin
3594 1516 3615 1573 l
3670 1517 3748 1572 ad.

2151 1615 2420 1676 Titnoth.,
2445 1613 2844 1684 Ἐμπίπτουσιν
2880 1614 2960 1676 εἰς
2992 1609 3307 1682 πειρασμὸν
3343 1611 3439 1662 καὶ
3500 1609 3736 1674 παγίδα,

2152 1708 2207 1763 id
2234 1716 2339 1773 est,
2373 1700 2625 1762 Incidunt
2649 1706 2703 1761 in
2733 1693 3079 1760 tentationem
3107 1714 3156 1758 ct
3175 1705 3231 1757 in
3261 1701 3533 1786 taqncum,
3560 1700 3739 1756 Latini

2152 1801 2364 1858 addunt
2391 1800 2611 1866 diaboli,
2651 1802 2812 1871 quasi
2838 1799 3088 1855 volentes
3117 1799 3381 1869 supplere
3419 1797 3567 1867 quod
3628 1797 3735 1848 im-

2155 1895 2462 1968 perfectum
2516 1903 2571 1951 et
2625 1895 2814 1953 minus
2867 1894 3158 1949 continens
3191 1891 3510 1947 videbatur.
3573 1889 3740 1944 Multa

2155 1989 2492 2062 lmjusmodi,
2523 2004 2622 2059 per
2654 2002 2849 2044 omnes
2883 2003 3171 2044 sacrarum
3206 1987 3530 2042 litterarum
3569 1985 3742 2041 libros

2154 2087 2360 2149 addita,
2397 2085 2634 2155 diligens
2681 2084 3052 2153 investigator
3107 2082 3376 2144 inveniet.
3437 2099 3562 2153 qua:
3619 2084 3743 2149 nos,

2157 2179 2414 2236 brevitati
2481 2177 2817 2247 studentes,
2875 2178 3358 2248 inprmsentiarum
3425 2168 3740 2232 omisimus.

2157 2272 2263 2328 Per
2307 2272 2744 2328 subtractionem
2790 2270 2957 2326 etiam
2989 2270 3234 2340 itemque
3265 2285 3362 2340 per
3432 2282 3742 2325 commuta-

2158 2369 2364 2423 tionem
2401 2366 2670 2436 ejusmodi
2704 2379 2926 2420 errorcs
2954 2379 3113 2437 posse
3143 2365 3287 2428 fieri,
3313 2365 3470 2426 satis,
3530 2358 3590 2419 ni
3645 2364 3744 2419 fal-

2157 2461 2263 2525 lor,
2297 2460 2662 2526 ostendimus,
2723 2472 2792 2512 ne
2827 2457 3068 2527 amplius
3103 2457 3158 2512 in
3202 2457 3288 2513 his
3319 2457 3483 2512 nobis
3547 2457 3745 2513 immo—

2160 2554 2392 2608 randum
2422 2552 2587 2616 foret,
2612 2551 2804 2622 paucis
2842 2552 3014 2605 multa
3048 2549 3528 2621 comprehendere
3554 2550 3746 2606 volen-

2160 2648 2328 2711 tibus,
2359 2645 2462 2701 nisi
2495 2645 2745 2717 quredam
2772 2645 2952 2699 adhuc
2977 2661 3193 2701 summa
3225 2644 3431 2702 addere
3477 2660 3582 2701 nos
3612 2645 3745 2701 bea-

2161 2740 2355 2798 tissimi
2390 2741 2635 2796 doctoris
2665 2739 2956 2809 Augustini
2990 2739 3353 2811 compelleret
3411 2740 3742 2798 auctoritas.

2162 2835 2299 2896 illnc
2328 2835 2381 2890 in
2414 2849 2454 2888 ιι
2501 2831 2580 2887 De
2621 2836 2864 2889 doctrina
2897 2832 3205 2890 Christiana
3236 2833 3380 2890 libro
3409 2833 3485 2889 ita
3519 2833 3701 2903 inquit
3730 2851 3745 2887 :

2160 2929 2242 2986 Ex
2269 2923 2533 3009 ambiguo
2567 2916 2770 2999 lingua
2799 2926 3165 2998 praecedentis
3211 2927 3542 2998 plerumque
3572 2925 3744 2982 inter-

2162 3041 2286 3097 pres
2321 3025 2552 3091 fallitur,
2590 3040 2715 3080 cum
2746 3038 2856 3078 non
2895 3015 3040 3078 bene}
3072 3021 3350 3078 sententia
3383 3032 3516 3094 nota
3553 3031 3660 3088 est,
3693 3030 3749 3076 et

462 3087 892 3170 commendavit,
925 3101 1344 3174 subiunguntur
1377 3103 1550 3174 ipsius
1591 3105 1846 3176 apostoli
1885 3105 2054 3162 verba
2083 3133 2127 3194 ε
2160 3087 2280 3177 ὲθιη
2316 3087 2779 3188 θῑεηῑηοέιῑςῃηεηι
2813 3110 3100 3175 transfert,
3134 3126 3260 3182 qua,
3317 3125 3346 3165 θ
3384 3092 3551 3166 sensu
3610 3087 3746 3164 δέει-ί.

463 3187 536 3244 de
568 3204 630 3244 se
677 3191 978 3261 loquentis,
1017 3194 1253 3248 Ἔλαϐεν
1285 3198 1312 3249 ὁ
1361 3195 1614 3265 μαθητὴς
1659 3197 1836 3266 αὐτὴν
1870 3200 1955 3262 εἰς
1985 3199 2057 3253 τὰ

467 3280 599 3348 ἴδια,
651 3281 757 3338 hoc
789 3294 896 3352 est,
929 3287 1140 3360 Accepit
1179 3303 1294 3340 eam
1325 3287 1617 3359 discipulus
1655 3287 1746 3344 ille
1773 3290 1829 3345 in
1883 3307 1981 3345 sua
2009 3293 2064 3358 ⁸,·

465 3376 523 3431 id
555 3387 662 3438 est.
699 3378 754 3434 in
790 3381 1018 3436 domum
1055 3397 1213 3439 suam
1252 3383 1521 3447 traduxit.
1549 3386 1923 3442 communiter
1978 3398 2060 3442 ta-

466 3487 601 3527 men
633 3472 814 3529 Latini
847 3490 1043 3531 omnes
1082 3477 1310 3533 codices
1357 3477 1589 3542 habent,
1619 3481 1820 3553 accepit
1851 3498 1971 3537 cam
2002 3483 2060 3536 in

462 3572 642 3629 suam,
679 3583 730 3620 m
764 3566 947 3630 littera
997 3569 1224 3637 addita;
1257 3571 1418 3640 quasi
1479 3569 1720 3636 dicatur,
1788 3574 1842 3629 in
1901 3590 2058 3630 suam

469 3667 722 3729 matrem,
753 3661 826 3718 ob
858 3662 1068 3720 Christi
1101 3665 1321 3722 scilicet
1373 3668 1563 3730 verba,
1604 3667 1848 3724 dicentis
1887 3685 1903 3724 :
1941 3666 2062 3723 Mu-

468 3753 591 3820 lier,
626 3771 743 3809 cccc
773 3754 922 3825 ﬁlius
966 3765 1110 3823 tuus,
1141 3761 1285 3815 etad
1317 3758 1652 3831 discipulum
1684 3777 1700 3816 :
1732 3760 1866 3817 Ecce
1889 3774 2066 3818 mater

469 3859 586 3913 tua,
625 3849 771 3920 quod
803 3853 1033 3908 evenire
1092 3853 1147 3908 in
1182 3851 1373 3909 ϐιωοο
1408 3868 1663 3910 sermone
1691 3870 1804 3911 non
1847 3859 2061 3926 potestl,

467 3942 561 3998 ubi
597 3944 748 4000 nulla
778 3953 865 4002 est
897 3945 1170 4001 dubitatio
1198 3945 1283 4003 vel
1309 3945 1678 4018 ambiguitas;
1707 3948 1788 4010 si;
1821 3948 1888 4002 τὰ
1951 3946 2065 4002 ι’δια.

467 4038 645 4105 enim,
686 4038 740 4094 id
779 4047 884 4106 est,
919 4040 996 4102 lin
1028 4057 1155 4104 sua,
1191 4055 1393 4095 nomen
1447 4050 1529 4096 cst
1575 4041 1795 4111 generis
1853 4041 2060 4109 neutri,

467 4144 632 4186 casus
659 4129 982 4199 accusativi,
1019 4132 1232 4193 numeri
1259 4132 1524 4202 pluralis;
1555 4134 1637 4196 εις
1669 4131 1869 4186 ἑαυτοῦ
1906 4147 2062 4196 vero.

471 4223 526 4280 id
560 4232 646 4279 est
680 4224 736 4278 in
763 4240 939 4289 mam,
976 4241 1280 4296 pronomen
1315 4235 1402 4281 est
1438 4225 1806 4296 reciprocum.
1850 4227 2062 4283 numeri

470 4315 797 4388 singularis,
832 4331 996 4376 casus
1027 4317 1259 4389 genitivi
1287 4334 1303 4386 ;
1338 4317 1573 4388 proinde
1630 4319 1816 4374 nullus
1840 4318 2062 4382 (it-xeo.

447 4403 598 4470 drum
624 4411 978 4468 librariorum
1006 4410 1065 4468 in
1098 4426 1160 4465 ea
1196 4419 1355 4481 parte
1392 4409 1564 4466 fuisse
1612 4411 1923 4468 credendus
1980 4420 2064 4467 est

2160 3207 2336 3278 ptoris
2367 3207 2590 3278 penitus
2618 3207 2800 3266 aliena
2859 3216 2966 3268 est.
3032 3203 3200 3260 sicuti
3253 3203 3482 3276 quidam
3527 3203 3752 3278 codices

2161 3299 2384 3369 habent,
2420 3302 2578 3357 Acuti
2608 3301 2760 3373 pedes
2787 3315 2969 3354 eorum
3010 3297 3078 3353 ad
3109 3297 3491 3369 effundendum
3524 3297 3752 3367 stingui,

2160 3412 2278 3450 nom
2307 3394 2365 3460 ’ς
2415 3392 2541 3462 ὀξὺς
2571 3394 2716 3469 enim
2747 3403 2802 3448 et
2833 3401 3048 3446 acutum
3085 3401 3138 3446 et
3167 3389 3395 3445 velocem
3429 3389 3575 3462 apud
3603 3389 3754 3446 Gra-

2159 3506 2255 3548 cos
2285 3489 2600 3561 significat;
2649 3487 2740 3541 ille
2783 3494 2966 3546 autem
3026 3481 3168 3538 vidit
3231 3483 3593 3550 sententiam,
3657 3481 3750 3552 qui

2162 3584 2465 3648 transtulit,
2533 3581 2731 3638 veloces
2797 3581 2956 3650 pedes
3006 3593 3190 3631 eorum
3245 3575 3316 3630 ad
3375 3575 3752 3646 effundendum

2162 3679 2497 3750 sanguinem.
2537 3674 2600 3730 Et
2632 3673 2741 3728 alia
2764 3672 2988 3742 quidem
3025 3686 3137 3726 non
3171 3670 3434 3735 obscura,
3482 3668 3578 3724 sed
3614 3667 3756 3724 falsa

2161 3779 2312 3838 sunt,
2338 3782 2574 3839 quorum
2603 3768 2708 3820 alia
2739 3763 2988 3821 conditio
3015 3771 3120 3817 est.
3160 3759 3300 3818 llinc
3325 3769 3412 3816 est
3436 3760 3572 3817 illud
3597 3757 3752 3830 quod

2161 3863 2290 3933 quia
2337 3859 2573 3916 ρηοδσήοι
2605 3858 2795 3914 Grece
2829 3853 3024 3912 vitulus
3057 3851 3285 3915 dicitur,
3325 3851 3572 3922 'quidsnt
3640 3865 3752 3905 non

2122 4010 2123 4013 η
2165 3952 2566 4026 intelligentes,
2594 3947 2969 4020 plantationes
3011 3943 3334 4000 vitulamina
3391 3942 3754 4014 interpretati

2164 4055 2315 4111 sunt,
2341 4044 2435 4116 qui
2466 4059 2628 4100 error
2657 4050 2767 4095 tam
2803 4039 3006 4093 multos
3035 4036 3258 4092 codices
3312 4035 3750 4106 pr:coccupavit,

2168 4149 2230 4196 ut
2278 4136 2712 4200 vixinveniatur
2736 4133 2899 4188 aliter
2938 4135 3235 4201 scriptum.
3281 4128 3391 4186 Sed
3422 4129 3495 4185 de
3534 4129 3622 4183 his
3664 4144 3759 4184 sa-

2170 4231 2260 4290 tis.
2294 4230 2458 4287 Nune
2511 4228 2579 4285 ad
2633 4225 3101 4296 comprobandam
3175 4222 3769 4297 corroborandamque-

2167 4326 2409 4383 litteram
2441 4322 2686 4385 Graecam
2725 4327 2921 4383 nostra.
2941 4324 3195 4371 vertatur
3222 4304 3434 4377 oratio.

2241 4411 2616 4476 Probavimus
2645 4425 2745 4482 per
2774 4418 3094 4466 sanctorum
3133 4405 3430 4460 doctorum
3461 4405 3763 4468 auctorita-

471 4519 654 4562 error.
685 4502 760 4558 At
794 4502 866 4561 de
890 4519 992 4559 sua
1023 4502 1079 4558 in
1113 4520 1266 4557 suam
1293 4503 1474 4558 facilis
1525 4503 1715 4575 lapsus
1741 4517 1855 4569 est.-
1899 4505 2059 4561 unica
2096 4494 2144 4585 Dp
2173 4519 2305 4569 tem.
2337 4496 2396 4564 et
2431 4505 2658 4576 quidem
2692 4503 2847 4568 satis,
2873 4510 2934 4556 ut
2962 4497 3224 4563 arbitror,
3254 4497 3524 4566 Joannem
3577 4499 3763 4565 Evan-

471 4596 661 4664 littera
697 4596 984 4670 adjuncta.
1019 4592 1367 4653 Manifestius
1393 4605 1605 4654 autem.
1636 4598 1787 4655 hunc
1809 4615 2060 4657 errorem

474 4687 852 4761 probatquod
881 4686 938 4743 in
969 4688 1302 4759 quibusdam
1335 4689 1811 4747 emendatioribus
1840 4693 2068 4752 Latino-

474 4799 597 4838 rum
624 4781 912 4839 codicibus
937 4796 1048 4838 non
1085 4783 1140 4836 in
1177 4800 1330 4839 suam
1354 4823 1372 4848 ,
1416 4784 1513 4840 sed
1548 4786 1602 4840 in
1651 4801 1752 4840 sua
1792 4786 2062 4857 scriptum

475 4876 992 4933 animadvertimus.
1022 4872 1242 4932 Rursus
1278 4878 1423 4948 apud
1463 4877 1734 4936 Joannem
1763 4880 1838 4936 ita
1865 4881 2068 4936 scribi-

477 4980 567 5024 tur
607 4987 623 5024 :
662 4970 928 5042 Ἄγουσιν
958 4965 1054 5022 οὖν
1078 4968 1172 5022 τὸν
1210 4969 1422 5038 Ἰησοῦν
1457 4970 1568 5025 ἀπὸ
1597 4970 1689 5026 τοῦ
1724 4973 1951 5042 liuidae.
1981 4978 2063 5040 εἰς

473 5063 536 5117 τὸ
560 5061 922 5134 πραιτώριον,
955 5061 1009 5117 id
1041 5070 1149 5130 est,
1178 5061 1463 5120 Adducunt
1491 5062 1680 5120 Iesum
1707 5082 1742 5120 a
1774 5065 1983 5136 Caipha
2001 5068 2058 5122 in

476 5156 791 5230 prwtorium
821 5158 864 5212 ³.
896 5157 1146 5230 imperiti
1192 5174 1331 5216 vero
1362 5158 1623 5218 homines
1675 5162 1748 5217 ad
1798 5147 2066 5233 Caiphant

478 5253 535 5306 in
559 5251 874 5322 praetorium
902 5253 1182 5322 scribunt,
1241 5270 1353 5324 quo
1387 5253 1440 5309 in
1499 5255 1624 5311 loco
1654 5255 1799 5327 apud
1842 5255 2068 5316 Graecos
2110 5258 2114 5262 ’

479 5343 709 5414 quidem
750 5344 901 5400 nulla
929 5346 1110 5401 errori
1150 5347 1370 5402 occasio
1398 5347 1583 5417 datur,
1618 5365 1747 5406 cum
1789 5351 1898 5404 ἀπὺ
1927 5367 2072 5421 prte-

482 5435 687 5510 positio
723 5451 848 5508 quae
879 5436 936 5492 in
967 5435 1032 5492 ab
1060 5436 1394 5495 transfertur
1423 5449 1482 5494 et
1538 5439 1676 5511 πρὸς
1708 5454 1834 5511 qua:
1885 5442 1938 5495 in
1974 5442 2069 5508 ad,

483 5531 690 5590 nullam
715 5524 944 5601 prorsus
969 5531 1113 5587 inter
1131 5549 1191 5588 se
1212 5531 1635 5590 similitudinem
1658 5533 1898 5597 habent:
1923 5535 2071 5606 apud

457 5686 459 5688 η
484 5623 714 5688 Latinos
741 5640 874 5682 vero
905 5623 1081 5680 facilis
1111 5635 1196 5680 est
1227 5626 1280 5680 in
1308 5640 1554 5681 errorem
1590 5627 1792 5698 lapsus,
1819 5627 1854 5681 d
1881 5627 2074 5685 littera

561 5746 579 5776 ¹
607 5741 765 5798 Joan.
804 5760 843 5808 l,
882 5745 968 5797 l3.
1061 5745 1094 5775 "
1124 5744 1283 5798 .loan.
1329 5760 1441 5811 XIX,
1491 5745 1580 5801 ‘27.

490 5829 612 5883 vttt,
642 5815 736 5870 21.
814 5817 832 5845 ⁷
866 5814 1012 5877 Psal.
1042 5829 1160 5882 xm,
1197 5814 1250 5867 3.

1693 5748 1713 5780 '
1745 5747 1900 5803 Joan.
1961 5763 2108 5817 svm,
2152 5749 2240 5809 28.

2170 4601 2424 4674 gelistam
2459 4605 2695 4651 mortem
2728 4593 2958 4650 obiisse.
2992 4591 3108 4646 lloc
3140 4600 3268 4647 ante
3296 4584 3486 4647 omnia
3545 4589 3763 4659 Latina

2167 4695 2369 4750 littera:
2404 4686 2856 4760 manifestissime
2889 4683 3226 4748 contradicit
3282 4682 3341 4739 in
3389 4699 3498 4754 qua
3530 4683 3764 4748 dicitur,

2173 4786 2265 4846 Sic
2293 4803 2417 4842 um
2443 4782 2560 4840 uolo
2591 4796 2843 4846 manere;
2876 4795 2987 4836 non
3018 4777 3171 4833 enim
3223 4777 3302 4834 ita
3351 4775 3551 4846 voluit,
3589 4793 3764 4849 quan:-

2173 4881 2478 4954 doquidem
2511 4891 2620 4933 non
2651 4877 2726 4932 ita
2757 4874 2898 4941 fuit;
2947 4889 3077 4928 nam
3108 4873 3166 4928 si
3229 4873 3304 4927 ita
3339 4871 3628 4937 voluisset,
3688 4872 3764 4929 ita

2170 4974 2420 5044 profecto
2445 4965 2637 5025 luisset
2672 4984 2686 5022 :
2726 4976 2823 5023 aut
2858 4965 3027 5036 igitur
3058 4962 3404 5028 mentientis,
3441 4972 3540 5020 aut
3573 4963 3764 5035 pueri-

2170 5059 2298 5123 liter
2327 5062 2719 5120 contendeutis
2746 5059 2928 5114 verba
2956 5059 3166 5124 forent,
3194 5073 3265 5113 ex
3304 5055 3459 5112 illius
3479 5100 3483 5104 .
3504 5071 3604 5123 ore
3635 5070 3766 5126 pro-

2174 5159 2427 5223 deuntia,
2461 5155 2561 5227 qui
2614 5150 2901 5209 contraria
2938 5149 3012 5206 iis
3043 5163 3168 5220 quae
3223 5146 3557 5220 loquebatur
3611 5147 3768 5209 volc-

2173 5255 2288 5311 bat.
2321 5250 2427 5308 Sed
2460 5249 2577 5305 haec
2619 5247 2689 5303 de
2726 5245 3018 5302 Salvatore
3051 5243 3303 5314 cogitare
3346 5233 3622 5298 nefarium
3655 5248 3762 5294 est.

2182 5336 2480 5406 Enimvero
2527 5342 2702 5416 igitur
2734 5334 3171 5412 quod'nolebat,
3227 5353 3339 5393 non
3384 5331 3657 5404 dixisset;
3706 5343 3766 5394 et

2178 5439 2600 5513 quortiarn',eum
2635 5435 2859 5518 nolebat
2896 5433 2952 5488 in
2983 5433 3090 5487 hac
3123 5433 3235 5487 vita
3270 5431 3577 5489 secundum
3640 5431 3762 5502 ejus

2179 5534 2476 5592 adventum
2501 5536 2846 5601 exspectare,
2885 5540 2995 5579 non
3029 5523 3286 5588 dixisset,
3347 5519 3438 5578 Sic
3468 5538 3588 5576 eum
3653 5519 3766 5575 uolo

2185 5643 2420 5683 manere.
2453 5622 2594 5692 Quid
2647 5620 2793 5694 quod
2829 5634 3070 5690 sequens
3119 5628 3175 5674 et
3238 5629 3378 5688 pene
3440 5616 3762 5671 continuata

2346 5746 2408 5801 ‘l
2455 5746 2579 5802 (Zur.
2616 5761 2666 5803 it,
2714 5742 2798 5805 Π.
2904 5738 2922 5768 ⁸
2955 5735 3146 5794 hiauit.
3181 5752 3304 5797 xxv,
3347 5737 3395 5791 i.
3506 5737 3527 5768 ⁶
3560 5734 3599 5797 ll
3631 5733 3758 5799 Cur.
