4108 6142
459 301 570 369 633

1299 293 1377 353 IN
1412 290 1673 362 ILLUD,
1714 301 1733 334 ί
1772 288 1848 347 SI
1882 285 2045 348 EUM
2081 284 2277 346 νοω
2313 283 2659 355 MANERE,
2701 297 2719 331 ι
2770 283 2933 345 ETC.

3626 286 3735 350 634

464 419 648 475 oratio
688 418 791 473 hoc
823 417 1001 486 ipsum
1032 411 1308 477 ostendit;
1351 425 1475 466 mox
1501 425 1622 465 eam
1656 406 2044 463 sanctissimus
2072 408 2122 469 Λ
2147 402 2350 474 quibus
2380 401 2828 459 adversariorum
2888 415 3109 472 quinque
3150 410 3467 473 argumenta
3506 402 3646 459 solvi
3676 410 3737 457 et

463 510 816 581 Evangelista
863 509 1105 564 Joannes
1156 504 1476 577 opinionem
1511 498 2047 569 condiscipulorum,

465 622 630 680 quam
655 622 725 661 ex
756 602 1063 661 Salvatoris
1081 612 1350 657 sermone.
1367 603 1764 664 conceperant,
1793 590 2047 644 dicentes

464 697 800 769 discipulum
861 696 1016 750 illum
1064 708 1177 748 non
1219 691 1575 751 moriturum,
1623 685 1710 741 his
1746 684 1931 738 verbis
1964 696 2053 753 ar-

468 788 606 858 guit,
637 786 827 842 dicens
859 806 874 843 :
909 781 980 839 Et
1004 799 1107 838 non
1138 783 1273 836 dixit
1312 780 1485 845 Jesus,
1518 780 1639 833 Non
1674 777 1918 838 moritur,
1954 771 2050 829 sed

466 880 527 935 Si
551 880 670 935 cum
698 878 815 934 volo
845 892 1057 930 manere
1085 876 1252 929 donec
1270 876 1500 929 veniam.
1534 870 1689 938 Quod
1714 867 1943 940 perinde
1964 873 2057 921 est

466 987 533 1027 ac
569 973 617 1027 si
657 986 756 1026 eos
796 983 1021 1027 errasse
1049 967 1285 1029 diceret,
1324 964 1471 1034 quod
1530 963 1583 1016 in
1633 976 1761 1015 eum
1828 974 2052 1023 sensum

467 1062 637 1117 verba
667 1062 878 1117 Christi
905 1059 1270 1131 accepissent.
1304 1056 1462 1124 Quod
1498 1055 1564 1124 si,
1624 1055 1712 1111 Sic
1768 1071 1901 1129 eum
1932 1051 2051 1107 volo

470 1172 709 1221 manere,
748 1156 978 1211 dixisset
1027 1152 1308 1217 Chrisms,
1370 1150 1565 1221 quidni
1621 1164 1753 1205 vera
1806 1148 2053 1218 discipu-

470 1249 648 1305 lorum
680 1249 871 1318 opinio
904 1246 1138 1306 fuisset?
1192 1244 1306 1300 Nec
1330 1245 1559 1301 Joannis
1586 1243 1751 1299 verba
1811 1244 1881 1298 dc
1916 1242 2052 1299 falsa

472 1338 870 1407 discipulorum
892 1336 1156 1406 opinione
1182 1342 1521 1401 constarent,
1547 1334 1643 1390 sed
1675 1333 1783 1389 sibi
1818 1333 2054 1390 invicem

474 1434 911 1488 adversarentur
961 1448 1027 1487 ac
1088 1430 1568 1496 contradicerent;
1631 1427 1841 1484 dixisse
1902 1434 2052 1484 enim

474 1526 777 1590 Christum,
812 1523 898 1579 δίε
939 1542 1059 1579 eum
1094 1524 1208 1578 volo
1270 1539 1509 1589 "tenere,
1571 1536 1626 1579 et
1682 1540 1796 1583 non
1850 1526 2057 1579 dixisiae

476 1617 623 1684 quod
660 1617 768 1671 non
819 1616 1072 1680 moritur,
1108 1625 1298 1684 aperta
1354 1616 1814 1684 contradictione,
1848 1617 1895 1673 si
1926 1634 2056 1673 vera

477 1708 545 1761 de
572 1724 630 1763 se
663 1707 1012 1778 Evangelisla
1042 1707 1313 1775 loquitur,
1345 1707 1438 1776 qui
1466 1716 1522 1761 et
1551 1706 1605 1760 in
1644 1707 1861 1763 creteris
1883 1708 2058 1778 magis

2156 496 2403 556 refutari.
2448 496 2604 553 facile
2672 504 2926 566 possunt.
2985 493 3120 550 Nam
3157 496 3301 565 quod
3343 490 3615 567 principio
3638 497 3730 551 do-

2155 600 2371 644 ctorum
2407 588 2731 645 Latinorum
2784 590 3170 645 auctoritatem
3214 588 3516 657 adducunt,
3545 599 3601 646 et
3634 604 3739 646 nos

2155 683 2381 755 quidem
2432 681 2751 739 Graecorum
2812 684 3198 740 auctoritatem
3227 685 3583 755 opponimus,
3616 685 3741 753 qni-

2158 777 2262 831 bus
2301 785 2473 842 certe,
2513 792 2635 830 cum
2666 776 2736 833 de
2776 775 2878 832 his.
2906 792 3028 846 qua:
3074 776 3127 831 in
3160 791 3352 833 eorum
3386 776 3570 847 lingua
3596 776 3738 832 scri-

2156 880 2243 937 pta
2276 878 2406 925 sunt
2435 869 2757 940 loquantur,
2790 879 2844 923 et
2880 869 3122 941 alioquin
3153 885 3252 925 nec
3278 850 3570 925 sanctitate
3588 868 3735 936 vita,

2157 978 2257 1019 nec
2316 962 2571 1020 doctrina
2637 963 2947 1018 habeantur
3008 963 3333 1030 inferiores,
3396 960 3737 1018 credendum

2159 1057 2344 1125 potius
2396 1072 2520 1113 esse
2587 1057 2868 1112 fatendum
2928 1068 3034 1113 est.
3096 1058 3173 1113 Ad
3218 1058 3334 1112 haec
3354 1056 3593 1112 dicimus
3625 1071 3735 1110 non

2157 1163 2282 1203 esse
2321 1150 2604 1205 sufficiens
2640 1150 2891 1207 veritatis
2937 1150 3331 1218 testimonium,
3373 1149 3518 1221 quod
3571 1149 3741 1221 aliqui

2157 1239 2417 1296 doctores
2464 1242 2537 1297 ita
2589 1257 2716 1298 eum
2774 1243 2956 1298 locum
2997 1254 3412 1313 exposuerunt,
3463 1242 3739 1317 siquidem

2159 1337 2421 1406 pleraque
2461 1336 2568 1391 alia
2617 1336 2671 1391 in
2720 1336 3034 1408 hujnsnaodi
3092 1336 3550 1393 translationibus
3584 1336 3741 1391 inve-

2159 1428 2301 1497 nies,
2334 1429 2419 1485 vel
2446 1444 2549 1500 per
2578 1429 2842 1486 librarios
2865 1439 3149 1501 corrupta,
3178 1431 3261 1485 vel
3282 1444 3384 1500 per
3407 1427 3743 1501 interpretes

2161 1538 2270 1577 non
2325 1532 2475 1578 recte
2529 1523 2814 1592 translata,
2876 1539 2997 1595 qua!
3046 1535 3225 1578 tamen
3258 1524 3431 1580 sancti
3461 1524 3739 1588 doctores.

2159 1615 2399 1671 litteram
2441 1631 2604 1685 quam
2668 1625 3018 1687 repererunt,
3070 1615 3271 1681 secuti,
3309 1617 3465 1689 juxta
3492 1619 3741 1673 eamdem

2162 1706 2401 1761 litteram
2462 1707 2644 1763 conati
2694 1717 2824 1764 sunt
2871 1723 3180 1777 exponere,
3227 1718 3284 1765 et
3342 1709 3435 1767 ita,
3474 1724 3743 1781 exposue—

478 1800 746 1863 dilectus,
768 1810 823 1855 et
858 1812 919 1854 nt
945 1800 1014 1855 de
1045 1801 1230 1870 seipso
1256 1800 1510 1869 loquens,
1536 1801 1785 1864 apertius
1817 1810 2054 1855 utentem
2094 1783 2135 1839 Β
2167 1806 2316 1865 runt,
2348 1808 2407 1853 nt
2440 1800 2757 1870 aliquando,
2804 1800 3057 1869 quamvis
3084 1798 3283 1857 littera:
3312 1801 3600 1857 veritatem
3629 1817 3740 1855 non

485 1896 933 1963 voluntatemque
976 1892 1279 1949 Salvatoris
1310 1894 1667 1964 intelligebat,
1700 1894 1970 1962 profecto,
2002 1892 2061 1949 Si

478 1999 595 2037 eum
629 2001 840 2038 manere
864 1983 1000 2049 uolo,
1034 1999 1165 2046 non,
1192 1981 1281 2039 Sic
1316 2001 1435 2038 eum
1466 1983 1582 2039 volo
1610 2001 1844 2048 manere,
1875 1985 2061 2055 legen—

480 2080 612 2131 dum
648 2066 754 2144 est,
789 2086 846 2133 et
870 2092 1002 2131 vero
1030 2076 1397 2146 Evangelistte
1433 2075 1757 2132 testimonio
1796 2076 1935 2131 fides
1960 2076 2061 2129 ba-

482 2166 685 2229 benda,
721 2166 818 2235 qui
851 2181 970 2219 mox
1001 2166 1225 2229 asserit,
1261 2180 1320 2219 se
1355 2164 1511 2218 illum
1545 2178 1666 2219 esse
1725 2163 1818 2233 qui
1862 2164 2061 2217 scribit

482 2269 537 2312 ct
573 2274 764 2313 rerum
795 2257 1167 2315 testimonium
1200 2256 1265 2311 de
1297 2256 1385 2311 bis
1418 2255 1736 2326 perhibere,
1763 2270 1870 2308 non
1900 2255 2062 2308 modo

483 2354 553 2409 de
588 2351 793 2406 Christi
838 2351 1154 2405 actionibus
1187 2348 1296 2403 hoc
1326 2363 1675 2415 asseverans,
1712 2347 1808 2402 sed
1854 2350 1919 2402 de
1947 2361 2064 2402 om-

487 2446 653 2502 nibus
681 2464 707 2497 ιι
743 2462 801 2500 sc
834 2446 886 2498 in
916 2443 1211 2513 Evangelio
1257 2441 1500 2510 scriptis.
1544 2440 1655 2496 [loc
1685 2440 1863 2511 ipsum
1886 2440 2066 2511 Chry-

487 2537 712 2594 sostonii
749 2552 969 2606 quoque
1008 2537 1172 2591 verba
1200 2534 1648 2590 manifestissime
1676 2534 2061 2604 comprobant,

486 2632 581 2701 qui
617 2646 783 2709 super
824 2631 910 2684 his
943 2628 1127 2683 verbis
1159 2630 1315 2697 quasi
1352 2626 1859 2682 vociferabundus:
1901 2624 2065 2681 Mira-

486 2739 569 2787 re,
604 2723 807 2792 inquit,
827 2721 1186 2791 Evangelsstm
1211 2720 1604 2787 humilitatem,
1625 2720 1906 2790 quomodo
1932 2721 2069 2774 alio.

491 2833 613 2889 rum
645 2818 711 2871 de
741 2832 800 2870 se
833 2830 940 2870 non
972 2824 1172 2869 rcctatn
1197 2812 1514 2880 opinionem
1544 2811 1795 2881 corrigit,
1832 2813 1925 2881 qui
1953 2826 2065 2868 non

488 2909 882 2966 intellexerunt
908 2905 1056 2978 quod
1097 2904 1166 2960 dc
1209 2905 1327 2975 ipso
1370 2905 1634 2959 Dominus
1668 2904 1899 2969 dixerat,
1967 2905 2070 2960 sed

490 3008 914 3073 putarunteum
962 3014 1071 3053 non
1108 3000 1462 3053 moriturum.
1526 2996 1801 3057 Praeterea
1855 2982 1981 3053 eum
2034 3016 2067 3055 e

490 3098 679 3152 Graeca
722 3094 907 3165 lingua
965 3093 1018 3145 in
1060 3091 1312 3145 Latinam
1378 3089 1702 3145 translatum
1763 3104 1884 3145 esse
1918 3090 2067 3147 hunc

490 3191 764 3253 codicem,
791 3187 932 3243 nulli
961 3187 1034 3242 sit
1066 3186 1321 3250 dubium,
1353 3192 1678 3254 constetque
1710 3184 1855 3254 apud
1918 3184 2069 3241 Cra:-

493 3301 588 3341 cos
619 3284 739 3339 sine
771 3284 953 3354 aliqua
1007 3280 1365 3351 ambiguitate
1412 3277 1522 3350 legi
1557 3278 1676 3343 ἐὰν,
1730 3280 1834 3335 hoc
1877 3289 1962 3335 est
1998 3282 2068 3347 si,

489 3377 739 3447 proiecto
765 3388 989 3443 necesse
1018 3380 1103 3428 est
1136 3381 1194 3426 ut
1224 3380 1280 3425 et
1306 3369 1488 3425 Latini
1522 3385 1743 3440 quoque
1773 3373 1819 3425 si
1860 3370 2068 3442 legant.

492 3470 625 3537 Quae
662 3472 810 3525 enim
834 3484 961 3525 cum
986 3466 1171 3523 Gra‘ca
1201 3466 1433 3522 veritate
1461 3466 1840 3528 consentiunt,
1874 3466 2073 3521 ihero-

494 3578 694 3635 nymus
720 3562 919 3632 inquit,
952 3560 1042 3616 illa
1081 3569 1332 3616 correcta
1394 3559 1647 3635 sunt..Et
1705 3559 2068 3629 Augustinus,

491 3657 559 3713 ad
591 3655 927 3724 exemplaria
990 3653 1353 3722 praacedentia
1419 3651 1815 3708 reeurrcndum
1868 3654 1963 3716 ait,
2023 3654 2067 3706 si

492 3766 654 3821 quam
678 3747 1080 3803 dubitationem
1102 3745 1423 3801 Latinorum
1460 3746 1827 3816 interpretum
1856 3745 2071 3800 inllnita

492 3847 729 3899 varietas
767 3843 1059 3910 attulerit;
1096 3856 1399 3911 rursusque
1461 3840 1638 3896 libros
1696 3838 1831 3893 Novi
1872 3838 2071 3908 Testa-

492 3942 683 4003 menti,
712 3939 756 3993 si
792 3938 924 4009 quid
955 3939 1011 3993 in
1045 3936 1257 3992 Latinis
1274 3934 1635 3991 varietatibus
1662 3933 1885 3998 titubat,
1919 3931 2073 3987 Gne-

487 4033 572 4088 bis
598 4031 797 4088 cedere
830 4040 1085 4099 oportere
1117 4027 1403 4099 diiudicat.
1433 4026 1613 4082 Taceo
1636 4026 1783 4098 quod
1813 4026 2069 4080 doctores

473 4124 689 4205 ’ϐπ-πεί,
717 4121 1004 4194 Origenes,
1043 4119 1502 4191 Chrysostomus,
1532 4117 1853 4189 Cyrillus‘et
1884 4117 2066 4172 caueri

488 4234 681 4276 omnes
704 4216 854 4272 hunc
880 4218 1064 4291 locum
1122 4230 1191 4270 co
1224 4216 1388 4269 modo
1424 4220 1707 4282 exponunt
1765 4227 1875 4281 quo
1896 4205 1977 4265 "et
2008 4227 2067 4266 se

489 4310 697 4366 habere
722 4310 964 4364 litteram
991 4306 1252 4372 diximus,
1274 4305 1478 4375 quibus
1512 4304 1766 4373 profecto
1800 4316 2063 4373 tanquam

474 4384 723 4456 'summis
759 4400 916 4466 viris,
941 4414 1004 4453 ac
1038 4398 1092 4453 in
1139 4396 1366 4467 propria
1393 4395 1580 4466 lingua
1612 4396 1859 4468 apprime
1882 4395 2071 4448 crudi-

2164 1892 2373 1947 fue'rint
2438 1892 2724 1957 assecuti,
2771 1906 2955 1947 veram
3012 1899 3193 1947 tamen
3242 1893 3569 1949 sententiam
3618 1908 3743 1948 cum

2163 1999 2374 2038 summa
2403 1984 2670 2054 sapientia
2686 1983 3095 2055 execrpserint,
3126 1998 3521 2055 nonnunquam
3551 1987 3738 2051 etiam,

2165 2076 2209 2129 si
2248 2078 2406 2130 aliam
2438 2078 2714 2131 ediderint
2737 2077 3097 2141 sententiam,
3154 2093 3318 2149 quant
3371 2079 3615 2135 auctor's
3646 2095 3743 2134 ex-

2167 2170 2397 2235 stiterit,
2426 2172 2499 2225 ita
2524 2180 2704 2225 tanien
2742 2180 2957 2226 acutam
2984 2178 3041 2226 et
3075 2181 3373 2242 gravemet
3404 2171 3741 2226 luculentam

2166 2263 2466 2328 ediderint,
2536 2272 2595 2317 ut
2648 2262 2767 2332 ipsa
2820 2272 3028 2320 etnon
3085 2264 3190 2319 alia
3219 2264 3471 2320 videatur
3500 2279 3621 2320 esse
3650 2265 3742 2319 de-

2169 2354 2321 2412 bere.
2352 2356 2620 2428 Equidem
2650 2359 2825 2412 fateor
2865 2358 3255 2429 Augustinum,
3282 2350 3743 2435 virumsublimis

2146 2446 2394 2518 ingenii,
2429 2462 2524 2519 per
2553 2450 2628 2502 sic
2663 2448 3013 2503 hunclocum
3065 2451 3406 2520 exposuisse,
3438 2460 3493 2507 et
3519 2450 3741 2521 quidem

2169 2542 2510 2612 gravissimis
2561 2542 3009 2614 acutissimisquo
3059 2544 3388 2610 rationibus,
3421 2544 3526 2599 hoc
3558 2554 3741 2600 autem

2168 2646 2276 2686 non
2307 2635 2437 2687 satis
2463 2647 2584 2687 esse
2645 2636 2709 2687 ad
2742 2632 3184 2703 persuadendum
3225 2635 3301 2690 ita
3325 2634 3529 2692 debere
3548 2636 3743 2703 scribi,

2168 2740 2234 2777 ex
2278 2724 2471 2779 eodem
2499 2726 2723 2781 doctore
2752 2726 3199 2782 manifestissime
3224 2728 3491 2797 probabo.
3518 2728 3569 2786 Is
3594 2732 3745 2786 enim

2167 2821 2353 2878 locum
2387 2820 2537 2875 illum
2571 2820 2829 2891 ljlpistolte
2876 2821 3067 2892 primae
3113 2823 3179 2877 ad
3203 2823 3550 2881 Timotheum
3573 2842 3747 2899 expo—

2136 2944 2139 2947 -
2173 2927 2330 2977 nens,
2358 2911 2452 2967 ubi
2500 2912 2642 2982 apud
2681 2912 2901 2968 Cmcos
2932 2913 3220 2983 scribitur,
3268 2916 3469 2980 Πιστὸς
3516 2919 3545 2971 6
3588 2918 3745 2988 λόγος

2170 3006 2267 3057 καὶ
2300 3004 2483 3075 πάσης
2534 3004 2806 3076 ἀποδοχῆς
2852 3006 3023 3073 ἄξιος,
3079 3006 3183 3063 hoc
3206 3016 3310 3075 est,
3347 3007 3552 3067 Fidelis
3576 3027 3749 3069 sermo

2170 3103 2220 3149 et
2273 3097 2417 3150 ontni
2464 3098 2767 3167 acceptione
2830 3097 3038 3168 dignus,
3102 3100 3177 3154 ita
3199 3102 3346 3157 enim
3380 3100 3749 3177 Hieronymus

2171 3203 2391 3259 quoque
2442 3190 2590 3245 hunc
2638 3191 2820 3246 locum
2877 3195 3270 3263 interpretatus
3322 3205 3427 3263 est,
3466 3197 3749 3256 Humana:

2175 3281 2377 3351 inquit,
2435 3299 2625 3336 sermo.
2680 3283 2820 3349 Quid
2889 3285 3004 3340 ita?
3046 3285 3184 3354 Quia
3214 3288 3289 3344 ita
3316 3300 3447 3345 tunc
3476 3292 3747 3365 scriptum

2155 3385 2456 3444 -repererat
2512 3387 2565 3428 et
2622 3377 2702 3431 sic
2758 3393 2856 3447 per
2916 3378 3278 3451 interpretem
3308 3381 3477 3440 fuisse
3512 3388 3751 3443 transla-

2177 3473 2337 3530 tum,
2395 3477 2656 3536 tantoque
2710 3470 2963 3527 acumine
3019 3474 3360 3544 ctelegantia
3387 3493 3451 3533 ac
3482 3480 3753 3551 gravitate

2172 3561 2571 3614 sententiarum
2596 3577 2722 3614 eum
2751 3564 2934 3620 locum
2998 3582 3286 3639 exponens
3314 3572 3561 3629 illustrat
3582 3584 3751 3648 atque

2172 3661 2403 3706 exornat
2426 3654 2504 3707 vir
2530 3653 2619 3708 iile
2666 3658 3111 3725 sapientissimus
3143 3674 3307 3733 atque
3338 3669 3751 3739 sanctissimus,

2176 3757 2236 3805 ut
2264 3763 2426 3802 nemo
2454 3748 2708 3803 crederet
2738 3751 2896 3805 aliter
2920 3755 3086 3807 scribi
3116 3755 3401 3824 debuisse,
3435 3766 3747 3831 praesertim

2174 3839 2304 3907 quid
2328 3838 2473 3909 apud
2498 3840 2719 3895 Griecos
2746 3844 3022 3898 scribatur
3052 3846 3331 3914 ignorans.
3358 3848 3517 3907 Nulla
3545 3855 3752 3926 quippe

2173 3930 2315 4001 apud
2364 3931 2487 3986 illus
2548 3934 2804 3988 vocabuli
2853 3934 3019 4004 hujus
3058 3937 3417 4007 ambiguitas.
3454 3942 3747 4014 Siquidem

2166 4024 2361 4086 mare;
2381 4024 2554 4094 ﬁdelis
2570 4026 2688 4079 sine
2707 4026 3053 4083 dubitatione
3076 4031 3369 4100 significat,
3391 4036 3752 4101 quemadmo.

2173 4118 2303 4173 dum
2328 4131 2382 4175 et
2403 4121 2587 4182 πίστις
2600 4120 2735 4183 ﬁdes
2755 4120 2965 4176 dicitur
2983 4141 2999 4191 ;
3020 4138 3121 4179 nec
3141 4126 3321 4197 aliqua
3338 4138 3427 4185 est
3449 4120 3753 4191 similitudo

2173 4212 2341 4282 hujus
2388 4214 2540 4267 verbi
2600 4215 2794 4277 πιστὸς
2853 4230 2977 4270 cum
3023 4231 3086 4271 ea
3136 4219 3379 4283 dictione
3409 4222 3596 4281 Graeca
3627 4242 3751 4300 quze

2172 4307 2463 4361 [tumultum
2513 4305 2825 4377 significnl;
2885 4316 2943 4364 et
3001 4316 3183 4365 tamen
3237 4311 3313 4368 ita
3373 4324 3519 4386 saepe
3570 4325 3638 4373 e'o
3690 4322 3746 4376 in

2173 4400 2297 4456 loco
2351 4398 2578 4469 replicat
2627 4399 2729 4455 hoc
2766 4400 2998 4456 verbum
3024 4404 3326 4473 apostolus,
3363 4416 3426 4463 ut
3447 4409 3750 4468 vehemen-

489 4494 581 4561 tis,
606 4502 666 4549 et
692 4508 816 4564 qua:
840 4492 894 4547 in
925 4492 1117 4546 eadem
1145 4490 1332 4561 lingua
1360 4492 1565 4559 scripta
1596 4488 2068 4557 suntcxponenti-
2097 4503 2148 4567 ι)
2174 4501 2257 4545 ter
2284 4492 2525 4547 admirer
2553 4508 2663 4562 quo
2699 4503 2860 4561 pacto
2895 4494 2991 4564 qui
3017 4495 3233 4565 primus
3256 4496 3361 4553 hoc
3408 4500 3463 4554 in
3491 4500 3749 4560 Latinum

487 4586 614 4657 bus,
648 4586 837 4659 potius
866 4598 1041 4657 quam
1067 4584 1360 4653 quibusvis
1391 4583 1520 4637 aliis
1573 4582 1912 4637 credendum
1942 4596 2066 4636 esse

486 4681 674 4753 negari
710 4694 821 4736 non
879 4685 1081 4749 potest.
1124 4674 1231 4731 Sed
1295 4690 1367 4730 ne
1432 4674 1779 4731 recentiores
1841 4676 2065 4746 quidem

475 4770 747 4829 'doetores
777 4770 1020 4833 Latinos,
1046 4768 1165 4822 bare
1190 4768 1425 4833 latuere,
1457 4770 1877 4837 pmsertimque
1910 4767 2063 4822 Tho-

476 4860 633 4923 mam
653 4864 1008 4935 Aquinatem,
1038 4860 1220 4916 virum
1248 4870 1308 4915 ut
1331 4858 1764 4924 sanctissimum,
1802 4865 1874 4915 ita
1902 4862 2066 4916 etiam

486 4962 894 5018 doctissimum.
925 4956 1025 5011 llic
1062 4955 1116 5009 in
1157 4969 1221 5009 ea
1255 4971 1419 5025 quam
1445 4969 1614 5024 super
1644 4953 1956 5023 Eutngeliis
2000 4973 2067 5011 ex

488 5066 736 5108 veterum
774 5050 1065 5107 doctorum
1097 5048 1260 5104 dictis
1291 5047 1640 5116 expositione
1684 5058 1997 5117 compomt,‘
2022 5049 2070 5101 εἰ

487 5147 752 5217 scriptum
788 5159 911 5200 esse
946 5144 1125 5213 inquit
1164 5142 1219 5195 in
1238 5141 1453 5196 Graeco.
1496 5139 1653 5207 Quod
1686 5140 1731 5211 si
1789 5141 1843 5194 in
1878 5140 2070 5196 Graeco

487 5243 534 5296 si
564 5239 839 5308 scriptum
873 5244 982 5301 cst,
1013 5246 1073 5290 ut
1097 5233 1341 5289 Thomas
1392 5234 1612 5299 asserit,
1654 5234 1708 5287 in
1746 5234 2067 5289 translatio-

490 5336 653 5390 nibus
681 5346 813 5388 vero
834 5347 939 5387 non
964 5330 1199 5394 vitiosis,
1226 5330 1361 5384 teste
1391 5325 1743 5398 llieronymo,
1768 5344 1876 5382 non
1907 5332 2070 5384 modo

493 5429 678 5493 verba,
717 5427 815 5483 sed
845 5428 1012 5481 etiam
1066 5424 1207 5481 ordo
1240 5421 1359 5493 ipse
1393 5422 1691 5477 verborum
1755 5428 2069 5479 servandus

488 5532 594 5582 est.
632 5528 848 5576 constat
876 5533 1014 5589 sane
1040 5518 1264 5573 Latinos
1302 5516 1524 5571 codices
1552 5516 1911 5570 librariorum
1934 5517 2070 5572 vitio

490 5616 845 5682 depravatae,
896 5627 1007 5665 non
1046 5620 1196 5666 recte
1227 5624 1287 5665 se
1315 5608 1540 5663 habere.

565 5706 628 5760 Et
680 5705 797 5760 hac
856 5704 1080 5775 quidem
1136 5703 1203 5759 ad
1262 5701 1603 5772 probandam
1633 5701 1838 5757 Graeca»
1870 5703 2070 5760 litterae

491 5799 859 5855 sinceritatem
926 5796 1059 5851 satis
1115 5798 1187 5854 sit
1236 5797 1293 5852 in
1346 5795 1638 5865 praesentia
1694 5794 1941 5866 dixis-se,
1998 5815 2063 5854 ex

2173 4586 2407 4639 mutavit
2436 4586 2975 4655 eloquium,tantum
3013 4586 3272 4645 aGrmcze
3304 4592 3453 4649 vocis
3472 4594 3752 4665 significa-

2174 4678 2323 4732 tione
2354 4677 2695 4733 discesserit.
2744 4678 2887 4745 Quid
2932 4679 3083 4735 enim
3113 4696 3408 4741 commune
3443 4686 3613 4743 habet
3651 4692 3754 4746 ltu-

2174 4786 2363 4825 manus
2405 4785 2531 4825 cum
2584 4771 2776 4838 ﬁdeli?
2829 4772 3196 4843 Hieronymus
3260 4787 3452 4846 postea
3511 4782 3636 4849 hoc,
3693 4797 3753 4840 ut

2175 4865 2449 4933 pleraque
2478 4864 2607 4930 alia,
2644 4865 2905 4933 correxit,
2959 4875 3015 4920 et
3043 4866 3285 4922 Grmcam
3321 4885 3509 4927 vocem
3548 4891 3750 4945 repue-

2176 4967 2424 5020 sentans,
2466 4955 2642 5022 ﬁdelis
2686 4973 2859 5011 sermo
2900 4958 3141 5027 scripsit,
3171 4975 3279 5014 non
3311 4963 3609 5032 humanus;
3643 4983 3754 5039 quo

2176 5053 2235 5104 tit
2296 5063 2354 5103 ut
2401 5066 2503 5107 nec
2559 5051 2754 5105 Latino
2785 5056 3063 5123 .cuiquam
3128 5053 3362 5110 dubium
3396 5072 3518 5115 esse
3551 5063 3751 5119 debeat

2175 5159 2391 5199 errasse
2422 5145 2596 5208 illum,
2632 5145 2725 5215 qui
2762 5160 2860 5215 pro
2908 5146 3081 5213 ﬁdelis
3131 5148 3395 5205 humanus
3423 5162 3583 5208 antea
3611 5161 3751 5211 scri-

2176 5236 2345 5305 pserit
2372 5246 2561 5289 contra
2591 5235 2929 5307 Hieronymi,
2962 5238 3053 5307 qui
3078 5237 3281 5294 (ἕτεραι
3303 5240 3501 5312 linguae
3530 5246 3752 5313 peritis~

2173 5329 2348 5381 simus
2380 5328 2499 5385 fuit.
2520 5328 2813 5397 judicium.
2848 5328 3005 5384 Hunc
3036 5339 3220 5386 tamen
3251 5331 3369 5391 sivi:
3398 5334 3640 5406 imperiti
3668 5339 3753 5394 in-

2176 5422 2434 5487 terpretis
2458 5436 2556 5475 seu
2588 5420 2940 5476 dormitantis
2965 5436 3215 5478 errorem
3240 5424 3471 5494 librarii,
3499 5428 3571 5483 ita
3589 5431 3751 5496 scite,

2172 5516 2418 5583 graviter
2446 5530 2511 5570 ac
2532 5514 2812 5583 sapienter
2841 5515 3069 5585 exponit
3092 5531 3370 5572 summum
3403 5520 3540 5575 illud
3563 5521 3751 5595 Augu-

2172 5609 2303 5666 slini
2364 5608 2859 5678 acutissimumque
2914 5609 3219 5679 ingenium,
3258 5620 3333 5677 ut,
3388 5616 3752 5683 quemadmop

2172 5703 2305 5760 dum
2335 5718 2503 5775 supra
2531 5704 2793 5773 diximus,
2830 5702 3061 5759 difﬁcile
3116 5707 3191 5762 sit
3225 5707 3546 5764 existimare
3588 5711 3752 5767 aliter

2174 5798 2585 5868 dicldebu'sse,
2626 5801 2729 5856 nisi
2776 5801 2901 5870 quis
2951 5800 3020 5857 ab
3054 5812 3280 5861 auctore
3314 5802 3523 5861 dictum
3572 5802 3751 5875 fuisse
