4108 6142
489 268 596 331 635

1446 268 1961 333 BESSABIONIS
2001 272 2063 339 S.
2108 277 2182 338 ll.
2234 281 2294 341 Ε.
2325 284 2790 369 CARDINALIS

3639 293 3748 363 636

482 383 840 454 perspexerit.
916 383 1069 451 Quod
1137 394 1195 441 ιιι
1249 386 1463 442 facilius
1520 388 1881 457 intelligatur,
1922 389 2362 464 libetA‘tioncs,
2397 413 2619 457 nonest
2675 403 2925 461 mirabile
2977 407 3421 476 existimandum,
3474 410 3518 466 si
3549 422 3748 482 praeter

480 479 601 547 ipsa
658 477 947 547 Augustini
981 477 1163 540 verba,
1221 494 1344 546 qua:
1384 478 1438 532 in
1496 494 1747 534 sermone
1792 480 1866 535 De
1897 485 2061 536 verbis

478 570 718 638 Apostoli
743 572 987 642 scripsit,
1020 572 1283 628 inserere.
1317 592 1335 624 ε
1372 573 1896 645 Auditnus,,ittquit,
1930 576 2061 631 bea-

482 676 597 717 tum
660 665 892 719 Paulum
949 664 1297 733 apostolum,
1376 665 1652 721 dicentem
1715 686 1729 722 :
1784 667 2061 723 Humana:

480 769 674 821 sermo,
737 763 787 808 et
843 756 985 809 omni
1040 757 1337 823 acceptione
1407 756 1616 826 dignus,
1669 758 1794 826 quia
1819 756 2060 812 Christus

479 843 634 901 Iesu:
681 849 824 903 venit
873 850 929 902 in
999 850 1279 914 mundum,
1332 858 1632 917 peccatores
1662 848 1835 902 salvos
1863 850 2055 918 facere,

481 954 708 1005 quorum
759 939 963 1009 primus
1016 955 1108 1009 ego
1138 954 1256 993 sum
1292 941 1334 993 ί.
1374 939 1659 994 llumanus
1700 955 1833 1010 ergo
1875 956 2058 995 sermo

479 1041 536 1085 et
594 1030 746 1087 omni
805 1033 1130 1102 acceptione
1194 1031 1411 1102 dignus.
1467 1032 1648 1098 Quare
1711 1032 2063 1087 humanuset

482 1139 593 1183 non
650 1124 911 1181 divinus?
972 1124 1171 1179 Procul
1218 1124 1386 1180 dubio
1440 1126 1544 1178 nisi
1610 1126 1714 1179 iste
1790 1127 2064 1181 humanus

482 1228 663 1271 sermo
708 1228 765 1270 et
817 1216 1039 1271 divinus
1103 1227 1280 1283 esset,
1335 1216 1534 1286 dignus
1562 1218 1712 1271 omni
1734 1219 2058 1288 acceptione

483 1324 592 1361 non
668 1317 835 1362 esset.
880 1305 986 1362 Sed
1048 1308 1127 1362 sic
1173 1318 1259 1362 est
1307 1322 1491 1363 sermo
1539 1306 1643 1361 iste
1678 1305 1955 1361 humanus
1998 1316 2055 1360 et

482 1400 706 1465 divinus
766 1401 1046 1470 quomodo
1098 1406 1184 1454 est
1229 1400 1344 1468 ipse
1407 1397 1660 1455 Christus
1709 1408 1766 1455 et
1797 1398 1965 1455 homo
2003 1409 2059 1453 ct

483 1494 652 1549 Deus.
716 1493 774 1549 Si
812 1503 963 1549 recte
1008 1493 1364 1564 intelligimus
1397 1508 1707 1548 sermonem
1742 1493 1906 1549 istum
1948 1508 2060 1547 non

481 1587 664 1641 solum
716 1587 1020 1642 humanum
1069 1601 1212 1650 esse,
1279 1600 1469 1642 verum
1537 1587 1702 1641 etiam
1781 1586 2054 1653 divinum,

480 1695 653 1752 quare
715 1679 1013 1750 Apostolus
1060 1680 1361 1733 humanum
1408 1680 1596 1734 dicere
1656 1679 1848 1734 maluit
1887 1696 2050 1750 quam

2167 504 2350 545 verum
2404 494 3040 564 a‘licojusauctoritatis
3092 503 3448 564 sententiam.
3506 504 3609 559 alia
3640 505 3747 559 mi~

2166 596 2268 637 nus
2312 594 2456 641 recta
2506 584 2743 648 diversis
2801 591 3114 647 rationibus
3174 592 3249 648 ita
3302 592 3657 661 defendatur,
3689 604 3747 652 ut

2167 684 2313 731 recte
2360 677 2608 732 videatur
2657 693 2725 735 ex
2784 681 2933 737 omni
2990 693 3144 753 parte
3175 687 3497 741 consistere.
3532 680 3746 743 Etenim

2165 782 2289 822 cum
2328 772 2382 823 in
2416 771 2628 826 caneris
2659 771 2971 844 disciplinis
3011 777 3271 834 omnibus
3312 794 3470 834 voces
3506 787 3747 836 tantum-

2164 863 2327 915 modo
2378 864 2510 927 sint,
2560 881 2683 934 qua:
2735 884 2826 923 res
2858 866 3186 938 signiﬁcent,
3233 869 3339 926 hoc
3359 872 3644 942 proprium
3667 889 3748 929 est

2162 967 2225 1006 ac
2254 954 2531 1021 peculiare
2566 956 2863 1028 Scriptura:
2910 975 3102 1024 sacrae,
3166 960 3312 1032 quod
3351 976 3462 1016 non
3490 961 3656 1019 modo
3693 964 3745 1019 in

2162 1061 2223 1100 ea
2278 1061 2437 1102 voces
2500 1064 2588 1104 res
2640 1050 2968 1121 signiﬁcant,
3032 1052 3128 1109 sed
3192 1054 3360 1109 etiam
3395 1070 3486 1111 res
3514 1069 3615 1126 per
3648 1055 3746 1111 lin-

2156 1139 2398 1208 justnodi
2447 1157 2610 1198 voces
2666 1144 3007 1216 significatus.
3075 1162 3164 1203 res
3206 1147 3343 1202 alias
3412 1149 3743 1225 signiﬁcant.

2163 1230 2302 1313 Hinc
2326 1244 2409 1289 est
2445 1235 2589 1305 quod
2623 1253 2732 1291 non
2793 1239 2957 1294 modo
2990 1226 3147 1311 juxta
3188 1239 3453 1305 litteram,
3488 1242 3584 1297 sed
3614 1242 3745 1296 alle-

2162 1325 2347 1395 gorice
2374 1335 2427 1382 et
2450 1329 2753 1397 moraliter,
2772 1339 2828 1384 et
2848 1333 3143 1402 anagogice
3171 1346 3383 1388 sacram
3402 1332 3742 1403 Scripturam

2160 1430 2464 1489 exponunt,
2507 1422 2580 1478 ita
2613 1431 2675 1477 ut
2706 1424 2916 1493 quaevis
2964 1426 3086 1497 ejus
3110 1426 3379 1496 particula
3401 1428 3469 1481 ad
3504 1428 3743 1497 aliquem

2163 1514 2393 1569 istorum
2422 1531 2684 1572 sensuum
2715 1517 2905 1575 reduci
2927 1522 3120 1589 possit.
3148 1522 3218 1575 At
3240 1520 3333 1575 ubi
3354 1520 3617 1576 historica
3647 1536 3745 1577 seu

2160 1608 2415 1665 litterulis
2449 1610 2720 1679 expositio
2774 1614 3156 1683 prosequenda
3197 1622 3304 1680 est,
3340 1614 3447 1669 nisi
3494 1603 3626 1668 vera
3675 1611 3748 1670 sit

2161 1699 2367 1764 littera,
2395 1712 2588 1756 sensus
2618 1716 2839 1773 quoque
2865 1703 3139 1760 claudicet
3170 1718 3397 1763 necesse
3423 1714 3528 1761 est.

482 1772 762 1828 divinum?
804 1773 1000 1828 Procul
1043 1772 1210 1828 dubio
1245 1774 1394 1826 enim
1424 1773 1517 1841 qui
1550 1786 1661 1826 non
1693 1774 2049 1836 mentiretur,
2090 1764 2131 1816 Β
2228 1790 2385 1859 Quod
2414 1807 2546 1848 vero
2574 1764 2818 1851 δεξευηξιο
2872 1794 2996 1851 [om
3053 1804 3335 1861 “serum,
3386 1796 3528 1853 nihil
3582 1812 3744 1869 ρι-οτ..

482 1868 527 1919 si
580 1866 788 1923 diceret
843 1866 1111 1934 divinum,
1138 1866 1247 1919 non
1284 1866 1407 1919 sine
1436 1881 1601 1920 causa
1646 1866 1841 1921 maluit
1866 1868 2052 1938 dicere

481 1960 805 2014 humanum.
836 1962 949 2015 Hoc
992 1974 1125 2029 ergo
1172 1959 1354 2029 elegit,
1389 1973 1488 2027 per
1527 1955 1674 2027 quod
1712 1957 1965 2014 ﬁbristus
1999 1958 2053 2010 in

482 2053 746 2106 mundum
798 2052 970 2107 venit.
1024 2050 1182 2106 Venit
1226 2053 1373 2105 enim
1419 2065 1516 2119 per
1542 2049 1690 2120 quod
1721 2051 1885 2106 homo
1911 2061 2050 2118 erat,

479 2162 588 2199 non
647 2159 749 2215 per
811 2144 957 2216 quod
1008 2145 1154 2201 Deus
1198 2154 1335 2199 erat.
1398 2144 1631 2215 Semper
1659 2144 1748 2198 hic
1773 2154 1913 2199 erat.
1949 2144 2053 2199 Ubi

477 2240 624 2291 enim
680 2252 792 2292 non
843 2245 927 2293 est
1000 2237 1167 2304 Deus,
1218 2238 1515 2306 quidixit:
1550 2236 1755 2292 Cwium
1782 2246 1829 2291 et
1858 2246 2055 2290 terram

475 2348 571 2403 ego
633 2326 829 2402 impleo
859 2331 923 2384 ’ἲ
956 2331 1209 2387 Christus
1256 2340 1408 2386 certe
1435 2339 1521 2386 est
1566 2330 1838 2401 sapientia
1862 2339 1917 2385 et
1949 2334 2055 2383 vir-

478 2435 567 2480 tus
622 2425 716 2480 Dei
764 2424 831 2480 de
882 2441 990 2495 qua
1044 2426 1269 2487 dicitur,
1321 2425 1549 2496 Attingit
1589 2442 1622 2478 a
1660 2424 1765 2493 ﬁne
1798 2424 2055 2495 usquead

475 2522 641 2587 ﬁnem
680 2521 909 2591 fortiter,
948 2530 995 2573 et
1047 2520 1276 2589 disponit
1333 2520 1508 2573 omnia
1554 2521 1789 2574 suaviter
1819 2519 1860 2577 ³.
1912 2517 2054 2588 Ergo

480 2616 534 2668 in
577 2614 682 2669 hoc
727 2614 934 2667 mundo
992 2622 1133 2679 erat,
1189 2623 1246 2667 et
1275 2611 1513 2667 mundus
1543 2627 1640 2682 per
1670 2613 1849 2681 ipsum
1877 2610 2055 2666 factus

476 2716 581 2774 est,
617 2716 673 2760 et
703 2706 943 2761 mundus
967 2720 1095 2759 eum
1131 2719 1239 2759 non
1273 2704 1551 2773 cognovit.
1603 2703 1665 2759 Et
1700 2704 1793 2758 hic
1815 2714 1963 2765 erat,
1998 2711 2054 2758 et

478 2800 679 2855 venit:
713 2800 801 2856 hic
858 2808 978 2855 erat
1030 2814 1128 2868 per
1182 2798 1424 2852 divinam
1484 2800 1848 2866 maiestatem,
1905 2798 2055 2852 venit

476 2906 578 2965 per
626 2893 917 2950 humanam
972 2893 1367 2947 inﬁrmitatem.
1432 2891 1571 2959 Quia
1610 2906 1740 2960 ergo
1773 2891 1923 2946 venit
1957 2906 2055 2961 per

476 2986 851 3040 inﬁrmitatem
896 2984 1209 3051 humanam,
1243 2982 1366 3037 ideo
1424 2984 1727 3052 praedicans
1759 2981 2051 3037 adventum

2158 1898 2250 1939 sas
2276 1884 2328 1938 in
2355 1884 2637 1956 Scriptura
2668 1901 2825 1942 sacra
2860 1887 3240 1944 innovandum
3277 1903 3403 1963 esse
3431 1930 3446 1955 ,
3487 1888 3744 1961 impium-

2154 1989 2267 2047 que
2325 1991 2446 2033 esse
2499 1992 2567 2033 ex
2623 1993 2688 2034 ea
2748 1978 3077 2036 imminuere
3106 1980 3337 2052 aliquid,
3369 1981 3462 2038 'vel
3503 1992 3743 2046 mutare.

2159 2082 2226 2121 an
2290 2069 2362 2122 ita
2423 2069 2515 2137 sit,
2568 2068 2934 2143 Hieronymus
2977 2071 3096 2140 ipse
3148 2072 3500 2143 respondeat,
3536 2074 3744 2145 qui,ut

2159 2179 2324 2232 supra
2388 2165 2701 2231 retulimus,
2750 2181 2860 2222 non
2895 2168 3075 2223 solum
3122 2178 3384 2237 mutasse,
3417 2153 3739 2226 sed'enten-

2159 2256 2321 2311 dasse
2374 2271 2432 2312 se
2487 2272 2552 2313 ac
2601 2259 2908 2315 correxisse
2945 2259 3257 2329 proﬁtetur,
3294 2277 3419 2331 quae
3456 2277 3486 2316 a
3528 2278 3739 2333 praece-

2158 2344 2417 2402 dentibus
2482 2349 2879 2420 interpretibus
2935 2352 3079 2423 male
3126 2354 3272 2408 dicta
3314 2355 3547 2423 invenit,
3582 2358 3669 2412 vel
3709 2376 3738 2411 a

2162 2444 2618 2511 praesumptuosis
2675 2444 2968 2501 emendata
3020 2446 3357 2516 perversius,
3388 2449 3470 2503 vel
3502 2464 3533 2504 a
3570 2442 3741 2506 libra-

2161 2531 2258 2586 riis
2315 2531 2743 2590 dormitantibus
2800 2536 2983 2592 addita
3030 2538 3117 2594 vel
3151 2551 3510 2598 commutata.
3548 2541 3739 2614 Neque

2158 2623 2336 2678 solum
2396 2618 2582 2691 Vetus,
2644 2628 2739 2682 sed
2794 2627 3007 2684 Novum
3066 2631 3233 2687 etiam
3284 2632 3735 2701 Testamentum,

2160 2719 2449 2788 ipsumque
2505 2717 2861 2791 Evangelium
2924 2730 3181 2795 tanquam
3227 2721 3385 2783 antea
3418 2740 3737 2800 corruptum

2159 2813 2479 2869 emendasse
2543 2829 2600 2868 sc
2635 2815 2912 2883 pnedicat,
2943 2827 3003 2871 ut
3040 2819 3375 2888 posteriores
3415 2814 3603 2877 etiam
3659 2823 3737 2878 fc-

2161 2900 2324 2967 cisse,
2356 2902 2640 2971 Scriptura
2685 2903 2931 2957 eamdem
2978 2906 3246 2975 jacturam
3290 2917 3414 2978 post
3472 2909 3741 2981 Hierony-

2165 3006 2316 3046 mum
2368 3008 2547 3063 passa,
2582 3009 2749 3065 supra
2782 2996 3308 3057 demonstravimus.
3341 3000 3397 3059 Si
3434 3004 3605 3076 igitur
3627 3022 3735 3061 non

476 3078 601 3145 cimi
651 3077 791 3131 dixit
824 3076 1085 3136 humanus
1139 3091 1313 3129 sermo
1336 3076 1378 3129 ‘.
1429 3074 1549 3130 Non
1588 3074 1917 3130 liberaretur
1952 3076 2056 3131 hu-
2083 3112 2129 3174 ο
2161 3087 2411 3157 impium,
2438 3087 2533 3142 sed
2558 3089 2729 3159 pium,
2770 3090 2880 3145 imo
2914 3107 3043 3146 vero
3101 3094 3411 3163 piissimum
3443 3074 3575 3164 fuit,
3610 3098 3731 3158 Hie-

476 3186 699 3227 manum
753 3185 947 3243 genus,
1004 3170 1108 3226 nisi
1170 3184 1351 3225 sermo
1399 3166 1495 3224 Dei
1556 3170 1877 3240 dignaretur
1928 3185 2052 3227 esse

474 3264 774 3320 humanus.
829 3263 966 3319 Nam
1016 3272 1071 3319 et
1133 3271 1296 3318 homo
1347 3262 1439 3318 illc
1496 3262 1700 3319 dicitur
1752 3264 2049 3329 humanus,

475 3361 569 3429 qui
621 3374 679 3414 se
728 3358 951 3413 exhibet
999 3358 1236 3421 homini,
1291 3366 1348 3413 ct
1410 3358 1646 3411 maxime
1677 3357 1772 3427 qui
1805 3358 2048 3429 hospitio

472 3451 707 3522 suscipit
758 3452 1061 3506 hominem.
1122 3450 1178 3505 Si
1230 3465 1363 3520 ergo
1393 3450 1670 3508 humanus
1699 3451 1919 3515 dicitur,
1956 3452 2050 3521 qui

444 3542 533 3600 in
587 3545 752 3601 domo
802 3558 901 3601 sua
958 3544 1193 3616 suscipit
1243 3544 1547 3611 hominem,
1579 3560 1743 3616 quam
1775 3547 2051 3602 humanus

477 3649 582 3706 est,
642 3640 736 3710 qui
785 3639 843 3693 in
890 3655 949 3696 se
994 3639 1225 3708 suscipit
1261 3640 1536 3693 hominem
1562 3639 1585 3693 ’ἰ
1615 3641 1758 3711 Ergo
1787 3640 2051 3695 humanus

470 3748 664 3800 sermo,
693 3743 741 3786 et
777 3732 922 3787 omni
968 3731 1268 3802 acceptione
1301 3731 1511 3801 dignus.
1550 3749 1571 3783 ›
1612 3730 1844 3788 Videsne
1876 3742 1935 3789 ut
1971 3735 2052 3790 lo-

477 3840 602 3879 cum
664 3825 813 3878 hunc
866 3823 1245 3881 sanctissimus
1300 3821 1497 3878 doctor
1525 3821 1770 3893 graviter
1799 3824 2051 3879 luculen-

476 3930 666 3985 terque
702 3916 947 3985 eXponit,
976 3916 1067 3971 ubi
1120 3924 1324 3980 tamen,
1374 3910 1708 3986 Hieronymo
1744 3924 1904 3980 teste,
1938 3932 2046 3970 non

473 4020 622 4066 recte
655 4010 937 4075 huntonus,
972 4008 1068 4064 sed
1100 4008 1271 4074 fidelis
1304 4008 1600 4063 dicendum
1636 4023 1757 4063 esse
1789 4011 2049 4079 explora-

474 4107 627 4162 tum?
653 4106 773 4162 Non
823 4114 909 4161 eet
948 4105 1114 4176 igitur
1154 4104 1437 4159 sufﬁciens
1470 4104 1719 4160 veritatis
1752 4119 2051 4185 argumen-

471 4213 613 4267 tum,
668 4201 792 4255 ideo
828 4200 908 4256 sic
957 4198 1313 4254 scribendum
1369 4204 1611 4252 asserere
1644 4195 1772 4266 quia
1798 4212 1925 4251 cum
1964 4199 2046 4252 lo-

472 4310 595 4350 cnm
659 4290 996 4363 Augustinus
1044 4301 1095 4347 et
1164 4290 1413 4346 nonnulli
1445 4291 1539 4345 alii
1569 4290 1829 4347 doctores
1858 4292 1931 4347 ita
1954 4308 2050 4348 ex-

472 4396 793 4459 posuerunt.
865 4386 1256 4457 Hieronymum
1318 4396 1502 4438 autem
1557 4385 1633 4439 ita
1677 4378 2045 4455 exponentem

2157 3170 2442 3252 ronymum
2490 3180 2622 3236 talia
2677 3181 2996 3250 emendare,
3026 3184 3302 3257 addendo,
3334 3189 3737 3257 subtrahendo,

2156 3274 2457 3339 mutando;
2508 3277 2553 3331 si
2609 3279 3013 3349 posterioribus
3092 3281 3287 3351 licuit,
3357 3301 3521 3358 prout
3585 3304 3736 3348 certe

2152 3369 2330 3437 licuit,
2392 3372 2584 3441 quavis
2633 3386 2798 3429 causa
2832 3383 2985 3433 ortos
3034 3392 3259 3435 errores
3315 3382 3637 3454 corrigere,
3666 3399 3733 3440 ex

2154 3478 2265 3535 quo
2326 3470 2407 3519 tot
2456 3467 2745 3522 doctorum
2815 3468 3060 3525 virorum
3110 3464 3247 3526 libri
3288 3472 3738 3548 ﬂuxerunt,qui-

2154 3558 2258 3614 bus
2278 3560 2676 3615 correctorium
2729 3559 2923 3616 Biblia:
2968 3577 3170 3619 nomen
3198 3576 3284 3619 est
3347 3566 3609 3637 inditum,
3639 3585 3739 3625 cur

2154 3654 2207 3707 id
2232 3664 2433 3707 nostra:
2490 3654 2667 3708 aetatis
2722 3654 3039 3721 hominibus
3087 3672 3194 3711 non
3244 3657 3453 3716 liceat?
3482 3661 3740 3719 Audeant

2152 3743 2338 3817 itaque
2391 3747 2570 3816 primo
2623 3746 3043 3826 Hieronymum.
3109 3760 3164 3805 et
3227 3760 3460 3809 caeteros
3488 3756 3736 3826 quicum

2152 3842 2327 3895 secuti
2380 3851 2530 3906 sunt,
2592 3840 2855 3897 Ecclesiae
2914 3842 3170 3899 doctores
3201 3845 3403 3915 impios
3437 3847 3647 3919 dicere,
3674 3861 3741 3918 et

2154 3943 2283 3990 tunc
2314 3950 2411 3989 nos
2438 3950 2657 4005 quoque
2720 3934 2967 4006 ejusdem
3025 3937 3274 3993 criminis
3306 3950 3591 4013 peragant.
3629 3943 3736 3999 Sed

2152 4029 2269 4083 haec
2325 4037 2478 4082 certe
2518 4035 2615 4083 aut
2670 4027 2888 4084 rudium
2955 4030 3242 4086 hominum
3285 4033 3456 4089 Verba
3486 4048 3615 4091 sunt
3646 4052 3740 4092 aut

2152 4119 2543 4174 maievolorum
2576 4119 2826 4190 maleque
2855 4120 3186 4178 dicentium.

2224 4211 2376 4265 Nunc
2415 4211 2479 4264 ad
2505 4211 2639 4265 illud
2674 4212 2819 4281 quod
2872 4213 3035 4267 tertio
3071 4213 3196 4269 loco
3222 4227 3551 4286 posuerunt,
3579 4234 3739 4301 argu-

2153 4317 2394 4360 mentum
2428 4305 2782 4374 responsuri,
2814 4307 2861 4359 ti
2908 4307 3357 4375 conjunctionem
3392 4311 3519 4367 ideo
3545 4314 3739 4369 condi-

2154 4398 2419 4452 tionalem
2459 4397 2570 4452 dici
2602 4396 2938 4453 aﬂirmamus
2963 4436 2979 4463 ,
3008 4401 3157 4471 quod
3195 4416 3479 4473 nunquam
3508 4420 3641 4462 vera
3670 4402 3740 4463 sit

471 4490 587 4536 non
640 4478 992 4534 meminimus
1035 4479 1257 4548 legisse.
1320 4478 1478 4532 Patet
1538 4478 1642 4531 hoc
1682 4478 1828 4532 idem
1876 4478 2045 4547 illius.
2076 4470 2128 4527 ο
2155 4490 2259 4542 nisi
2292 4488 2609 4545 conditione
2647 4489 2921 4560 completa
2946 4530 2962 4557 ,
3002 4498 3059 4546 et
3104 4470 3356 4565 regulam
3390 4492 3535 4552 hanc
3575 4511 3737 4564 quam

469 4586 633 4643 quem
688 4584 854 4640 supra
917 4570 1382 4633 memoravimus,
1440 4566 1648 4624 Nieo‘lai
1696 4569 2045 4629 bibliothecae

467 4662 799 4735 suﬂraganei
828 4664 1035 4729 verbis,
1060 4663 1163 4738 qui
1195 4673 1320 4733 post
1351 4664 1520 4715 multa
1552 4679 1678 4732 quat:
1707 4677 2045 4743 commentos

469 4759 632 4823 ravit,
696 4758 961 4814 mendose
1018 4759 1104 4812 vel
1167 4759 1428 4812 translata
1478 4758 1571 4814 vel
1621 4776 1716 4831 per
1780 4760 2041 4817 librarios

468 4852 693 4919 scripta,
720 4852 873 4905 addit
919 4859 1223 4920 postremo,
1259 4868 1277 4900 r
1317 4848 1564 4917 Quorum
1626 4854 2039 4908 mendaciorum

470 4944 733 4998 nonnulla
781 4944 948 4998 etiam
999 4944 1245 5012 exposita
1299 4945 1570 5013 reperisse
1614 4962 1700 4999 me
1731 4949 1978 5002 memini.
2021 4968 2040 4997 ι

471 5037 551 5090 Ex
578 5037 779 5105 quibus
833 5036 1015 5091 verbis
1064 5047 1291 5106 apparet
1316 5039 1563 5106 potuisse
1588 5040 1771 5110 aliqua
1796 5060 1826 5095 ει
1848 5041 2047 5096 docto-

475 5130 625 5184 ribus
657 5129 877 5198 exponi,
905 5128 1025 5197 qui,
1051 5130 1295 5199 linguam
1348 5133 1492 5186 unde
1520 5135 1778 5188 translata
1804 5135 2047 5198 fuerant,

474 5226 807 5293 ignorantes,
850 5224 1085 5278 litteram
1137 5238 1299 5293 quam
1349 5227 1700 5297 reperiebant
1736 5233 2049 5286 necessario

470 5315 864 5385 sequebantur,
921 5324 976 5369 et
1031 5316 1394 5373 nihilominus
1460 5334 1581 5375 esse
1636 5322 1919 5377 mendosa.
1965 5325 2045 5379 Ad

472 5411 587 5464 haec
623 5411 854 5477 accedit,
895 5414 1045 5481 quod
1091 5427 1216 5467 cum
1260 5428 1428 5469 saera:
1462 5418 1680 5481 litterae,
1713 5417 2043 5486 sicutsupra

472 5504 680 5557 dictum
734 5512 846 5567 est.
895 5514 1057 5561 tantm
1122 5508 1234 5561 sint
1296 5507 1717 5576 profunditatis,
1755 5522 1812 5563 ut
1864 5513 2044 5566 varios

472 5608 689 5661 sensus,
746 5597 1048 5666 multasque
1095 5607 1153 5651 et
1212 5598 1458 5651 diversas
1489 5601 1795 5667 suscipiunt
1825 5600 2044 5670 exposi-

543 5784 560 5816 ί
593 5782 619 5837 ι
650 5784 788 5839 Tim.
821 5801 861 5849 ι,
908 5784 992 5840 lii.
1063 5786 1081 5816 ²
1120 5788 1323 5847 Jerem.
1356 5806 1512 5855 χχιιι,
1538 5792 1625 5846 2t.

1706 5793 1729 5825 ³
1755 5793 1879 5854 Sno.
1913 5807 2026 5855 t'ttt,
2060 5789 2107 5843 ί.

2151 4581 2395 4646 tradunt,
2443 4592 2501 4636 ut
2534 4597 2733 4637 novam
2776 4583 3004 4652 quidem
3052 4573 3397 4655 tentereque‘
3435 4587 3737 4656 inventam,

2151 4674 2375 4728 minime
2418 4688 2601 4728 veram
2641 4677 2964 4730 asserimus.
3008 4676 3200 4747 Neque
3227 4682 3378 4736 enim
3412 4681 3734 4749 indicativo,

2149 4766 2265 4819 sive
2295 4767 2554 4835 praesenti
2591 4768 2707 4821 sive
2727 4753 3268 4845 praeterito,‘juncta
3291 4812 3306 4838 ,
3344 4771 3737 4830 conditionalis

2146 4869 2363 4929 semper
2396 4873 2520 4913 vera
2544 4867 2649 4923 est,
2680 4858 2774 4913 sed
2818 4860 3118 4929 aliquando
3146 4864 3315 4919 etiam
3360 4862 3531 4934 falsa;
3560 4882 3736 4937 neque

2152 4968 2275 5007 cum
2307 4952 2428 5023 subj
2439 4952 2662 5007 unctivo
2681 4952 2882 5021 posita,
2906 4954 3041 5009 falsa
3062 4971 3176 5011 sem
3186 4973 3301 5026 per,
3322 4959 3422 5014 sed
3443 4960 3734 5031 aliquando

2152 5060 2301 5111 vera,
2335 5052 2501 5116 prout
2546 5060 2612 5100 ex
2641 5036 2825 5100 rerum
2860 5048 3181 5104 conditione
3219 5050 3430 5108 falsitas
3466 5055 3734 5125 veritasve

2151 5139 2447 5210 colligitur.
2502 5138 2657 5205 Quod
2691 5152 2750 5193 ut
2803 5142 3154 5199 manifestius
3198 5129 3566 5217 intelligatur,
3599 5147 3731 5218 quid

2150 5231 2491 5301 grammatici
2514 5232 2792 5298 sentiant,
2821 5233 3067 5291 dicemus
3092 5275 3108 5303 ,
3158 5234 3359 5294 deinde
3385 5240 3636 5310 quaedam
3666 5257 3731 5296 ex

2154 5323 2441 5380 dialectica
2496 5325 2913 5397 subjungemus.
2970 5326 3330 5385 Grammatici
3395 5345 3588 5391 omnes
3622 5343 3729 5389 tam

2155 5415 2327 5469 Graeci
2355 5422 2517 5485 qnam
2560 5414 2765 5482 Latini,
2806 5426 2862 5472 et
2915 5419 2972 5472 in
3014 5420 3206 5488 primis
3258 5420 3592 5489 Priscianus,
3634 5424 3727 5494 qui

2155 5525 2262 5563 nutt
2322 5509 2494 5561 tttodo
2544 5512 2795 5579 sequitur
2844 5511 3101 5580 Graecos,
3160 5513 3255 5570 sed
3326 5513 3382 5569 id
3435 5531 3494 5572 se
3549 5515 3728 5573 facere

2153 5600 2337 5655 multis
2380 5601 2433 5654 in
2481 5599 2617 5656 locis
2654 5603 2947 5672 gloriatur,
2984 5611 3029 5658 sl
3076 5606 3526 5678 conjunctionem
3552 5611 3726 5665 conti-

2184 5790 2206 5819 ‘
2252 5792 2273 5845 Ι
2308 5786 2450 5844 Tim.
2488 5806 2527 5855 ι,
2575 5791 2661 5845 ης.
