4064 6148
411 235 518 300 637

1235 232 1322 295 IN
1358 231 1624 300 ILLUD,
1655 242 1672 275 ί
1722 230 1789 290 Si
1838 230 2001 292 EUM
2041 229 2236 292 VOLO
2274 230 2620 301 MANERE,
2660 246 2679 278 ³
2727 231 2888 297 ETC.

3579 223 3686 290 633

414 351 691 407 nuativam
728 366 849 406 esse
877 339 1318 419 aiuntiquando
1362 347 1507 401 enim
1534 347 1780 401 Grtccum
1823 345 1996 418 signi-
2025 355 2078 410 Λ
2104 345 2418 411 fateantur,
2451 349 2880 402 conditionalem
2910 358 3120 404 tantum
3168 363 3232 404 ex
3285 349 3330 398 vi
3389 349 3688 406 locutioms

414 447 557 514 licat,
589 460 818 517 eamque
855 446 998 501 sicut
1027 455 1082 500 ct
1126 445 1364 513 reliquas
1393 443 1800 497 contimtativas
1822 485 1834 506 ,
1872 456 1998 496 cum

413 555 442 594 a
470 537 677 594 Grecis
704 540 718 569 ¹
754 539 824 594 ab
854 538 1142 609 Apollonio
1175 535 1465 591 llcrodiani
1497 545 1668 605 patre,
1697 534 1841 589 inter
1869 549 2002 589 cau-

414 633 556 686 sales
584 640 1042 687 connumeratam
1066 646 1210 695 esse,
1248 630 1611 700 ordinemque
1637 628 2001 700 praecedentis

416 728 494 780 rel
551 725 620 781 ad
668 734 991 796 sequentem
1045 724 1380 794 signiﬁcare.
1414 739 1539 777 cum
1568 722 1752 792 aliqua
1785 719 2002 777 dubita-

415 820 565 875 tione
595 829 852 875 essentia:
908 834 1131 886 rerum,
1166 817 1270 883 vel,
1314 825 1371 870 ut
1411 814 1582 871 Grtcci
1632 814 1842 881 dicunt,
1881 816 2002 870 sine

415 913 812 983 signiﬁcatione
854 910 1124 973 essentia,
1181 919 1260 976 ut,
1293 901 1351 965 Si
1409 911 1601 972 stertit,
1658 908 1897 975 dormit;
1946 917 2004 963 et

415 1001 472 1059 Si
502 1011 747 1073 aegrotat,
767 1001 932 1070 pallet
955 1018 974 1066 ;
1005 1009 1082 1069 et,
1118 1000 1174 1055 Si
1199 999 1332 1071 febri
1361 1010 1602 1065 vexatur,
1629 1000 1804 1064 calet;
1823 1014 2004 1070 neque

415 1097 560 1150 enim
593 1111 862 1152 converso
901 1093 1096 1149 ordine
1147 1094 1202 1148 in
1240 1093 1326 1148 his
1375 1090 1830 1163 consequentiam
1872 1106 2001 1146 scn-

415 1193 602 1244 tcntia:
628 1197 812 1243 servat
835 1186 1036 1242 oratio.
1072 1186 1375 1256 Noncnim
1402 1184 1496 1255 qui
1532 1182 2004 1248 dormit,omnino

415 1280 616 1343 stertit,
646 1291 702 1336 et
745 1281 825 1336 sic
863 1281 930 1334 de
976 1277 1213 1334 caeteris.
1250 1277 1382 1347 ,Non
1412 1275 1884 1341 irrationabiliter
1909 1290 2004 1330 eas

416 1375 661 1430 causales
686 1390 810 1431 esse
839 1375 1016 1429 aiunt.
1046 1371 1112 1426 Et
1149 1370 1607 1438 continuationis,
1640 1369 2003 1440 quemadmo—

416 1459 546 1521 dum
599 1474 656 1520 et
687 1463 1064 1537 adiunctionis
1094 1471 1150 1520 et
1203 1462 1538 1527 eﬂ‘ectionis,
1577 1477 1672 1532 per
1702 1461 1801 1518 bas
1837 1475 2004 1516 causa

413 1563 726 1639 ostenditur
777 1561 959 1619 reddi.
997 1560 1468 1624 Continuationis,
1501 1567 1560 1613 ut
1584 1599 1599 1623 ,
1632 1557 1690 1613 Si
1739 1557 2002 1620 ambulat,

418 1666 690 1712 ntovclur:
722 1670 886 1711 causa
917 1654 1064 1709 enim
1096 1669 1196 1710 cur
1221 1663 1495 1717 movetur,
1539 1653 1655 1722 ipsa
1694 1661 1778 1708 est
1810 1651 2003 1706 ambu-

418 1751 570 1806 latio.
607 1747 934 1819 Huinsmodi
974 1747 1227 1803 causales
1286 1714 1576 1814 interdum
1600 1759 1701 1814 pro
1731 1745 2004 1814 approba-
2036 1714 2079 1776 ³

420 1843 549 1899 tivis
597 1842 722 1914 poni
771 1846 1230 1904 commemorant,
1269 1839 1526 1910 quoniam
1559 1837 1798 1903 scilicet,
1849 1845 1907 1890 et
1949 1835 2005 1892 id

417 1939 566 2006 quod
607 1935 864 2002 dicimus,
931 1933 1004 1987 ita
1063 1943 1280 1988 certum
1347 1941 1712 2004 apertumque
1772 1937 1880 1996 est,
1948 1937 2008 1984 ut

421 2028 762 2098 impossibile
797 2027 868 2082 sit
921 2027 1084 2082 aliter
1139 2025 1377 2097 opinari,
1437 2033 1679 2094 tuncque
1715 2022 2008 2079 duntaxat

421 2122 740 2177 indicativo"
770 2119 1027 2192 conjungi
1059 2161 1072 2183 ,
1115 2132 1173 2174 ut
1225 2117 1370 2189 apud
1421 2117 1732 2188 Virgilium,
1791 2116 1849 2171 Si
1877 2117 2010 2188 quid

419 2233 642 2286 usquam
675 2213 911 2269 Iustitia:
962 2225 1076 2279 est;
1127 2212 1363 2286 et_alibi,
1403 2210 1489 2276 Di,
1521 2212 1566 2265 si
1596 2228 1701 2282 qua
1755 2210 1884 2265 cado
1932 2218 2010 2263 est

422 2309 609 2380 pietas.
631 2307 1004 2362 lndubitatum
1029 2305 1177 2360 enim
1208 2311 1262 2358 et
1299 2304 1356 2358 in
1393 2303 1535 2358 eozlo
1566 2304 1824 2373 pietatem
1854 2316 1998 2366 esse,

417 2412 477 2457 et
503 2401 557 2456 in
593 2402 798 2457 mundo
824 2398 1052 2472 iustitia:
1087 2395 1318 2466 aliquid.
1345 2393 1484 2451 Hinc
1509 2396 1565 2450 in
1599 2397 1817 2450 facilem
1846 2411 2007 2449 erro-

423 2512 539 2551 rem
591 2494 913 2553 iuciderunt
942 2490 1248 2546 adversarii
1283 2490 1412 2556 mei,
1454 2497 1713 2558 putantes
1749 2489 2013 2557 quoniam

418 2593 468 2645 si
517 2590 757 2647 causalis
791 2603 893 2658 pro
927 2585 1290 2656 approbativa
1345 2583 1524 2654 posita
1552 2597 1679 2637 cum
1711 2581 2012 2636 indicativo

423 2683 802 2756 coniungitur,
840 2681 962 2736 ideo
999 2688 1056 2756 et
1082 2694 1113 2734 c
1144 2692 1433 2745 converso,
1464 2677 1686 2748 quoties
1715 2691 1840 2730 cum
1873 2675 2016 2732 indi-

425 2763 608 2834 cativo
633 2775 1008 2848 coniungitur,
1043 2788 1165 2828 esse
1195 2769 1635 2843 approbativam,
1672 2769 1818 2840 quod
1848 2769 2009 2840 longe

425 2883 510 2930 est
549 2887 580 2927 a
633 2870 902 2936 veritate;
948 2883 1058 2922 non
1106 2865 1253 2922 enim
1295 2863 1511 2935 quaties
1537 2863 1838 2919 indicativo
1889 2879 2009 2918 con-

422 2964 702 3038 iungitur,
733 2976 853 3016 esse
879 2959 1239 3031 approbativa
1271 2965 1491 3027 potest,
1520 2957 1773 3025 quamvis
1798 2955 2018 3025 quoties

2106 439 2246 494 nihil
2305 456 2532 511 prorsus
2565 440 2861 504 allii-mare.
2918 443 3234 512 nullamque
3287 458 3509 497 suarum
3564 458 3687 512 par-

2107 533 2243 588 tium
2298 546 2546 590 asserere
2575 534 2819 603 tradunt,
2862 536 2960 592 sed
3010 545 3223 592 tantum
3259 535 3464 592 inferre
3489 552 3687 592 conse-

2103 638 2284 694 quens
2332 629 2696 685 antecedente
2729 626 3005 684 confesso.
3035 628 3197 684 Nulla
3249 628 3452 684 etenim
3487 640 3690 700 propo-

2105 716 2326 773 sitionis
2374 733 2520 789 pars,
2561 721 2678 775 sive
2735 720 3195 776 indicativosive
3241 722 3594 792 subiunctivo
3640 724 3690 777 si

2105 809 2496 868 conditionalis
2526 813 2843 883 coniunctio
2885 813 3249 885 adiungatur,
3295 814 3551 870 absolute
3589 830 3688 870 seu

2106 906 2414 976 categorice
2447 906 2673 976 ponitur
2699 947 2715 973 ,
2750 908 2848 962 sed
2895 907 3072 962 solum
3105 922 3450 976 consequens
3482 923 3686 980 propo-

2104 997 2366 1054 Sitionem
2399 998 2582 1067 infert,
2615 1000 2798 1070 posito
2815 1008 2997 1056 tamcn
3025 1001 3385 1058 antecedente
3413 1002 3689 1058 conditio-

2107 1091 2329 1159 naliter,
2391 1101 2447 1148 et
2496 1108 2608 1149 non
2657 1093 2833 1161 alias;
2893 1093 3019 1150 ideo
3053 1093 3258 1150 nullius
3290 1096 3462 1165 partis
3489 1097 3692 1150 veritas

2106 1200 2171 1240 ex
2217 1186 2388 1242 totius
2433 1186 2664 1243 veritate
2706 1198 2886 1258 potest
2940 1188 3152 1244 inferri:
3183 1188 3318 1256 Quis
3349 1188 3494 1244 enim
3543 1203 3691 1245 sanae

2108 1281 2312 1337 mentis
2340 1283 2486 1336 ausit
2515 1284 2721 1351 dicere,
2758 1284 3017 1354 quoniam
3051 1299 3192 1340 verae
3211 1296 3342 1340 sunt
3368 1285 3684 1356 huiusmodi

2107 1377 2531 1446 propositiones,
2569 1376 2630 1431 Si
2660 1378 2742 1432 sol
2760 1388 2834 1432 est
2864 1395 3034 1448 supra
3063 1387 3286 1445 terram,
3331 1379 3443 1433 dies
3475 1391 3586 1444 est;
3613 1389 3687 1446 et,

2111 1469 2168 1523 Si
2214 1475 2366 1524 homo
2413 1471 2579 1524 currit
2604 1515 2618 1536 ,
2650 1471 2858 1526 animal
2887 1473 3092 1538 currit,
3146 1473 3354 1528 idcirco
3381 1481 3445 1533 et
3475 1482 3696 1528 antece-

2108 1564 2292 1620 dentia
2343 1579 2469 1619 vera
2499 1579 2642 1631 esse,
2692 1565 2905 1620 scilicet
2937 1565 3085 1635 quod
3122 1566 3204 1622 sol
3254 1566 3326 1621 sit
3371 1579 3538 1636 supra
3585 1575 3697 1619 ter»

2111 1674 2249 1723 ram,
2280 1667 2335 1714 et
2355 1659 2530 1715 homo
2559 1659 2792 1714 currat?
2819 1659 3006 1730 Itaque
3036 1660 3181 1715 inter
3209 1659 3328 1714 illas
3358 1660 3698 1730 propositio—-

2111 1766 2208 1807 nes
2265 1751 2320 1805 in
2357 1751 2562 1822 quibus
2594 1752 2641 1805 si
2683 1750 2984 1806 indicativo
3042 1751 3378 1822 adiungitur,
3425 1762 3482 1807 et
3511 1765 3608 1806 cas
3638 1750 3698 1806 in

2110 1843 2314 1913 quibus
2357 1843 2675 1914 adiungitur
2714 1844 3091 1915 subiunctivo,
3130 1859 3238 1899 non
3291 1845 3397 1900 hoc
3439 1843 3693 1910 interest,

2111 1938 2255 2006 quod
2289 1935 2398 1991 illis
2437 1935 2660 2006 quidem
2690 1934 3102 2001 certitudinem,
3141 1934 3226 1992 hac
3259 1951 3389 1991 vero
3427 1935 3700 2006 ambigui-

2114 2039 2279 2085 tatem
2310 2028 2571 2097 babeant,
2600 2030 2696 2086 sed
2726 2031 2872 2100 quod
2907 2029 3483 2101 illarum-principales
3512 2039 3701 2102 partes

2111 2136 2365 2197 seorsum
2416 2134 2678 2192 acceptm,
2731 2131 2896 2195 atque
2949 2123 3370 2193 perfectum,ct
3426 2122 3702 2178 allirmant

2113 2229 2384 2286 negantve
2413 2215 2645 2286 aliquid,
2690 2217 2864 2272 instar
2890 2216 3328 2287 prapositionum
3361 2217 3703 2288 categorica-

2114 2325 2234 2364 rum
2256 2353 2270 2376 ,
2306 2325 2428 2379 qua:
2458 2325 2651 2364 verum
2706 2307 2976 2377 falsumve
3024 2309 3352 2380 signiﬁcant.
3387 2309 3599 2364 Etenim
3631 2307 3704 2364 ab

2115 2405 2218 2460 hac
2252 2404 2649 2476 propositione.
2695 2402 2756 2458 Si
2799 2404 3046 2459 Socrates
3089 2404 3221 2474 febri
3252 2411 3492 2469 vexatur,
3522 2401 3706 2458 ablata

2113 2499 2159 2554 si
2216 2500 2628 2568 coniunctione,
2679 2497 2889 2569 reliqua
2942 2513 3095 2570 pars,
3133 2513 3256 2568 qua:
3317 2507 3404 2553 est
3461 2495 3706 2557 Sacram

2117 2595 2248 2665 febri
2287 2603 2530 2659 vertatur,
2569 2595 2879 2663 categorica
2963 2593 3200 2650 emcitur
3251 2595 3594 2664 propositio,
3652 2605 3710 2648 et

2117 2702 2307 2740 verum
2367 2685 2637 2740 lalsumve
2675 2686 3236 2754 signiﬁcat.-lllarum
3287 2678 3421 2740 vero
3463 2687 3710 2755 partibus

2120 2781 2225 2836 hoc
2257 2780 2484 2834 minime
2515 2780 2812 2850 contingit.
2845 2779 2981 2834 Nam
3013 2781 3055 2834 si
3085 2780 3153 2833 ab
3185 2779 3286 2834 hac
3308 2777 3710 2850 propositione,

2123 2874 2182 2930 Si
2233 2874 2478 2930 Socrates
2537 2882 2735 2940 curret,
2799 2875 2845 2928 si
2891 2875 3336 2943 coniunctionem
3376 2871 3708 2938 abstuleris,

2122 2969 2331 3039 reliqua
2369 2985 2516 3039 pars,
2547 2984 2668 3038 qua:
2705 2979 2792 3023 est
2829 2966 3075 3023 Socrates
3110 2975 3323 3033 currcl,
3357 2979 3460 3022 nec
3493 2973 3716 3037 catego-

428 3059 787 3132 approbativa
822 3065 931 3118 est,
963 3053 1260 3110 indicativo
1282 3051 1565 3124 iungatur.
1601 3048 1819 3106 lullnits
1851 3048 2018 3118 huius

2129 3065 2237 3118 rica
2279 3062 2582 3132 propositio
2629 3070 2734 3124 est,
2772 3075 2873 3116 nec
2901 3061 3108 3132 aliquid
3143 3059 3377 3116 alﬁrmat
3435 3060 3718 3132 negative.

431 3155 510 3210 rei
545 3152 792 3223 exempla
835 3159 987 3220 sunt,
1019 3148 1118 3203 sed
1156 3145 1324 3200 nobis.
1377 3147 1494 3206 haec
1529 3144 1691 3199 modo
1721 3142 2019 3200 sulliciant.

387 3239 391 3242 ’
431 3246 494 3305 Si
545 3245 688 3301 male
747 3245 951 3299 locutus
979 3259 1120 3306 sum,
1161 3241 1340 3313 inquit
1385 3238 1649 3293 Dominus
1671 3236 1815 3304 apud
1849 3236 2020 3291 Joano

432 3356 583 3408 nem,
615 3339 969 3399 testimonium
1016 3335 1226 3407 perhibe
1259 3334 1323 3387 de
1358 3334 1499 3391 malo
1525 3349 1544 3397 ;
1571 3333 1615 3384 si
1664 3341 1843 3384 autem
1873 3329 2019 3394 bene,

433 3434 565 3508 quid
616 3450 698 3488 me
749 3415 1001 3487 mdis‘?
1057 3429 1114 3484 Si
1149 3425 1431 3497 quisboc
1479 3423 1602 3480 loco
1642 3431 1854 3479 asserat
1902 3421 2026 3476 ideo

435 3529 854 3606 approbativatu
921 3539 1044 3583 esse
1095 3526 1141 3578 si
1203 3521 1654 3594 coniunctionem
1684 3562 1728 3590 ,.
1758 3517 2026 3587 quoniam

437 3627 699 3698 presenti
729 3623 1031 3682 indicativo
1068 3620 1357 3692 iungitur,
1387 3627 1534 3672 certe
1568 3624 1624 3670 et
1674 3614 1817 3674 male
1871 3612 2028 3668 locu-

442 3732 557 3775 tum
603 3717 898 3777 Demittunt
941 3721 1148 3769 asserat
1193 3724 1418 3766 necesse
1446 3717 1569 3768 .est.
1603 3707 1762 3774 Quod
1808 3705 1851 3761 si
1885 3705 2028 3760 male

439 3801 660 3869 locutus
685 3823 771 3866 est
812 3806 1082 3861 Dominus
1133 3802 1303 3873 (quod
1335 3801 1607 3859 nefarium
1648 3811 1736 3856 est
1773 3800 2027 3865 sentire),

439 3924 540 3966 cur
565 3922 689 3965 mox
720 3905 892 3972 addit,
937 3901 994 3956 Si
1023 3911 1202 3955 autem
1233 3901 1361 3958 bene
1383 3900 1408 3952 ?
1441 3896 1510 3952 Et
1531 3912 1656 3951 eum
1692 3894 1762 3949 de
1792 3910 1850 3950 se
1881 3895 2030 3949 dices

445 4012 530 4059 ret
577 4000 856 4061 Salvator,
903 3994 962 4050 Si
996 4010 1091 4067 ego
1138 3989 1518 4047 iit-Beelzebub
1561 3989 1710 4058 qiicio
1743 3988 2031 4057 daemonia,

447 4093 600 4165 quod
650 4093 706 4148 in
753 4087 1060 4148 Beelzebub
1092 4102 1219 4143 cum
1247 4086 1450 4156 ejicere
1491 4083 1760 4144 mentonis
1799 4081 2036 4136 lateam

445 4197 670 4261 oportet
705 4187 802 4259 qui
823 4186 916 4261 si,
949 4183 1264 4241 indicativo.
1287 4183 1538 4253 iunctam
1561 4217 1582 4244 ,
1619 4177 2033 4252 approbativam

445 4286 574 4350 vult
601 4299 719 4342 esse
756 4295 1036 4353 Oportet-0.
1081 4279 1290 4334 Verum
1309 4291 1417 4333 non
1449 4274 1632 4339 nobis,
1664 4275 1764 4328 sed
1788 4276 1902 4327 tunc
1933 4283 2036 4326 nos

446 4382 631 4456 dicere
667 4377 1018 4452 cogentibus,
1041 4371 1357 4444 huiusmodi
1378 4368 1748 4439 lbspbemias
1777 4365 2036 4436 imputari

450 4477 728 4546 volumus.
753 4473 1023 4530 Similiter
1051 4469 1210 4539 apud.
1231 4465 1520 4538 Virgilium
1554 4462 1784 4525 dicitur,

523 4607 585 4662 Si
613 4606 780 4660 datur
821 4601 1068 4667 Italiam,
1099 4596 1257 4653 sociis
1307 4607 1355 4648 et
1389 4607 1508 4664 rege
1541 4601 1746 4662 recepto
1770 4631 1785 4657 ,

526 4679 782 4739 tendere.
812 4683 868 4728 stt
894 4672 1114 4729 Italiam
1144 4670 1253 4722 luti
1296 4667 1609 4734 Latiumque
1629 4673 1893 4739 petgmua.

524 4750 620 4817 Sin
637 4736 918 4817 absumpta
935 4747 1105 4817 sgliu,
1126 4752 1178 4794 et
1209 4751 1280 4806 te,
1305 4748 1458 4817 pater
1488 4743 1682 4807 optimc
1713 4736 1994 4800 Teuaum,

527 4809 730 4876 Pontus
762 4809 916 4872 [uiuet
954 4809 1131 4885 Libye:
1151 4857 1164 4881 ,
1216 4822 1274 4866 et
1306 4809 1548 4880 reliqua,

459 4955 583 5026 ubi,
617 4966 928 5022 quanquam
967 4945 1266 5004 indicativo
1310 4943 1356 4997 si
1407 4939 1725 5012 prapositio
1751 4940 2038 5011 iungatur,

459 5067 568 5109 non
593 5056 789 5108 tamen
815 5039 1178 5114 approbativa
1207 5046 1312 5102 est,
1343 5038 1441 5090 sed
1470 5033 1706 5087 causalis
1731 5070 1746 5098 ,
1775 5032 1892 5086 sive
1915 5046 2050 5085 con-

460 5143 745 5204 ditionalis
765 5157 784 5206 °,
801 5153 980 5208 neque
1001 5135 1149 5191 enim
1177 5129 1451 5202 signiﬁcat
1485 5141 1606 5182 rem
1630 5136 1872 5193 certam;
1901 5125 2045 5180 unde

466 5255 592 5295 Inus
639 5236 886 5323 additu!)

893 5323 989 5379 Sin
1018 5324 1300 5391 absumpta
1327 5319 1498 5372 salus.

542 5425 650 5482 Sed
699 5425 816 5480 haec
868 5422 937 5476 de
981 5419 1269 5489 praeceptis
1330 5412 1700 5484 grammaticis
1751 5413 1886 5464 satis
1919 5407 2050 5473 sint,

473 5535 619 5575 nunc
649 5526 832 5572 autem
869 5513 938 5566 de
959 5507 1242 5566 dialectica
1294 5505 1616 5560 referamus.
1652 5501 1804 5557 Licet
1847 5501 1894 5554 si
1927 5515 2058 5553 con-

468 5613 811 5690 iunctionem
862 5602 1290 5662 conditionalem
1350 5613 1509 5663 esse,
1559 5600 1726 5651 etiam
1775 5593 2054 5651 dialectici

555 5802 572 5836 ⁸
603 5802 772 5860 Locus
801 5799 1054 5856 obscurus
1153 5795 1173 5826 ’
1200 5792 1356 5850 Joan.
1392 5806 1543 5858 xvtn,
1586 5788 1677 5842 25.

2129 3156 2228 3212 sed
2253 3163 2313 3212 ut
2337 3155 2532 3210 falsum
2562 3153 2648 3210 vel
2676 3169 2863 3227 verum
2899 3153 3190 3224 signiﬁcet.
3232 3167 3564 3224 sensumque
3589 3168 3717 3223 per-

2131 3249 2300 3314 ﬁciat,
2329 3264 2396 3302 ex
2439 3249 2563 3304 aliis
2592 3247 3169 3320 dependet‘partibns.
3203 3249 3280 3301 lix
3312 3247 3398 3302 bis
3436 3261 3567 3317 ergo
3602 3262 3723 3302 ma-

2131 3342 2331 3398 nifesta
2365 3341 2433 3397 ad
2472 3341 2698 3404 tertium
2735 3349 3118 3411 argumentum
3166 3341 3608 3398 adversariorum
3631 3352 3722 3397 est

2135 3436 2442 3509 responsio.
2489 3435 2769 3505 Siquidem
2820 3435 2936 3492 haec
2993 3435 3318 3506 propositio,
3345 3429 3403 3490 Si
3453 3447 3572 3496 eum
3599 3435 3723 3490 volo

2135 3545 2351 3584 manere
2381 3534 2543 3583 donec
2582 3528 2812 3592 veniam,
2855 3542 2963 3582 non
2997 3529 3122 3583 ideo
3173 3537 3383 3583 certum
3421 3527 3717 3598 signiﬁcat,

2137 3623 2266 3692 quis
2297 3621 2600 3674 indicativo
2630 3618 2992 3688 coniungitur
3014 3625 3241 3688 propter
3260 3634 3379 3683 cas,
3411 3634 3548 3689 quas
3577 3619 3722 3674 dixi-

2140 3729 2285 3778 mus,
2310 3715 2594 3767 .rstiones.
2625 3709 2778 3766 Falsa
2805 3721 2890 3767 est
2912 3711 3078 3781 igitur
3111 3711 3554 3766 adversariorum
3589 3727 3717 3768 con-

2139 3809 2335 3871 clnsio,
2357 3807 2507 3877 quod
2546 3807 2762 3862 scilicet
2808 3805 3079 3875 particula
3111 3805 3204 3860 illa
3231 3805 3531 3875 signiﬁcet,
3561 3817 3628 3860 ac
3671 3807 3719 3861 si

2137 3903 2434 3967 diceretur,
2494 3898 2588 3955 Sic‘
2623 3915 2744 3953 eum
2792 3899 2907 3954 volo
2963 3914 3198 3966 manere,
3255 3899 3460 3970 quippe
3505 3897 3722 3954 fallacia

2135 3995 2533 4066 consequentis
2557 4001 2663 4049 est.
2714 3991 2826 4046 Nec
2869 3991 3040 4050 enim.
3077 4001 3133 4046 ut
3171 4007 3335 4062 supra
3376 3993 3583 4048 dictum
3616 4000 3723 4060 est,

2141 4088 2508 4153 convertitur,
2529 4099 2710 4156 neque
2741 4099 2874 4140 vere
2904 4097 3198 4155 possumus
3225 4085 3434 4149 dicere,
3461 4084 3724 4154 quoniam

2145 4199 2272 4240 cum
2313 4181 2668 4254 approliativa
2721 4187 2824 4244 est,
2885 4177 2929 4234 si
2990 4177 3292 4233 indicativo
3344 4177 3724 4248 coniungitur,

2145 4275 2560 4347 approbativam
2586 4287 2728 4327 esse.
2761 4269 2867 4328 Sed
2920 4282 2980 4326 ut
3003 4271 3114 4343 iam
3157 4282 3414 4342 quartum
3464 4270 3730 4325 adversa-

2149 4361 2354 4424 riorum
2394 4360 2800 4436 argumentum
2829 4362 3234 4434 aggrediamur,
3278 4362 3515 4417 dicimus
3548 4361 3730 4418 mino—

2067 4457 2115 4519 Ι)
2147 4477 2262 4520 rem
2295 4462 2488 4517 falsam
2520 4474 2664 4515 esse.
2696 4457 2912 4513 Etenim
2939 4458 3074 4513 satis
3103 4471 3132 4511 a
3161 4457 3318 4512 nobis
3347 4471 3515 4527 supra
3546 4460 3730 4512 oste'n‘-

2140 4570 2263 4614 sum
2288 4566 2393 4621 est,
2411 4554 2802 4610 continuatam
2833 4551 3016 4608 adhuc
3045 4552 3209 4606 vitam
3231 4550 3456 4605 Joannis
3481 4550 3732 4620 Evange—

2141 4648 2305 4714 llstte,
2342 4647 2497 4703 dubii
2533 4646 2758 4715 quidem
2813 4644 3020 4699 habere
3058 4643 3358 4715 plurimum
3386 4685 3400 4705 ,
3433 4642 3569 4698 certi
3602 4655 3734 4698 vero

2145 4742 2310 4808 nihil,
2346 4750 2580 4796 mortem
2617 4754 2744 4794 vero
2783 4739 2902 4808 eius
2959 4737 3080 4807 plus
3131 4734 3267 4790 certi
3325 4732 3526 4789 habere
3565 4749 3731 4804 quam

2145 4839 2325 4896 dubii.
2376 4834 2693 4892 Adversarii
2739 4848 2871 4889 vero
2922 4834 2974 4886 in
3017 4831 3122 4886 hoc
3181 4829 3453 4900 praecipue
3499 4830 3736 4884 fundant

2153 4939 2566 5005 argumentum,
2599 4929 2746 5000 quod
2785 4927 2928 4980 nulla
2963 4926 3031 4980 sit
3073 4923 3142 4980 de
3169 4925 3391 4978 Joannis
3421 4936 3596 4977 morte
3630 4924 3735 4977 du-

2152 5027 2372 5085 bitatio.
2393 5025 2545 5091 Quod
2571 5038 2699 5077 vero
2723 5021 2788 5076 ad
2811 5018 3280 5074 continuationem
3302 5014 3578 5087 opinionis
3603 5015 3738 5082 sum,

2153 5121 2465 5191 exemplum
2519 5117 2801 5172 adducunt
2854 5115 2943 5168 die
2993 5112 3222 5166 Veneris
3265 5125 3464 5165 carnes
3497 5108 3741 5172 edentis,

2153 5216 2284 5288 quid
2318 5216 2465 5268 aliud
2510 5209 2804 5266 dicendum
2853 5218 2957 5271 est,
2989 5220 3152 5276 quam
3205 5204 3348 5274 quod
3399 5203 3560 5274 paulo
3613 5208 3741 5256 ante

2155 5310 2466 5371 retulimus,
2505 5305 2790 5360 veritatem
2833 5304 2920 5354 vel
2959 5299 3252 5353 falsitatem
3295 5298 3372 5351 rei
3420 5292 3741 5365 huiusmodi

2157 5400 2586 5473 propositionem
2622 5395 2706 5450 vel
2738 5403 2945 5450 certam
2999 5391 3212 5457 facere,
3260 5391 3342 5447 vel
3379 5389 3740 5459 ambiguam?

2157 5499 2455 5553 Enitnvero
2481 5492 2577 5562 qui
2609 5489 2701 5545 tali
2732 5487 2822 5543 die
2857 5484 3125 5540 carnibus
3158 5486 3403 5539 vescitur
3426 5523 3444 5550 ,
3476 5482 3525 5538 si
3553 5496 3747 5537 verum

2149 5589 2312 5648 lateri
2336 5585 2489 5651 velit,
2511 5596 2567 5639 et
2598 5579 2905 5654 increpanti
2927 5578 3002 5633 ita
3020 5578 3388 5650 responderit,
3407 5575 3466 5632 Si
3507 5575 3745 5644 comedo,
