4064 6148
428 256 534 323 639

1413 248 1927 311 BESSARiONtS
1963 248 2018 311 ς.
2068 251 2136 310 Η.
2184 248 2248 311 Ε.
2280 248 2743 311 CARDINALIS

3582 244 3690 312 640

417 373 544 441 quid
610 369 678 423 ad
733 369 824 422 te?
891 363 1182 421 comedere
1230 377 1287 417 se
1334 372 1453 416 actu
1484 359 1914 427 aliirmat..Quid
1962 359 2008 414 si
2042 369 2084 425 Α
2118 378 2341 434 quoque
2396 374 2605 441 partem
2653 363 2913 418 intactam
2980 353 3313 434 praeteriisse
3367 358 3689 426 videamur,

419 462 570 516 idem
627 460 838 514 dicatur
902 472 1011 512 non
1053 453 1399 512 comedenti?
1438 452 1630 508 Nonne
1684 460 1741 506 et
1790 450 1881 507 ille
1930 452 2007 505 ita

423 554 780 626 respondebit
801 592 833 620 ,.
864 550 924 606 Si
971 550 1205 615 comedo,
1236 548 1359 620 quid
1395 547 1466 602 ad
1500 546 1595 601 te!
1641 561 1751 601 non
1785 543 2007 616 quidem

426 645 665 708 utvesci
706 662 765 703 se
796 647 1057 702 carnibus
1090 644 1349 706 fateatur,
1378 643 1473 697 sed
1508 650 1567 697 ut
1603 642 1741 697 falso
1771 655 2010 710 arguen-

427 754 537 800 tem
570 738 818 803 irrideat,
852 748 908 792 ct
940 736 1203 807 iniustum
1236 744 1614 789 accusatorem
1643 714 1824 788 irritet
1846 741 2010 801 atque

426 840 765 904 contemnat.
799 827 941 894 Quid
991 828 1036 882 si
1079 840 1146 881 eo
1191 824 1278 878 die
1328 821 1625 879 comedens
1674 834 1893 885 carnes,
1943 818 2012 873 ab

428 933 751 981 accusatore
786 927 1249 990 suoprovocatus
1279 959 1294 983 ,
1322 917 1394 971 ita
1430 913 1801 985 respondeat,
1834 911 1892 967 Si
1925 926 2014 965 co-

428 1017 580 1075 medo
607 1016 690 1071 ret
724 1030 830 1069 non
848 986 1079 1077 comedo,
1101 1008 1228 1081 quid
1250 1009 1319 1064 ad
1341 1007 1429 1061 te?
1460 1014 1607 1062 recta
1634 1014 1782 1061 certe
1804 1001 2014 1060 locutio

428 1111 557 1175 erit,
600 1125 669 1163 an
723 1108 845 1162 ideo
875 1104 1145 1168 dicemus,
1188 1101 1455 1174 quoniam
1504 1096 1893 1154 conditionalis
1927 1098 2015 1151 in-

429 1205 670 1270 dicativo
700 1198 1077 1271 coniungitur,
1107 1193 1521 1267 approbativam
1545 1207 1687 1259 esse,
1708 1205 2015 1260 verumque

430 1313 577 1362 esse,
600 1295 745 1367 quod
800 1295 890 1348 ille
922 1304 1117 1345 carnes
1153 1289 1301 1353 edat,
1352 1296 1407 1343 ct
1448 1302 1555 1341 non
1585 1288 1712 1341 edat
1747 1303 1762 1341 :
1797 1284 1852 1340 id
1884 1298 2017 1339 vero

434 1406 504 1445 ne
564 1386 745 1445 insani
800 1384 1021 1456 quidem
1070 1381 1398 1437 faterentur.
1458 1380 1539 1434 An
1585 1393 1735 1433 vero.
1765 1375 2017 1432 dicemus

437 1497 601 1539 unam
632 1478 854 1552 quidem
888 1487 1104 1548 partem
1133 1489 1321 1529 veram
1354 1488 1498 1539 esse,
1532 1472 1763 1527 alteram
1788 1469 1974 1526 falsam
1996 1470 2027 1526 τ.

439 1575 657 1632 Falsum
684 1573 849 1643 igitur
869 1570 998 1634 erit,
1018 1567 1235 1638 quoties
1253 1566 1299 1620 si
1319 1564 1617 1621 indicativo
1641 1564 2017 1633 coniungitur,

428 1681 559 1723 esse
610 1659 1244 1735 approbativam-Quod
1302 1672 1432 1713 vero
1489 1657 1833 1721 adversarii,
1868 1655 2021 1709 velut

2117 452 2529 527 Hieronymum;
2554 455 2920 526 Augustinum
2948 465 3285 527 crateresque
3308 463 3366 509 et
3400 458 3612 509 veteres
3640 463 3695 509 et

2114 563 2289 605 novos
2333 547 2589 606 doctores
2650 549 3003 621 Opponimus,
3042 549 3134 618 qui
3181 563 3307 604 cum
3370 564 3479 605 non
3532 547 3695 603 modo

2115 639 2392 705 catholici,
2427 655 2619 696 verum
2670 640 2836 695 etiam
2894 639 3245 695 sanctissimi
3286 639 3491 695 fuerint
3532 650 3696 712 atque

2114 729 2444 797 habeantur,
2502 730 2670 786 multa
2721 740 2900 786 tamen
2936 739 2992 785 et
3032 730 3087 785 in
3140 730 3313 785 Veteri
3349 746 3416 786 ex
3445 730 3695 798 Hebraeo,

2114 831 2171 876 et
2204 822 2258 876 in
2286 822 2439 877 Novo
2469 821 2821 879 Testamento
2848 839 2915 878 ex
2944 822 3132 879 Graeco
3171 821 3321 878 fonte
3349 821 3555 891 edocti,
3582 840 3699 879 mu-

2117 924 2253 982 tare,
2293 913 2537 979 demere,
2564 913 2791 982 addere,
2844 914 3145 986 corrigere,
3181 912 3503 983 emendare,
3553 931 3701 971 rese-

2117 1023 2264 1074 care,
2294 1008 2615 1075 reformare,
2639 1017 2716 1075 et,
2758 1018 2819 1063 ut
2842 1012 3034 1064 eorum
3056 1008 3241 1064 verbis
3266 1020 3410 1075 utar,
3436 998 3699 1066 readdere

2120 1118 2226 1178 non
2274 1101 2661 1167 erubuerunt,
2692 1100 3157 1172 quemadmodum
3218 1101 3276 1156 itt
3324 1101 3704 1173 superioribus

2118 1191 2253 1246 satis
2276 1208 2555 1263 superque
2579 1209 2609 1246 a
2641 1191 2805 1247 nobis
2851 1201 3134 1247 ostensum
3168 1201 3450 1262 putamus.
3477 1191 3699 1258 Verum,

2122 1295 2180 1341 ut
2210 1285 2503 1357 aliquando
2533 1286 2753 1340 dicendi
2781 1286 2941 1341 tinem
2975 1284 3264 1351 faciamus,
3288 1278 3703 1357 dissolutisiam

2122 1390 2285 1448 atque
2315 1378 2562 1435 rescissis
2587 1376 3034 1434 adversariorum
3072 1380 3439 1450 argumentis,
3467 1369 3703 1435 dicimus

2121 1473 2485 1543 ingenueque
2514 1479 2820 1539 testamur,
2850 1472 3016 1528 licere
3067 1470 3265 1535 cuivis,
3318 1480 3431 1526 tum
3474 1472 3704 1528 veritate

2122 1556 2229 1629 rei,
2262 1575 2379 1620 tum
2404 1564 2609 1620 Graecas
2635 1571 2802 1635 atque
2829 1564 3117 1637 originalis
3152 1564 3356 1635 lingua:
3407 1565 3705 1620 concordia

2124 1646 2289 1724 freto,
2319 1657 2529 1728 abSque
2571 1656 2683 1713 ullo
2717 1667 2868 1712 metu
2892 1658 3151 1728 aliquove
3178 1657 3396 1729 iniustae
3422 1658 3709 1715 calumniis

442 1762 620 1817 tacita:
644 1721 948 1829 hhiectioni
983 1754 1402 1827 respondentes,
1425 1768 1536 1806 non
1570 1754 1676 1805 vim
1722 1721 2097 1823 verborumB
2125 1748 2393 1820 periculo,
2425 1765 2549 1803 cum
2580 1757 2777 1804 sancto
2798 1746 3151 1819 Evangelista
3175 1748 3492 1821 Graecisque
3522 1750 3710 1807 docto.

443 1864 499 1907 et
530 1865 754 1907 sensum
782 1846 1111 1903 intellexisse
1138 1844 1454 1906 Dominum,
1483 1841 1579 1897 sed
1613 1856 1814 1912 negare
1842 1834 2035 1895 Etana

443 1943 713 2010 gelistam,
730 1940 902 2004 aiunt,
924 1938 1076 1991 illum
1106 1935 1484 2006 hujuscemodi
1511 1934 1678 1990 verba
1704 1933 2024 2004 protulisse,

448 2039 631 2106 inepta
656 2048 789 2089 sane
809 2041 863 2089 ct
887 2030 1116 2103 puerilis
1159 2028 1521 2101 Evangelistac
1556 2028 1827 2083 sententia
1858 2025 2022 2090 foret,

446 2129 496 2184 si
522 2129 701 2183 sciens
720 2123 1008 2179 Dominum
1028 2122 1168 2177 velle
1188 2136 1245 2176 se
1265 2122 1318 2176 in
1342 2121 1445 2176 hac
1463 2120 1571 2174 vita
1602 2134 1821 2174 manere
1854 2121 2029 2176 donec

450 2220 685 2283 veniret,
714 2213 1131 2285 condiscipulos
1155 2212 1325 2268 veluti
1350 2211 1484 2267 falsa
1524 2212 1816 2282 opinantes
1844 2210 2031 2265 redar.

450 2322 663 2385 gueret,
718 2310 881 2380 idque
928 2308 1193 2391 duntasai
1245 2304 1553 2375 prolatione
1583 2304 1917 2370 verborum;
1971 2305 2027 2358 in

450 2423 567 2480 quo
617 2405 694 2459 illi
742 2402 963 2474 quidem
1015 2399 1246 2455 mirifice
1293 2398 1475 2454 forent
1515 2397 1812 2463 laudandi,
1858 2398 2030 2452 nimio

450 2497 705 2554 acumine
744 2494 945 2567 ingenii
995 2508 1063 2548 ex
1118 2491 1378 2563 ambiguo
1412 2504 1670 2545 sermone
1700 2504 1884 2543 veram
1929 2488 2031 2544 eli-

450 2588 661 2647 cientes
689 2587 1043 2642 sententiam.
1068 2583 1217 2650 Quos
1237 2593 1427 2638 contra
1446 2579 1872 2652 Cbrysostomus
1884 2579 2033 2635 falsa:

451 2680 525 2736 de
571 2696 629 2735 se
675 2678 954 2749 opinionis
993 2675 1160 2732 refert
1203 2674 1273 2730 ab
1300 2673 1644 2745 Evangelista
1695 2672 2035 2727 fuisseicor-

455 2784 673 2845 ruptos;
700 2772 844 2843 quod
879 2771 1058 2827 exteri
1086 2755 1327 2842 quoque,
1355 2769 1449 2839 qui
1480 2783 1608 2824 eum
1640 2766 2033 2821 vitafunctum

456 2876 672 2940 putant,
708 2862 1092 2936 proculdubio
1124 2862 1392 2917 dicerent.
1429 2859 1617 2915 Dicere
1645 2867 2037 2929 praeterea-per

455 2977 521 3017 ea
552 2962 739 3026 verba,
765 2956 853 3013 Sic
882 2973 1002 3010 eum
1043 2954 1163 3011 volo
1198 2970 1435 3019 manere,
1482 2953 1722 3010 voluisse
1751 2950 2035 3008 Christum

459 3056 532 3110 ita
567 3067 789 3109 manere
834 3052 1122 3116 Jonnnem,
1153 3049 1249 3105 sed
1282 3046 1501 3103 l’etrum
1534 3044 1886 3117 redarguere,
1926 3043 2033 3099 mi-

458 3148 608 3202 nime
633 3146 701 3201 ad
748 3158 811 3200 se
840 3142 1169 3215 pertinentia
1210 3148 1570 3211 quaerentem,
1604 3136 1801 3209 puerili
1851 3138 2033 3207 potius

456 3237 796 3311 contentioni
844 3235 930 3293 vel
970 3234 1206 3306 argutuli
1252 3232 1512 3301 sophista.
1565 3229 1817 3294 fallaciis,
1870 3246 2032 3301 quam

460 3330 676 3387 Domini
713 3332 885 3385 nostri
926 3326 1054 3385 Jesu
1104 3325 1316 3382 Christi
1359 3322 1614 3395 gravitati
1651 3332 1705 3378 et
1755 3322 2036 3393 sapientia:

456 3423 742 3481 convenit.
773 3420 882 3477 Sed
912 3429 1032 3475 esto
1069 3433 1201 3475 sane
1238 3426 1298 3471 ut
1326 3416 1568 3484 dicitur;
1596 3429 1779 3469 nonne
1810 3415 1914 3469 hoc
1945 3430 2037 3467 su-

461 3517 773 3591 perioribus
807 3514 967 3569 dictis
1000 3510 1325 3581 repugnat?‘
1360 3508 1574 3564 Etenim
1609 3508 1656 3562 si
1687 3507 1854 3563 verba
1890 3505 2035 3560 dun-

464 3620 611 3667 taxat
650 3608 987 3679 Evangelista
1046 3613 1247 3675 negat,
1302 3612 1363 3656 ut
1392 3602 1597 3657 dictum
1645 3609 1753 3667 est,
1809 3614 2036 3656 sensum

464 3706 632 3778 igitur
668 3702 925 3759 concedit
949 3718 965 3768 ;
994 3701 1127 3753 dixit
1175 3714 1307 3769 ergo
1335 3712 1464 3752 eum
1493 3695 1748 3753 Christus
1773 3711 1884 3753 non
1918 3710 2039 3751 mo-

462 3799 738 3863 riturum;
775 3794 922 3866 quod
969 3795 1015 3848 si
1054 3797 1124 3849 ita
1154 3803 1262 3857 est,
1304 3790 1583 3863 quomodo
1613 3791 1873 3845 hascduo
1908 3804 2041 3845 con-

460 3892 721 3957 Stabunt,
779 3888 924 3961 quod
972 3897 1025 3942 et
1092 3902 1221 3942 eum
1285 3902 1395 3941 non
1452 3885 2040 3941 moriturumdixerit

460 3984 742 4046 Christus,
772 3990 827 4035 et
854 3980 1003 4051 quod
1034 3996 1142 4034 non
1167 3978 1289 4034 ideo
1323 3976 1544 4046 dixerit,
1577 3980 1725 4048 quod
1750 3979 1823 4032 ita
1852 3979 2036 4043 vellet,

463 4070 561 4126 sed
611 4080 670 4125 ut
734 4070 956 4125 Petrum
1012 4068 1366 4148 redargueret
1413 4082 1616 4123 arcana
1654 4069 2040 4138 querentem?

467 4164 729 4233 Demum,
781 4164 906 4233 quis
936 4177 1047 4217 non
1080 4162 1259 4216 videat
1296 4172 1554 4231 quartum
1594 4162 2037 4217 adversariorum

461 4269 849 4330 argumentum
900 4256 1031 4311 huic
1064 4255 1327 4310 solutioni
1372 4256 1717 4311 contrarium
1755 4256 1921 4312 esse?
1951 4258 2039 4312 Si-

458 4350 688 4424 quidem
721 4349 834 4405 illic
876 4349 1071 4405 dicunt
1098 4346 1292 4419 procul
1336 4348 1510 4404 dubio
1539 4346 1807 4405 Joannem
1857 4350 2040 4407 adhuc

2060 3097 2109 3162 C

2126 1842 2299 1907 ribus,
2340 1841 2401 1897 Si
2453 1858 2572 1895 eum
2617 1842 2734 1896 volo
2776 1856 2991 1894 manere
3042 1840 3223 1893 donec
3254 1842 3459 1896 veniam
3486 1882 3501 1909 ,
3530 1843 3709 1915 legere

2125 1942 2291 2005 atque
2352 1935 2631 2003 proferre,
2692 1922 3059 1989 muliebribus
3116 1932 3281 1990 minis
3340 1941 3397 1988 et
3444 1934 3711 1990 vanorum

2128 2026 2413 2082 hominum
2440 2025 2639 2099 iurgiis
2673 2025 3006 2096 contemptis
3035 2038 3099 2081 ae
3143 2040 3244 2096 pro
3271 2026 3446 2082 nihilo
3486 2027 3710 2085 habitis.

2130 2120 2283 2175 Licet
2336 2128 2516 2175 autem
2561 2120 2801 2173 inrcalce
2858 2118 3129 2174 orationis
3180 2119 3334 2189 quasi
3368 2120 3613 2193 signum,
3654 2132 3713 2178 ut

2131 2212 2313 2274 aiunt,
2344 2211 2663 2281 imprimere
2680 2213 2949 2277 sermoni,
2990 2219 3046 2266 et
3075 2211 3246 2266 veluti
3278 2212 3495 2284 asylum
3520 2223 3714 2269 contra

2131 2320 2324 2360 omnes
2380 2313 2763 2375 Oppugnantes
2805 2318 2908 2359 nos
2957 2303 3227 2373 recipere.
3254 2302 3350 2359 Eia
3381 2306 3548 2377 igitur
3603 2315 3711 2371 eat,

2134 2390 2633 2469 progrediaturque
2658 2398 2711 2450 in
2746 2394 2989 2450 medium
3016 2396 3272 2468 egregius
3302 2411 3587 2452 sacrarum
3626 2397 3713 2452 lit-

2134 2498 2373 2543 terarum
2427 2488 2721 2557 interpres,
2765 2486 3154 2559 integerrimus
3202 2487 3711 2562 vir‘llierouymus,

2133 2592 2187 2636 et
2208 2579 2367 2651 quasi
2388 2581 2639 2635 veritatis
2669 2572 2976 2652 aciustitiai
3009 2568 3407 2652 propugnator,
3433 2586 3710 2653 quomodo

2135 2675 2253 2748 ipse
2283 2675 2433 2730 hunc
2472 2676 2655 2731 locum
2686 2675 3057 2741 transtulerit,
3098 2674 3377 2732 ostendat.
3406 2675 3506 2733 Hic
3545 2680 3601 2734 in
3630 2696 3712 2745 ea,

2135 2768 2399 2839 quamad
2425 2767 2776 2824 Iovinianum
2809 2768 2871 2822 de
2898 2770 3472 2842 sirginitate‘scripsit,
3500 2772 3715 2843 elegan-

2137 2861 2345 2918 tissima
2377 2861 2647 2928 oratione,
2678 2875 2920 2925 rursum,
2956 2860 3157 2931 inquit,
3182 2861 3251 2917 de
3274 2863 3438 2919 Petro
3460 2863 3712 2936 loquens,

2139 2968 2264 3026 pOSt
2295 2954 2534 3012 auditam
2566 2955 2918 3019 sententiam,
2977 2955 3127 3025 quod
3166 2954 3245 3010 ab'
3263 2956 3372 3013 alio
3414 2935 3715 3031 cingendus

2140 3056 2306 3111 esset,
2338 3058 2394 3102 et
2420 3046 2705 3101 ducendus
2737 3063 2847 3117 quo
2890 3048 3080 3115 nollet,
3109 3052 3368 3107 etcrucis
3407 3052 3483 3107 illi
3522 3056 3715 3111 fuisset

2143 3136 2354 3211 passio“
2376 3138 2697 3211 prophetata
2716 3168 2733 3204 ν,
2788 3148 2842 3196 et
2890 3142 3225 3200 ille—diceret
3250 3159 3266 3202 :
3295 3143 3551 3214 Domine,
3580 3149 3709 3219 quid

2143 3234 2287 3289 iste?
2346 3233 2847 3290 nolens-Joannem
2884 3233 3183 3301 deserere,
3223 3250 3347 3291 cum
3396 3253 3508 3309 quo
3536 3241 3714 3294 fuerat

2139 3343 2355 3397 semper
2379 3328 2686 3395 copulatus,
2715 3325 2848 3383 dicit
2881 3328 2931 3383 ei
2975 3327 3279 3397 Dominus:
3308 3328 3448 3396 Quid
3474 3333 3546 3385 ad
3576 3342 3643 3395 te,
3672 3334 3716 3387 si

2138 3435 2253 3473 eum
2278 3418 2397 3474 volo
2434 3422 2509 3475 sic
2541 3436 2650 3474 esse
2674 3421 2700 3474 ?
2734 3420 2871 3487 Quis
2918 3420 3155 3492 amplius
3180 3421 3317 3478 alios
3350 3418 3517 3480 testes
3543 3426 3716 3482 citat?

2139 3512 2263 3581 quis
2303 3510 2451 3565 aliud
2501 3511 2779 3567 desiderat
2815 3512 3239 3569 testimonium?
3273 3528 3397 3568 cum
3449 3516 3715 3591 Hierony-

2141 3618 2290 3658 mum
2320 3604 2393 3658 ita
2428 3603 2716 3659 audiamus
2762 3603 3065 3671 dicentem,
3098 3604 3160 3661 Si
3191 3607 3331 3661 enim
3356 3608 3472 3663 voto
3504 3611 3583 3667 sic
3606 3628 3716 3667 ma-

2139 3712 2283 3755 nere.
2315 3696 2456 3764 Quid
2496 3696 2643 3750 enim
2692 3695 2841 3751 aliud
2894 3705 2978 3753 est
3016 3697 3099 3754 sic
3144 3713 3287 3767 esse,
3315 3702 3423 3757 nisi
3454 3708 3719 3762 manere?

2138 3790 2275 3847 Nam
2299 3792 2373 3844 ita
2406 3789 2609 3853 dicere,
2642 3788 2729 3843 Sic
2759 3805 2876 3843 eum
2910 3790 3050 3858 uolo,
3083 3791 3159 3845 sic
3188 3808 3321 3862 esse,
3357 3810 3523 3852 nemo
3550 3798 3718 3855 aude-

2141 3892 2246 3947 ret,
2286 3883 2383 3937 nisi
2430 3882 2718 3939 barharus.
2758 3881 3102 3939 Manifesmm
3135 3894 3222 3939 est
3259 3887 3448 3955 igitur,
3496 3901 3553 3946 et
3578 3895 3718 3951 anti-

2141 3979 2365 4046 quiores
2418 3976 2752 4045 Hieronymo
2812 3975 3175 4047 interpretes,
3233 3978 3329 4051 qui
3382 3984 3487 4037 sic‘
3524 4000 3622 4053 pro
3673 3990 3718 4044 si

2140 4069 2503 4139 scripserunt,
2536 4068 2643 4124 nisi
2662 4068 3013 4125 librariorum
3034 4071 3227 4127 menda
3257 4073 3453 4145 fuerit;
3479 4092 3714 4151 errasse,

2143 4178 2269 4225 eum
2301 4160 2842 4234 llieronyxnusipse,
2876 4166 2924 4219 si
2968 4165 3106 4233 volo,
3138 4165 3366 4238 dixerit,
3397 4182 3469 4227 et.
3495 4179 3599 4231 eos
3623 4178 3737 4247 qui

2142 4256 2537 4329 Hieronymum
2596 4266 2746 4313 sunt.
2774 4258 2983 4325 secuti,
3022 4260 3415 4330 pristino'usu
3473 4270 3720 4340 corrupti

2144 4350 2418 4404 sermonis
2443 4350 2795 4421 praevalente,
2825 4352 2909 4406 vel
2927 4353 3311 4423 imperitorum
3334 4369 3719 4437 prasumptio-

463 4458 525 4500 se
549 4456 794 4513 manere,
828 4441 917 4498 hic
947 4457 1100 4509 vero,
1125 4434 1236 4497 non
1263 4442 1385 4498 ideo
1411 4442 1491 4498 sic
1516 4442 1721 4497 dixisse
1746 4444 2037 4499 Dominum
2070 4454 2120 4513 υ
2145 4456 2239 4508 ne,
2278 4442 2361 4496 vel
2392 4442 2609 4497 incuria
2633 4440 3009 4513 librariorum,
3045 4460 3147 4518 pro
3189 4450 3237 4504 si
3273 4434 3718 4530 ﬂieronymiano,

463 4537 611 4609 quod
662 4536 753 4603 ita,
789 4536 975 4601 vellet,
1006 4534 1108 4592 sed
1147 4543 1210 4589 ut
1258 4535 1479 4590 Petrum
1534 4535 1866 4605 increparet.
1900 4535 2038 4589 Nam

464 4628 611 4700 quod
667 4638 943 4699 postremo
993 4627 1230 4693 addunt,
1284 4626 1629 4683 moriendum
1681 4629 1866 4699 potius
1917 4643 2042 4685 esse

463 4738 627 4795 quam
655 4723 957 4794 quidquam
986 4721 1053 4777 de
1073 4736 1228 4776 sacra
1245 4718 1527 4791 Scriptura
1549 4723 2040 4789 commutandum;

465 4833 644 4887 neque
688 4831 850 4887 posse
884 4830 1007 4871 esse
1039 4814 1393 4882 catholicum,
1430 4817 1527 4885 qui
1571 4818 1719 4871 hunc
1759 4817 2039 4887 Evangelii

463 4912 643 4964 locum
677 4920 1019 4964 commutare
1049 4906 1479 4979 praesumpserit,
1513 4906 1834 4979 adduntque
1878 4924 2035 4974 eum,

466 5004 559 5074 qui
592 5004 698 5057 hoc
722 5016 892 5059 ausus
913 5002 1103 5069 fuerit,
1136 5002 1303 5057 etiam
1335 5004 1521 5073 peiora
1549 5000 1852 5069 facturum,
1890 5004 1938 5058 si
1988 5003 2038 5060 ci

461 5096 763 5152 auctoritas
791 5105 847 5151 et
882 5097 1027 5151 vires
1074 5097 1425 5159 accesserint,
1450 5094 1555 5151 etsi
1586 5095 1715 5151 talia
1770 5096 1897 5150 sint.
1918 5112 2040 5167 qua:

467 5204 568 5246 nos
600 5187 668 5243 ad
715 5189 891 5243 risum
940 5188 1125 5258 potius
1180 5198 1456 5253 moveant,
1497 5202 1659 5260 quam
1693 5188 1760 5244 ad
1812 5204 2042 5261 respon-

466 5284 633 5341 dendi
691 5282 936 5339 laborem
1006 5282 1421 5353 suscipiendum
1450 5323 1465 5352 ,
1534 5282 1716 5340 tamen
1767 5297 1836 5339 ne
1902 5284 2063 5340 hanc.

2144 4535 2223 4591 sic
2272 4536 2408 4591 illud
2458 4535 2756 4606 pristinum
2810 4538 3148 4597 continuatis
3184 4546 3716 4617 temporibus-con-

2147 4626 2456 4697 scripsisse.
2489 4627 2594 4683 Sed
2654 4645 2757 4685 nos
2811 4631 3035 4690 quidem
3063 4649 3189 4690 cum
3220 4637 3717 4712 Hieronymomum

2147 4722 2461 4777 sinceritate
2491 4720 2690 4777 Graecas
2736 4729 3056 4793 scripturas,
3106 4743 3232 4782 cum
3261 4727 3469 4787 Graecis
3527 4734 3721 4791 docto-

2150 4815 2321 4883 ribus,
2360 4824 2419 4869 ut
2456 4815 2536 4869 fas
2567 4826 2669 4875 est.
2721 4819 3044 4884 sentientes,
3077 4816 3138 4874 Si
3167 4820 3300 4875 eum
3326 4821 3445 4877 volo
3486 4840 3720 4892 manere,

2144 4912 2410 4980 legamus,
2450 4909 2527 4963 ad
2562 4909 2797 4980 gloriam
2832 4912 2954 4979 eius
2996 4911 3090 4982 qui
3137 4928 3257 4985 per.
3283 4916 3717 4973 sacratissimum

2146 4994 2504 5072 Lvangelistte
2528 5002 2756 5058 Joannis
2782 5017 2845 5058 os
2872 5002 3062 5060 Graeco
3104 5018 3363 5064 sermone
3404 5009 3714 5077 scribentis,

2148 5096 2264 5150 hinc
2307 5096 2540 5165 loquens
2580 5094 2787 5165 absque
2820 5098 2931 5151 ulla
2965 5113 3189 5169 prorsus
3216 5100 3575 5173 ambiguitate
3602 5119 3718 5158 ver-

2146 5191 2363 5257 horum,
2386 5186 2443 5245 Si
2479 5206 2618 5257 eum,
2658 5190 2857 5261 inquit,
2893 5189 3008 5246 uolo
3038 5209 3252 5249 manere
3286 5194 3453 5251 donec
3489 5198 3709 5265 renisus,

2144 5282 2270 5353 quid
2295 5284 2367 5336 ad
2402 5278 2451 5337 té
2471 5284 2497 5337 2
2535 5281 2630 5353 Tu,
2660 5299 2875 5355 sequere
2915 5300 3016 5340 me.
