4064 6148
1341 261 1780 327 ORATlONES
1837 262 2138 327 CONTRA
2193 265 2518 327 ΤΗΝ]Αᾶ
3474 262 3583 329 649.

2663 418 3342 432 ᾙνροια-σκ---ε--α-αι-
3362 426 3371 429 μ
3395 418 3503 430 α*

2845 433 3559 454 m—M

683 525 1844 773 CARDINALIS
1904 603 3213 769 ‘BESSARIONIS

1500 872 1605 934 AD
1646 869 2062 934 PRINCIPES
2106 871 2324 931 lTALI
2340 871 2409 932 [Ε

906 1003 1016 1064 ΒΕ
1058 999 1727 1064 CHRISTIANORUM
1764 1000 2027 1065 CLADE
2058 998 2140 1063 IN
2180 999 2591 1063 CHALCIDE
2638 997 2979 1077 EUBCEAE,
3040 1006 3047 1017 '

650 1131 755 1195 DE
797 1131 1207 1197 PERICULIS
1247 1132 1551 1195 ITALUE
1602 1132 2198 1198 IMMINENTIBUS
2228 1133 2724 1197 EXPUGNATO
2758 1130 3230 1209 HYDRUNTO,
3272 1202 3275 1205 λ

1424 1258 1530 1321 DE
1559 1258 1959 1322 SEDANDIS
2004 1258 2459 1321 DISCORDIIS

1203 1385 1307 1448 ΕΤ
1338 1383 1888 1449 DECERNENDO
1923 1385 2185 1449 BELLO
2232 1385 2309 1450 IN
2361 1385 2696 1458 TURCAS,

1604 1528 2305 1622 ORATIONES

952 1687 1190 1761 Quibus
1230 1686 1561 1767 subjicitur
1599 1685 1928 1769 persuasio
1974 1700 2052 1747 ex
2085 1683 2529 1747 Demosthenis
2582 1680 2981 1762 Olynthium.

320 417 2661 463 Μ

1900 1837 1972 1849 *-

383 1980 614 2042 Notatu
638 1974 721 2059 (1)
751 1984 812 2040 et
839 1977 1004 2040 lectu
1029 1976 1418 2056 dignissimas
1440 1982 1586 2039 sunt
1610 1972 1896 2053 epistolas
1913 1972 2081 2045 dote,
2106 1988 2249 2050 quae
2267 1972 2673 2036 Orationibus
2702 1971 3048 2049 praemissa;
3072 1971 3369 2051 leguntur
3391 1970 3454 2035 in
3473 1987 3599 2034 (ιο-ε

305 2076 445 2139 dice
480 2077 687 2155 Regio
732 2076 1113 2137 Taurinensi
1153 2092 1329 2138 num.
1375 2073 1553 2150 1165,
1598 2072 1956 2134 membran.
1995 2087 2143 2133 saec.
2187 2088 2301 2134 xv.
2344 2073 2495 2133 Cum
2540 2074 2707 2134 enim
2760 2073 3054 2137 Bessario
3113 2072 3435 2135 orationes
3476 2069 3589 2133 has

302 2174 526 2237 Latine
555 2193 591 2237 a
618 2191 686 2237 se
716 2172 1415 2254 compositasmisisset
1453 2171 1529 2234 ad
1591 2169 2005 2233 Guilielmum
2054 2166 2402 2243 Fichetum,
2444 2169 2831 2245 Sabaudum,
2881 2176 3192 2234 rectorem
3249 2169 3585 2232 Universi-

301 2272 447 2335 tatis
489 2266 887 2344 Parisiensis,
922 2287 1122 2333 sacras
1158 2269 1503 2349 theologica
1532 2268 1888 2339 doctorem,
1922 2282 1995 2329 ac
2024 2267 2247 2341 virum,
2280 2274 2351 2330 ut
2393 2268 2584 2331 habet
2628 2271 2961 2333 Rossottus
2997 2270 3062 2332 in
3106 2266 3359 2349 Syllaba
3398 2269 3583 2332 Scri-

299 2383 561 2455 ptorum
597 2371 1065 2436 Sabaudorum.
1100 2387 1245 2452 pag.
1294 2368 1435 2445 250,
1470 2386 1769 2449 magnum
1806 2366 2121 2441 doctrina,
2158 2368 2515 2430 eruditione
2565 2378 2624 2430 et
2668 2368 3041 2450 prudentia;
3080 2376 3146 2431 ut
3180 2383 3280 2432 res
3310 2368 3388 2430 iis
3426 2383 3589 2431 con~

302 2475 514 2532 tentas
539 2468 882 2532 Galliarum
912 2467 1045 2547 regi
1069 2469 1342 2549 aliisque
1373 2466 1774 2549 principibus
1798 2462 2168 2543 explicaret,
2195 2482 2302 2528 eas
2329 2466 2653 2541 Fichetus,
2680 2467 2747 2527 in
2781 2466 2901 2529 hoc
2926 2468 3225 2529 volumen
3252 2465 3583 2535 collectas,

304 2564 539 2629 obtulit
572 2565 907 2628 Sabaudia:
938 2565 1238 2636 Ducibus,
1272 2564 1513 2647 scripta
1549 2564 1628 2627 ad
1662 2562 1925 2628 eosdem
1960 2560 2256 2641 epistola,
2295 2580 2424 2643 qna
2460 2579 2570 2625 eos
2607 2562 2918 2639 hortatur,
2952 2570 3021 2625 ut
3056 2563 3293 2627 bellum
3342 2560 3590 2625 fortiter

302 2671 668 2743 capessant,
722 2672 914 2745 atque
971 2663 1122 2727 aviti
1170 2662 1534 2745 splendoris
1563 2679 1884 2726 memores
1920 2676 2040 2741 pro
2078 2660 2389 2740 religione
2440 2670 2637 2742 atque
2691 2662 2886 2724 ltalite
2939 2664 3139 2727 salute
3186 2660 3592 2725 defendenda

303 2760 469 2824 vires
509 2779 653 2824 suas
685 2779 1079 2844 operamque
1112 2768 1436 2845 prtestent.
1476 2765 1668 2826 Porro
1701 2764 1914 2825 autem
1953 2760 2355 2823 Bessarionis
2387 2760 2657 2841 epistola
2690 2770 2780 2823 est
2806 2759 3181 2842 hujusmodi
3217 2781 3236 2825 :

372 2890 982 2981 Besstnto,episcopus
1010 2908 1355 2977 Sabinensis,
1392 2910 1693 2965 cardinalis
1721 2909 1901 2966 Nicae-
1927 2916 1975 2978 Α
2006 2905 2274 2962 orationis
2332 2905 2441 2960 vim
2501 2919 2566 2960 ac
2604 2903 2977 2973 przcstantiam
3035 2903 3385 2971 desideratis,
3424 2923 3586 2977 quam

302 3018 432 3068 nus,
470 3003 783 3073 patriarcha
817 3000 1485 3072 Constantinopolitanae,
1512 3000 1818 3057 reverendo
1842 3010 1899 3057 et
2006 3010 2067 3058 ut
2106 3000 2424 3071 intelligatis
2467 3008 2675 3070 quanta
2728 2998 2995 3055 malorum
3044 2999 3285 3070 procella
3331 3001 3384 3056 in
3429 3000 3591 3056 Chri-

302 3094 629 3151 doctissimo
670 3096 817 3166 patri
865 3098 1129 3168 magistro
1169 3094 1480 3151 Guillermo
1511 3095 1774 3162 Frcumo,
1809 3108 1899 3150 sa-

300 3204 411 3245 cra:
442 3189 738 3262 theologia.-
766 3188 1069 3261 professori
1097 3190 1152 3245 in
1187 3189 1420 3261 collegio
1449 3186 1715 3258 Sorbonm
1746 3188 1900 3243 Pari-

300 3283 391 3347 sii.
425 3281 611 3339 amico
641 3292 833 3339 nostro
856 3283 1209 3339 charissima.
1598 3304 1604 3308 ν

375 3378 703 3436 Rererende
753 3388 812 3435 et
857 3377 1182 3434 doctissime
1232 3377 1419 3445 Pater,
1472 3376 1650 3434 amice
1707 3384 1897 3433 uoster

301 3469 657 3541 cbarissime,
685 3468 946 3526 audimus
974 3483 1084 3523 non
1130 3467 1311 3525 solum
1360 3470 1414 3524 in
1460 3470 1811 3541 philosophia
1840 3480 1896 3526 et

302 3576 592 3619 sacrarum
629 3560 945 3617 litterarum
976 3564 1296 3635 cognitione
1330 3582 1429 3621 vos
1449 3566 1759 3627 elaborare,
1797 3560 1895 3617 sed

299 3656 472 3713 etiam
516 3656 572 3711 in
606 3656 943 3727 eloquentia:
973 3658 1175 3713 studiis
1200 3660 1533 3731 dicendique
1563 3661 1777 3716 ratione
1802 3660 1892 3715 diu

303 3761 585 3813 versatos,
614 3764 791 3819 eaque
825 3749 1063 3807 mirifice
1095 3752 1415 3808 delectatos.
1450 3754 1573 3819 Quo
1605 3754 1659 3807 in
1691 3768 1895 3825 genere

301 3843 406 3900 etsi
438 3842 577 3898 nihil
618 3844 890 3898 habemus
913 3843 1061 3908 quod
1096 3858 1431 3915 magnopere
1462 3858 1667 3914 cupere
1691 3842 1895 3897 debea-

306 3936 398 4004 tis,
456 3945 641 3993 tatnen
695 3936 917 3992 mittere
960 3937 1263 3992 statuimus
1301 3938 1584 4009 orationes
1628 3936 1892 4007 quasdam

302 4028 411 4085 hoc
446 4037 699 4100 tempore
750 4042 780 4081 a
827 4024 990 4082 nobis
1039 4026 1221 4082 editas
1249 4044 1349 4097 pro
1378 4026 1725 4099 gravissimis
1749 4026 1898 4100 peri-

304 4121 446 4177 culis
471 4136 596 4191 qua:
617 4119 787 4176 Italiae
804 4117 1244 4190 Christianisque
1271 4118 1533 4175 onmibus
1556 4120 1850 4175 imminent
1875 4135 1890 4175 :

303 4228 417 4271 non
453 4212 632 4284 magis
670 4210 895 4284 quidem
930 4221 991 4268 ut
1045 4210 1129 4267 vel
1170 4211 1445 4268 sermonis
1479 4211 1773 4282 puritatem
1807 4212 1892 4267 vel

2003 3096 2195 3151 stiame
2256 3094 2575 3167 reipublica:
2626 3095 2806 3165 capita
2860 3103 2915 3150 et
2972 3093 3226 3151 fortunas
3286 3095 3588 3167 impendet,

2002 3202 2233 3259 remque
2288 3198 2343 3242 ct
2401 3186 2548 3258 apud
2610 3186 3030 3243 serenissimum
3091 3202 3275 3260 regem
3337 3198 3394 3244 et
3438 3190 3591 3261 apud

2000 3282 2139 3337 alios
2175 3282 2269 3351 qui
2303 3296 2466 3352 opem
2518 3282 2593 3335 ita
2644 3279 2880 3336 maxime
2931 3280 3077 3337 ferre
3107 3282 3331 3345 debent.
3373 3294 3431 3338 ut
3465 3300 3596 3359 pos-

2000 3384 2164 3443 sunt,
2240 3373 2532 3446 explieetis
2593 3383 2765 3430 totam
2826 3390 2891 3430 ac
2942 3376 3323 3446 persuadentis
3372 3398 3386 3433 :
3441 3380 3590 3451 quod

2000 3468 2182 3539 potius
2219 3468 2483 3524 acerbum
2511 3475 2618 3536 est,
2639 3482 2803 3539 quam
2830 3467 3147 3537 obscurum,
3186 3479 3310 3526 'non
3356 3486 3590 3527 exarsu-

2004 3576 2122 3615 ram
2155 3561 2363 3616 Italiam
2407 3561 2574 3617 tantis
2620 3562 2890 3616 malorum
2929 3561 3225 3624 incendiis.
3257 3564 3390 3635 quin
3430 3566 3591 3621 flam—

2001 3670 2215 3709 marum
2267 3654 2460 3726 globos
2521 3657 2743 3727 longius
2791 3668 3035 3713 evomat.
3098 3656 3154 3713 ld
3210 3674 3281 3714 ne
3351 3662 3591 3733 accida',

1999 3761 2125 3802 cum
2190 3762 2489 3820 regnorum
2556 3750 2805 3806 omnium
2873 3766 3038 3807 causa
3104 3760 3295 3823 optare
3361 3753 3589 3823 debent,

1997 3854 2232 3909 quorum
2260 3840 2407 3895 salus
2438 3840 2492 3895 in
2527 3840 2825 3897 discrimen
2854 3842 3169 3911 adducitur,
3210 3854 3326 3899 tum
3359 3856 3592 3919 prepter

1997 3932 2365 3988 immortalem
2402 3934 2573 3991 Deum
2608 3936 2766 4007 cujus
2810 3936 3003 4007 religio
3032 3939 3385 3996 sanctissima
3424 3957 3589 3998 vexa-

2000 4035 2089 4082 tur
2117 4042 2183 4084 ac
2211 4028 2453 4084 trahitur
2479 4031 2545 4085 ad
2574 4030 2881 4102 interitum,
2918 4048 3111 4106 magna
3139 4034 3589 4095 Christianorum

1996 4121 2245 4177 omnium
2280 4123 2461 4182 clade.
2492 4122 2704 4183 Valete.

2067 4212 2148 4269 Ex
2181 4211 2331 4273 Urbe
2356 4216 2447 4274 die
2470 4217 2685 4275 decima
2716 4220 2873 4276 tertia
2904 4221 3228 4281 Decembris
3262 4225 3422 4284 1470.

324 4390 327 4393 .
383 4338 687 4421 Sequitur
724 4334 967 4401 Ficheti
1005 4335 1275 4417 epistola
1311 4336 1387 4398 ad
1418 4333 1752 4397 Sabaudiaa
1788 4333 1983 4398 duces
2017 4352 2062 4396 ελ

373 4460 776 4521 Illustrissimis
804 4458 1155 4530 principibus
1181 4459 1405 4514 Ausone
1436 4456 1738 4513 Sabaudia:
1762 4457 1890 4513 duci
1927 4462 1967 4522 Β
1996 4456 2154 4533 cipes
2186 4461 2325 4519 alios
2371 4465 2701 4523 Christiana:
2742 4466 3125 4526 defensionem
3166 4471 3450 4545 religionis
3490 4478 3587 4535 ad.

299 4562 536 4634 ejusque
572 4556 857 4621 fratribus,
897 4552 1238 4609 Guillermus
1280 4552 1573 4619 Ficuerus,
1618 4549 1900 4608 Parisien-

302 4656 380 4709 sis
403 4651 693 4720 theologus
720 4653 936 4715 doctor,
966 4646 1145 4716 patria
1170 4659 1299 4701 vero
1321 4645 1633 4711 Sabaudus,
1656 4644 1893 4700 salutem

302 4747 599 4818 plurimam
629 4740 869 4813 plurimo
901 4752 1026 4796 cum
1068 4738 1281 4794 honore
1316 4739 1506 4793 mittit.

372 4837 432 4895 Si
474 4834 816 4894 serenissiml
860 4833 1142 4904 principes
1182 4843 1383 4888 vestrae
1423 4831 1757 4889 desideratis
1790 4848 1891 4888 ex-

300 4935 463 4990 celsas
501 4929 723 4987 familiae
752 4943 955 4984 nomen
989 4926 1043 4982 in
1075 4926 1195 4983 dies
1221 4927 1391 4982 altius
1432 4928 1723 4995 extollere,
1762 4944 1892 4998 pro-

302 5027 450 5082 fecto
492 5035 733 5079 vestram
763 5020 1204 5091 Christianisque
1267 5020 1589 5091 reipublicae
1644 5037 1893 5090 causam,

292 5134 470 5191 quam
497 5118 662 5189 hujus
689 5115 941 5187 opusculi
963 5115 1295 5172 suavissima
1324 5116 1490 5171 lectio
1523 5132 1619 5171 vos
1642 5116 1891 5178 docebit.

304 5214 516 5268 alacres
541 5196 906 5282 accingemini
931 5222 1269 5280 cognoscere
1298 5208 1691 5279 cognitamque
1723 5214 1890 5267 tueri.

301 5305 575 5372 Bessario,
606 5302 931 5359 Sabinensis
954 5301 1271 5373 cpiscopus,
1304 5299 1878 5373 Constantinopolita-

301 5413 408 5455 nus
440 5396 774 5470 patriarcha,
819 5411 987 5466 quem
1036 5395 1199 5465 vulgo
1227 5395 1513 5452 Niczenum
1548 5396 1890 5453 cardinalcm

301 5494 607 5565 appellant,
642 5490 828 5564 operis
854 5491 962 5558 sui,
1000 5490 1148 5560 quod
1177 5490 1297 5560 ipse
1318 5506 1469 5545 nunc
1489 5490 1558 5545 ad
1581 5506 1679 5547 vos
1704 5491 1887 5558 mitto,

303 5585 439 5642 mihi
464 5587 578 5659 jam
624 5583 842 5658 pridem
872 5582 1156 5653 exemplar
1192 5582 1350 5638 reddi
1390 5582 1578 5654 jussit,
1612 5582 1888 5656 simulque

304 5677 570 5751 pmcepit
598 5663 657 5734 ut
683 5674 831 5749 apud
864 5674 1403 5732 Cbristianissimum
1439 5691 1622 5749 regem
1653 5686 1711 5735 et
1741 5677 1893 5750 prin-

375 5821 653 5889 (l)Pasiu'r,
681 5822 975 5875 Coddmm.
1008 5813 1214 5870 Taurus.
1248 5819 1372 5879 ιω..
1413 5820 1599 5886 p._29).

641 5914 917 5975 Parnm“
965 5914 1081 5975 Gn.
1136 5910 1357 5976 CLXI.

2001 4573 2195 4614 versus
2234 4559 2699 4616 humanissimum
2750 4560 2997 4617 Turcum
3040 4566 3357 4636 suaderem,
3390 4576 3585 4641 quem-

2002 4651 2299 4707 admodum
2331 4652 2481 4708 illius
2506 4654 2575 4708 ad
2612 4668 2699 4709 me
2722 4654 2922 4711 litteris
2951 4659 3318 4727 cognoscetis.
3348 4659 3586 4728 Interea,

1998 4746 2220 4802 tametsi
2264 4755 2479 4801 tantum
2517 4746 2667 4803 illius
2712 4748 2918 4805 fascem
2968 4751 3185 4805 humeri
3230 4752 3449 4823 fragiles
3481 4773 3587 4811 luet

1999 4838 2160 4895 initio
2195 4843 2546 4910 recusabant,
2579 4851 2763 4899 tamen
2794 4844 2926 4901 vicit
2955 4846 3010 4900 in
3042 4847 3236 4917 primis
3261 4848 3589 4905 Christiana:

2001 4933 2287 5006 religionis
2319 4952 2476 4991 amor
2500 4948 2553 4991 et
2583 4937 2847 5011 dignitas,
2877 4939 2931 4994 in
2962 4955 3069 5010 qua
3096 4958 3205 4996 non
3237 4950 3447 4998 tantum
3477 4946 3585 4999 ini-
3666 5004 3669 5005 ν

2002 5032 2173 5088 tiatus
2201 5047 2323 5088 sum
2360 5042 2418 5087 ut
2451 5019 2659 5103 caeteri,
2692 5050 2887 5093 verum
2932 5038 3072 5092 hanc
3101 5038 3267 5093 etiam
3310 5040 3365 5095 in
3396 5040 3590 5098 docto-

2002 5118 2133 5173 ralis
2175 5135 2313 5175 mea:
2362 5120 2728 5191 professionis
2774 5127 3124 5196 susreptione
3159 5130 3451 5186 docturum
3498 5150 3585 5189 me

2002 5209 2473 5280 defensurumque
2525 5221 2703 5267 morte
2746 5215 3058 5283 posnhahita
3120 5220 3409 5288 spepondi.
3448 5220 3587 5276 Vicit

2000 5306 2167 5361 etiam
2200 5307 2528 5377 gravissima
2562 5306 2910 5365 Bessarionis
2937 5312 3108 5380 patris
3142 5319 3465 5385 auctoritas,
3499 5336 3585 5375 Cut

2003 5416 2108 5471 pro
2134 5401 2401 5472 singulari
2434 5417 2534 5457 sua
2569 5403 2837 5474 dignitate
2876 5407 3337 5479 sanctissimeque
3370 5412 3589 5468 deside-

2000 5495 2085 5548 rio
2118 5493 2307 5549 defore
2358 5494 2574 5550 labores
2618 5512 2769 5552 meos
2813 5514 2920 5554 non
2968 5501 3164 5570 patiar,
3220 5506 3312 5557 sed
3369 5521 3435 5558 ne
3466 5510 3588 5562 vitm

1999 5585 2222 5656 quidem
2273 5586 2327 5640 in
2364 5596 2472 5641 tam
2499 5598 2814 5660 opportuno
2847 5595 3073 5665 negotio
3105 5595 3292 5653 subire
3318 5603 3588 5659 recusabo

2000 5680 2323 5738 discrimen.
2347 5680 2491 5738 Vicit
2516 5692 2782 5754 prmtcrea
2807 5700 2971 5755 quam
3000 5688 3126 5745 inde
3151 5689 3390 5746 futuram
3415 5695 3587 5751 multo

3032 5917 3104 5977 21
