4108 6142
333 262 441 328 M5

1374 252 1809 325 ORATIONES
1863 254 2171 323 CONTRA
2223 262 2544 329 TURCAS.

3506 271 3610 335 646

331 380 523 450 baudi,
558 381 759 439 vestris
792 381 866 440 ab
900 380 1024 440 istis
1056 381 1364 455 majoribus
1386 382 1543 453 epes,
1574 378 1911 443 libertatem,
1944 379 1991 438 Δ
2018 376 2375 440 Macedonico
2430 382 2655 455 quidem
2711 397 2884 455 pauco
2922 400 3201 459 parvaque
3239 403 3383 461 saepe
3418 402 3607 451 manu.

330 477 595 548 quietem,
644 475 1023 550 splendorem,
1072 476 1272 532 famam
1309 476 1655 547 gloriamque
1691 472 1915 542 accepi,

329 585 453 639 quae
485 585 634 626 nunc
660 585 762 626 vos
794 580 997 643 praeter
1033 586 1221 627 meum
1252 584 1464 625 morem
1498 562 1777 640 principes
1808 581 1918 623 una

330 669 541 734 scptem
572 663 682 719 alo.
712 663 924 720 Vereor
952 663 1020 719 ab
1060 663 1231 720 armis
1261 678 1333 719 ne
1364 663 1728 718 desuescatis.
1763 661 1918 733 Saepe

328 740 462 811 dum
494 756 721 810 unicum
762 763 930 827 caput
983 755 1176 821 habui,
1222 754 1473 810 victricia
1504 754 1666 825 longe
1698 755 1920 824 lateque

324 846 531 903 vexilla
569 847 691 903 tuli.
732 848 941 905 Vereor
975 863 1046 904 ne
1096 848 1372 913 fortassis,
1426 846 1557 902 dum
1587 847 1690 918 ipsi
1731 846 1920 903 dome-

324 943 533 997 sticum
570 943 742 998 otium
781 956 1088 1013 pacemque
1122 943 1215 1012 (ne
1252 943 1431 999 dicam
1482 943 1797 1013 mollitiem)
1830 940 1920 998 ni-

327 1033 502 1088 mium
534 1034 756 1097 amatis.
790 1033 1119 1100 effeminati,
1161 1035 1341 1091 timidi
1386 1048 1695 1107 segnesque
1732 1036 1921 1090 videa-

325 1126 488 1182 mini.
552 1127 637 1182 Ne
692 1126 739 1181 si
788 1126 1002 1183 diutius
1052 1143 1177 1198 quae
1229 1128 1469 1207 turpiter
1504 1139 1635 1183 sunt
1692 1129 1920 1196 amissa,

324 1222 633 1291 repetitum
692 1222 775 1278 ire
824 1206 1190 1287 cunctamini,
1242 1238 1367 1293 qua:
1419 1226 1623 1279 tenetis
1667 1223 1921 1278 hostibus

323 1316 470 1371 detis
508 1315 801 1371 auferendi
848 1316 1166 1372 audaciam.
1220 1312 1521 1388 Majoribus
1564 1317 1765 1373 vestris
1803 1319 1921 1374 sive

324 1407 438 1462 illis
461 1405 808 1473 IEacidibus,
837 1407 956 1463 sive
982 1407 1101 1464 istis
1145 1407 1485 1473 Saxonibus,
1524 1410 1641 1465 sive
1677 1410 1786 1465 mei
1819 1408 1917 1467 Be-

322 1497 467 1553 roldi
514 1499 936 1561 successoribus
989 1513 1059 1566 ne
1101 1498 1225 1567 sitis
1282 1500 1503 1565 tandem
1556 1499 1753 1571 pudori
1806 1518 1920 1559 non

321 1606 523 1662 parum
560 1591 784 1662 quidem
833 1592 949 1662 ipsa
996 1607 1212 1668 vereor.
1242 1591 1399 1659 Quas
1451 1593 1677 1662 quidem
1719 1593 1791 1650 ob
1829 1611 1921 1651 res

2025 474 2138 528 utri
2181 473 2393 531 Graecia
2437 478 2580 548 (quae
2616 485 2749 534 tunc
2793 481 2963 536 armis
3010 481 3327 537 libertatem
3371 482 3611 539 maxime

2026 568 2333 637 tuebatur),
2373 571 2485 625 utri
2516 571 2604 626 vel
2645 582 2912 631 externus
2958 574 3139 645 patuit
3168 575 3325 631 orbis
3357 590 3375 630 :
3406 576 3611 632 vestris

2023 666 2080 712 et
2112 658 2359 715 omnium
2408 659 2851 720 Christianorum
2877 666 3051 721 armis
3083 667 3175 721 illa
3210 668 3610 737 propemodum

2023 750 2255 807 inermis
2294 767 2403 809 non
2432 754 2650 824 parebit
2676 758 2700 811 ‘!
2729 758 3167 828 Depreeautihns
3200 774 3264 815 ac
3293 775 3612 830 repugnan-

2024 843 2177 899 tibus
2218 861 2385 917 grave
2432 850 2718 905 servitutis
2758 851 2951 923 jugum
2988 852 3256 922 imposuit
3303 853 3611 923 Philippus,

2024 934 2287 1007 imposuit
2313 940 2649 997 Alexander.
2681 944 3079 1013 lixpetentibus
3100 956 3154 1000 et
3183 945 3613 1015 implorantibus

2023 1044 2179 1084 suam
2204 1031 2631 1105 Sabandamque
2666 1037 2981 1093 libertatem
3018 1039 3299 1109 negabunt
3330 1037 3613 1093 Sabaudi?

2023 1120 2217 1194 Usque
2261 1142 2456 1197 nempe
2492 1129 2633 1184 adeo
2668 1120 2871 1187 nobilis
2912 1131 3003 1185 illa
3051 1132 3247 1205 Graeca
3281 1132 3432 1187 natio
3466 1134 3614 1202 (quae

2022 1232 2173 1274 nunc
2193 1206 2490 1293 delitescit)
2523 1225 2847 1278 servitutem
2880 1239 3102 1295 semper
3127 1225 3419 1280 exhorruit
3446 1224 3613 1295 (prae-

2025 1310 2215 1364 sertim
2250 1311 2643 1370 abhorrentem
2684 1329 2715 1370 a
2757 1314 3030 1386 Christo),
3063 1324 3125 1371 ut
3153 1330 3277 1371 cum
3326 1331 3451 1371 mox
3495 1316 3611 1371 suis

2024 1401 2253 1474 perﬁdis
2290 1406 2536 1476 tyrannis
2582 1406 2789 1462 bellum
2823 1422 2854 1461 a
2884 1407 3040 1462 vobis
3074 1407 3307 1476 aliisque
3335 1406 3610 1463 Christia-

2025 1497 2274 1553 nissimis
2320 1499 2670 1570 principibus
2716 1517 2903 1573 parari
2949 1502 3273 1572 conjectura
3304 1502 3510 1571 capiet,
3540 1500 3608 1555 ad

2023 1606 2085 1646 se
2116 1593 2366 1647 venturis
2408 1594 2658 1663 pristina:
2691 1594 2965 1653 libertatis
3001 1597 3475 1651 restsuratoribus
3508 1597 3613 1650 iter

322 1691 420 1739 aut
464 1683 770 1753 aliquando
810 1684 1113 1753 dispudeat
1153 1692 1261 1739 tam
1295 1684 1443 1739 clara
1488 1684 1673 1741 sidera
1700 1696 1918 1743 vestros
1948 1726 1997 1787 Β
2027 1683 2113 1738 vel
2147 1684 2297 1739 ferro
2328 1686 2489 1741 vobis
2521 1687 2791 1755 recludet,
2838 1688 3123 1752 alimenta,
3160 1703 3351 1755 naves,
3390 1697 3612 1757 portus,

323 1777 571 1849 majores
599 1777 939 1844 nieniinisse,
968 1787 1065 1833 aut
1110 1778 1258 1848 quod
1307 1779 1387 1833 illi
1420 1777 1576 1835 vobis
1604 1781 1707 1835 iter
1730 1789 1920 1837 esten-

323 1871 488 1937 dunt,
539 1872 592 1925 in
622 1871 888 1944 Cyprum,
938 1872 991 1927 in
1031 1872 1371 1938 Armeniam,
1405 1874 1462 1929 in
1515 1872 1829 1932 Salomonis
1862 1885 1919 1931 et

323 1963 536 2022 Christi
583 1981 811 2037 regnum
860 1965 1018 2022 ocius
1064 1966 1364 2038 prazripite.
1421 1968 1622 2024 Ensem
1667 1979 1917 2026 vestrum

324 2056 544 2123 Graecia
582 2069 853 2126 moratur,
900 2056 1227 2129 przedonum
1267 2059 1623 2131 hostiumque
1670 2062 1918 2119 thesauri

324 2150 517 2217 opima
551 2150 708 2207 vobis
735 2152 910 2222 spolia
942 2151 1132 2207 futura
1155 2164 1305 2209 sunt.
1334 2153 1409 2208 De
1440 2156 1642 2210 vestris
1662 2155 1919 2213 hostibus

324 2243 651 2315 triumphus
678 2244 1007 2311 ducendus;
1045 2260 1149 2300 vos
1188 2249 1513 2317 posterique
1548 2249 1719 2303 vestri
1762 2248 1922 2306 ditis-

324 2337 466 2401 sima
499 2324 670 2408 regna
693 2338 926 2409 perenni
953 2346 1201 2409 tempore
1225 2341 1537 2408 possessuri
1571 2342 1730 2400 estis.
1762 2343 1911 2400 Jama

322 2428 436 2503 jam
462 2444 495 2485 a
526 2429 758 2487 sedibus
784 2429 990 2487 Graecis
1022 2432 1211 2487 tandiu
1243 2438 1495 2489 extorres
1526 2433 1767 2506 Philippi
1792 2436 1922 2493 Ale-

326 2524 643 2597 xandrique
687 2524 939 2591 fatosuo
970 2527 1175 2583 reverti
1224 2530 1452 2584 domum
1499 2544 1654 2585 suam
1710 2542 1927 2585 concu-’

326 2617 572 2689 piscant,
620 2619 825 2690 quibus
866 2618 1129 2675 nimirum
1165 2621 1233 2692 (si
1263 2622 1388 2691 quis
1433 2623 1599 2677 modo
1630 2624 1917 2694 gentilium

328 2724 562 2767 suorum
599 2727 795 2767 sensus
843 2721 931 2766 est
970 2721 1093 2782 post
1139 2713 1397 2783 mortem)
1439 2730 1669 2786 regnum
1700 2715 1921 2771 Graeco-

328 2819 455 2861 rum
488 2805 597 2861 sibi
630 2804 948 2861 restitutum
978 2806 1047 2860 iri
1095 2805 1400 2873 videbitur,
1436 2808 1658 2877 quando
1693 2825 1789 2865 vos
1824 2811 1921 2866 de-

331 2915 433 2956 cus
462 2898 552 2955 sui
609 2899 828 2970 generis
863 2897 1095 2970 gloriam
1137 2900 1409 2969 reliquam
1441 2901 1526 2956 sui
1565 2902 1811 2959 nominis
1849 2919 1919 2959 eo

331 2993 578 3050 sentient
607 2990 968 3047 adventuros.
998 2992 1175 3063 Atque
1204 2993 1545 3065 utinamjam
1571 3010 1720 3051 nunc
1746 2996 1924 3070 altero,

2030 1775 2449 1846 impedimenta,
2484 1778 2783 1849 stipendia,
2830 1780 3084 1849 praesidia
3134 1791 3337 1851 sponte
3368 1797 3467 1836 sua
3505 1781 3614 1835 mi-

2027 1868 2307 1933 nistrabit,
2340 1884 2461 1925 sese
2492 1886 2588 1926 sua
2613 1883 2812 1942 sponte
2852 1889 3274 1944 quoquoversus
3306 1874 3462 1943 signa
3491 1889 3617 1929 ver-

2030 1960 2232 2023 teritis,
2260 1972 2505 2040 vestrum
2530 1964 2632 2019 sub
2660 1964 2956 2034 imperium
2986 1967 3218 2021 missura
3255 1966 3612 2036 parituraque

2027 2054 2175 2110 veris
2202 2054 2420 2126 piisque
2450 2058 2713 2113 dominis.
2747 2060 2811 2115 Et
2837 2075 2905 2115 eo
2932 2059 3157 2131 quidem
3196 2058 3463 2114 libentius
3498 2074 3613 2129 quo

2032 2147 2284 2219 tyrannis
2326 2148 2557 2205 invitius
2593 2151 2914 2223 diutiusque
2964 2153 3217 2208 servivit.
3266 2151 3476 2221 Ecquid
3512 2166 3617 2221 ego

2031 2239 2281 2309 privatus
2317 2256 2419 2312 pro
2469 2253 2664 2298 vestrze
2711 2245 3022 2315 praestantis
3057 2245 3325 2316 prosapia:
3369 2261 3620 2300 commo-

2030 2333 2323 2399 ditatibus,
2357 2352 2457 2407 pro
2485 2348 2709 2393 terreno
2745 2340 3081 2409 requirendo
3106 2340 3364 2410 imperio,
3392 2356 3491 2410 pro
3526 2356 3639 2409 rc-_

2030 2428 2286 2503 petendis
2316 2446 2649 2501 proavorum
2672 2432 2901 2489 sedibus
2935 2448 3028 2489 vos
3054 2433 3271 2501 longius
3295 2433 3617 2504 pluribusve

2029 2523 2314 2592 cohorter,
2346 2526 2820 2596 quandoquidem,
2845 2529 2929 2582 vel
2964 2528 3086 2583 istis
3106 2528 3328 2597 quidem
3357 2529 3619 2585 omnibus

2031 2618 2385 2688 posthabitis,
2422 2619 2543 2690 ipsa
2573 2621 2778 2691 quippe
2803 2619 3128 2675 Christianae
3156 2620 3439 2693 religionis
3468 2622 3619 2677 salus

2030 2728 2099 2769 eo
2144 2728 2242 2769 vos
2284 2730 2395 2784 quo
2436 2714 2698 2787 princeps
2740 2713 2989 2768 Bessario
3022 2725 3211 2771 monet
3250 2716 3465 2786 Optimo
3492 2716 3619 2786 jure

2030 2806 2325 2864 traducere
2368 2807 2555 2862 debet.
2604 2806 2717 2861 Hac
2767 2823 2961 2877 nempe
3009 2808 3064 2864 in
3102 2816 3257 2879 parte
3291 2808 3431 2863 nihil
3476 2824 3618 2876 opus

2028 2900 2149 2956 fore
2178 2901 2565 2961 cohortatione
2586 2917 2707 2957 mea
2732 2903 2888 2969 duxi,
2921 2918 2992 2957 ne
3019 2903 3270 2959 fortassis
3297 2912 3393 2959 aut
3425 2922 3620 2977 super-

2028 3005 2205 3071 vacuo
2231 2990 2423 3057 labore
2446 3007 2562 3047 rem
2585 3008 2706 3063 qua:
2731 3008 2790 3049 se
2816 2995 2971 3051 vobis
3000 2995 3223 3051 abunde
3249 3000 3614 3069 persuaserit.

332 3096 459 3142 uter
522 3086 654 3140 illuc
696 3083 955 3154 alicunde
1000 3097 1185 3156 posset
1229 3087 1551 3157 emergerel
1618 3086 1921 3164 llaudqua-
1950 3102 1997 3162 ε
2028 3096 2179 3137 nunc
2212 3083 2330 3153 ipse
2379 3084 2684 3150 intendam,
2720 3095 2815 3142 aut
2863 3104 3029 3159 quant
3083 3090 3188 3146 sibi
3224 3092 3445 3150 divinus
3484 3095 3616 3152 Besc

334 3192 504 3251 quam
544 3178 659 3234 illic
692 3176 946 3250 profecto
981 3178 1172 3251 stirpis
1209 3194 1322 3235 suae
1355 3194 1582 3247 nomen,
1617 3183 1923 3237 auctorita-

337 3280 470 3337 tem,
522 3254 837 3327 ohlitterari
886 3270 1114 3326 silerive
1162 3254 1448 3343 pateretur
1480 3290 1493 3324 :
1529 3272 1661 3344 quin
1690 3273 1758 3328 ad
1792 3273 1927 3331 istas

334 3373 559 3419 vestras
614 3378 789 3433 usque
842 3362 1010 3432 Alpes
1060 3363 1168 3418 iter
1214 3379 1247 3420 a
1297 3362 1509 3420 Graecia
1565 3364 1719 3422 ferro
1764 3366 1926 3429 vobis

337 3459 610 3527 aperiret.
640 3456 836 3527 Neque
867 3472 967 3528 vos
1000 3457 1242 3529 Philippi
1280 3466 1377 3513 aut
1408 3460 1710 3517 Alexandri
1742 3461 1928 3516 deter-

339 3562 461 3608 reat
491 3551 1138 3624 magnitudo,rtanquam
1189 3554 1562 3625 nequidquam
1598 3556 1790 3611 conari
1832 3557 1933 3631 de:

338 3644 549 3713 beatis,
588 3645 739 3714 quod
786 3643 869 3700 illi
914 3645 1279 3716 confecerint.
1329 3648 1446 3702 lino
1491 3664 1623 3706 vero
1661 3649 1929 3723 cumillis

337 3736 505 3808 longe
533 3738 692 3793 vobis
717 3738 1066 3808 commodior
1093 3738 1491 3811 honestiorque
1519 3741 1652 3797 belli
1689 3743 1920 3814 gerendi

335 3832 638 3902 ratioest.
696 3822 851 3886 Unus
900 3829 1190 3904 Philippus
1246 3848 1504 3904 unusque
1564 3833 1925 3903 Alexander:

335 3925 483 3979 alter
507 3911 756 3989 Griecite,
792 3924 936 3980 alter
969 3925 1121 3980 orbis
1148 3925 1403 3982 civitates
1432 3942 1627 3995 omnes
1662 3943 1927 4000 armaque

334 4017 690 4083 censtravit;
738 4032 838 4073 vos
881 4029 1116 4101 septem,
1169 4035 1340 4075 unum
1376 4030 1473 4085 aut
1518 4022 1779 4101 alterum,
1828 4033 1927 4078 aut

336 4121 455 4189 tres
480 4112 547 4167 ad
587 4123 863 4187 summum
905 4100 1201 4185 praedones
1250 4131 1358 4179 non
1389 4100 1775 4189 ,exstinguetis
1799 4118 1927 4189 11th

334 4220 451 4284 uno
488 4205 765 4286 Philippo
829 4217 1053 4278 unoque
1100 4206 1422 4265 Alexandro
1483 4226 1653 4280 regna
1699 4211 1924 4282 quidem

334 4298 544 4362 aliena,
585 4298 697 4354 imo
750 4299 820 4355 ab
861 4300 955 4355 illo
1006 4316 1104 4372 per
1155 4300 1446 4369 Graeciam,
1494 4319 1645 4375 nunc
1698 4305 1766 4359 ab
1817 4306 1927 4361 hoc

337 4393 499 4465 longe
531 4410 626 4465 per
659 4396 851 4463 orbem
875 4397 1104 4467 quarsita
1135 4408 1291 4463 sunt,
1326 4398 1370 4454 Α
1397 4399 1557 4455 vobis
1583 4409 1767 4457 vestra
1802 4403 1923 4469 sine

2027 3173 2177 3229 sario
2221 3176 2568 3247 provinciam
2631 3180 2941 3254 delegerit,
2991 3184 3313 3255 optimeque
3356 3192 3614 3258 gesserit,

2026 3267 2257 3333 inermis
2301 3286 2404 3342 ego
2460 3284 2582 3343 post
2620 3274 2772 3331 hunc
2811 3292 3006 3348 gerere
3057 3281 3311 3352 tuerique
3364 3300 3612 3358 pergam.

2023 3363 2163 3419 Nam
2198 3366 2291 3437 (ad
2345 3381 2446 3424 vos
2485 3382 2832 3444 causamque
2882 3373 3030 3443 quod
3080 3376 3301 3448 attinet)
3350 3382 3616 3438 militaria

2027 3458 2257 3529 quidem
2306 3460 2550 3532 insignia
2597 3465 2802 3533 quibus
2837 3481 3022 3536 enses,
3055 3470 3258 3541 elypei,
3308 3476 3616 3548 vexillaque

2024 3561 2213 3617 vestra
2263 3556 2441 3612 multo
2489 3560 2665 3628 magis
2712 3560 3011 3629 refulgent,
3062 3565 3238 3632 spolia
3290 3578 3444 3635 sunt,
3492 3586 3615 3641 qua:

2026 3644 2403 3706 Christianam
2440 3665 2663 3707 causam
2690 3655 2848 3710 vobis
2881 3659 3224 3726 persuadere
3259 3662 3443 3717 verbis
3478 3663 3616 3719 faei-

2026 3738 2138 3793 lius
2168 3740 2430 3797 omnibus
2462 3750 2739 3813 possunt,
2774 3747 2979 3817 quippe
3010 3765 3135 3819 quae
3167 3765 3399 3820 quartus
3445 3770 3476 3809 a
3516 3757 3619 3811 Be-

2028 3831 2188 3888 roldo
2212 3841 2410 3889 vestra:
2430 3834 2629 3894 domus
2651 3836 2911 3909 princeps
2930 3840 3209 3898 Amadeus
3230 3842 3436 3902 Christi
3458 3850 3618 3905 vietis

2027 3926 2098 3983 ab
2130 3926 2391 3985 hostibus
2432 3932 2655 3986 domum
2703 3937 3030 4005 reportavit.
3065 3936 3222 3993 Unde
3269 3946 3620 4009 reportavit?

2026 4019 2232 4091 Utique
2264 4023 2572 4094 reportavit
2602 4039 2633 4079 e
2674 4024 2909 4082 Gracia.
2940 4028 3098 4092 Quod
3133 4031 3180 4085 si
3212 4048 3361 4089 nunc
3398 4050 3494 4091 ore
3523 4053 3617 4092 ro-

2029 4117 2206 4172 tundo‘
2234 4132 2542 4191 magnaque
2570 4117 2763 4175 Graeco
2794 4136 2947 4177 more
2969 4134 3296 4183 sonaturum
3328 4126 3615 4185 Bessario-

1969 4284 1976 4292 ν
2028 4228 2155 4270 nem
2197 4221 2410 4270 attente
2456 4213 2653 4285 placet
2676 4216 2895 4281 audire,
2931 4217 3085 4274 ibitis
3115 4222 3349 4289 alacres,
3377 4225 3617 4280 victores

2030 4307 2231 4363 iterum
2258 4308 2558 4363 reversuri.
2590 4307 2699 4365 Sed
2724 4326 2864 4380 quas
2893 4311 3026 4368 huic
3056 4313 3402 4381 homunculo
3426 4336 3614 4381 vestro

2029 4414 2243 4473 suoque
2268 4402 2608 4475 mancipiolo
2646 4403 2863 4467 litteras
2891 4405 2983 4466 ille
3016 4414 3171 4468 reddi
3200 4416 3451 4487 jusserit,
3478 4421 3613 4491 quid

337 4490 631 4582 sanguine,
688 4490 810 4577 sine
840 4479 1073 4573 sudore,
1115 4492 1241 4574 sine,
1289 4493 1684 4555 reclamatione
1732 4497 1919 4553 detra-
1958 4476 2002 4532 θ
2030 4506 2087 4560 et
2112 4491 2322 4574 negotii
2352 4500 2655 4573 mandarit,
2689 4505 2915 4579 jamjam
2952 4509 3145 4565 animo
3169 4476 3411 4582 propitio
3438 4476 3614 4571 helic-

338 4554 543 4637 hentur
567 4583 590 4635 ἲ
616 4554 763 4639 VUnl)
792 4554 1068 4655 Philippo?
1105 4568 1312 4657 unique
1358 4586 1692 4661 Alexandro,
1747 4592 1922 4653 milite

2031 4596 2269 4668 veloque
2297 4596 2591 4671 percipite.
