4064 6148
447 198 554 298 sti

1411 233 1928 299 BESSARIONIS
1967 232 2026 294 S.
2073 232 2145 295 Β.
2192 231 2264 294 Ε.
2301 230 2780 294 CARDINALIS

3608 226 3723 293 648

1258 602 1261 603 ν
1307 541 1993 610 REVERENDISSIMI
2036 541 2534 623 CARDINALIS
2579 541 2879 605 NICIENI

1488 660 2704 825 BESSABIONIS

926 918 1040 980 AD
1083 887 1783 979 ILLUSTRISSIMOS
1814 907 2289 986 INCLYTOSQ
2304 910 2414 972 UE
2454 911 2776 976 tuum
2809 915 3266 980 PRINCIPES

1139 1068 1618 1161 CONTRA
1697 1061 2151 1151 TURCAS
2229 1061 3089 1155 EXI‘IOBTATIO.

459 1238 660 1297 (ιιιιωλρ
706 1249 783 1297 ap.
831 1228 1105 1284 Antonium
1146 1226 1376 1277 lliadium
1408 1202 1897 1297 MDXXXl’IIiln-l.
1915 1215 2416 1297 Itiili_lioltb;tlaaarjn:
2442 1233 2503 1297 ιι.
2530 1219 2722 1297 1.2,560.
2768 1221 2941 1271 Insunt
2984 1222 3134 1271 etiam
3175 1224 3429 1272 orationes
3451 1221 3558 1269 alia;
3592 1222 3715 1285 aulie

1643 1282 1845 1332 turcicae
1875 1280 2058 1330 eodem
2083 1285 2310 1343 tempore
2342 1280 2565 1345 habitur.)

459 1647 738 1703 Ill-:SSAniO.
775 1641 1047 1713 episcopus
1088 1636 1340 1713 Sutrinus.
1376 1632 1672 1713 (ordinatis
1700 1631 1951 1713 il’irwi‘ma
1976 1628 2048 1682 il-

530 1704 865 1774 lumrissiniis
919 1704 1075 1782 atque
1132 1708 1344 1778 inclytis
1386 1705 1568 1761 halitu
1628 1704 1975 1775 principibus.

523 1834 663 1889 Cum
707 1816 881 1886 Nonis
924 1826 1226 1884 Sextilibus
1255 1864 1271 1889 ,
1327 1819 1689 1877 illustrissimi
1747 1816 2044 1887 principes,

456 1924 901 1985 infelicissimum
933 1922 1065 1977 illud
1115 1912 1317 1973 novum
1348 1916 1606 1971 Euboica:
1642 1910 1951 1967 eversionis
1979 1911 2049 1965 ad

457 2036 558 2077 nos
601 2020 840 2091 primum
876 2016 1105 2070 allttum
1138 2012 1337 2068 fuisset
1372 2007 1476 2081 (l),
1512 2020 1829 2077 eSsemquc,
1880 2018 2047 2073 supra

456 2130 620 2186 quam
652 2108 761 2166 dici
796 2117 995 2178 potest,
1026 2108 1212 2161 animo
1242 2104 1437 2159 anxius
1460 2113 1631 2171 atque
1662 2099 1954 2166 sollicitus,
1989 2107 2050 2153 ut

459 2210 548 2264 vix
578 2204 885 2277 respirandi
938 2216 1180 2258 cauSam-
1218 2198 1437 2252 viderer
1494 2195 1806 2259 habiturus,
1850 2190 2049 2247 accidit

457 2307 600 2359 forte
637 2298 855 2356 fortuna
887 2306 946 2353 ut
974 2310 1043 2352 eo
1091 2295 1212 2365 ipso
1246 2292 1361 2355 die.
1398 2290 1530 2345 dum
1564 2303 1744 2343 essem
1784 2286 1858 2340 ita
1913 2286 2050 2340 affe-

455 2378 603 2462 ctus,
637 2391 852 2449 abbatis
887 2386 1175 2459 cujusdam
1208 2386 1311 2439 viri
1345 2384 1541 2455 optimi
1587 2381 1935 2438 Bessariouis
1959 2382 2041 2436 lit-

460 2505 611 2547 teras
635 2505 664 2543 a
707 2474 955 2558 Neapoli,
994 2482 1086 2538 ubi
1121 2495 1267 2537 nunc
1304 2478 1641 2534 monasterio
1666 2474 1855 2531 Sancti
1879 2474 2049 2530 Seve-

458 2583 591 2644 lini,
628 2594 695 2634 ex
731 2574 1018 2632 consortio
1054 2573 1229 2627 beam
1257 2570 1515 2637 Justinus,
1550 2566 1867 2637 praefectus,
1899 2580 2054 2622 acce-

458 2656 658 2747 perim,
691 2670 894 2745 quibus
926 2666 993 2723 ad
1035 2680 1121 2720 mc
1152 2663 1807 2731 scribebattnajestatem
1848 2661 2052 2729 regiam

461 2768 604 2822 miro
650 2762 908 2835 .qucdam
950 2759 1123 2815 animi
1185 2757 1372 2814 studio
1429 2754 1499 2811 ad
1558 2753 2053 2824 propugnationem

458 2860 793 2917 Christiana:
846 2855 971 2911 fidei
1004 2862 1060 2909 et
1100 2850 1486 2907 immanissimi
1539 2849 1715 2905 hostis
1755 2846 1927 2903 nostri
1971 2846 2055 2900 in-

2086 1536 2130 1594 Α
2161 1536 2529 1604 eversionem,
2568 1536 2766 1593 lltterre
2793 1536 2893 1594 abs
2927 1547 2978 1595 te
3006 1538 3231 1594 reddita:
3278 1547 3409 1593 sunt
3452 1537 3505 1591 in
3545 1537 3747 1609 quibus

2155 1644 2281 1682 cum
2315 1644 2378 1683 ca
2430 1629 2683 1699 legissem
2735 1644 2858 1700 quae
2897 1630 2965 1685 de
3020 1632 3183 1701 regia:
3225 1629 3527 1701 maiestatis
3561 1628 3748 1682 animo

2153 1722 2449 1792 studioque
2481 1737 2590 1776 non
2624 1724 2891 1777 mediocri
2922 1725 2989 1777 ad
3018 1723 3205 1778 sedem
3232 1720 3440 1779 Christi
3464 1720 3745 1778 tutandam

2152 1815 2549 1885 perscripsisti,
2572 1817 2768 1886 collegi
2795 1816 3079 1886 paululum
3107 1823 3350 1871 mentem
3371 1826 3434 1869 et
3455 1814 3744 1884 respiravi,

2152 1909 2407 1981 cmpique
2431 1919 2625 1981 optare
2648 1909 3013 1966 vehementer
3042 1921 3100 1965 ut
3123 1925 3181 1965 re
3207 1917 3429 1980 przestet
3455 1909 3601 1980 quod
3625 1926 3748 1964 vcr-

2151 2004 2235 2059 bis
2267 2004 2444 2074 ipsnm
2479 2004 2805 2075 promisisse
2873 2005 3135 2075 allirmas.
3168 2004 3296 2071 Sed,
3327 2021 3429 2061 nos
3461 2004 3745 2070 iufelicest

2152 2112 2348 2151 vereor
2377 2112 2444 2152 ne
2474 2096 2799 2153 criminibus
2849 2098 3052 2152 nostris
3092 2098 3160 2153 ah
3190 2096 3485 2154 immortali
3516 2097 3630 2153 Deo
3655 2095 3749 2151 deo

2151 2192 2307 2257 serti,
2364 2191 2679 2247 crudeliora
2734 2198 2997 2260 praeterea
3053 2199 3108 2245 et
3144 2190 3392 2261 graviora
3428 2188 3744 2260 patiamur;

2160 2284 2407 2349 domum,
2441 2284 2874 2355 percunctando,
2918 2284 3056 2339 alter
3087 2284 3323 2339 alterum
3353 2283 3746 2354 exspectando.

2161 2375 2387 2444 culpam
2439 2376 2493 2429 in
2535 2376 2674 2429 alios
2731 2376 3055 2445 rejicicndo,
3100 2376 3167 2431 ad
3205 2375 3450 2431 ultimam
3502 2376 3751 2432 Iahamur

2154 2467 2482 2538 perniciem.
2506 2465 2549 2523 Ο
2589 2469 2823 2523 miseros
2851 2466 3239 2524 Christianos!
3272 2483 3306 2522 o
3340 2480 3516 2523 caecos
3549 2466 3745 2522 Italos!

2155 2562 2613 2630 Accelcrandum,
2637 2560 2916 2628 Bessario,
2958 2571 3018 2617 ut
3040 2562 3123 2618 vel
3157 2578 3223 2617 ex
3252 2561 3357 2617 hoc
3387 2560 3596 2617 saeculo
3640 2560 3749 2616 Deo

2157 2658 2374 2711 volente
2432 2657 2732 2727 migremns
2785 2656 2840 2711 in
2892 2672 3069 2713 arvum
3126 2656 3258 2712 illud
3325 2656 3746 2727 sempiternum,

2159 2753 2244 2805 vel
2292 2752 2346 2805 in
2397 2750 2560 2805 aliam
2597 2751 2837 2820 aliquam
2890 2751 3171 2821 regionem
3228 2752 3570 2805 advolcntus.
3631 2750 3749 2804 Non

2163 2853 2548 2914 exspectemus
2603 2854 2752 2899 certe
2804 2843 3048 2898 'I‘nreum
3107 2843 3319 2898 Italiam
3374 2843 3747 2898 invadentem.

462 2956 688 3010 teritum
746 2952 1031 3006 ardentem
1092 2957 1258 3016 atque
1292 2943 1712 3001 inﬂammatum
1759 2957 1901 2998 esse.
1948 2940 2063 2997 Illis
2096 2904 2135 2963 Β
2167 2937 2284 2994 Huc
2320 2948 2549 3008 spectat,
2582 2938 2745 2993 crede
2778 2939 2934 3005 mihi,
2970 2937 3074 2994 hoc
3102 2933 3234 3009 agit,
3272 2937 3341 2992 ad
3375 2938 3481 2993 hoc
3509 2953 3567 2993 se
3599 2953 3752 2993 com«

462 3065 587 3104 tum
620 3032 905 3116 respondi,
940 3054 995 3097 et
1030 3053 1089 3096 ut
1118 3042 1331 3094 litteras
1362 3054 1514 3093 meas
1537 3037 1867 3094 Celsitudini
1895 3037 2059 3109 regia:

462 3142 818 3205 ostenderet,
864 3138 1076 3193 monui.
1141 3136 1283 3191 Duas
1339 3144 1602 3205 praeterea
1640 3132 1919 3188 orationes
1965 3147 2064 3202 pro

467 3249 629 3291 tantm
653 3236 735 3289 rei
769 3230 1153 3302 magnitudine
1181 3244 1246 3283 ac
1273 3227 1537 3298 periculis
1582 3224 1915 3282 Christiana:
1954 3224 2062 3279 rei-

467 3329 704 3399 public-ac
759 3323 1186 3382 imminentibus
1240 3321 1385 3377 edidi
1432 3338 1445 3374 :
1491 3319 1665 3377 altera
1717 3318 2067 3372 demonstra-

469 3420 587 3481 tum
621 3431 707 3479 est
758 3422 1034 3476 fortunam
1074 3418 1430 3487 periculaque
1468 3415 1572 3469 ista
1614 3414 1680 3467 ad
1720 3427 1913 3468 omnes
1942 3428 2067 3482 per-

469 3522 681 3584 tinere;
714 3516 887 3571 altera
924 3528 1041 3579 vos,
1079 3512 1245 3567 Italia:
1274 3509 1578 3582 principes.
1610 3508 1677 3562 ad
1707 3509 2062 3562 concordiam

471 3612 791 3678 bellumque
812 3606 865 3659 in
895 3605 1082 3661 hostes
1108 3601 1525 3659 decernendum
1555 3598 1884 3656 adhortatus
1915 3614 2063 3652 sum.

468 3700 530 3757 Id
559 3700 703 3755 enim
739 3711 865 3752 meo
891 3696 1194 3752 convenire
1226 3692 1408 3750 cilicio
1437 3691 1647 3765 putavi.
1674 3693 1744 3746 At
1773 3706 1900 3747 eum
1933 3692 2070 3746 faci-

471 3796 580 3849 lius
603 3791 887 3849 auditores
919 3789 1240 3862 persuaderi
1263 3788 1480 3843 soleant
1506 3803 1616 3858 quo
1638 3788 1857 3856 gravior
1880 3795 2066 3841 aucto-

474 3888 608 3940 ritas
641 3897 695 3940 et
737 3884 873 3943 fides
904 3881 1109 3938 dicenti
1145 3882 1435 3945 tribuitur,
1490 3879 1901 3945 Demosthenis,
1940 3879 2062 3949 piti-

474 3977 690 4048 losophi
722 3974 1053 4032 nulzilissimi
1098 3973 1417 4042 Summith
1452 3972 1716 4034 oratoris,
1752 3971 2064 4024 orationem

473 4081 641 4141 quam
672 4068 726 4123 in
762 4069 884 4140 ejus
917 4066 1141 4137 generis
1169 4078 1333 4120 causa
1382 4062 1573 4117 habuit
1599 4078 1630 4117 e
1661 4061 1847 4117 Graeca
1881 4061 2066 4131 lingua

473 4165 533 4217 in
569 4162 825 4221 Latinam.
855 4156 1105 4214 converti
1129 4191 1152 4225 t,
1209 4156 1373 4226 plane
1418 4164 1478 4209 ut
1517 4168 1710 4209 unmes
1760 4152 2067 4225 intelligant

2168 3042 2344 3102 parat,
2380 3031 2483 3086 hoc
2519 3040 2721 3086 conatu
2749 3032 2897 3087 omni
2930 3040 2982 3086 ct
3012 3029 3196 3087 Stud-io
3227 3032 3531 3087 contendit.
3573 3029 3634 3085 Et
3663 3032 3749 3086 di-

2170 3143 2328 3194 cam,
2368 3128 2557 3183 dicam,
2599 3128 2791 3197 plane,
2833 3126 2971 3197 proh
3018 3125 3211 3181 dolori
3252 3125 3567 3195 assequitur
3604 3126 3749 3196 quod

2168 3225 2343 3293 cupit,
2385 3223 2488 3276 nisi
2518 3242 2546 3278 a
2583 3236 2778 3276 somno
2814 3219 3070 3289 capitali,
3105 3235 3216 3289 quo
3258 3218 3518 3290 paulatim
3552 3220 3756 3275 exstin-

2170 3320 2401 3391 guitur,
2452 3318 2868 3388 expergiscatur
2915 3314 3022 3388 [εις.
3058 3313 3237 3387 Italia]
3270 3358 3286 3384 ,
3359 3314 3465 3371 nisi
3524 3330 3755 3371 concors

2173 3421 2339 3483 atque
2374 3426 2484 3465 uno
2515 3422 2788 3467 consensu
2822 3406 3044 3463 fortiter
3081 3408 3327 3477 totisque
3351 3407 3569 3462 viribus
3600 3416 3751 3462 tanto

2176 3506 2346 3561 lurori
2382 3503 2622 3570 resistat,
2665 3503 2769 3558 nisi
2807 3502 3029 3557 omissis
3084 3501 3381 3571 figmentis,
3411 3502 3595 3555 causis
3620 3514 3755 3571 quas

2169 3602 2379 3673 jactare
2431 3599 2590 3666 solet,
2650 3607 2709 3652 ut
2751 3597 2910 3666 iustae
2940 3596 3252 3661 videantur,
3282 3595 3429 3652 inani
3460 3596 3753 3651 verborum

2173 3694 2323 3759 fuco,
2351 3709 2409 3748 re
2428 3693 2564 3762 ipsa,
2585 3707 2772 3762 opera,
2798 3690 2990 3759 armis,
3014 3691 3200 3747 crucis
3229 3690 3415 3746 hostes
3447 3690 3755 3748 adoriatur.
3821 3751 3825 3754 ,

2172 3786 2507 3844 Vcrsnbatur
2539 3783 2668 3840 olim
2722 3785 2778 3838 in
2846 3782 3172 3840 discrimine
3220 3782 3567 3856 Byzantium.
3601 3783 3752 3838 Nulla

2173 3884 2345 3940 Italia:
2372 3896 2497 3952 pars
2539 3878 2687 3935 misit
2737 3879 3008 3945 subsidia,
3051 3894 3167 3935 rem
3200 3879 3441 3935 alienam
3493 3881 3758 3950 putabant

2175 3996 2397 4045 omnes;
2428 3976 2732 4048 perieulum
2763 3976 2827 4030 ad
2858 3990 2916 4031 se
2952 3991 3058 4030 non
3092 3975 3372 4046 pertinere
3402 3974 3540 4032 falso
3571 3975 3761 4032 crede-

2175 4073 2328 4128 bant.
2354 4070 2516 4141 Atqui
2536 4076 2723 4139 postea
2743 4077 3037 4124 senserunt
3055 4075 3191 4139 quot
3208 4068 3351 4123 mala
3369 4069 3579 4139 experti
3608 4079 3752 4136 sunt,

2176 4175 2311 4237 quot
2335 4163 2776 4222 aluistianorum
2808 4161 3066 4229 fortunat,
3101 4155 3255 4232 opes,
3276 4162 3506 4231 imperia
3536 4163 3591 4220 in
3626 4164 3759 4220 Tur-

473 4268 571 4311 me‘
597 4267 783 4323 neque
812 4251 1056 4319 inutilia,
1093 4263 1275 4319 neque
1321 4247 1787 4317 amplissimorum
1823 4245 2067 4300 virorum

2175 4274 2366 4318 eorum
2420 4256 2858 4312 dominationem
2901 4255 3157 4321 redacta;
3224 4255 3752 4328 Trapezuntiorum,

471 4345 1042 4415 opinionibus-aliena
1075 4341 1390 4399 consulere.
1435 4341 1508 4395 Ea
1538 4339 1725 4394 omnia
1763 4340 1923 4394 vobis
1949 4339 2071 4393 mit-

476 4434 642 4490 trnda
675 4434 911 4502 censui,
954 4442 1012 4489 ut
1043 4446 1138 4488 aut
1166 4432 1514 4505 ipai'lagatis,
1563 4447 1689 4488 cum
1716 4448 1817 4503 per
1851 4431 2072 4503 publica

473 4529 718 4598 negotia,
742 4544 864 4599 qua:
892 4527 1063 4582 multa
1092 4528 1400 4599 quidemet
1426 4526 1615 4597 gravia
1644 4534 1797 4594 sunt,
1824 4524 2070 4585 licuerit.

473 4634 570 4681 aut
609 4624 736 4680 aliis
796 4623 1025 4694 legenda
1080 4630 1247 4692 atque
1297 4620 1587 4677 referenda
1635 4621 1887 4678 tradatis.
1932 4624 2070 4679 Sunt

474 4719 621 4773 enim
661 4718 879 4774 cunctis
920 4716 1078 4773 vobis
1120 4716 1465 4787 principibus
1502 4718 1817 4773 communia
1852 4762 1868 4786 ,
1923 4722 2019 4789 qui
2048 4763 2063 4787 ,

480 4823 538 4865 ut
581 4812 820 4867 feliciter
857 4811 989 4867 huic
1042 4810 1399 4865 nobilissima:
1440 4812 1738 4881 provincia:
1790 4816 2062 4883 prmestis,

475 4906 549 4959 ita
590 4906 643 4960 in
685 4914 971 4977 posterum
1013 4904 1229 4960 felicius
1262 4895 1384 4959 eam
1419 4908 1644 4976 rcgatis,
1700 4918 1756 4961 et
1782 4923 1885 4961 nos
1912 4919 2071 4979 cpta-

474 5015 618 5066 ntus,
654 5008 710 5054 et
746 5015 842 5055 vos
877 4999 1068 5055 conari
1116 4997 1355 5055 debetis.

1238 5116 1301 5171 ll.

475 5206 735 5264 Bcssamo
759 5209 1051 5264 cardiualfs
1077 5211 1393 5334 Βεδεῗιιιοκι
1425 5210 1680 5265 monacho
1704 5222 1864 5283 atque
1886 5212 2067 5268 abbati

568 5319 579 5329 .
1148 5298 1204 5334 sa
1236 5296 1397 5334 utem.

1148 5296 1397 5336 salutem.

551 5371 868 5443 Deploranti
920 5389 1096 5445 nuper
1126 5374 1264 5429 mihi
1303 5370 1747 5429 Christianorum
1779 5375 2065 5430 hominum

475 5467 825 5526 calamitates
882 5478 940 5525 et
995 5467 1411 5524 acerbissimam
1473 5469 1755 5526 Chalcidis
1811 5472 2070 5527 Euboica:

548 5607 626 5674 (Ι)
664 5605 876 5662 Annon
938 5608 1148 5679 mundo
1205 5606 1434 5663 condito
1475 5607 1615 5662 6978
1677 5607 1828 5679 (Chr.
1893 5609 2061 5679 H70)

478 5680 728 5732 Sullanus
762 5679 970 5751 bellum
1024 5678 1247 5733 Venetis
1288 5682 1438 5743 fecit,
1478 5691 1623 5733 terra
1679 5678 1929 5748 marique
1967 5678 2063 5751 ag-

479 5765 721 5819 gressus.
757 5749 1104 5821 Expugnavit
1132 5751 1450 5807 Chalcidem
1485 5751 1731 5814 Eatbmai,
1764 5752 1857 5807 ubi
1898 5749 2066 5824 (pud-

2181 4352 2594 4422 Sinopensium,
2633 4349 3041 4421 Mitylenorum,
3074 4345 3637 4422 Peloponuesiorum,
3663 4352 3759 4409 Ca-

2182 4445 2297 4513 riae,
2335 4443 2564 4510 Ciliciae,
2606 4439 2788 4513 Mysiae
2819 4484 2834 4508 ,
2877 4439 3175 4496 Pannoniae
3226 4441 3529 4516 inferioris,
3577 4446 3759 4515 Epiro-

2183 4550 2381 4604 tarum,
2423 4535 2770 4607 Illyricorum
2804 4548 2999 4605 magna
3029 4549 3095 4589 ex
3130 4542 3310 4604 parte,
3337 4544 3619 4608 postremo
3648 4539 3757 4595 Eu.

2177 4634 2489 4692 Loicorum,
2520 4626 2667 4700 Quid
2699 4624 2814 4683 ita?
2847 4625 2985 4694 Quia
3034 4627 3333 4684 noluerunt
3368 4629 3758 4703 quinquaginta

2178 4729 2409 4783 millium
2454 4740 2753 4781 aureorum
2807 4731 3033 4795 sumptu
3093 4717 3148 4774 in
3202 4727 3449 4791 tempore
3506 4722 3757 4792 cpitulari

2176 4821 2438 4894 Byzantio
2473 4827 2529 4874 et
2569 4818 2639 4873 ab
2675 4833 2735 4872 ea
2775 4832 3129 4873 communem
3169 4811 3391 4875 hostem
3420 4814 3759 4885 propulsare.

2177 4915 2311 4969 Inde
2354 4915 2619 4966 nimirum
2656 4912 2774 4970 haec
2812 4914 2998 4968 omnia
3055 4914 3207 4970 ivere
3275 4908 3553 4987 perdtle
3597 4947 3615 4972 ο
3685 4917 3757 4977 ει,

2180 5018 2437 5075 tanquam
2480 5004 2644 5059 ovilis
2698 5003 2912 5060 foribus
2952 5007 3290 5078 confractis,
3333 5009 3496 5081 lupus
3538 5015 3590 5068 in
3631 5030 3757 5073 oves

2181 5102 2446 5170 impetum
2500 5096 2673 5164 fecit;
2717 5102 2860 5153 intra
2898 5115 3092 5154 carum
3131 5101 3300 5158 latera
3340 5116 3630 5177 versatur,
3675 5111 3756 5165 iu-

2178 5195 2384 5260 snltat,
2426 5192 2674 5248 caedibus
2714 5195 2867 5262 furit,
2915 5206 2972 5250 et
3027 5204 3141 5250 tum
3182 5212 3374 5254 eorum
3414 5218 3539 5272 qua:
3577 5206 3757 5262 amisi-

2178 5302 2299 5341 mus
2341 5287 2779 5356 uuumquodqne
2831 5289 3042 5344 centies
3091 5291 3328 5348 millenis
3367 5295 3611 5353 millibus
3652 5315 3753 5356 non

2178 5380 2557 5450 imprudenter
2590 5391 2897 5448 emeretur,
2942 5383 3053 5439 into
3094 5402 3224 5441 vero
3266 5405 3500 5448 numero
3547 5394 3753 5451 infinito

2178 5475 2579 5545 quinquaginta
2614 5475 2782 5529 millia
2816 5489 3062 5547 superat.
3096 5481 3236 5548 Quid
3272 5486 3433 5542 nobis
3458 5505 3584 5544 cum
3614 5489 3755 5547 Grae-

2177 5612 2307 5678 quid
2334 5611 2625 5686 masculini
2682 5628 2845 5669 sexus
2902 5616 3293 5677 duodecimum
3332 5628 3512 5684 relatis
3554 5646 3751 5686 annum

2176 5682 2451 5764 excedens
2477 5686 2926 5764 crat,hititert‘ceit
2962 5703 3186 5764 propugr
3210 5682 3567 5757 deditione",

2177 5766 2373 5810 satam.
2407 5754 2447 5809 Τ
2450 5755 2832 5827 urco-erria,
2866 5775 2923 5831 p.
2957 5754 3046 5819 95.
