4064 6148
349 294 457 359 θιθ

1396 299 1836 367 ΟΒΛΤΙΟΝΕὸ
1877 305 2179 369 CONTRA
2217 309 2531 372 TURCAS.

3503 309 3628 375 630..

347 414 449 481 eis,
487 414 621 483 quid
673 431 795 472 cum
836 416 1047 489 Mysiis.
1094 417 1346 489 Illyricis,
1388 420 1784 477 Pannonibus?
1831 422 1931 477 Pe-
1959 427 2006 485 Α
2035 426 2199 482 nibus
2229 428 2325 498 qui
2376 426 2609 498 privatis
2640 426 2841 484 studiis
2874 435 2931 482 et
2984 426 3279 484 affectibus
3335 428 3494 485 vacui
3530 444 3629 485 εδει.

348 516 530 573 reaut,
572 508 864 578 inquiunt,
909 510 1040 582 quid
1083 511 1283 567 nobis?
1336 512 1508 569 Nobis
1545 514 1685 570 bene
1717 515 1809 581 sit,
1846 516 1933 569 in-

352 609 566 658 tereant
600 602 716 657 alii.
760 603 1060 671 ilucadea,
1099 606 1245 661 bone
1298 605 1403 671 vir,
1444 606 1514 661 ita
1555 606 1836 677 siquidem
1873 605 1939 660 li-

350 695 540 751 bertas
577 702 670 750 tua
710 696 925 751 servari
977 698 1204 767 poterit.
1265 697 1337 753 At
1376 713 1485 752 non
1524 696 1793 769 intelligis
1831 698 1941 753 tuis

348 787 558 843 viribus
588 788 721 858 (tute
745 788 890 843 enim
920 788 1363 845 Christianorum
1398 793 1548 847 vires
1582 794 1759 861 sunt),
1807 793 1938 859 tuis,

353 879 605 949 inquam,
641 879 927 936 exhaustis
976 881 1190 938 viribus
1239 890 1392 937 tanto
1424 891 1477 938 te
1518 882 1940 941 imbecilliorem

348 982 405 1027 et
429 972 747 1029 inferiorem
785 972 923 1036 fore,
951 982 1160 1043 quanto
1191 973 1366 1031 hostis
1396 984 1524 1031 tuus
1578 976 1838 1045 superior
1873 993 1940 1033 ac

349 1068 627 1140 potentior
663 1066 876 1135 evadet,
904 1083 1026 1123 cum
1053 1082 1164 1137 quo
1203 1069 1423 1125 tandem
1443 1070 1541 1125 tibi
1566 1070 1938 1127 dimicandum

352 1170 454 1216 est.
500 1160 649 1217 Satis
684 1160 831 1216 enim
874 1160 1157 1217 videberis
1197 1162 1267 1217 ab
1318 1162 1476 1218 hoste
1515 1163 1867 1233 impetrasse,
1896 1165 1941 1221 si

351 1254 499 1325 quod
557 1254 933 1325 Polyphemus
973 1252 1174 1325 Ulyssi,
1200 1262 1259 1308 ut
1299 1254 1353 1309 in
1394 1255 1596 1311 fabulis
1619 1256 1855 1323 dederit,
1885 1266 1946 1312 ut

352 1348 581 1404 ultimus
618 1346 1070 1403 coniiciare.Ttbi
1120 1348 1201 1402 vel
1226 1347 1402 1402 invito
1432 1348 1732 1403 cedendum
1758 1350 1866 1404 erit
1889 1357 1944 1404 et

353 1440 597 1497 servitus
660 1438 971 1505 subeunda,
1010 1455 1135 1510 quze
1193 1456 1315 1495 cum
1369 1456 1469 1511 per
1504 1455 1563 1495 se
1602 1441 1781 1511 turpis
1836 1440 1941 1507 sit,

360 1542 475 1587 tum
528 1529 851 1587 conditione
874 1530 1099 1586 domini
1136 1532 1745 1601 turpissima.t0bsessa
1781 1532 1946 1588 Chal-

356 1625 439 1681 cis
480 1625 532 1678 in
581 1624 814 1690 Eultma,‘
853 1622 989 1678 urbs
1028 1625 1305 1693 quondam
1346 1625 1756 1693 ﬂorentissima,
1803 1625 1947 1679 unde

354 1717 561 1773 Cumas
624 1717 676 1771 in
739 1715 1037 1785 Campania
1090 1717 1325 1771 deducta
1364 1726 1449 1773 est
1502 1717 1744 1783 colonia,
1788 1717 1935 1772 unde

358 1812 611 1867 homines
652 1818 948 1865 manarunt
986 1811 1080 1879 qui
1122 1809 1404 1880 Neapolim
1442 1809 1830 1877 incoluerunt,
1878 1808 1931 1864 vi
1968 1785 2011 1841 Β

360 1914 541 1974 capta,
584 1920 779 1960 eversa
806 1946 821 1969 ,
864 1904 1013 1962 ferro
1054 1906 1282 1977 ignique
1347 1914 1695 1975 consumpta.
1742 1902 1947 1959 Classis

364 1995 669 2053 Turcorum
723 1998 1057 2067 amplissima
1115 2014 1213 2069 per
1281 2007 1456 2052 totum
1524 1994 1944 2067 Hellespontum

359 2099 642 2157 Vlgnlttr‘;
734 2091 952 2162 fugatus
1023 2091 1230 2146 navalis
1271 2089 1604 2145 Venetorum
1665 2090 1950 2146 exercitus

359 2182 618 2253 aufugit,
675 2183 825 2241 cedit
890 2184 1012 2240 loco
1048 2225 1065 2250 ,
1130 2183 1329 2240 latitat.
1371 2183 1536 2241 Turci
1586 2184 1952 2249 victoriatu-

364 2291 547 2331 rorem
588 2277 1051 2348 superbissimum
1108 2278 1164 2335 in
1218 2293 1417 2333 omnes
1462 2276 1675 2334 insulas
1710 2277 1832 2334 illas
1863 2278 1952 2334 de-

363 2368 743 2437 bacchantur,
794 2378 1049 2426 avertunt
1110 2384 1332 2425 omnem
1388 2369 1663 2438 ordinem,
1709 2379 1948 2435 atatem,

366 2476 558 2516 sexum
616 2461 672 2517 in
711 2463 986 2532 praedam;
1024 2472 1241 2518 vastant
1288 2477 1484 2534 agros,
1520 2461 1950 2533 depopulantur.

366 2553 509 2623 Quid
556 2554 625 2611 ad
682 2555 825 2610 nos?
875 2555 1097 2611 Venetis
1152 2571 1303 2611 cura:
1351 2555 1442 2612 sit.
1497 2555 1668 2612 Recte
1707 2570 1833 2613 cum
1884 2556 1955 2612 iis

332 2710 335 2711 γ
366 2659 576 2704 aetum.
600 2648 745 2705 Utile
762 2648 909 2704 enim
936 2657 1115 2719 esset,
1144 2649 1189 2705 si
1216 2648 1566 2720 gravioribus
1591 2649 1955 2705 incommodis

368 2739 825 2798 conﬂictarentur
859 2759 873 2797 :
908 2741 1154 2812 quietius
1196 2742 1382 2798 catteri
1414 2752 1471 2798 et
1516 2742 1768 2798 securius
1806 2744 1956 2797 vive-

370 2850 582 2893 remus.
613 2833 850 2893 Tantum
893 2840 1008 2895 otio
1039 2846 1230 2894 nostro
1276 2839 1492 2895 accedit
1537 2850 1811 2910 quantum
1843 2839 1957 2896 illis

368 2927 589 2993 imperii
639 2930 923 2999 demitur;
965 2933 1008 2988 si
1070 2935 1191 3004 quis
1221 2934 1314 3004 qui
1362 2934 1522 2990 malis
1550 2934 1669 2990 istis
1722 2935 1957 3007 ingenti.

371 3032 513 3079 seat.
544 3023 594 3079 is
626 3024 897 3090 Venetus,
948 3026 1282 3083 Venetorum
1317 3027 1569 3099 partibus
1622 3027 1791 3094 lavet,
1847 3044 1955 3084 non

2051 530 2198 588 sent,
2235 535 2297 576 ea
2331 522 2517 578 omnia
2556 524 2736 594 palam
2775 532 3027 578 erantet
3078 521 3133 577 in
3163 532 3442 593 promptu.
3475 521 3618 579 Tum

2038 610 2220 667 sibilis
2246 611 2415 684 vulgi,
2454 613 2813 670 honestorum
2849 615 3099 671 moribus
3125 615 3487 685 erplodebar.
3522 612 3620 670 Ju-

2040 702 2299 760 dicabant
2336 705 2675 772 dementem,
2724 706 2958 763 somniis
2984 706 3254 763 deditum.
3318 706 3489 764 Risus
3545 705 3615 763 de

2042 810 2129 851 me
2192 813 2301 851 non
2355 812 2580 867 parvus,
2614 809 2675 853 ut
2735 800 2867 868 scis,
2914 801 3211 857 excitatus.
3244 799 3351 857 Sed
3393 810 3618 867 tamen,

2040 884 2180 954 proh
2215 882 2403 939 dolori
2453 889 2990 955 eveneruntomnia,
3010 890 3327 959 utprzndixi.
3348 890 3620 956 Caveant,

2044 976 2139 1046 qui
2176 978 2292 1034 haec
2322 978 2580 1047 audiunt,
2613 996 2683 1036 ne
2714 980 2860 1036 idem
2912 982 3132 1039 accidat
3193 983 3249 1039 in
3309 994 3618 1055 posterum.

2042 1068 2163 1125 Non
2194 1070 2421 1127 timidus
2455 1071 2709 1129 Bcssario
2738 1072 2795 1127 in
2826 1074 3130 1132 subeundis
3175 1075 3439 1147 periculis
3488 1094 3505 1133 :
3555 1078 3627 1133 ti-

2019 1161 2228 1222 ,midus
2263 1162 2317 1217 in
2346 1163 2769 1234 prospiciendis.
2804 1164 2995 1221 Posset
3026 1166 3208 1221 adhuc
3236 1165 3485 1231 inermis,
3509 1183 3628 1223 mo-

2044 1252 2259 1309 nachus
2287 1268 2481 1319 senex,
2513 1256 2777 1325 majorem
2809 1259 3057 1313 animum
3083 1267 3138 1314 et
3166 1272 3281 1331 pm
3303 1274 3365 1315 se
3396 1259 3544 1316 ferre
3569 1268 3627 1315 et

2045 1355 2334 1415 prmstare,
2389 1363 2557 1416 quam
2602 1347 2693 1405 isti
2753 1365 3081 1420 persuasum
3140 1351 3405 1418 habeant,
3460 1351 3627 1408 modo

2045 1438 2350 1496 Christiani
2384 1441 2669 1513 principes
2698 1442 2906 1499 vellent
2958 1442 3141 1500 facere
3188 1445 3335 1511 quod
3368 1454 3625 1516 possunt,

2046 1531 2194 1602 quod
2243 1532 2465 1589 debent.
2505 1534 2616 1590 lret
2657 1534 2775 1606 ipse
2809 1536 2861 1589 in
2919 1536 3133 1614 hostem
3184 1553 3309 1595 cum
3340 1537 3630 1602 militibus,

2050 1641 2177 1681 cum
2236 1625 2564 1685 cohortibus
2624 1629 2879 1694 armatis,
2933 1645 3061 1687 cum
3123 1630 3632 1704 propugnatoribus

2051 1719 2238 1776 crucis
2272 1720 2346 1775 ita
2377 1720 2605 1791 quidem
2636 1722 2951 1786 instructis.
2988 1732 3044 1779 ut
3072 1723 3221 1779 vires
3248 1734 3306 1780 et
3335 1723 3536 1793 copiae.
3571 1728 3633 1777 ut

2052 1814 2299 1889 legiones
2328 1815 2567 1872 hostiles
2591 1816 2896 1886 postulant.
2945 1815 3088 1883 Quid
3113 1816 3127 1871 l
3154 1816 3502 1887 agitamusne
3525 1814 3630 1871 ista

2053 1908 2239 1963 animo
2278 1906 2501 1965 cunctis
2529 1907 2594 1963 ad
2625 1909 2731 1965 hoc
2762 1907 3192 1975 dormientibus,
3222 1906 3633 1966 dissidentibus

2052 2000 2199 2054 inter
2230 2014 2377 2061 sese.
2429 1991 2604 2054 altero
2639 2000 2876 2056 alterius
2947 2000 3251 2069 perniciem
3314 2000 3632 2069 Optantibus

2052 2102 2108 2147 et
2139 2092 2540 2149 molientibus?
2616 2091 2843 2148 Undeue
2878 2092 3130 2149 Ressario
3161 2107 3286 2148 cum
3322 2093 3517 2158 altero,
3542 2109 3633 2149 se-

2052 2200 2154 2240 nes
2182 2187 2367 2251 ambo,
2410 2187 2621 2241 incerta
2655 2186 2996 2248 valetudine,
3033 2187 3249 2243 viribus
3302 2187 3486 2249 fracti.
3539 2202 3632 2242 ar-

2053 2277 2264 2334 cebunt
2296 2288 2509 2334 tantum
2551 2277 2720 2335 Turci
2762 2280 3028 2350 impetum
3065 2279 3463 2350 potentissimi,
3493 2296 3627 2335 san-

2055 2372 2280 2445 guinem
2312 2370 2695 2427 Christianum
2754 2372 3111 2432 anhelantis?
3160 2372 3440 2443 Ineptum,
3496 2372 3637 2428 stul-

2058 2480 2195 2535 tum,
2228 2466 2448 2525 inutile.
2479 2466 2639 2530 Veni,
2691 2464 2992 2534 migremus
3045 2447 3175 2521 alio.
3237 2465 3637 2537 Relinquamus

2055 2557 2405 2629 principibus
2452 2557 2624 2613 Italiae
2661 2572 2850 2612 curam
2880 2558 3060 2614 istam.
3100 2546 3232 2614 Nam
3261 2566 3318 2615 et
3369 2558 3449 2614 illi
3512 2573 3616 2614 nos

2057 2652 2432 2723 reliquerunt,
2463 2660 2629 2721 atque
2658 2650 2965 2707 obaudiunt
2996 2651 3231 2722 jamdiu,
3276 2664 3538 2722 tanquam
3600 2665 3637 2708 ο

2057 2746 2287 2815 speculo
2318 2745 2651 2809 clamantes,
2685 2744 3075 2814 przedicentes,
3104 2752 3418 2814 proponent
3440 2757 3480 2798 ~s
3507 2751 3642 2799 ante

2059 2836 2252 2891 oculos
2284 2850 2479 2892 eorum
2515 2835 2790 2908 pericula.
2827 2835 3096 2906 Optemus
3135 2844 3317 2892 tamen
3358 2833 3541 2889 adhuc
3569 2833 3643 2893 ab

2059 2929 2359 2985 immortali
2422 2930 2534 2986 Deo
2586 2929 2873 2986 Salvatore
2930 2930 3145 2990 nostro,
3197 2936 3259 2981 ut
3305 2924 3650 2985 criminibus

2063 3023 2276 3078 nostris
2308 3023 2591 3094 ignoscat;
2623 3032 2680 3077 et
2716 3022 2903 3085 ﬁdem,
2934 3023 3095 3093 cujus
3150 3031 3208 3077 et
3263 3023 3408 3077 lator
3441 3018 3547 3075 fuit
3582 3027 3643 3075 et

372 3117 714 3185 audiendus,
751 3111 1222 3177 contemnendus.
1284 3119 1329 3178 0
1390 3131 1607 3193 turpem
1662 3121 1952 3179 hominum
1983 3149 2026 3206 ε
2060 3126 2275 3184 auctor,
2303 3130 2469 3186 quam
2500 3115 2567 3170 ad
2596 3114 2927 3172 surculorum
2977 3113 3142 3170 ﬁnem
3172 3128 3454 3186 nunquam
3484 3126 3647 3169 ocea-

374 3210 768 3282 ignorantiam,
812 3228 847 3269 o
901 3214 1239 3281 vecordiam,
1270 3230 1303 3269 ο
1325 3215 1640 3272 insanabile
1673 3215 1887 3278 odium.
1919 3230 1953 3271 ο

374 3312 707 3372 inimicitias
758 3314 956 3372 stultas
990 3298 1046 3370 et
1079 3315 1359 3371 inauditas
1423 3331 1547 3385 qua:
1574 3316 1626 3370 in
1664 3316 1952 3371 auctorum

372 3404 589 3461 viscera
613 3407 868 3473 saeviunt,
896 3410 1151 3478 quamvis
1178 3407 1231 3461 in
1259 3407 1398 3463 alios
1428 3418 1701 3476 susceptze
1731 3408 1955 3462 vidcan-

348 3498 508 3553 ἐιη-ι
546 3495 705 3563 Veni,
732 3489 1321 3572 BesSatio,rfugiamus
1348 3499 1535 3577 simul.
1566 3499 1856 3555 Proximus
1902 3513 1957 3557 ttt

383 3605 448 3647 es
477 3591 724 3661 periculo
756 3608 771 3646 :
804 3607 906 3663 ego
937 3594 1245 3662 proximus.
1278 3594 1450 3649 Paulo
1481 3596 1629 3651 enim
1664 3607 1788 3665 post
1818 3613 1957 3666 pra:-

382 3692 471 3739 sto
505 3682 613 3738 erit
655 3683 956 3739 Brundusii
1014 3686 1228 3741 navalis
1284 3686 1594 3743 Turcorum
1656 3692 1960 3757 exercitus,

385 3782 591 3845 praesto
624 3774 875 3846 Neapoli,
911 3787 1111 3847 praesto
1162 3776 1366 3834 Romae.
1402 3779 1519 3834 Jam
1580 3760 1652 3835 ita
1694 3781 1831 3835 mari
1866 3782 1965 3836 do-

387 3866 654 3933 minatur,
689 3867 914 3926 Venetis
940 3872 1287 3939 cedentibus,
1328 3872 1796 3943 quemadmodum
1854 3885 1965 3930 ter-

388 3979 475 4019 ra.
504 3962 582 4018 lta
635 3963 758 4021 istis
785 3964 1243 4046 consultantibus,
1302 3965 1575 4039 trajicient
1611 3971 1665 4023 in
1707 3968 1965 4039 Apuliam

388 4060 562 4114 multa
621 4057 864 4114 militum
901 4060 1097 4125 millia,
1134 4061 1339 4132 quibus
1392 4060 1719 4129 abundant;
1780 4062 1852 4117 ab
1903 4061 1973 4118 iis

392 4154 647 4225 quotidie
668 4152 801 4213 ﬁent
831 4152 1181 4211 incursiones
1212 4153 1267 4209 in
1296 4170 1487 4227 agrum
1517 4154 1967 4226 Neapolitanum,

361 4234 447 4305 'in
477 4249 811 4305 Romanum.
845 4247 1140 4317 Cedamus,
1172 4250 1425 4320 inquam,
1460 4258 1616 4306 tanto
1638 4250 1871 4317 turbini,
1902 4265 1974 4307 ne

391 4358 499 4400 nos
533 4344 741 4415 pariter
769 4341 864 4399 hic
898 4346 1210 4413 opprimat;
1248 4342 1447 4399 infensi
1480 4343 1557 4400 illi
1584 4345 1809 4415 quidem
1844 4352 1975 4400 sunt

396 4437 618 4513 nomini
651 4452 796 4502 meo,
828 4443 883 4492 et
915 4436 1012 4495 tibi
1044 4445 1270 4506 prepter
1306 4452 1413 4507 me,
1449 4439 1663 4493 tametsi
1697 4437 1852 4493 nullo
1878 4451 1976 4492 eos

2065 3227 2250 3267 suram
2285 3210 2570 3282 pollicitus
2607 3212 2665 3268 in
2718 3212 2885 3268 tantis
2933 3211 3113 3275 malis,
3142 3226 3265 3283 quae
3323 3208 3486 3265 nobis
3542 3210 3649 3265 int-

2064 3304 2328 3375 pendent,
2366 3314 2482 3385 tum
2518 3314 2741 3376 urgent,
2773 3313 3017 3361 tueatur.
3062 3305 3181 3361 Non
3214 3306 3651 3361 intcrmittamus

2064 3397 2273 3454 hortari
2301 3407 2356 3454 ct
2386 3414 2578 3471 rogare
2603 3398 2879 3471 principes
2897 3406 3138 3463 nostros,
3160 3406 3221 3452 ut
3244 3396 3311 3452 ad
3338 3411 3647 3460 sacrorum,

2048 3489 2547 3565 ‘cmrcmoniarum,
2582 3492 2754 3549 totius
2790 3490 3132 3561 principatus
3164 3489 3528 3547 ecclesiastici
3564 3505 3651 3543 sa-

2074 3583 2274 3649 lutem.
2306 3584 2539 3640 consilia
2596 3585 2780 3641 omnia
2822 3582 3130 3652 conferant,
3168 3582 3437 3649 laborem,
3489 3581 3661 3637 indu-.

2078 3677 2295 3742 striam,
2336 3677 2750 3749 cogitationem,
2782 3684 2956 3732 totum
3011 3676 3256 3732 animum
3286 3685 3452 3745 atque
3506 3676 3659 3745 inge~

2072 3768 2251 3824 nium.
2309 3767 2663 3840 Appellemtts
2695 3767 2898 3824 Sicilia:
2946 3784 3129 3838 regem
3179 3766 3655 3829 ﬂorentissimum,

2074 3879 2336 3935 rogemus
2363 3863 2693 3934 ut,imperii
2724 3864 2809 3918 sui
2887 3862 3091 3917 finibus
3154 3860 3421 3927 tutandis,
3479 3876 3663 3929 neque

2076 3978 2231 4027 cura,
2265 3976 2448 4031 neque
2482 3960 2684 4028 opibus
2711 3958 2874 4015 desit.
2928 3957 3039 4013 Res
3070 3958 3174 4028 ipsi
3208 3956 3314 4012 erit
3344 3971 3469 4011 cum
3500 3955 3662 4011 hoste

2076 4055 2264 4125 vicino
2292 4064 2350 4109 et
2410 4053 2820 4124 potentissimo.
2853 4050 3158 4107 Consulant
3197 4048 3365 4105 rebus
3393 4048 3509 4104 suis
3549 4046 3663 4105 τυ·-

2079 4147 2183 4212 sci,
2212 4135 2466 4218 Ligures,
2490 4144 2775 4209 Insubres,
2807 4141 3041 4199 Veneti:
3074 4143 3321 4212 cogitent
3349 4156 3458 4212 quo
3501 4152 3665 4211 pacto

2082 4241 2152 4296 ab
2175 4239 2363 4295 hostili
2394 4237 2604 4294 Saevitia
2633 4236 2735 4292 tuti
2771 4236 2904 4292 sint.
2938 4235 3101 4291 Nulla
3140 4236 3293 4292 inter
3318 4250 3452 4291 oves
3477 4245 3535 4290 et
3574 4234 3665 4289 lu-

2083 4349 2185 4405 pos
2211 4334 2409 4405 gratia.
2428 4330 2652 4395 Nullum
2683 4332 2829 4385 inter
2852 4330 3113 4401 profanos
3144 4329 3402 4385 homines
3424 4339 3482 4386 et
3502 4328 3668 4384 Chri-

2086 4426 2296 4482 stianos
2323 4425 2416 4497 jus
2449 4425 2731 4486 amicitia}.
2763 4423 2883 4485 Non
2933 4422 3121 4487 donis,
3163 4437 3275 4478 non
3332 4422 3672 4478 muneribus

396 4546 640 4603 unquam
674 4518 833 4587 aii'eci
870 4529 1225 4585 incommodo
1260 4540 1352 4584 aut
1383 4531 1657 4595 lacessivi,
1688 4546 1798 4587 non
1845 4547 1979 4587 sane
2007 4519 2062 4582 D
2089 4532 2320 4593 pacatur
2348 4518 2525 4600 hostis
2560 4517 2857 4581 immanis.
2892 4516 3184 4572 barbal‘tIS-
3225 4515 3386 4572 Νυιιιὶ
3444 4515 3685 4579 metu

398 4627 533 4700 quia
564 4616 876 4689 noluerim,
906 4622 999 4679 sed
1034 4623 1181 4694 quod
1218 4611 1333 4678 non.
1360 4624 1536 4695 potui.
1572 4623 1821 4680 Locutus
1858 4640 1980 4681 sum

400 4721 595 4781 multa.
634 4734 760 4777 cum
795 4708 951 4785 alibi,
989 4726 1106 4771 tum
1147 4715 1200 4771 in
1226 4728 1442 4775 senatu.
1466 4716 1762 4787 Nunquam
1789 4716 1984 4775 destiti

401 4814 663 4879 suadere,
693 4827 943 4876 mouere,
974 4808 1297 4889 praedicere,
1358 4824 1576 4881 rogare.
1617 4810 1741 4866 Non
1805 4811 1987 4867 defuit

404 4908 687 4972 voluntas,
724 4921 850 4978 quae
886 4904 1273 4962 inimicissima
1307 4902 1458 4969 illis;
1496 4904 1638 4958 hanc
1668 4903 1874 4959 acriter
1903 4905 1989 4960 ul~

406 5003 709 5060 eisccntur.
741 4998 906 5059 Yeni,
936 4997 1135 5053 demus
1165 4997 1349 5051 locum
1406 4997 1522 5053 irae.
1618 5067 1621 5069 ἓ

406 5139 411 5145 .
485 5094 696 5152 Delirat
736 5090 1012 5157 Bessario,
1041 5091 1273 5156 insanit,
1302 5105 1495 5151 senex,
1530 5087 1789 5160 frigidus,
1843 5088 1994 5144 timio

409 5191 541 5253 dus.
572 5186 848 5253 Profecto,
880 5185 951 5241 mi
985 5184 1257 5248 Bessario,
1315 5198 1427 5245 non,
1459 5181 1664 5236 insanit
1691 5182 1990 5239 ,Bessario.

412 5284 499 5341 Tu
530 5297 593 5339 es
625 5280 760 5341 mihi
788 5279 966 5339 testis.
988 5292 1113 5332 cum
1142 5273 1400 5331 Bononiae
1430 5289 1706 5337 essemus,
1734 5282 1792 5328 et
1815 5274 1996 5329 adhuc

411 5375 696 5439 Paschal's
731 5370 1155 5438 nuncupareris,
1189 5379 1358 5439 atque
1409 5366 1606 5421 allatus
1635 5376 1785 5422 esset
1820 5367 2000 5421 infeli-

414 5468 680 5529 cissimus
706 5465 802 5521 ille
823 5464 891 5520 de
916 5461 1071 5516 urbis
1108 5459 1430 5531 Byzantina».
1458 5456 1682 5512 excidio
1740 5457 1996 5523 nuntius,

415 5577 484 5633 ca
512 5560 721 5626 omnia,
764 5573 885 5631 quae
915 5566 1104 5627 postea
1140 5560 1438 5609 consecuta
1471 5560 1627 5615 sunt,
1664 5564 1753 5606 me
1811 5549 2000 5606 futura

420 5652 764 5726 pmdixisse,
792 5666 904 5706 non
932 5665 998 5704 ea
1035 5663 1166 5704 sane
1196 5647 1264 5702 de
1291 5660 1479 5708 causa,
1512 5642 1663 5713 quod
1734 5644 1816 5698 vel
1872 5659 2004 5713 pruo

423 5748 613 5811 tientia
641 5745 963 5811 excellenti,
1019 5744 1104 5798 vel
1149 5737 1515 5797 divinationis
1571 5737 1762 5792 l'urore
1816 5737 2005 5811 aliquo

427 5844 771 5918 deepicerem
802 5854 923 5912 quze
951 5838 1042 5894 alii
1077 5852 1187 5892 non
1212 5841 1505 5911 cernerent
1530 5848 1546 5899 ;
1585 5832 1679 5887 scd
1709 5830 1857 5901 quod
1886 5846 2005 5886 cm-

2084 4613 2352 4686 religione
2388 4621 2607 4675 tenetur
2638 4610 2905 4682 perﬁdus,
2940 4624 3048 4665 non
3073 4609 3675 4666 movetur-miserim»

2089 4705 2182 4762 dia
2213 4704 2661 4767 crudelissimus.
2722 4702 3024 4767 Dominari,
3081 4716 3342 4771 praeesse,
3394 4701 3680 4769 imperare

2069 4797 2282 4870 .cupit;
2318 4811 2521 4861 cruore
2552 4794 2863 4861 etilamma
2894 4804 3103 4851 cuncta
3140 4792 3325 4847 delere
3358 4792 3497 4846 vnit.
3533 4790 3677 4847 Stth

2085 4893 2279 4964 jngere
2303 4890 2410 4958 sibi
2434 4898 2667 4945 cunctos
2691 4888 2898 4944 studet.
2948 4885 3263 4952 Quisillnm
3304 4900 3334 4938 a
3371 4893 3526 4939 tanto
3587 4885 3675 4939 vl-

2093 4989 2283 5044 ctoria:
2312 5001 2476 5041 cursu
2512 4980 3200 5050 retardabiti~Peragrabit
3242 4988 3427 5036 totum
3472 4978 3675 5035 Siciliae

2092 5094 2347 5152 regnum.
2380 5078 2611 5148 Romam
2645 5090 2821 5144 usque
2856 5072 3174 5145 perveniet.
3210 5072 3345 5139 Quis
3373 5072 3478 5127 erit
3507 5072 3681 5143 impe-

2098 5170 2393 5241 dimento‘i
2430 5168 2842 5242 llypcrhoreine
2896 5165 3121 5235 populi,
3175 5172 3233 5218 et
3259 5173 3453 5234 gentes
3488 5178 3677 5218 remo-

2098 5264 2365 5319 tissimae?
2400 5264 2467 5316 At
2499 5261 2613 5329 illis
2645 5270 2753 5315 tam
2780 5258 2966 5316 nullus
3002 5257 3200 5313 harum
3236 5272 3421 5313 rerum
3458 5270 3678 5317 sensus,

2100 5372 2265 5428 quam
2297 5354 2477 5412 oﬂieio
2517 5352 2761 5409 alienum
2795 5360 2991 5420 putant
3015 5366 3115 5420 pro
3149 5350 3327 5404 aliena
3355 5347 3534 5403 salute
3562 5362 3683 5401 sese

2100 5451 2156 5505 iu
2192 5447 2493 5509 discrimen
2531 5444 2761 5501 oﬂerrc.
2794 5442 3029 5508 Gallina,
3092 5440 3365 5506 Britanni,
3401 5439 3682 5503 Germani,

2101 5552 2304 5611 exterae
2330 5538 2620 5598 nationes?
2650 5536 2722 5593 At
2766 5535 2961 5607 procul
2998 5544 3130 5591 sunt
3163 5548 3192 5587 a
3229 5532 3475 5603 periculo
3504 5548 3519 5583 :
3557 5546 3671 5586 non

2104 5635 2545 5711 putantltaliam
2580 5632 2633 5688 in
2678 5632 2862 5687 medio
2914 5629 3189 5709 periculo.
3257 5643 3453 5699 magna
3500 5640 3691 5680 rerum

2107 5729 2526 5803 perturbatione
2564 5735 2877 5781 versantem
2911 5737 3151 5787 cessare,
3185 5728 3278 5775 aut
3313 5720 3550 5788 sopitam
3599 5731 3689 5774 es-

2110 5840 2190 5894 se,
2217 5838 2382 5895 quam
2418 5819 2648 5876 inﬁnitis
2678 5831 2820 5891 pene
2855 5816 3151 5888 triumphis
3199 5825 3252 5872 ct
3285 5814 3523 5870 hostium
3554 5822 3685 5879 81)οε
