4064 6148
483 263 584 327 651

476 379 571 435 liis
602 378 924 441 decoratam
983 404 1105 448 csse
1158 393 1365 453 sciunt.
1397 399 1616 468 ltaliue,

475 473 749 549 imminet,
783 480 986 548 quibus
1015 484 1247 548 cmdeut.
1275 487 1505 562 ferrum,
1534 473 1883 567 servitutem,
1913 504 2061 560 exsi-

476 571 871 632 lia.denuntiat
898 586 954 634 et
983 586 1266 639 ostentat?
1292 588 1591 657 Atnolunt,
1618 597 1922 666 negligant,
1947 616 2055 655 non

483 677 717 733 possunt
747 666 948 726 adduci
1003 681 1062 727 ut
1091 675 1329 732 credant
1351 679 1473 735 sese
1512 684 1651 739 adeo
1712 692 2057 761 propinquos

476 770 599 811 esse
642 761 929 829 periculo;
960 767 1075 821 suis
1106 768 1320 827 viribus
1356 775 1643 833 eonﬁduut
1698 783 1953 848 nimium,
1997 796 2058 841 ut

480 849 641 919 plane
677 856 981 914 verendum
1035 861 1128 925 sit,
1187 880 1255 920 ne
1287 866 1341 921 in
1372 870 1491 923 suis
1539 875 1739 941 pOLitlS,
1782 893 1944 949 quam
2000 881 2057 936 in

478 943 655 1001 hostis
691 945 893 1006 finibus
920 959 1297 1013 castrametari
1353 972 1517 1033 atque
1571 943 1875 1024 exercitum
1911 976 2059 1030 alere

476 1048 768 1109 cogantur.
791 1041 926 1097 Veni
955 1043 1093 1116 jam,
1118 1048 1367 1108 Bessario
1394 1074 1408 1120 ;
1435 1070 1682 1124 petamus
1702 1072 2056 1120 sontudmem

477 1139 529 1183 et
563 1130 777 1187 deserta
809 1134 946 1190 loca.
982 1138 1127 1194 Satis
1166 1157 1229 1195 ex
1266 1142 1447 1200 terrm:
1477 1151 1719 1206 civilium
1754 1165 1901 1210 statu
1934 1174 2061 1228 pet"-

477 1222 749 1291 cepimus.
777 1224 978 1284 Parum
1011 1232 1174 1296 nobis
1206 1236 1330 1291 vitro
1355 1253 1633 1308 superest,
1672 1255 1725 1298 et
1759 1249 1896 1303 mihi
1934 1222 2057 1322 tqui

477 1314 666 1369 senior
694 1332 840 1383 sum,
871 1331 924 1374 et
958 1323 1056 1379 tibi
1082 1326 1175 1394 qui
1204 1327 1553 1388 itnhccilSior.
1587 1336 1642 1391 Si
1688 1339 1872 1408 aliqua
1911 1314 2059 1400 iu‘re

476 1407 835 1499 consiliorum
866 1421 1205 1484 nostrorum,
1235 1420 1399 1485 vocis,
1432 1428 1704 1494 corporis,
1740 1407 2060 1499 reipublicte

476 1492 805 1554 Christianae
836 1516 967 1558 usus
992 1515 1163 1566 esset.
1192 1492 1699 1572 ntaucudumvsauc»
1720 1492 1899 1576 adii-uc
1932 1539 2063 1579 cott—

478 1596 681 1658 serem,
714 1593 898 1651 adhuc
932 1596 1317 1656 laborandum.
1356 1603 1468 1673 Ego
1499 1622 1629 1663 vero
1652 1612 1763 1680 iam
1794 1622 1869 1667 tot
1901 1615 2060 1671 anuis

482 1694 717 1740 conatus
743 1689 925 1756 quoad
960 1694 1138 1760 potui,
1177 1694 1317 1751 nihil
1348 1698 1692 1765 professione
1742 1720 1886 1771 mea,
1918 1707 2055 1763 nihil

1452 284 1959 359 BESSARIONIS
2000 296 2055 361 S.
2100 301 2173 363 R.
2213 306 2278 369 E.
2306 308 2776 373 CARDINALIS

3632 306 3746 373 652

1650 408 1854 475 quibus
1891 410 2072 470 hostis
2102 429 2140 481 Α
2177 426 2269 479 Dei
2311 427 2639 484 itttttmt'taiis
2669 403 3135 498 templa.nomos,
3162 428 3346 489 sedes,
3393 441 3537 491 aras,
3572 426 3745 491 focos,

2165 519 2417 586 sepulcra
2467 522 2760 587 majorum,
2817 520 2985 589 leges,
3018 517 3353 584 libertatem,
3380 517 3604 585 liberos,
3643 533 3744 588 pa—

2161 612 2320 665 triam
2356 613 2409 665 in
2460 613 2706 678 periculo
2758 613 2994 676 versari,
3028 627 3136 671 non
3166 610 3444 671 excitetur
3474 610 3741 666 adversus
3824 636 3827 637 ν

2162 702 2403 765 hostem,
2427 713 2482 758 et
2505 720 2613 759 non
2636 704 2797 759 modo
2816 704 3063 764 fortunas
3080 716 3295 768 omnes,
3317 716 3453 771 quas
3470 701 3751 761 antliab‘et

2163 807 2258 851 aut
2292 796 2583 852 habiturus
2610 803 2716 857 est.
2738 796 2833 857 sed
2859 794 3023 851 vitam
3050 778 3222 865 ipsam
3250 794 3304 849 in
3336 793 3633 850 discrimen
3656 792 3751 848 of.

2163 886 2326 958 ferat,
2360 896 2413 941 et
2448 902 2571 942 cum
2623 887 2886 957 dignitate
2923 884 3123 952 cadere
3151 886 3347 952 malit,
3396 901 3564 955 quam
3618 899 3746 940 cum

2164 980 2465 1049 ignominia
2495 981 2746 1050 servirem?
2778 982 2965 1053 itaque
2999 990 3261 1060 perpetua
3299 980 3550 1039 oratione
3589 980 3751 1035 nobis

2159 1075 2484 1128 enitendum
2522 1083 2627 1136 est.
2651 1090 2763 1129 non
2798 1084 2860 1129 ut
2895 1074 3049 1130 vobis
3077 1074 3421 1145 principibus
3448 1072 3746 1142 sapientis-

2164 1168 2338 1232 simis,
2390 1169 2595 1233 quibus
2632 1168 2769 1233 ,ιιιρο
2833 1175 2965 1225 sunt
3009 1167 3182 1237 magis
3222 1165 3523 1235 explorata,
3580 1178 3745 1234 quam

2164 1260 2347 1325 nobis,
2401 1260 2506 1314 ista
2545 1259 3004 1329 persuadeamus,
3060 1258 3155 1314 sed
3204 1267 3263 1312 ut
3292 1268 3420 1313 ante
3456 1260 3649 1312 oculos
3678 1257 3747 1328 iis

2163 1350 2470 1419 periculum
2495 1366 2892 1421 proponamus.
2920 1351 3039 1422 qui,
3066 1349 3196 1405 dum
3228 1349 3417 1420 procul
3446 1349 3745 1407 admodum

2162 1456 2192 1493 a
2223 1440 2471 1508 periculo
2510 1456 2567 1495 se
2601 1440 2795 1496 abesse
2823 1448 3041 1511 putant,
3077 1440 3261 1496 futura
3298 1442 3617 1510 prospicere
3647 1455 3746 1494 ne-

2161 1539 2395 1601 queuut.
2436 1531 2605 1607 Juvat
2641 1532 2808 1601 igitur
2847 1533 3089 1603 primum
3124 1532 3371 1591 omnium
3421 1532 3491 1587 de
3533 1532 3747 1601 origine

2160 1607 2461 1693 eligenere
2511 1638 2575 1678 ac
2627 1626 2842 1679 viribus
2895 1624 3207 1684 Turcorum
3257 1626 3503 1686 breviter
3536 1625 3745 1695 aliquid

2163 1729 2623 1780 commemorare,
2674 1716 2839 1786 plane
2874 1726 2932 1771 ut
2978 1732 3173 1773 omnes
3218 1717 3561 1787 intelligant.
3620 1718 3747 1774 Haec

483 1775 876 1880 tract-tignitate
908 1783 1140 1851 profeci.
1180 1786 1285 1851 Tu,
1317 1792 1569 1858 quamvis
1606 1796 1684 1848 tui
1720 1797 1929 1852 ordinis
1962 1796 2061 1852 ho-
2093 1775 2619 1875 B_Athumanorum'
2662 1775 2893 1873 familia,
2954 1806 3184 1864 minima
3218 1775 3540 1867 ‘Turcorutn
3590 1824 3744 1880 pars.

484 1867 726 1926 minibus
774 1876 970 1943 prosis,
1004 1879 1130 1946 plus
1168 1886 1349 1935 tamen
1405 1884 1659 1952 proﬁcies
1723 1894 1940 1943 mecum
2004 1890 2058 1945 in

482 1966 651 2019 rebus
679 1969 1140 2040 contemplandis,
1172 1974 1286 2037 ubi,
1320 1976 1364 2029 si
1393 1978 1446 2031 iu
1470 1972 1685 2035 desidia
1743 1982 1853 2039 ista
1886 1985 2062 2053 persi—

481 2066 635 2113 stant
665 2058 986 2124 Christiani,
1029 2064 1129 2119 soli
1165 2068 1272 2122 [leo
1305 2069 1573 2137 vivamus,
1624 2082 1680 2125 et
1711 2074 1870 2129 nobis
1903 2076 2058 2145 ipsis.

479 2149 603 2205 Alat
646 2166 767 2215 nos,
827 2156 920 2222 qui
977 2157 1100 2211 coeli
1134 2158 1372 2214 volatilia
1426 2170 1483 2215 et
1549 2164 1757 2221 bestias
1800 2169 1922 2237 agri
1961 2163 2060 2226 sua

480 2241 774 2299 clementia
807 2246 990 2301 satiat.
1025 2248 1214 2318 Neque
1240 2268 1405 2321 grave
1445 2267 1541 2307 aut
1572 2255 1791 2313 dilllcile
1819 2259 1937 2314 fore
1964 2277 2059 2315 ar-

473 2335 657 2391 bitror
693 2334 890 2394 divina:
921 2340 1241 2397 liberalitati
1281 2345 1420 2400 duos
1452 2346 1873 2413 homunciones.
1929 2368 2060 2424 per-

480 2442 644 2497 quam
700 2430 851 2486 hrevi
913 2442 1179 2501 tempore,
1211 2438 1359 2507 quod
1416 2439 1575 2514 nobis
1627 2441 1902 2515 reliquum
1954 2440 2061 2517 est,

479 2520 597 2587 suis
629 2522 829 2593 opibus
863 2536 1202 2583 sustentare.

481 2724 861 2811 Basstntoms,
896 2732 1144 2811 episcopi,
1174 2734 1702 2811 Sabini,_catjdinalis
1731 2739 1957 2811 Nicani,
1993 2743 2065 2797 ad

556 2801 944 2883 illustrissimus
975 2801 1333 2883 fastigiaque
1363 2801 1573 2883 italia:
1635 2812 1900 2883 principes
1920 2801 1955 2880 ,’
1999 2812 2063 2867 de

554 2871 806 2937 periculis
838 2871 1456 2933 imminentibusoratio.

560 2980 728 3036 Multa
771 2994 901 3040 sunt
930 2986 1202 3056 proiecto,
1239 2989 1598 3047 illustrissimi
1632 2991 1930 3067 inclytique
1960 2996 2065 3052 ita-

481 3073 575 3139 lia:
605 3077 903 3147 principes,
924 3085 1058 3149 quae.
1088 3079 1156 3135 ad
1186 3096 1324 3149 rem,
1355 3082 1423 3138 de
1455 3099 1561 3154 qua
1600 3076 1944 3142 consulimur
1974 3104 2064 3143 co-

484 3170 731 3243 gitando.
789 3147 1047 3239 dicenda,
1095 3183 1157 3229 ut
1205 3147 1524 3232 facienda-rt
1573 3168 1735 3235 nobis
1787 3193 1936 3236 sunt.
1984 3180 2062 3235 Ea
2092 3147 2133 3217 (ί

484 3264 673 3325 omnia
717 3264 764 3319 si
804 3266 1063 3336 persequi
1110 3266 1167 3321 in
1214 3269 1503 3338 prmsentia
1537 3270 1797 3340 velimus,
1828 3288 1932 3329 nec
1961 3262 2064 3328 nos

486 3372 709 3413 set-vare
752 3357 977 3414 modum
1014 3360 1071 3415 in
1101 3360 1363 3428 dicendo,
1395 3362 1499 3420 nec
1547 3370 1645 3419 vos
1682 3362 1736 3421 in
1785 3367 2066 3424 audiendo

488 3450 743 3506 molestia
776 3447 967 3506 carere
1011 3454 1293 3522 peteritis.
1325 3453 1780 3532 Reliquis'igitur
1811 3458 1868 3514 in
1913 3448 2065 3516 aliud

489 3549 712 3611 tempus
743 3543 1061 3609 reservatis,
1089 3544 1161 3599 de
1196 3560 1302 3601 una
1341 3549 1554 3602 tantum
1585 3549 1855 3619 particula
1896 3542 2073 3606 disse-

490 3642 703 3699 ﬁamus.
735 3644 790 3691 et
820 3640 887 3690 ea
915 3636 1137 3707 quidem
1164 3640 1603 3711 pernecessaria,
1639 3660 1763 3714 qua:
1793 3643 1836 3698 si
1868 3637 2067 3701 satis’a

424 3732 453 3767 '.
489 3724 656 3781 nobis
705 3726 970 3797 explicari
1004 3731 1201 3800 possit,
1233 3732 1309 3789 ita
1335 3742 1396 3787 ut
1427 3732 1481 3787 in
1511 3735 1714 3791 animis
1749 3718 1951 3793 vestris
1985 3739 2069 3793 in-

491 3816 721 3885 haereat,
746 3833 814 3874 ac
840 3820 1126 3877 veritatem
1157 3822 1493 3893 cogitatione
1521 3836 1795 3897 attingere
1818 3819 2067 3896 valeatis,

488 3908 673 3966 facilis
697 3910 771 3967 ad
803 3910 1016 3983 reliqua
1049 3912 1232 3968 futura
1277 3923 1364 3971 est
1395 3915 1506 3981 via,
1538 3923 1600 3970 ut
1642 3917 1783 3972 nihil
1830 3920 2069 3989 amplius

489 4005 728 4069 arduum
777 4006 955 4064 videri
986 4018 1178 4079 queat.
1210 4009 1265 4066 Id
1299 4026 1434 4067 vero
1472 4012 1633 4068 facile
1663 4028 1765 4070 nos
1802 4028 2071 4069 consecu-

490 4102 652 4160 turos
693 4094 1055 4165 arbitramur,
1101 4100 1148 4153 si
1176 4092 1564 4169 probabilibus
1622 4102 1969 4157 documentis
2011 4100 2070 4157 et

491 4188 807 4246 rationibus
835 4191 1129 4248 ostendere
1158 4194 1469 4263 poterimus
1500 4196 1731 4251 maxima
1771 4200 1906 4260 hac,
1946 4211 2069 4267 quae

487 4276 816 4349 impendere
848 4284 1131 4342 cernimus
1150 4286 1417 4357 pericula,
1444 4296 1500 4342 et
1520 4286 1879 4358 gravissimus
1904 4292 2068 4358 atque

490 4372 887 4443 acerbissimos
934 4390 1120 4443 casus,
1161 4394 1269 4433 non
1307 4377 1473 4433 unius
1515 4390 1614 4433 aut
1654 4379 1907 4447 alterius,
1956 4382 2067 4435 lien

2165 1918 2194 1955 a
2242 1917 2407 1971 quam
2437 1917 2617 1977 parvo
2650 1901 2973 1975 humilique
3026 1902 3324 1973 principio,
3375 1919 3539 1973 quam
3584 1900 3745 1957 brevi

2170 1976 2468 2064 tempore,
2533 1976 2799 2065 Solertia,
2854 1987 3141 2064 diligentia
3193 2008 3259 2050 ac
3322 1994 3604 2066 vigilantia
3648 2007 3749 2051 sua

2159 2070 2220 2139 in
2269 2075 2492 2159 tantum
2541 2085 2819 2158 fastigium
2871 2075 3124 2153 venerit,
3161 2096 3222 2142 ut
3257 2086 3370 2155 jam
3417 2101 3530 2142 non
3581 2085 3748 2143 modo

2169 2164 2400 2249 reliquis
2448 2178 2813 2243 nationibus,
2881 2178 2977 2234 sed
3029 2178 3130 2250 ipsi
3175 2180 3586 2250 provinciarum
3647 2196 3747 2234 no.

2166 2270 2447 2326 bilissimas
2512 2270 3021 2341 potentissimaeque
3076 2270 3284 2336 Italiae,
3347 2279 3403 2329 et
3470 2271 3747 2342 imperare

2163 2374 2424 2428 assueta,
2446 2367 2657 2439 stupori
2696 2380 2759 2421 ac
2793 2363 3075 2431 formidini
3105 2365 3196 2420 sit.
3230 2364 3537 2421 Turcorum
3566 2366 3742 2432 natio,

2163 2473 2288 2512 cum
2336 2440 2660 2527 aliquandiu
2710 2457 2990 2523 Persiam,
3044 2457 3308 2519 Mediam.
3362 2456 3742 2529 Babyloniam,

2161 2534 2440 2611 Arabiam,
2473 2546 2685 2619 Syriam
2708 2557 2763 2603 et
2790 2548 3085 2607 nonnullas
3105 2548 3240 2604 alias
3267 2547 3573 2617 superioris
3595 2546 3738 2619 Asia:

2163 2651 2346 2714 partes
2395 2641 2684 2703 tenuisset,
2732 2640 2951 2696 tandem
2991 2656 3116 2695 cum
3164 2641 3233 2695 ab
3276 2639 3472 2695 incolis
3514 2654 3637 2694 sese
3679 2638 3740 2694 in

2163 2735 2477 2791 libertatem
2517 2732 2948 2799 vindicantibus,
2980 2742 3095 2788 tum
3128 2734 3197 2789 ab
3227 2732 3349 2789 aliis
3381 2732 3737 2803 hyperboreis

2165 2826 2383 2905 populis
2433 2827 2563 2882 indu
2605 2827 2851 2895 expulsa,
2909 2827 2975 2880 ad
3026 2825 3319 2882 inferiores
3363 2826 3505 2884 Asize
3550 2834 3744 2896 partes

2155 2912 2474 2991 conﬂuxit;
2530 2930 2696 2988 atque
2749 2918 2822 2973 ibi
2860 2919 3049 2973 multis
3099 2919 3376 2989 variisque
3419 2918 3582 2974 bellis
3612 2934 3739 2973 cum

2165 3004 2481 3067 Graecorum
2528 3010 2764 3081 imperio
2813 3010 2982 3065 Marte
3036 3010 3259 3079 ancipiti
3307 3010 3497 3081 gestis,
3546 3009 3619 3064 ita
3667 3009 3736 3066 ad

2170 3114 2483 3159 extremum
2538 3107 2790 3174 superior
2828 3106 3023 3169 evasit,
3074 3112 3131 3157 ut
3180 3102 3577 3177 Pamphyliam,
3610 3104 3743 3159 Cili-

2168 3195 2332 3261 ciam,
2359 3194 2604 3268 Lyciam.
2632 3196 3053 3265 Paphlagoniam
3088 3195 3409 3272 reliquaque
3438 3195 3623 3269 omnia
3654 3195 3742 3251 illa

2168 3291 2289 3345 loca
2336 3284 2390 3343 in
2420 3290 2687 3344 ditionem
2722 3288 3018 3359 redegerit.
3062 3286 3169 3343 Sed
3218 3302 3353 3358 pace
3392 3284 3524 3341 foris
3562 3298 3739 3357 parta,

2168 3384 2363 3438 seditio
2389 3383 2537 3437 domi
2569 3378 2686 3437 orta
2711 3393 2819 3437 est.
2838 3382 2969 3436 Nam
2994 3380 3061 3436 de
3090 3381 3322 3453 imperio
3347 3380 3489 3433 inter
3513 3393 3571 3433 se
3602 3378 3744 3432 lerro

2170 3474 2433 3528 dimicare
2460 3484 2769 3544 creperum.
2804 3474 2974 3529 Erant
3023 3474 3168 3527 inter
3210 3486 3306 3527 eos
3347 3478 3555 3541 septem
3589 3468 3745 3524 nobi-

2170 3556 2338 3622 liores
2384 3568 2625 3629 familiae,
2670 3567 2736 3622 ad
2777 3582 2915 3635 quas
2956 3554 3260 3628 factionum
3295 3577 3595 3632 rerumque
3624 3577 3743 3616 om-

2170 3662 2323 3713 nium
2357 3674 2573 3713 summa
2607 3657 2986 3713 deferebatur.
3018 3655 3133 3720 liae,
3164 3656 3435 3712 bellorum
3463 3651 3742 3709 diuturni-

2172 3752 2283 3807 tate
2338 3751 2515 3813 fessae,
2566 3766 2681 3814 eas,
2728 3766 2866 3818 quas
2919 3749 3181 3811 diximus,
3227 3746 3540 3818 provincias
3598 3752 3742 3810 sorte

2170 3844 2358 3915 potius
2413 3858 2576 3912 quam
2625 3842 2793 3896 armis
2827 3839 3099 3903 dividere,
3151 3854 3213 3893 ac
3263 3837 3455 3908 partiri
3510 3845 3655 3890 inter
3685 3848 3742 3889 se

2170 3944 2502 3990 statuerunt.
2538 3934 2612 3988 Ita
2658 3932 2804 4003 quod
2854 3931 3207 4001 perexiguum
3242 3938 3296 3983 et
3340 3938 3504 3982 tenue
3551 3926 3732 4004 admo-

2171 4028 2301 4081 dum
2347 4037 2467 4080 erat
2522 4027 2835 4095 imperium,
2895 4024 2949 4078 in
2999 4032 3209 4093 septem
3245 4032 3440 4089 partes
3482 4019 3740 4074 divisum.

2170 4120 2608 4173 Athumanorum
2647 4117 2887 4174 familiar.
2919 4132 2981 4170 ex
3023 4130 3129 4183 qua
3166 4122 3390 4187 octavus
3418 4111 3526 4180 jam
3561 4118 3743 4179 regnat

2172 4221 2362 4267 nostro
2385 4222 2627 4280 tempore
2649 4210 2685 4262 Ἰ
2698 4222 2954 4261 ttrcnrnm
2980 4194 3274 4284 princeps,
3305 4203 3495 4257 Cilicia
3520 4202 3744 4269 locaque

2172 4297 2401 4358 finitima
2453 4303 2818 4357 obvenerunt.
2867 4300 2991 4355 limo
3023 4288 3330 4352 Turcorum
3365 4310 3475 4355 res,
3505 4293 3611 4376 hoc
3644 4290 3745 4367 ini-

2172 4396 2340 4463 tium,
2375 4396 2503 4451 inde
2550 4407 2688 4448 tanti
2724 4394 2951 4448 terroris
2997 4392 3173 4460 origo.
3221 4395 3518 4455 interiecto
3546 4382 3744 4439 deinde
3824 4444 3831 4449 η

493 4462 665 4525 trium
708 4478 856 4531 esse,
908 4467 1005 4523 sed
1042 4469 1214 4526 totius
1257 4462 1586 4526 Christianae
1629 4471 1970 4543 reipublicae.
2009 4481 2067 4527 et
2094 4490 2143 4558 ι)
2176 4496 2422 4554 tempore
2472 4482 2653 4554 hujus,
2704 4484 2798 4553 qui
2830 4499 2978 4537 nunc
3022 4488 3232 4551 regnat,
3266 4476 3434 4537 Turci
3470 4484 3681 4538 atavos,
3713 4488 3744 4527 a

491 4557 551 4621 in
582 4556 781 4627 primis
804 4557 973 4627 italia:
999 4562 1335 4619 communia.
1367 4564 1483 4620 Etsi
1515 4557 1663 4620 enim
1690 4562 1813 4620 aliis
1844 4564 2065 4635 quidem

490 4647 669 4717 prius,
692 4648 821 4719 aliis
846 4666 979 4717 vero
1002 4655 1280 4723 posterius
1302 4663 1452 4710 tanta
1474 4654 2067 4719 cala‘mitas‘imminet,

492 4741 563 4797 ad
593 4751 903 4801 extremum
934 4744 1256 4801 tamen‘una
1284 4746 1534 4801 omnium
1562 4746 1751 4803 futura
1780 4755 1863 4803 est
1882 4744 2071 4819 pernie

490 4835 628 4900 cies.
666 4849 732 4893 ac
778 4836 945 4910 hujus
978 4838 1157 4897 hostis
1186 4840 1367 4896 nostri
1414 4833 1566 4898 tanta
1618 4840 1793 4897 animi
1835 4836 2069 4898 vastitas

492 4932 726 5009 (utinam
753 4929 875 4997 falsi
904 4932 1062 4990 vates
1096 4932 1271 4989 simus
1288 4933 1329 5006 ι)
1360 4932 1623 4999 omnibus
1652 4923 1877 4993 tandem
1904 4938 2069 4991 mise-

494 5036 616 5078 rum
674 5032 842 5094 atque
895 5022 1324 5097 ignominiosum
1367 5027 1581 5085 exitum
1636 5029 1911 5096 allatura,
1961 5028 2067 5084 nisi

497 5112 716 5169 fortiter
740 5131 939 5188 magno
975 5118 1161 5179 animo
1190 5119 1321 5177 totis
1350 5120 1564 5177 viribus
1596 5110 1907 5179 resistatur.
1945 5121 2066 5189 una

500 5207 552 5258 in
585 5222 667 5270 re,
706 5207 753 5262 si
796 5224 989 5265 omnes
1033 5210 1089 5266 in
1127 5227 1303 5269 meam
1347 5214 1684 5284 sententiam
1724 5200 2072 5285 persuade-re

496 5309 752 5366 potuero,
795 5310 856 5358 ut
885 5318 994 5359 non
1028 5303 1190 5371 aliter
1221 5311 1385 5375 atque
1416 5314 1518 5377 ego
1548 5306 1729 5370 sentio
1770 5302 1828 5363 et
1871 5322 2068 5364 verum

496 5400 605 5455 est,
656 5391 761 5462 ipsi
814 5410 1041 5467 quoque
1079 5398 1343 5463 sentiant,
1383 5392 1635 5471 magnam
1669 5400 1920 5473 profecto
1948 5408 2068 5459 rem

500 5480 719 5549 fecisse,
758 5500 862 5543 nec
906 5486 1200 5553 dimidium
1249 5489 1455 5556 totius,
1482 5496 1549 5545 ut
1593 5490 1687 5548 ille
1723 5491 1928 5563 inquit,
1954 5491 2067 5548 fsed

498 5595 641 5651 opus
674 5582 947 5652 integrum
968 5596 1059 5639 me
1075 5575 1379 5641 absolvisse
1398 5584 1730 5645 arbitrabor.
1754 5586 1900 5653 Quis
1915 5587 2069 5651 enim

500 5674 641 5741 adeo
682 5673 884 5728 intirtni
927 5684 1088 5745 atque
1124 5674 1388 5733 imbecilli
1435 5677 1609 5734 animi
1653 5689 1763 5745 est,
1809 5679 1948 5734 adeo
1978 5681 2070 5737 sui

502 5765 783 5837 negligens
811 5778 863 5821 et
900 5770 1134 5838 propria:
1159 5768 1608 5837 salutis'obiitas,
1645 5771 1758 5843 qui,
1868 5771 2066 5829 viderit

2169 4594 2284 4649 quo
2314 4576 2409 4633 hic
2436 4585 2624 4631 sextus
2656 4580 2850 4629 ordine
2879 4573 3030 4645 regni
3063 4581 3339 4643 sceptrum
3375 4568 3607 4639 accepit,
3637 4581 3743 4621 non

2170 4667 2408 4735 viribus,
2438 4670 2548 4725 non
2573 4666 2799 4742 divitiis,
2830 4656 2939 4721 non
2968 4652 3201 4721 militum
3231 4677 3485 4745 numero,
3514 4675 3624 4715 non
3645 4659 3745 4713 imo

2170 4756 2316 4835 perii
2345 4752 2728 4833 magnitudine
2763 4759 2961 4822 fretus,
2989 4756 3084 4813 sed
3112 4756 3187 4811 Ob
3219 4754 3408 4839 civiles
3441 4750 3747 4808 discordias

2171 4856 2473 4911 accersitus
2524 4870 2554 4909 a
2600 4851 2805 4923 Grtecis
2848 4854 2902 4907 in
2955 4846 3228 4919 Europam
3276 4845 3511 4915 trajecit,
3564 4858 3742 4898 annus

2169 4960 2318 4999 nunc
2362 4943 2539 5001 ferme
2587 4943 2767 5013 agitur
2808 4930 3143 4995 centesimus
3175 4946 3231 4991 et
3259 4933 3594 4997 tricesimus,
3635 4947 3744 4987 non

2173 5045 2283 5092 tam
2318 5035 2387 5091 iis
2418 5036 2684 5092 adversus
2710 5028 2855 5102 ‘quos
2887 5040 3220 5104 provocatus
3248 5027 3451 5104 fuerat,
3482 5038 3647 5097 quam
3678 5021 3744 5078 iis

2171 5130 2266 5201 qui
2303 5129 2713 5185 accersiverant
2758 5124 3104 5195 perniciosus
3135 5115 3201 5173 ct,
3240 5118 3740 5197 pestilentissimus.

2172 5221 2442 5278 Paulatim
2472 5221 2619 5276 enim
2666 5233 2918 5289 serpens,
2953 5232 3019 5271 ac
3048 5214 3177 5279 sibi,
3210 5228 3318 5268 non
3359 5210 3557 5266 amicis
3580 5210 3745 5279 impe-

2171 5297 2315 5367 rium
2338 5314 2684 5381 comparans,
2708 5300 2887 5377 usque
2905 5294 3042 5363 adeo
3072 5302 3227 5362 auxit
3255 5302 3427 5367 vires,
3455 5309 3517 5357 ut
3558 5298 3745 5387 volen-

2172 5412 2258 5456 tes
2302 5402 2492 5473 postea
2546 5417 2673 5456 eum
2720 5400 2922 5470 ejicere
2982 5413 3092 5452 non
3140 5391 3441 5464 potuerint,
3483 5392 3619 5448 satis
3684 5404 3745 5446 se

2170 5492 2424 5556 eﬂ‘ecisse
2474 5492 2755 5561 arbitrati,
2802 5481 2850 5545 si
2897 5490 3103 5545 findere
3152 5489 3261 5542 icto
3311 5484 3485 5555 aequis
3508 5482 3640 5539 cum
3679 5496 3744 5538 eo

2171 5586 2392 5658 legibus
2417 5588 2604 5643 vivere
2632 5586 3014 5653 impetrarent.
3050 5582 3213 5650 Atqui
3252 5594 3340 5635 res
3372 5579 3553 5657 aliter,
3582 5591 3744 5649 quam

2172 5668 2383 5747 opinati
2414 5680 2658 5745 fuerant,
2680 5675 2885 5732 evenit.
2923 5673 3133 5729 Etenim
3164 5688 3299 5752 gens
3325 5672 3555 5751 barbara
3582 5679 3739 5737 atque

2176 5776 2357 5859 inops,
2379 5770 2556 5837 simul
2595 5785 2659 5825 ac
2690 5767 3039 5840 dulcedinem
3071 5764 3289 5851 irugum
3320 5774 3372 5821 ct
3416 5766 3737 5821 suavitatem
