4064 6148
285 248 390 312 653

1324 258 1761 322 ORATIONES
1803 263 2108 324 CONTRA
2148 267 2474 331 TURCAS.

3438 271 3544 336 654

284 363 599 447 divitiarum
626 379 861 437 gustare
891 373 1104 441 vempit,‘
1152 373 1360 426 nullum
1393 376 1713 444 cupiditatis
1753 386 1860 431 ter-
1885 381 1935 440 Α
1961 377 2226 433 Grtcciam
2258 381 2526 448 diximus,
2563 383 2826 450 quamvis
2869 388 3169 452 paucorum
3209 382 3542 454 oppidorum

281 457 487 510 minum
522 460 735 514 statuit.
786 461 860 514 Ex
909 478 1079 530 parrvo
1122 463 1307 534 itaque
1356 481 1419 519 ac
1469 466 1638 523 debili
1697 468 1857 523 initio

281 563 453 618 usque
499 550 636 606 a'deo
678 568 870 610 eorum
899 558 1056 611 vires
1086 568 1302 610 centum
1333 566 1387 611 et
1419 559 1646 628 triginta
1679 575 1856 614 anno-

281 657 399 696 rum
449 644 970 714 s’patio'creverunt,
1004 650 1221 720 ut.jam
1263 667 1372 704 non
1423 666 1590 722 parva
1620 651 1858 724 Europa:

278 745 428 803 parte
450 748 739 807 occupata,
772 755 874 796 nec
903 739 1621 811 Danobiiprofun'dissinms
1640 748 1854 813 amnis,

277 839 377 880 nec
412 824 611 897 Illyrici
646 830 1184 898 aSperrimi-montes
1223 848 1418 887 eorum
1458 834 1723 904 impetum
1761 852 1851 891 re-

279 917 496 970 tardare
525 919 734 988 possint
765 921 921 990 quin,
953 911 1188 978 ﬂumine
1223 925 1569 991 transmisso,
1605 935 1661 981 et
1689 926 1857 981 eloco-

278 1024 398 1062 rum
453 1010 1217 1086 ditiicultatibus.superatis,
1272 1017 1424 1072 illinc
1461 1035 1582 1087 .per
1633 1034 1854 1075 onmem

277 1102 1025 1174 Parmoniamgrassentur,
1087 1108 1217 1163 hinc
1269 1111 1323 1165 in
1385 1092 1621 1171 mediam
1683 1128 1855 1182 usque

276 1192 647 1262 Germaniam,
693 1208 747 1253 et
785 1200 975 1262 Istros,
1017 1212 1073 1256 et
1115 1202 1317 1257 Forum
1353 1203 1482 1261 Julii
1518 1214 1851 1273 .penetrent,

274 1281 670 1351 depopulanles
694 1301 756 1342 ac
784 1287 1050 1346 fuedantes
1067 1293 1271 1360 omnia,
1298 1310 1363 1350 ac
1383 1294 1548 1350 ﬂores
1575 1297 1710 1356 illos.
1729 1311 1856 1365 pro-

274 1373 579 1429 vinciarum
634 1378 780 1433 ferro
816 1381 1052 1453 igneque
1084 1395 1382 1442 vastantes.
1412 1369 1540 1454 ’Quo
1569 1388 1688 1445 loco
1716 1370 1853 1444 illud

274 1467 328 1521 in
361 1466 555 1537 primis
589 1485 617 1524 a
650 1473 809 1528 nobis
833 1476 1382 1533 animadvertendum
1412 1496 1633 1548 censeo,
1662 1496 1855 1546 quam-

269 1558 356 1645 vis
385 1557 504 1615 haec
550 1564 734 1618 omnia
782 1580 872 1630 eo,
912 1581 1022 1636 quo
1055 1556 1323 1635 diximus,
1368 1572 1632 1641 temporis
1674 1554 1856 1642 spatio

273 1651 532 1720 fecerint,
580 1655 738 1738 plura
786 1667 901 1713 tum
951 1662 1247 1731 postremis
1277 1664 1638 1743 quadraginta
1672 1653 1851 1729 annis,

275 1758 440 1812 quam
466 1735 764 1818 nonaginta
801 1750 912 1805 illis
939 1729 1323 1822 superioribus
1338 1729 1563 1810 iecisse.
1596 1755 1676 1811 lta
1704 1758 1851 1810 enim
1881 1729 1930 1790 Β

270 1846 470 1920 natura
516 1852 895 1910 comparatum
920 1855 1046 1910 est,
1084 1853 1146 1900 ut
1185 1847 1465 1918 principia
1499 1840 1703 1905 virtute
1732 1849 1856 1920 qui-

271 1917 397 1982 dem
460 1945 527 1986 ac
580 1931 792 1988 viribus
846 1929 1055 2004 majora
1102 1936 1251 2004 sint,
1300 1917 1676 2008 magnitudine
1723 1917 1856 1994 vero

272 2011 541 2094 copiaque
578 2021 890 2085 vincantur.
919 2030 994 2084 Ex
1016 2020 1113 2086 his
1140 2031 1269 2087 item
1301 2033 1664 2103 quadraginta
1694 2033 1856 2089 annis

271 2116 433 2202 longe
477 2120 637 2187 plura
681 2121 767 2178 his
800 2123 992 2179 decem
1038 2136 1094 2181 et
1124 2137 1332 2195 septem
1367 2139 1650 2197 patrasse,
1689 2144 1854 2198 quam

276 2209 453 2266 tribus
479 2222 533 2266 et
565 2213 758 2284 viginti
793 2217 1087 2286 prioribus.
1123 2219 1284 2275 Plura
1319 2221 1577 2277 immanis
1604 2221 1703 2276 ista
1737 2221 1854 2276 bel-

272 2304 363 2360 lua
407 2305 860 2365 Christianorum
913 2314 1238 2384 sanguinem
1288 2330 1509 2384 semper
1560 2315 1851 2382 anhelans,

270 2399 775 2473 post-Byzantinum
801 2403 1074 2459 excidium
1099 2405 1251 2461 solus
1273 2405 1476 2477 gessit,
1503 2422 1664 2476 quam
1698 2416 1856 2477 pater

270 2491 388 2563 ejus
416 2504 584 2565 atque
613 2510 750 2550 avus
797 2512 894 2565 per
936 2500 1158 2553 omnem
1184 2497 1353 2552 vitam
1395 2499 1600 2565 fecere,
1635 2481 1856 2568 decem,

273 2592 332 2637 ut
358 2597 504 2654 sepe
534 2599 566 2638 a
609 2586 766 2641 nobis
799 2586 1129 2657 explicatum
1157 2599 1263 2655 est,
1304 2589 1515 2644 interea
1551 2591 1734 2660 regnis
1761 2605 1857 2646 oc-

273 2675 508 2744 cupatis,
533 2682 590 2730 ut
621 2677 797 2745 palam
824 2678 1080 2733 omnibus
1109 2679 1175 2732 sit
1210 2695 1319 2756 quo
1350 2682 1524 2750 magis
1545 2680 1668 2752 ejus
1703 2681 1855 2738 vires

273 2776 568 2838 augentur,
622 2786 690 2824 eo
742 2769 939 2826 deinde
974 2773 1188 2827 minore
1223 2774 1466 2844 negotio,
1497 2789 1856 2846 quoscunque

271 2861 496 2930 aggredi
550 2863 810 2928 voluerit,
856 2879 1016 2936 posse
1062 2880 1345 2935 superare.
1379 2865 1855 2933 Quemadmodum

271 2960 414 3015 enim
449 2959 504 3014 in
543 2959 858 3026 disciplinis
896 2970 1061 3032 atque
1094 2961 1308 3017 artibus
1340 2970 1396 3018 et
1436 2964 1583 3019 omni
1619 2962 1855 3021 actionis

1959 469 2239 537 regulum,
2268 471 2486 527 divinis
2513 473 2724 528 colunt
2786 474 3090 530 honoribus
3112 516 3126 539 ,
3149 477 3543 546 -etr1ierpetua

1962 557 2104 614 fama
2152 577 2217 616 ac
2241 564 2784 636 sempiterna-gloria
2811 567 3113 622 celebrant.
3135 567 3544 622 Sationimcum

1940 669 2023 708 ac
2055 653 2272 710 beatum
2317 657 2635 723 nominant,
2670 659 3000 715 coelestibus
3025 660 3544 732 ~prmdieant;ioca-

1962 756 2074 802 tum
2098 749 2347 815 sedibus,
2371 765 2495 805 cum
2523 751 2776 822 princeps
2805 752 3009 807 bellum
3059 753 3329 809 adversus
3377 752 3544 809 Chri-

1951 842 2177 898 stianos
2206 845 2556 914 gesserit,-et
2599 845 2792 914 paucis
2820 845 3167 914 zquibusdam
3201 845 3542 916 subiugatis,

1943 946 2058 987 teos
2095 935 2276 1003 impiae
2307 934 2906 991 Mahnmeta-nteseeue
2935 936 3404 1004 dicave‘rit.-Quid
3427 950 3546 993 "eos

1944 1026 2340 1096 tandem-erga
2374 1042 2432 1081 se
2462 1027 2706 1085 facturos
2739 1029 3036 1096 existimet,
3071 1029 3114 1083 si
3150 1037 3391 1084 cum'tot
3418 1029 3546 1086 aliis

1944 1114 2286 1172 Christianis
2321 1117 2560 1187 populis,
2596 1117 2762 1172 Italos
2779 1133 3017 1188 quoque
3053 1119 3420 1189 (qtrod'etiam
3451 1135 3544 1174 co-

1940 1202 2134 1278 .gitare
2178 1209 2372 1265 horret
2404 1211 2644 1282 animus)
2677 1211 3029 1282 subjugarit?
3075 1213 3158 1268 An
3189 1213 3546 1283 vero«glorim

1956 1300 2179 1356 avidum
2215 1303 2830 1374 dubitarepmerimus,
2857 1305 3141 1360 cumhoc
3181 1311 3377 1360 natura
3411 1314 3544 1361 ’01η-

1933 1393 2122 1449 ιιιὶὺυε
2173 1394 2328 1460 insit,
2356 1396 2668 1466 praesertim
2713 1397 3096 1466 principibus,
3146 1406 3202 1451 ct
3262 1397 3351 1452 hic
3402 1400 3544 1453 sciat

1956 1487 2170 1543 nuilum
2216 1487 2321 1542 sibi
2365 1471 2938 1546 ad'immortalitatem
2982 1491 3310 1558 ampliorem
3352 1498 3542 1560 patere

1956 1581 2255 1652 campum?
2285 1581 2417 1636 Nam
2445 1579 2514 1637 de
2538 1582 2776 1639 utilitate
2799 1583 3102 1654 ambigere.
3134 1598 3539 1653 supervacuum

1958 1682 2107 1730 certe
2130 1673 2364 1729 videtur.
2383 1672 2520 1730 Cum
2544 1675 2692 1728 enim
2724 1673 2867 1728 ratio
2893 1673 3009 1730 haec
3040 1674 3292 1731 bifariam
3324 1676 3540 1731 divida-

1959 1775 2143 1835 ειη-,ει
2175 1766 2307 1822 hinc
2325 1765 2614 1838 quomodo
2639 1765 2844 1821 servari
2869 1780 2991 1834 quas
3015 1775 3170 1837 parta
3197 1777 3345 1833 sunt,
3388 1767 3540 1823 illine

1957 1875 2069 1931 quo
2093 1868 2252 1930 pacto
2279 1858 2469 1931 augeri
2504 1866 2729 1930 queant,
2749 1859 3152 1925 consideretur,
3179 1875 3286 1930 qua
3316 1860 3536 1915 tandem

1959 1955 2313 2025 ratione-quae
2337 1953 2500 2008 habet
2543 1953 2759 2008 facilius
2806 1969 2870 2010 ac
2896 1955 3105 2010 certius
3138 1969 3359 2008 servare
3386 1963 3538 2023 pote-

1961 2049 2054 2111 rit,
2083 2060 2247 2115 quam
2297 2043 2552 2112 augendo
2600 2043 2996 2113 principatum,
3027 2053 3082 2099 et
3130 2044 3266 2099 ﬁnes
3319 2041 3535 2113 imperii

1961 2133 2353 2206 prOpagando?
2381 2133 2570 2190 Solent
2602 2133 2797 2190 medici
2833 2134 2890 2188 in
2924 2131 3251 2203 corporibus
3272 2132 3538 2187 curandis

1958 2245 2021 2283 ea
2053 2228 2294 2283 remedia
2338 2227 2621 2295 adhibere,
2667 2244 2786 2299 quas
2827 2226 3120 2296 aliquando
3163 2226 3357 2282 iisdem
3387 2241 3536 2280 mor—

1962 2321 2158 2376 borum
2211 2320 2510 2393 generibus
2562 2321 2718 2387 utilia
2763 2319 2974 2390 espcrti
3025 2327 3156 2374 sunt
3186 2336 3200 2372 :
3234 2319 3338 2374 hoc
3388 2318 3533 2373 idem

1959 2413 2267 2471 Turcorum
2321 2413 2620 2484 imperator
2664 2412 2817 2477 facit,
2853 2421 2906 2466 et
2953 2412 3059 2468 hoc
3104 2411 3262 2483 quasi
3298 2411 3538 2467 medica-

1959 2516 2208 2562 mentum
2242 2508 2519 2577 quoddam
2551 2505 2619 2561 ad
2653 2520 2739 2572 ea,
2781 2520 2904 2574 quae
2949 2511 3103 2575 parta
3124 2513 3284 2570 sunt,
3310 2517 3536 2559 conser-

1957 2603 2583 2669 vanda_saluberrimum
2610 2612 2793 2667 ratus;
2825 2616 2891 2656 eo
2922 2615 3140 2670 semper
3167 2601 3363 2664 utitur,
3403 2597 3537 2654 huic

1959 2693 2154 2758 hzeret,
2191 2694 2293 2749 hoc
2321 2693 2659 2762 frequentat.
2695 2690 2905 2746 Mutare
2937 2693 3064 2754 hoc,
3098 2701 3155 2745 ut
3188 2689 3339 2745 aliud
3370 2703 3538 2758 expe-

1957 2786 2158 2852 riatur,
2191 2801 2301 2839 non
2333 2794 2488 2856 putat
2522 2793 2720 2841 tutum.
2756 2782 2922 2854 Cupit
2952 2788 3034 2853 (ut
3071 2799 3172 2854 par
3204 2783 3312 2854 est)
3355 2784 3538 2839 omni-

1957 2895 2068 2949 que
2113 2889 2316 2934 conatu
2355 2878 2550 2933 nititur
2591 2893 2924 2935 conservare
2957 2878 3271 2947 imperium.
3314 2877 3534 2932 Nullam

1958 2971 2027 3027 ad
2083 2971 2139 3027 id
2196 2973 2454 3027 tutiorem
2503 2985 2626 3027 esse
2675 2970 2822 3026 viam
2875 2957 3155 3050 intelligit,
3205 2984 3370 3042 quam
3406 2985 3531 3026 cum

273 3066 472 3121 genere
519 3051 636 3106 fieri
671 3053 1041 3138 videmus,.ut
1085 3056 1258 3126 major
1303 3056 1374 3111 sit
1409 3065 1690 3126 postremo
1719 3072 1856 3126 quo-
1880 3080 1924 3140 ρ
1955 3065 2132 3120 aliena
2166 3065 2383 3136 jactura
2421 3065 2568 3120 vires
2602 3079 2730 3120 suas
2766 3079 2990 3134 augere.
3034 3062 3190 3131 Quod
3232 3063 3278 3118 si
3312 3062 3531 3133 assequi

274 3159 378 3214 que
413 3160 582 3210 anno,
631 3161 795 3216 quam
828 3134 1088 3203 omnibus
1132 3147 1512 3216 superioribus
1544 3148 1846 3219 profectus.

275 3234 433 3290 Unde
464 3237 602 3292 illud
651 3253 870 3308 quoque
905 3239 1065 3308 vulgo
1100 3240 1208 3293 dici
1248 3239 1407 3304 solet,
1445 3239 1717 3295 ditescere
1753 3241 1855 3297 ho-

274 3328 407 3382 mini
455 3327 679 3384 diﬂieile
726 3347 886 3392 esse,
942 3330 999 3384 in
1061 3330 1392 3386 immensum
1444 3347 1573 3385 vero
1633 3331 1866 3388 divitias-

271 3435 470 3490 augere
497 3421 844 3475 facillimum.
878 3421 952 3476 lta
987 3421 1038 3474 in
1078 3423 1244 3477 rebus
1275 3439 1495 3493 quoque
1522 3423 1853 3478 militaribus

272 3513 494 3580 accidit,
542 3521 604 3566 ut
647 3514 870 3571 vincere
906 3500 1125 3569 diilieiie
1173 3497 1471 3569 admodum
1508 3517 1597 3582 sit,
1631 3515 1850 3586 evagari

274 3614 460 3675 postea
492 3622 592 3676 per
626 3603 888 3662 victorias
916 3608 1124 3662 nullius
1157 3595 1384 3664 laboris.
1412 3607 1593 3674 Quare
1622 3624 1852 3677 persua-

234 3701 404 3776 dere
449 3700 557 3755 sibi
609 3701 845 3771 quisque
900 3700 1060 3756 facile
1114 3709 1318 3772 potest,
1364 3698 1496 3771 quid
1550 3703 1854 3759 sceleratus

278 3793 474 3860 hostis,
509 3810 620 3863 quo
653 3791 793 3849 nihil
827 3793 935 3851 dici
971 3794 1246 3862 deterius,
1276 3794 1409 3850 nihil
1441 3796 1722 3851 crudelius
1755 3812 1855 3866 po-

285 3896 413 3950 test,
456 3888 711 3958 proximo
742 3889 847 3943 hoc
884 3888 1266 3959 quinquennio
1302 3871 1549 3944 facturus
1574 3890 1665 3954 sit,
1701 3899 1854 3942 tanta

271 3982 380 4053 iam
409 3982 600 4040 decem
629 3990 686 4036 et
716 3993 928 4052 lseptem
957 3985 1116 4038 annis
1148 3985 1394 4054 potentia
1426 3991 1766 4053 comparata,
1796 3991 1855 4038 et

277 4076 444 4144 priori
489 4076 612 4146 ejus
650 4077 910 4145 potentiae
956 4068 1164 4131 addi-tu.
1207 4076 1412 4147 Magnae
1452 4075 1856 4147 incomparabi-

278 4166 467 4238 lesque
499 4178 631 4224 sunt
669 4172 792 4240 eius
836 4170 999 4234 vires,
1047 4171 1376 4226 inexhausta
1417 4165 1713 4238 cupiditas,
1750 4169 1854 4224 im-

280 4276 468 4317 mensa
515 4252 836 4318 dominandi
895 4263 1090 4329 libido,
1143 4263 1374 4319 scientia
1432 4263 1512 4318 rei
1572 4262 1850 4327 militaris,

280 4366 408 4411 tetas
449 4355 662 4420 ﬂorida,
697 4373 898 4427 corpus
921 4358 1205 4413 laboribus
1235 4366 1536 4413 assuetum.
1571 4358 1654 4411 An
1687 4356 1854 4426 igitur

1953 3175 2064 3215 non
2102 3168 2314 3230 posset,
2360 3156 2514 3213 nulla
2546 3157 2708 3213 nobis
2739 3157 2954 3212 timoris
3003 3157 3143 3211 ratio
3182 3165 3351 3221 esset,
3383 3155 3534 3212 nulla

1948 3252 2022 3305 de
2053 3252 2220 3308 rebus
2243 3251 2450 3307 nostris
2476 3248 2749 3306 dubitatio
2774 3248 2932 3313 :sed,
2955 3263 3044 3304 me
3061 3247 3322 3303 miserum
3345 3249 3361 3303 ι
3381 3263 3534 3303 men-

1957 3345 2049 3401 tiri
2094 3345 2149 3400 in
2181 3344 2284 3399 hac
2330 3356 2487 3415 parte
2518 3343 2686 3398 etiam
2721 3343 2914 3398 volens
2955 3357 3069 3396 non
3111 3355 3354 3411 possum.
3385 3339 3534 3396 Nihil

1956 3452 2199 3506 unquam
2253 3436 2489 3508 alicujus
2541 3435 2764 3491 facilius
2815 3434 2940 3490 fuit.
2993 3434 3076 3490 Ad
3130 3434 3246 3490 haec
3285 3432 3537 3504 pecuniae

1955 3544 2221 3584 numerus
2266 3529 2600 3594 immensus,
2651 3526 2955 3583 multitudo
2995 3525 3232 3596 militum
3265 3524 3533 3592 inaudita,

1956 3633 2019 3678 ut
2053 3625 2210 3694 cuius
2247 3623 2551 3677 exercitum
2574 3635 2741 3690 supra
2777 3620 3012 3675 ducenta
3043 3619 3329 3674 hominum
3362 3618 3535 3690 millia

1955 3727 2287 3788 sequuntur.
2322 3715 2563 3771 Classem
2596 3713 2783 3779 habet,
2816 3727 2981 3783 quam
3011 3709 3392 3782 superioribus
3417 3709 3535 3766 die-

1957 3810 2063 3864 bus
2080 3807 2134 3863 in
2155 3806 2559 3878 expugnatione
2576 3804 2859 3860 Chalcidis
2875 3818 2984 3858 non
3005 3795 3122 3857 sine
3141 3814 3364 3872 stupore
3383 3802 3536 3857 audi-

1957 3900 2062 3957 stis
2080 3909 2342 3969 quantam
2369 3897 2643 3950 instruere
2663 3895 2750 3948 vix
2769 3895 2947 3949 omnis
2966 3891 3128 3948 simul
3151 3885 3300 3948 italia
3321 3902 3532 3963 passa.

1955 3994 2232 4050 Eratante
2251 3991 2398 4045 hunc
2421 3989 2565 4044 diem
2594 3986 3125 4044 duntaxatterrestri
3155 3986 3403 4042 exercitu
3431 4001 3529 4056 po-

1955 4095 2097 4141 tens.
2121 4083 2284 4141 Maris
2301 4082 2599 4153 imperium
2617 4061 2797 4135 adhuc
2823 4078 3026 4132 nostris
3045 4083 3351 4148 supererat.
3374 4076 3532 4133 Nunc

1955 4193 2087 4235 vero
2140 4178 2198 4248 (ο
2252 4175 2637 4246 cogitationem
2692 4186 2912 4242 quoque
2950 4177 3111 4224 tanta:
3153 4167 3330 4248 cladis
3380 4183 3534 4239 acer-

1959 4271 2082 4327 bam
2117 4244 2161 4340 ι)
2189 4244 2343 4322 mare
2375 4280 2595 4337 quoque
2624 4262 2953 4319 Christianis
2997 4245 3241 4316 ablatum
3277 4244 3390 4316 illis
3428 4260 3534 4314 ad-

1959 4365 2137 4421 ditum
2188 4373 2294 4419 est.
2326 4361 2480 4416 Licet
2510 4359 2563 4415 ei
2609 4358 2723 4430 jam
2771 4356 2944 4412 libere
2984 4356 3171 4426 vagari
3228 4369 3340 4426 quo
3374 4354 3530 4419 libet.

283 4464 404 4502 cum
429 4450 577 4510 velit.
599 4458 652 4504 et
676 4451 866 4519 possit,
894 4462 950 4504 et
968 4450 1125 4516 sciat,
1155 4449 1411 4504 dubitare
1440 4449 1638 4518 aliquis
1670 4456 1851 4516 potest
1887 4443 1930 4496 Β
1957 4473 2159 4513 omnes
2190 4466 2404 4528 ponus,
2431 4468 2624 4508 omnes
2672 4450 2978 4507 maritimas
3007 4448 3272 4504 stationes
3328 4448 3534 4503 liberas

283 4541 413 4609 quin
451 4551 564 4594 toto
593 4542 780 4596 animo
808 4555 872 4595 ac
906 4551 1020 4594 tota
1049 4551 1229 4596 mente
1264 4541 1318 4594 in
1355 4556 1453 4595 nos
1493 4540 1611 4596 dies
1642 4549 1855 4595 noctes-

283 4648 389 4702 que
423 4635 679 4690 t'eratur?
711 4636 795 4690 An
831 4650 963 4689 vero
987 4646 1260 4690 armatum
1291 4634 1670 4704 praestolamur
1702 4631 1853 4687 domi

284 4726 600 4790 oscitantes,
655 4735 716 4780 ut
759 4734 872 4779 tum
919 4726 1138 4779 demum
1184 4726 1494 4788 credamus,
1550 4740 1676 4778 cum
1727 4740 1855 4780 eum

283 4827 405 4871 ante
447 4819 636 4873 oculos
679 4828 895 4874 nostros
928 4819 1075 4873 virus
1119 4817 1464 4874 exhalantem
1496 4815 1856 4871 videbimus?

285 4907 399 4963 Non
440 4911 600 4967 decet
634 4912 906 4982 profecto,
945 4927 1046 4966 nec
1082 4910 1338 4966 Italorum
1373 4909 1632 4979 potentia!
1665 4910 1745 4963 fas
1769 4918 1854 4962 est

283 5002 464 5058 dicere
509 5021 524 5059 :
559 5005 679 5060 Non
720 5015 993 5073 putaram.
1033 5004 1259 5073 Prom-ia
1294 5002 1412 5058 itali
1455 4998 1737 5071 sanguinis
1770 5009 1856 5055 est

285 5095 597 5164 prudentia,
657 5097 880 5166 propria
928 5096 1175 5160 libertas,
1223 5095 1501 5166 pr0prium
1536 5096 1852 5165 imperium.

287 5189 368 5242 An
413 5189 747 5260 degenerare
795 5190 1177 5244 nobilissimus
1221 5189 1440 5242 animus
1472 5203 1504 5242 a
1555 5185 1854 5257 majoribus

285 5279 422 5342 suis,
453 5290 528 5341 et,
560 5297 723 5349 quem
761 5281 905 5336 Deus
933 5281 1105 5335 voluit
1145 5280 1358 5335 caeteris
1388 5281 1688 5350 imperare,
1736 5296 1854 5333 ser-

283 5373 400 5427 vire
460 5376 606 5445 genti
671 5374 984 5429 foedissima:
1032 5373 1447 5430 sustinebitur?
1496 5374 1643 5429 Nihil
1699 5382 1856 5443 putat

283 5464 496 5520 Tur-cus
537 5482 595 5521 se
627 5467 812 5522 facere
846 5467 1066 5536 dignius
1105 5482 1288 5537 posse,
1321 5467 1460 5521 nihil
1510 5467 1719 5522 nomini
1753 5480 1854 5520 suo

284 5557 599 5627 gloriosius,
656 5574 823 5628 quam
872 5559 917 5614 si
956 5559 1015 5614 in
1064 5559 1270 5612 ltaliam
1318 5558 1620 5613 exercitum
1666 5558 1853 5624 ducat,

284 5659 340 5704 et
371 5650 639 5720 imperare
666 5652 881 5707 solitam
915 5652 1250 5722 provinciam
1277 5665 1377 5705 suo
1402 5651 1566 5705 addat
1597 5651 1850 5720 imperio.

287 5743 438 5802 Atavi
489 5745 603 5817 ejus
654 5754 960 5817 parentem,
989 5760 1151 5817 quem
1202 5742 1439 5816 primum
1483 5741 1760 5813 traiecisse
1795 5742 1853 5800 in

1959 4553 2124 4608 habet
2153 4568 2168 4604 :
2199 4547 2546 4603 Ambracium
2571 4547 2753 4601 sinum
2776 4585 2791 4610 ,
2821 4551 3041 4614 portum
3075 4542 3227 4596 illum
3259 4541 3536 4598 nobilissi-

1957 4659 2106 4700 mum
2137 4642 2498 4713 Apolloniam,
2535 4640 2653 4694 loca
2677 4635 2897 4708 quidem
2937 4636 3102 4690 Italia
3125 4635 3384 4699 ﬁnitima;
3408 4649 3532 4704 quas

1955 4736 2087 4790 olim
2127 4733 2391 4788 Romanis
2421 4731 2476 4785 in
2515 4728 2800 4792 Grzcciam,
2829 4726 2874 4782 si
2907 4725 3099 4779 eadem
3136 4738 3284 4778 nunc
3329 4724 3406 4779 illi
3444 4723 3529 4777 via

1957 4829 2010 4882 in
2052 4826 2262 4881 ltaliam
2291 4825 2413 4884 erit,
2440 4837 2706 4894 perquam
2747 4819 2914 4874 breve
2945 4819 3170 4882 fretum,
3201 4815 3526 4872 brevissima

1951 4911 2227 4990 navigatio
2278 4926 2380 4971 est.
2441 4900 2726 4971 Terrestre
2772 4921 3035 4982 praeterea
3091 4911 3198 4965 iter
3229 4923 3401 4978 usque
3459 4905 3528 4962 ad

1957 5013 2156 5066 Forum
2185 5010 2312 5065 Julii
2341 5017 2531 5079 patens
2572 5017 2737 5076 atque
2779 5012 3053 5075 apertum.
3085 5001 3219 5058 Mari
3269 5011 3528 5069 terraque

1955 5103 2172 5173 cingere
2195 5102 2405 5156 ltaliam
2432 5108 2628 5169 potest.
2661 5095 2802 5166 Quid
2837 5105 2942 5160 est,
2972 5094 3120 5166 quod
3147 5106 3272 5148 eum
3303 5091 3388 5146 vel
3419 5106 3530 5145 non

1956 5192 2164 5250 hortari
2193 5203 2356 5261 atque
2387 5191 2669 5260 impellere
2716 5188 2914 5244 debeat
2945 5186 3011 5241 ad
3057 5201 3142 5249 ea,
3181 5199 3303 5254 quae
3338 5182 3528 5238 tandiu

1955 5288 2140 5343 animo
2177 5285 2502 5355 proposuit,
2538 5281 2894 5352 perﬁcienda,
2923 5279 3009 5334 vel
3043 5279 3112 5333 ab
3137 5278 3204 5332 iis
3239 5277 3526 5332 deterrere

1955 5379 2128 5452 possit
2161 5388 2323 5446 atque
2346 5373 2636 5429 avertere?
2684 5372 2930 5428 Audistis
2962 5371 3195 5434 multos,
3228 5367 3324 5440 qui
3372 5367 3528 5422 illum

1953 5472 2150 5542 saepius
2185 5469 2391 5530 ltaliam
2441 5475 2743 5529 outantem,
2775 5464 2985 5524 Italiam
3030 5469 3369 5532 sperantem,
3425 5456 3530 5514 lta-

1951 5563 2083 5619 liam
2129 5575 2193 5617 ac
2219 5560 2449 5617 Romam
2478 5555 2868 5612 vociferantem
2919 5554 3308 5612 intellexerunt
3337 5566 3355 5619 ;
3394 5551 3442 5606 si
3475 5563 3530 5606 et

1955 5650 2130 5718 cupit,
2182 5656 2239 5704 et
2272 5661 2428 5717 posse
2474 5659 2536 5700 se
2586 5655 2788 5712 sperat.
2819 5643 2964 5700 Nihil
3011 5651 3163 5696 certe
3213 5649 3297 5695 est
3324 5680 3340 5705 ,
3377 5639 3525 5709 quod

1958 5756 2084 5798 eum
2110 5739 2285 5816 possit
2316 5737 2384 5793 ab
2417 5735 2519 5793 hoc
2562 5734 2856 5807 proposito
2887 5732 3145 5791 remorari
3172 5771 3186 5798 ,
3221 5731 3524 5805 praesertim
