4064 6148
490 264 599 326 655

1418 266 1937 338 BESSARIONIS
1973 266 2037 329 S.
2080 266 2151 329 R.
2200 269 2267 331 E.
2318 271 2791 335 CARDINALIS

3642 266 3752 333 656

489 379 623 431 dum
672 377 835 435 italos
875 378 1106 437 conﬁdit
1135 396 1419 455 nunquam
1461 399 1573 440 uno
1606 398 1876 441 consensu
1915 382 1967 438 in
2011 396 2071 437 se
2099 383 2149 442 A
2176 390 2457 445 montibus
2504 389 2844 464 asperrimis,
2902 404 3001 461 pro
3029 387 3273 460 illyrium
3330 384 3559 457 penuria
3616 399 3744 441 eum

492 468 929 540 conspiratures,
962 489 1247 546 nunquam
1270 477 1538 533 adversus
1562 492 1622 534 se
1649 493 1803 532 arma
1817 486 2067 547 sumptu.

490 581 607 622 ros.
638 565 735 620 liis
779 566 868 623 ille
899 569 1346 626 contentionibus
1375 586 1526 641 spem
1570 586 1723 626 suam
1759 571 2068 639 confirmat,

490 666 546 713 et
571 673 913 730 quacunque
938 668 1090 730 optat
1114 661 1216 716 sibi
1245 661 1406 716 facile
1444 661 1755 733 pollicetur.
1790 661 2068 727 Referam,

488 752 741 821 quamvis
765 762 892 808 nota
930 755 1003 808 sit
1040 755 1225 824 vulgo,
1257 753 1531 818 fabellam,
1565 771 1674 824 qua
1718 770 1892 823 nuper
1934 770 2073 810 usus

488 841 713 909 dicitur,
749 858 875 899 cum
902 858 974 907 ex
1003 846 1121 899 suis
1147 845 1374 916 quidam
1422 846 1745 901 dissuadere
1788 847 1839 902 ei
1866 846 2070 903 bellum

489 934 755 992 adversus
809 936 1155 994 Christianos
1206 948 1522 996 conaretur.
1593 939 1727 995 Nam
1789 955 1913 995 cum
1978 941 2073 997 ille

488 1031 899 1086 formidandum
936 1047 1055 1089 esse
1088 1032 1299 1090 diceret
1332 1050 1400 1090 ne
1430 1034 1732 1092 Christiani
1770 1036 1915 1092 bello
1944 1037 2074 1093 irri-

489 1121 586 1175 tati
624 1124 841 1177 tandem
872 1120 927 1176 iu
963 1138 1132 1178 unum
1172 1125 1579 1191 convenirent,
1605 1128 1923 1198 bellumque
1973 1131 2070 1184 ad-

487 1227 681 1268 versus
710 1229 836 1269 eum
867 1216 1146 1271 communi
1181 1217 1416 1273 consilio
1449 1226 1505 1274 et
1552 1235 1656 1290 ope
1686 1231 1981 1291 gererent;
2016 1230 2073 1277 at

488 1305 696 1373 ridens,
724 1306 1057 1375 Meminisse,
1111 1318 1376 1382 tyrannus
1430 1314 1632 1383 inquit,
1677 1314 1825 1370 illius
1876 1312 2075 1372 fabulae

489 1401 769 1455 convenit.
797 1400 933 1458 Cum
958 1402 1072 1473 lupi
1100 1404 1403 1473 aliquando
1430 1419 1683 1477 magnam
1713 1420 1911 1462 canum
1937 1408 2076 1464 mul-

491 1492 782 1549 titudinem
833 1494 1133 1552 adventare
1188 1497 1455 1553 adversus
1502 1500 1729 1556 seforte
1774 1501 2073 1558 intellexis-

489 1598 633 1648 sent.
684 1586 986 1659 ingensque
1034 1600 1322 1661 propterea
1381 1599 1566 1649 terror
1593 1608 1689 1649 eos
1727 1600 2073 1664 occupasset,

494 1694 640 1735 unus
659 1696 725 1736 ex
763 1681 853 1749 iis,
882 1685 976 1751 qui
1021 1685 1166 1738 inter
1198 1698 1295 1740 eos
1324 1685 1512 1741 senior
1543 1694 1686 1751 erat,
1738 1686 1797 1741 in
1848 1685 2073 1756 propin-

491 1787 662 1841 quum
708 1785 948 1830 montem
980 1774 1280 1845 profectus,
1309 1792 1573 1834 cacumen
1608 1778 1748 1850 ejus,
1789 1788 1849 1834 ut
1873 1792 2071 1835 canum

490 1866 871 1933 specularetur
921 1869 1242 1935 adventum,
1295 1872 1640 1927 conscendit.
1690 1868 1893 1927 Verum
1944 1887 2070 1928 eum

491 1973 587 2014 eos
617 1960 818 2016 ntultos
846 1961 1089 2032 quidem,
1141 1961 1238 2031 sed
1272 1961 1618 2018 diversorum
1656 1963 1903 2018 colorum
1950 1977 2073 2019 esse

491 2052 886 2121 conspexisset,
933 2052 1089 2109 laetus
1120 2052 1470 2125 gestiensque
1503 2054 1570 2108 ad
1611 2069 1742 2109 suos
1794 2067 2072 2122 reversus,

498 2166 516 2196 σ
546 2146 721 2211 Βιιηο,
759 2164 780 2197 ι
823 2133 1020 2215 inquit,
1055 2166 1074 2198 ‹
1121 2157 1237 2203 este
1267 2148 1473 2203 animo.
1507 2150 1678 2204 Tanta
1714 2150 1862 2203 enim
1897 2161 1981 2206 est
2016 2151 2070 2207 in

492 2240 743 2296 hostibus
792 2243 997 2297 nostris
1041 2242 1314 2308 colorum,
1371 2259 1585 2298 morum
1648 2245 2073 2315 studiommque

492 2332 806 2399 diversitas,
837 2344 899 2390 ut
924 2333 1237 2390 consentire
1276 2351 1381 2390 una
1416 2352 1480 2391 ac
1520 2338 1842 2407 conspirare
1874 2337 1928 2391 in
1970 2336 2073 2391 aii-

493 2427 639 2494 quod
697 2426 861 2482 simul
893 2443 1085 2483 omnes
1120 2444 1229 2484 non
1255 2428 1506 2499 possint;
1551 2431 1800 2499 singulos
1840 2446 1995 2495 vero,
2026 2428 2071 2487 si

490 2523 770 2590 venerint,
820 2523 1114 2581 absorbere
1161 2524 1281 2581 sine
1327 2523 1645 2581 difficultate
1689 2527 2013 2597 poterimus.
2050 2546 2069 2580 ν

494 2614 620 2671 liazc
658 2624 746 2672 est
794 2617 1012 2688 tyranni
1048 2632 1193 2687 spes,
1249 2618 1365 2674 haec
1411 2617 1693 2689 cogitatio,
1740 2619 1847 2674 hoc
1896 2622 2079 2676 consi-

492 2709 651 2775 lium,
678 2708 781 2764 nisi
816 2724 912 2779 spe
950 2724 1050 2765 sua
1086 2709 1408 2766 frustretur.
1464 2710 1844 2767 Frustrabitur
1892 2722 2074 2769 autem

493 2803 539 2856 si
572 2802 882 2859 volueritis.
913 2802 1209 2875 Nunquam
1242 2803 1481 2859 ferocem
1511 2804 1664 2859 illum
1696 2805 1941 2861 animum
1975 2808 2080 2863 mi-

496 2896 693 2951 tiorem
720 2895 951 2952 reddere
979 2896 1255 2967 poteritis.
1280 2896 1455 2953 liabet
1483 2898 1630 2953 enim
1657 2898 1709 2952 in
1731 2900 1901 2956 armis
1928 2900 2077 2963 mili,-

496 2998 608 3043 tem
656 2989 894 3045 decretis
933 2991 1325 3061 perpetuisque
1376 2992 1670 3062 Stipendiis
1720 2994 2075 3069 conductum,

440 3154 443 3157 _
492 3081 611 3152 qui,
645 3081 760 3138 sive
780 3081 930 3153 domi
959 3084 1226 3153 quiescat.
1257 3083 1371 3140 sive
1397 3083 1529 3140 foris
1551 3084 1686 3140 bella
1714 3096 1887 3158 gerat,
1919 3087 2062 3145 idem

493 3174 693 3244 accipit
722 3175 791 3231 ab
829 3175 1024 3231 aerario
1072 3175 1309 3231 militare
1347 3175 1703 3245 stipendium,
1739 3179 1887 3234 nullo
1919 3183 2074 3251 prin-

493 3265 631 3335 cipis
652 3266 737 3322 sui
777 3277 1024 3338 sumptu,
1055 3276 1219 3337 atque
1251 3283 1318 3323 eo
1366 3268 1588 3323 nomine
1635 3270 1868 3340 singulis
1913 3274 2075 3330 annis

494 3360 562 3415 ad
613 3360 998 3431 imperatorem
1029 3377 1189 3417 suum
1231 3361 1497 3416 accedere
1535 3362 1893 3432 jurejurando
1942 3367 2076 3419 ada-

496 3461 639 3518 ctus,
679 3462 736 3507 et
786 3455 837 3508 ei
895 3468 1119 3524 operam
1178 3464 1235 3509 et
1287 3453 1531 3509 laborem
1575 3455 1844 3523 polliceri.
1905 3456 2079 3514 Habet

496 3556 759 3618 praetcrea
795 3546 957 3619 longo
1004 3563 1191 3603 rerum
1258 3563 1355 3603 usu
1404 3548 1563 3618 plane
1614 3559 1960 3619 perspectum
2021 3562 2079 3607 et

497 3643 841 3712 exploratum
878 3657 987 3697 non
1023 3642 1128 3697 alia
1160 3642 1228 3698 de
1258 3657 1424 3697 causa
1463 3651 1664 3697 tantam
1722 3644 1931 3716 gloriae,
1970 3648 2078 3699 fotu

500 3748 780 3799 tunarum,
836 3734 1054 3806 imperii
1104 3735 1478 3790 accessionem
1527 3735 1627 3790 sibi
1696 3736 1893 3792 fartam
1929 3753 2077 3803 esse,

498 3847 663 3905 quam
729 3830 876 3903 quod
926 3830 1206 3901 perpetuis
1263 3828 1536 3884 bellorum
1607 3830 1891 3886 laboribus
1949 3846 2080 3886 suos

495 3926 766 3991 exercuit,
798 3924 985 3980 hostes
1023 3921 1363 3994 profligavit:
1414 3937 1444 3977 a
1493 3938 1608 3993 quo
1654 3921 1906 3978 instituto
1947 3939 2078 3978 nus-

496 4038 662 4091 quam
716 4017 983 4083 discedet,
1036 4016 1141 4072 nisi
1179 4016 1323 4087 quod
1357 4016 1511 4083 utile,
1551 4016 1697 4086 quod
1753 4017 2076 4089 gloriosum,

496 4112 643 4182 quod
669 4110 1042 4166 necessarium
1076 4106 1179 4162 sibi
1201 4122 1320 4162 esse
1347 4107 1622 4179 intelligit,
1645 4109 1812 4164 stulte
1830 4110 2076 4164 omittat.

498 4204 620 4273 Quo
658 4211 837 4274 pacto,
869 4202 1011 4256 bone
1043 4199 1209 4255 Jesul
1252 4215 1474 4268 sperare
1506 4215 1798 4270 possumus
1838 4212 1934 4256 aut
1989 4218 2080 4258 su-

502 4296 699 4368 spicari
731 4294 884 4349 illum
936 4309 1045 4347 non
1088 4292 1407 4346 moliturum
1462 4292 1786 4347 servitutem
1810 4335 1823 4356 ,
1854 4294 2079 4361 caedem,

505 4388 631 4443 ﬁdei
665 4396 867 4454 nostra:
896 4386 1181 4441 interitum
1203 4384 1226 4438 i
1248 4384 1442 4441 Nonne
1474 4385 1546 4440 ita
1572 4396 1769 4445 natura
1797 4403 2080 4461 compara.

2172 479 2485 549 suscepisse
2528 480 2781 550 putatis?
2814 490 2916 551 pro
2960 480 3128 536 italiae
3162 488 3352 536 autem
3397 476 3615 550 opibus.
3646 491 3746 543 pro

2174 586 2433 642 agrorum
2465 570 2770 633 feracitate.
2804 588 2903 643 pro
2930 572 3200 631 suavitate
3227 572 3467 643 frugum,
3499 584 3601 641 pro
3643 569 3747 624 hac

2174 661 2291 731 ipsa
2344 662 2469 718 luce
2503 664 2557 718 in
2597 678 2707 733 qua
2750 663 2960 719 versari
2991 663 3166 734 cupit,
3192 676 3305 718 non
3341 663 3545 733 majora
3572 659 3749 715 factu—

2173 754 2339 810 rum?
2370 754 2467 812 ille
2500 769 2683 810 arcem
2717 770 2944 826 ponere,
2977 754 3070 811 hic
3103 753 3354 825 prasidi:
3383 751 3652 810 collocare
3681 750 3746 806 ad

2173 848 2447 918 reliquum
2503 848 2692 905 orbem
2736 847 3138 920 subjugandum
3185 846 3424 919 cogitat;
3473 854 3637 916 atque
3675 844 3744 901 ita

2175 942 2398 1011 cogitat,
2439 949 2502 997 ut
2522 957 2621 1012 per
2652 940 2894 996 hostium
2926 954 3152 996 suorum
3174 939 3575 996 dissensionem
3611 937 3664 994 id
3689 952 3747 994 se

2173 1034 2333 1091 facile
2356 1044 2785 1090 consecuturum
2817 1043 3022 1104 speret.
3050 1033 3254 1090 Eadem
3282 1033 3468 1089 animo
3483 1031 3748 1102 concipit,

2172 1144 2293 1199 (pne
2324 1128 2567 1201 Pyrrhus
2600 1128 2992 1183 meditabatur.
3023 1127 3122 1183 ille
3159 1127 3335 1191 enim,
3385 1125 3509 1182 fuso
3546 1124 3752 1181 Roma-

2174 1237 2372 1287 norum
2400 1222 2670 1284 exercitu,
2702 1230 2877 1277 totum
2927 1221 3031 1277 sibi
3084 1229 3357 1277 terrarum
3390 1219 3544 1293 orbis
3572 1220 3752 1290 impeo

2172 1315 2318 1371 rium
2362 1316 2523 1386 plane
2554 1315 2937 1387 pollicebatur,
2960 1328 3124 1385 quem
3147 1329 3272 1371 eum
3294 1312 3496 1370 Cineas
3519 1313 3756 1373 Thessa-

2174 1412 2281 1475 lus,
2346 1420 2534 1468 orator
2582 1425 2853 1475 summus,
2905 1411 3100 1473 virque
3160 1404 3625 1478 sapientissimus,
3681 1403 3755 1460 ab

2174 1504 2345 1562 italiae
2405 1501 2733 1559 invadenda:
2784 1499 3019 1556 consilio
3093 1497 3375 1554 abducere
3430 1505 3752 1563 conaretur,

2174 1594 2416 1668 Egregii,
2464 1593 2665 1665 inquit,
2699 1591 2843 1649 bello
2893 1590 3125 1648 Romani
3166 1604 3289 1646 esse
3320 1588 3607 1654 dicuntur,
3642 1601 3761 1640 ma-

2177 1704 2400 1761 gnoque
2435 1689 2683 1743 virorum
2715 1685 2942 1741 fortium
2968 1695 3023 1743 et
3054 1683 3287 1739 militum
3327 1696 3560 1737 numero
3585 1680 3762 1751 impe-

2182 1798 2329 1837 rare.
2386 1780 2543 1850 Quod
2588 1780 2631 1836 sl
2679 1793 2776 1836 eos
2824 1792 3088 1848 superare
3135 1775 3299 1832 nobis
3340 1774 3421 1856 dii
3477 1772 3760 1838 dederint,

2182 1874 2450 1947 quidnam
2484 1889 2731 1946 agemus,
2763 1871 2970 1945 Pyrrhe
2995 1871 3019 1926 ἲ
3043 1868 3186 1939 Quid
3214 1868 3343 1936 erit,
3372 1869 3620 1940 inquam,
3656 1881 3764 1922 no-

2182 1970 2269 2027 his
2293 1970 2317 2025 ?
2341 1968 2500 2026 Nulla
2529 1976 2795 2039 praterea
2843 1965 3067 2031 uicenis,
3110 1977 3293 2034 neque
3342 1962 3555 2026 Graeca,
3578 1975 3763 2031 neque

2182 2060 2399 2126 Latina,
2465 2059 2727 2115 Romanis
2770 2056 3064 2129 superatis,
3119 2064 3435 2111 nostrorum
3493 2053 3759 2124 impetum

2183 2153 2459 2209 sustinere
2488 2151 2764 2207 valebunt.
2798 2150 2991 2206 Totam
3040 2165 3072 2205 e
3105 2149 3334 2221 veStigio
3362 2148 3572 2204 italiam
3597 2162 3764 2204 occu-

2183 2245 2439 2315 pabimus
2465 2261 2480 2299 :
2525 2244 2683 2315 cujus
2718 2258 2842 2298 cum
2874 2240 3292 2314 amplitudinem
3312 2280 3327 2305 ,
3358 2248 3471 2294 tum
3499 2238 3759 2292 virtutem

2185 2339 2415 2394 minime
2462 2337 2703 2407 ignoras.
2740 2335 3017 2406 Occupata
3060 2348 3191 2390 vero
3224 2331 3401 2399 italia,
3434 2331 3564 2402 quid
3619 2330 3757 2393 tum,

2187 2433 2388 2502 inquit,
2441 2447 2565 2496 rex,
2619 2428 2924 2485 faciemus?
2975 2427 3253 2493 Proxima,
3296 2425 3496 2497 inquit,
3551 2421 3757 2487 Sicilia,

2186 2526 2365 2584 insula
2417 2524 2547 2580 felix
2591 2531 2648 2578 et
2690 2521 2975 2578 hominum
3030 2518 3381 2575 multitudine
3433 2514 3762 2586 frequentis-

2186 2621 2349 2688 sima,
2382 2635 2502 2676 sese
2525 2617 2685 2674 nobis
2710 2617 2893 2673 dedet.
2912 2614 2987 2670 Ea
3010 2624 3193 2671 autem
3224 2613 3381 2669 facile
3411 2613 3531 2683 capi
3560 2618 3756 2691 potest,

2188 2729 2313 2770 nam
2354 2711 2756 2774 seditionibus,
2791 2709 2950 2765 bellis
3004 2707 3296 2771 civilibus,
3343 2719 3539 2775 magno
3570 2718 3761 2773 rerum

2189 2805 2428 2860 tumultu
2462 2802 2708 2859 fluctuat.
2744 2801 2885 2857 Tum
2923 2798 3161 2856 Cineas:
3195 2797 3279 2852 An
3318 2797 3416 2854 tibi
3463 2795 3591 2862 erit,
3640 2809 3761 2857 rex,

2189 2897 2459 2953 bellorum
2496 2896 2618 2950 finis
2645 2893 2873 2951 Sicilia?
2917 2894 3023 2957 Dii,
3051 2892 3251 2963 inquit,
3297 2890 3539 2952 faveant;
3568 2888 3759 2944 Cinea.

2189 2990 2325 3046 Nam
2376 2989 2602 3062 Libyam
2664 2988 3051 3060 proximasque
3094 2982 3402 3057 provincias
3450 2981 3673 3048 adoriri,
3706 2989 3765 3037 ct

2108 3118 2151 3178 ο
2189 3084 2576 3156 Carthaginem
2619 3096 2880 3166 superare
2910 3080 3227 3136 facillimum
3254 3077 3381 3144 erit,
3416 3092 3581 3148 quam
3624 3075 3762 3146 Aga-

2184 3177 2416 3244 thocles,
2449 3176 2645 3247 exigua
2674 3163 2851 3230 classe
2872 3172 3175 3244 profectus,
3213 3186 3406 3242 parum
3430 3168 3602 3225 abfuit
3624 3168 3759 3240 quin

2184 3279 2427 3340 caperet.
2463 3268 2676 3334 Quibus
2703 3266 2903 3332 victis,
2940 3265 3126 3320 nullus
3172 3277 3274 3319 nos
3331 3262 3566 3333 amplius
3616 3260 3762 3316 bello

2185 3362 2362 3417 hostis
2412 3361 2687 3416 lacessere
2731 3358 2989 3425 audebit;
3033 3356 3129 3413 sed
3169 3355 3352 3411 cuncti
3385 3355 3440 3409 in
3493 3353 3757 3408 ditionem

2186 3453 2429 3507 venient.
2482 3451 2560 3506 ita
2594 3460 2697 3517 est,
2740 3449 2919 3521 inquit
2956 3448 3178 3505 Cineas.
3230 3446 3460 3503 Constat
3505 3444 3653 3499 enim
3708 3450 3762 3496 te

2190 3544 2562 3599 Macedoniam
2596 3552 2878 3612 totamque
2903 3541 3169 3597 Grzcciam
3223 3539 3276 3593 in
3314 3544 3579 3609 potestate
3609 3530 3761 3588 habi-

2189 3648 2411 3702 turum;
2451 3637 2567 3701 sed,
2606 3637 2776 3707 partis
2805 3628 3235 3702 omnibus,quid
3259 3628 3474 3685 tandem
3503 3622 3764 3696 agemus?

2188 3733 2257 3787 At
2308 3733 2397 3787 ille
2441 3732 2626 3786 ridens
2655 3775 2671 3797 ,
2712 3730 2839 3787 Otio
2883 3738 3139 3791 utemur,
3197 3723 3395 3794 inquit,
3446 3718 3715 3777 conviviis
3742 3758 3759 3784 ,

2188 3825 2588 3896 voluptatibus,
2624 3823 2913 3879 litterariis
2942 3816 3497 3879 confabulationibus.
3530 3815 3601 3867 At
3632 3810 3761 3882 quid

2190 3920 2471 3989 prohibet,
2501 3918 2698 3989 inquit,
2719 3932 2867 3971 nunc
2884 3927 3103 3985 quoque
3124 3909 3517 3982 voluptatibus,
3531 3906 3646 3965 otio
3662 3904 3764 3961 isto

2191 4013 2269 4065 uti
2305 4022 2360 4066 et
2390 4008 2897 4081 disputationibus?
2934 4006 3076 4076 Quid
3108 4002 3611 4067 tantislaboribus,
3648 4013 3762 4053 mo-

2134 4111 2141 4113 “
2190 4105 2384 4174 iestiis,
2434 4104 2695 4176 periculis
2739 4102 3060 4169 quaerimus,
3104 4114 3260 4169 quae,
3302 4111 3428 4152 cum
3476 4094 3759 4158 volumus,

2190 4200 2406 4256 ofﬁcere
2437 4197 2762 4270 possumus?
2791 4196 2887 4251 llis
2916 4193 3100 4250 verbis
3126 4192 3328 4249 Cineas
3359 4204 3545 4263 regem
3576 4188 3761 4259 potius

2192 4290 2443 4354 ot'fcndit,
2477 4304 2640 4362 quam
2677 4304 2706 4343 a
2737 4303 2831 4356 spe
2861 4295 2919 4342 et
2944 4284 3174 4341 consilio
3199 4281 3453 4337 instituto
3476 4279 3760 4335 deterruit.

2194 4381 2318 4437 Haec
2354 4378 2515 4435 vobis
2573 4378 2851 4445 recensui,
2879 4384 2939 4431 ut
2988 4390 3097 4430 non
3144 4369 3385 4429 defuisse
3428 4367 3763 4442 cognoscatis

502 4481 619 4553 tum
652 4496 776 4547 esse
805 4478 1083 4548 intelligit,
1112 4486 1171 4533 ut
1205 4477 1345 4532 nihil
1373 4479 1566 4535 eodem
1599 4481 1707 4535 situ
1742 4492 2083 4552 permaneat,
2117 4492 2164 4548 ι)
2195 4475 2286 4543 qui
2337 4473 2529 4530 eadem
2573 4470 2877 4543 cupiditate
2925 4466 3357 4523 incenderentur
3399 4477 3506 4534 qua
3555 4461 3764 4516 Turcus

504 4578 597 4634 sed
631 4582 830 4635 cuncta
862 4572 1001 4644 jugi,
1028 4569 1215 4636 vario,
1246 4585 1392 4626 novo
1427 4582 1580 4627 motu
1631 4576 1906 4645 agantur?
1931 4575 2088 4643 Quod

504 4670 550 4727 si
588 4668 831 4737 amplum
863 4665 1030 4721 habet
1060 4663 1376 4734 imperium,
1419 4665 1584 4736 idque
1617 4681 1801 4721 rerum
1840 4669 2087 4722 omnium

506 4761 624 4831 lege
661 4758 868 4815 moveri
902 4766 1140 4828 oportet,
1177 4766 1364 4811 nonne
1413 4757 1794 4826 imminuetur,
1837 4758 1945 4815 nisi
1996 4776 2093 4815 au-

506 4852 733 4924 geatur?
767 4851 844 4907 Ne
884 4852 1160 4920 putaveris
1184 4850 1424 4906 Turcum
1449 4852 1682 4922 augendi
1721 4852 1939 4924 imperii
1976 4862 2093 4909 stu-

426 4950 429 4953 ’
508 4950 723 5003 diosum
779 4956 838 5002 et
898 4943 1201 5015 cupidum;
1256 4952 1311 4998 at
1367 4952 1517 5001 certe
1570 4955 1657 5000 est
1706 4945 2094 5003 conservandi.

508 5039 851 5096 Conservare
894 5052 1026 5093 vero
1063 5052 1170 5091 non
1202 5033 1433 5106 poterit,
1467 5034 1573 5090 nisi
1629 5044 1866 5105 augeat:
1921 5035 2095 5106 siqui-

511 5131 633 5183 dem
688 5142 1068 5198 regressurum
1124 5137 1208 5183 cst
1281 5126 1427 5197 quod
1486 5143 1591 5180 non
1667 5126 2093 5197 progrediatur,

511 5224 793 5291 lapsurum
843 5220 987 5292 quod
1020 5234 1131 5275 non
1189 5229 1396 5289 surgat,
1451 5219 1729 5273 ruiturum
1780 5221 1923 5289 quod
1984 5236 2093 5273 non

513 5316 687 5387 majus
716 5313 1007 5370 efficiatur.
1051 5314 1168 5379 Qua
1208 5312 1565 5367 conﬁrmatus
1605 5311 1865 5383 Opinione
1891 5313 2100 5368 exerci-

518 5420 631 5470 tum
666 5423 828 5463 suum
859 5416 1022 5478 anget
1044 5407 1099 5461 in
1119 5405 1261 5464 dies.
1284 5420 1449 5475 quem
1483 5404 1645 5460 habet
1671 5403 2093 5475 amplissimum.

513 5501 705 5560 Aliena
741 5498 967 5564 invadit,
1007 5512 1075 5552 ne
1122 5513 1219 5553 sua
1257 5496 1627 5553 amittat.'Alt
1666 5512 1799 5551 vero
1845 5507 2100 5567 sumptus

517 5595 789 5663 ingentes,
825 5598 904 5645 tot
948 5589 1184 5645 militum
1219 5588 1464 5659 pericula
1506 5602 1563 5643 et
1594 5588 1817 5642 vulnera
1843 5630 1858 5654 ,
1896 5597 1977 5642 tot
2000 5605 2099 5644 ex-

479 5682 484 5687 ’
521 5682 830 5755 peditioncs
860 5681 1210 5752 gravissimas
1248 5689 1415 5750 atque
1468 5679 1803 5735 alienissimo
1855 5690 2101 5752 tempore

522 5790 622 5861 pro
673 5774 966 5861 Mysiorum
1019 5774 1215 5849 exiguo
1270 5773 1522 5857 imperio,
1574 5788 1674 5843 pro
1730 5772 2099 5831 'i'riballorutn

2193 4568 2565 4624 inﬂammatus
2585 4576 2689 4623 est.
2719 4565 2785 4619 At
2818 4563 3062 4636 Pyrrhus
3091 4576 3198 4616 non
3227 4558 3411 4615 Cinea:
3439 4555 3763 4612 auctoritate

2196 4668 2254 4715 et
2305 4659 2514 4723 verbis,
2558 4673 2668 4728 quo
2697 4654 3005 4712 cbariorem
3036 4652 3275 4708 habebat
3321 4650 3621 4714 neminem,
3662 4660 3762 4700 non

2194 4754 2470 4823 paucitate
2502 4750 2756 4817 militum,
2777 4762 2887 4803 non
2911 4744 3141 4802 Romani
3158 4742 3398 4800 nominis
3413 4741 3555 4796 fama
3572 4738 3765 4794 eximia

2196 4847 2264 4900 ab
2296 4845 2446 4901 italia
2478 4841 2749 4899 deterreri
2781 4840 3000 4912 potuit;
3036 4847 3093 4894 et
3123 4836 3341 4893 Tureus
3370 4851 3481 4891 non
3511 4832 3763 4897 audebit,

2195 4942 2288 5011 qui
2346 4938 2555 5011 Pyrrho
2586 4936 2823 4991 militum
2879 4934 3105 4997 robore,
3149 4929 3341 4985 finium
3393 4926 3767 4998 magnitudine

2194 5035 2357 5105 longe
2381 5032 2706 5101 locupletior
2733 5037 2856 5093 est;
2886 5028 2978 5099 qui
3014 5024 3225 5081 italiam
3249 5022 3463 5078 viribus
3484 5033 3543 5076 et
3572 5020 3769 5077 Studiis

2196 5127 2516 5199 dissipatam
2554 5139 2661 5177 non
2704 5122 2954 5193 ignorat;
2990 5121 3079 5190 qui
3117 5116 3312 5190 Pyrrhi
3348 5123 3497 5187 gesta
3540 5113 3771 5170 irridere

2198 5220 2359 5284 solet,
2417 5215 2725 5273 Alexandro
2784 5229 2938 5269 suam
2990 5226 3211 5282 mquare
3279 5207 3584 5264 virtutem?
3639 5206 3770 5263 Nam

2199 5310 2566 5367 Alexandrum
2614 5308 2966 5364 Macedonum
3001 5319 3182 5375 regem
3232 5302 3297 5357 ad
3346 5316 3434 5357 res
3486 5299 3769 5373 gerendas,

2203 5408 2269 5461 ad
2300 5402 2706 5460 aemulationem
2737 5398 2923 5470 gloriae
2973 5396 3078 5451 sibi
3106 5395 3432 5451 imitantium
3465 5389 3770 5463 proposuit,

2202 5490 2355 5563 illum
2406 5494 2584 5564 ipsum
2645 5488 3017 5546 Alexandrum
3067 5487 3183 5558 qui,
3217 5501 3367 5553 cum,
3399 5485 3773 5554 Anaxagoram

2200 5589 2389 5659 plures
2440 5583 2678 5639 mundos
2704 5599 2827 5639 esse
2858 5568 3233 5653 disputantem
3289 5577 3575 5657 audiisset,
3632 5575 3778 5645 iuge-

2204 5681 2406 5737 muisse
2434 5678 2661 5745 dicitur,
2704 5687 2761 5733 et
2796 5677 3066 5746 lacrymas
3114 5673 3387 5734 emisisse,
3415 5671 3560 5743 quod
3607 5683 3775 5725 unum

2204 5774 2398 5840 saltem
2432 5787 2498 5830 cx
2531 5772 2597 5828 iis
2629 5780 2802 5827 totum
2860 5772 2913 5834 in
2963 5769 3228 5827 ditionem
3279 5765 3528 5848 redigere
3580 5761 3771 5843 ncqui-
