4108 6142
414 242 519 308 657

1451 214 1906 315 onA'rtonss'
1933 255 2239 320 CONTRA
2288 260 2609 323 Tcncns.

3575 260 3700 328 858.

410 363 599 418 visset.
646 361 796 419 illius
850 375 1003 437 gesta
1059 365 1228 436 legit;
1279 365 1333 421 in
1380 367 1475 422 illo
1529 376 1673 425 totus
1713 379 1997 436 versatur;
2032 377 2073 433 Α
2107 383 2165 426 ut
2227 373 2450 430 Asianis
2510 374 2767 431 hostibus
2828 376 3241 442 fonnidolusum
3296 375 3515 437 emeiat,
3574 380 3686 446 qn0

414 468 593 525 neque
621 472 760 516 sane
789 473 848 512 se
878 458 1200 515 inferiorem
1250 467 1426 529 putat,
1468 476 1593 515 cum
1634 463 1846 530 jactare
1877 462 1996 531 pie-

416 559 651 615 rumque
721 550 899 605 soleat
950 559 1010 605 et
1089 565 1284 607 vocem
1355 551 1499 605 illam
1553 552 1995 621 frequentissime

413 653 707 709 usurpare,
743 657 802 696 se
831 642 1047 698 decima
1076 642 1318 711 amplius
1362 651 1519 711 parte
1564 643 1877 698 Alexandro
1903 659 1998 698 su-

417 728 689 798 periorem
713 746 838 787 esse
866 748 880 785 :
913 731 1067 786 illum
1096 734 1246 787 enim
1297 748 1423 788 cum
1457 733 1678 803 triginta
1715 734 1998 789 hominum

418 820 661 878 millibus
690 821 958 877 duntaxat
990 831 1046 879 et
1081 826 1430 895 septuaginta
1464 824 1686 881 talentis
1718 843 1869 883 arma
1903 844 2004 896 per

418 924 694 971 terrarum
756 918 951 973 orbem
1005 918 1449 986 circumtulisse;
1506 935 1567 975 se
1620 934 1752 975 vero
1791 928 2001 989 quanto

417 1007 774 1075 paratiorem,
815 1008 1094 1076 ditiorem,
1138 1011 1302 1065 rebus
1340 1010 1599 1065 omnibus
1642 1009 2002 1065 abundantio~

421 1098 577 1151 rem!
637 1097 827 1154 Solent
887 1102 966 1155 lue
1017 1102 1405 1171 cogitationes,
1465 1102 1581 1157 hzec
1636 1103 2003 1159 simulationis

419 1192 622 1257 studia,
648 1194 826 1249 solent
856 1196 1179 1265 plerumque
1219 1211 1309 1251 res
1339 1182 1561 1268 magnas
1588 1212 1799 1266 parere,
1837 1205 1893 1251 et
1935 1212 2004 1251 eo

420 1285 710 1353 pervenire
762 1302 876 1357 quo
934 1286 1256 1353 intendunt,
1309 1288 1617 1358 praesertim
1670 1288 1714 1343 si
1769 1288 2003 1343 facultas

422 1376 585 1432 adsit.
622 1378 692 1432 At
729 1368 793 1433 ea
834 1377 1083 1447 profecto
1112 1377 1297 1433 Turco
1331 1394 1440 1434 non
1493 1380 1667 1446 deest,
1711 1380 1805 1449 qui
1849 1395 1909 1435 se
1939 1394 2005 1435 co

422 1485 583 1541 quem
631 1469 879 1526 imitatur
908 1472 1323 1541 locupletiorem
1366 1474 1668 1528 existimat.
1720 1472 1813 1529 Sic
1862 1472 2004 1528 The-

424 1580 553 1619 seus
586 1562 855 1632 Herculis,
904 1564 987 1621 sic
1018 1566 1418 1623 Themistocles
1466 1565 1724 1621 Miltiadis
1755 1566 2008 1637 exemplo

423 1657 601 1725 dni-ti,
634 1658 871 1713 maxima
903 1657 1151 1715 facinora
1196 1659 1514 1715 ediderunt.
1552 1658 1729 1713 Habet
1764 1656 2009 1728 profecto

2099 469 2317 522 tandem
2350 463 2725 525 transmittere
2751 471 2999 541 cogitat?
3026 469 3126 526 Ubi
3156 470 3239 524 sui
3268 470 3480 524 consilii
3505 468 3685 524 alendi

2097 567 2336 624 segetem
2381 556 2694 613 uberiorem
2748 559 2946 616 videt?
3003 558 3094 615 ubi
3154 560 3324 629 magis
3366 558 3685 612 admiranda

2100 646 2294 702 conari
2344 650 2564 718 potest?
2620 651 2741 706 Non
2795 653 3053 708 excident
3092 652 3297 721 gladii;
3350 654 3462 704 non
3516 651 3688 704 fluent

2103 754 2256 794 arma
2287 739 2357 794 de
2408 741 2689 799 manibus.
2732 744 2870 799 Nam
2918 746 3097 799 socios
3154 745 3209 798 in
3265 743 3442 797 otIicio
3480 758 3541 796 ac
3583 742 3688 794 fide

2103 832 2391 889 continuere
2453 834 2661 900 studet,
2714 847 2772 892 ct
2800 852 2899 892 eos
2948 837 3097 907 ipsos
3150 838 3374 905 quicum
3443 834 3689 904 quotidie

2104 928 2261 982 vivit.
2293 928 2526 985 Maxime
2557 939 2640 985 est
2689 929 2804 986 suis
2850 932 3109 985 omnibus
3158 913 3402 989 invisus;
3451 929 3691 983 oderunt

2103 1022 2282 1087 socii;
2320 1038 2429 1077 non
2474 1033 2659 1077 amant
2705 1023 3038 1089 familiares;
3094 1040 3263 1094 parvo
3307 1032 3588 1076 momento
3620 1021 3684 1074 ad

2106 1116 2280 1184 ipsius
2308 1117 2584 1171 excidium
2611 1132 2675 1172 ac
2710 1132 2899 1171 necem
2927 1133 3121 1171 omnes
3151 1117 3591 1187 impellerentur.
3632 1114 3689 1168 Id

2105 1209 2363 1278 quoniam
2406 1211 2752 1279 exploratum
2806 1210 2975 1264 habet
3026 1218 3081 1263 et
3126 1220 3468 1279 compertmn
3496 1250 3511 1270 ,
3544 1208 3689 1262 bella

2108 1302 2394 1373 peregrina
2446 1303 2748 1372 suscipere.
2800 1318 3016 1373 gerere,
3052 1302 3324 1357 conficere
3370 1302 3584 1362 statuit,
3622 1316 3690 1355 ne

2107 1392 2466 1449 domesticam
2520 1394 2849 1466 civilemque
2889 1394 3291 1450 dissensionem
3350 1395 3690 1463 experiatur.

2112 1485 2364 1553 Ususque
2423 1484 2698 1555 Scipionis
2728 1486 2960 1541 consilio
3008 1485 3143 1540 foris
3194 1499 3442 1555 pugnare
3502 1483 3694 1538 utilius

2110 1580 2436 1644 arbitratur,
2471 1596 2634 1651 quam
2677 1582 2842 1635 domo
2869 1581 3039 1636 vinci.
3089 1582 3169 1635 An
3222 1588 3374 1635 extra
3415 1579 3551 1634 fines
3596 1577 3697 1632 du-

2113 1683 2306 1729 cturus
2346 1673 2417 1729 sit
2462 1672 2762 1729 exercitum
2803 1674 2984 1728 adhuc
3030 1672 3289 1728 dubitas?
3334 1672 3449 1726 Non
3500 1670 3694 1734 sentis,

371 1776 377 1781 -
425 1740 613 1806 nescio
629 1752 757 1822 quid
782 1750 943 1806 fatale
967 1750 1266 1806 Alexandri
1306 1750 1562 1815 imitatio,
1585 1764 1710 1805 cum
1740 1726 1801 1804 cia
1832 1747 2011 1805 Julius
2038 1726 2087 1785 Β
2252 1726 2411 1836 bim—,3
2448 1726 2759 1837 gegpigis'?
2808 1726 3011 1823 VNonn—e
3040 1726 3174 1822 satis
3211 1726 3479 1821 rnovinms
3511 1726 3697 1833 ίηψυξ

425 1842 913 1909 Caesarincensus,
946 1853 1069 1915 post
1116 1859 1207 1900 res
1247 1844 1670 1915 praeclarissime
1703 1853 1907 1915 gestas,
1952 1843 2006 1897 in

428 1940 659 2007 patriam
691 1939 857 1993 etiam
890 1938 1108 1993 civilem
1142 1938 1491 2009 sanguinem.
1525 1954 1677 1995 arma
1718 1947 2011 1995 converte-

430 2032 518 2086 rit.
549 2030 701 2097 Quod
727 2033 772 2085 si
806 2032 953 2085 illius
978 2031 1233 2100 exemplo
1256 2031 1369 2101 agit
1392 2031 1486 2100 qui
1513 2030 1764 2103 Libyam,
1800 2030 2009 2096 Asiam,

431 2133 603 2179 totum
636 2123 808 2179 ferme
847 2123 1037 2179 urbem
1072 2124 1423 2195 subjugavit;
1462 2124 1507 2178 si
1542 2123 1689 2178 illius
1726 2122 2013 2194 persequi-

430 2228 521 2273 tur
543 2218 753 2288 vestigi-r
789 2235 800 2277 '.
836 2217 880 2273 si
910 2215 1275 2288 propagandis
1307 2216 1525 2288 imperii
1563 2218 1763 2273 finibus
1791 2218 2009 2272 laudem

434 2328 543 2367 non
573 2312 735 2366 modo
766 2321 1152 2383 aequaturum,
1190 2312 1285 2367 sed
1322 2321 1477 2367 tanto
1512 2312 1686 2382 magis
1720 2321 2013 2382 superatu-

433 2423 553 2462 rum
584 2405 835 2469 conlidit,
866 2414 1076 2477 quanto
1119 2408 1356 2474 maiores
1402 2407 1591 2476 copias
1644 2407 1866 2477 triginta
1916 2406 2017 2461 ho-

430 2500 645 2554 minum
675 2498 945 2563 millibus,
967 2496 1321 2569 grandiorem
1349 2499 1640 2567 pecuniam
1665 2498 2014 2567 septuaginta

432 2596 658 2651 talentis
688 2595 879 2656 habet,
906 2609 1019 2665 quo
1054 2594 1272 2649 tandem
1301 2609 1427 2649 eum
1463 2602 1713 2662 spectare
1740 2602 1797 2646 et
1826 2590 2014 2648 conari

430 2690 852 2746 existimamus?
878 2690 1018 2756 Quid
1055 2690 1158 2745 sibi
1186 2688 1425 2760 postulat
1457 2690 1730 2757 cupiditas
1752 2686 1842 2739 illa
1866 2684 2020 2756 pacis

431 2800 557 2841 cum
608 2782 985 2838 illustrissimo
1019 2781 1376 2851 piissimoque
1408 2776 1610 2833 Siciliae
1636 2792 1762 2845 rege
1789 2789 2018 2845 compo-

434 2876 666 2932 nendm?
695 2874 837 2941 Quid
880 2874 1034 2928 missi
1082 2871 1245 2940 legati
1271 2871 1295 2924 Ἰ
1319 2870 1455 2925 Nam
1485 2870 1578 2935 qui
1631 2884 1832 2923 nomen
1860 2867 2020 2922 Chri-

435 2969 676 3025 stianum
718 2965 849 3021 odio
897 2964 1088 3025 habet,
1141 2962 1402 3032 omnique
1446 2958 1795 3015 crudelitatis
1821 2972 2019 3029 genere

2114 1859 2385 1916 rissimam
2426 1859 2574 1916 illius
2621 1868 2897 1924 naturam,
2935 1860 3306 1929 turpissimam
3345 1861 3538 1923 vitam,
3576 1874 3699 1912 αρε·
3736 1840 3739 1843 ’

2110 1954 2342 2011 leratam
2369 1954 2825 2011 consuetudinem
2854 1954 3076 2020 ?Quam
3112 1954 3308 2017 facem,
3347 1951 3489 2007 bone
3518 1939 3696 2005 Deus!

2112 2032 2262 2115 quod
2310 2044 2545 2105 facinus,
2587 2058 2758 2114 quam,
2794 2044 3158 2109 superbiam?
3220 2040 3367 2097 Nihil
3423 2052 3507 2096 est
3551 2040 3700 2112 quod

2114 2120 2300 2190 animo
2329 2151 2438 2189 non
2473 2134 2719 2202 sorbeat,
2762 2134 2898 2211 nihil
2931 2135 3077 2205 quod
3112 2151 3219 2189 non
3251 2135 3469 2189 hauriat
3498 2134 3702 2203 cogita-

2114 2229 2285 2285 tione.
2321 2227 2387 2283 Et
2410 2243 2519 2284 non
2550 2242 2809 2299 pu'amus
2846 2230 2997 2284 illum
3055 2229 3109 2283 in
3142 2239 3388 2283 nostram
3421 2228 3704 2282 calamita-

2114 2329 2225 2377 tem
2275 2319 2619 2387 incumbere,
2666 2321 2721 2375 in
2761 2337 2997 2391 quorum
3030 2321 3285 2375 fortunas
3344 2319 3701 2379 ﬁdelissimos

2117 2413 2319 2479 socios,
2350 2414 2795 2483 antiquissimam
2838 2413 3195 2483 religionem,
3235 2412 3369 2472 vim.
3407 2419 3701 2477 tormenta,

2114 2521 2331 2570 cruces,
2391 2520 2509 2574 spe,
2568 2516 2812 2573 sumptu,
2870 2506 3059 2561 labore
3120 2506 3331 2560 delixit.
3394 2504 3471 2560 Ne
3541 2505 3703 2569 illud,

2117 2614 2326 2669 qmeso,
2378 2597 2513 2652 mihi
2548 2599 2795 2664 obiicias.
2827 2597 2971 2667 (μιοά
3020 2599 3267 2653 nonnulli
3327 2596 3480 2652 nullo
3519 2613 3705 2652 rerum

2123 2706 2224 2746 usu
2251 2690 2487 2760 pnediti,
2506 2691 2655 2745 nulla
2679 2691 2973 2746 vetustatis
2996 2707 3257 2747 memoria
3278 2690 3478 2745 eruditi
3498 2690 3707 2761 jactare

2120 2783 2318 2845 solent,
2351 2786 2667 2854 peregrinas
2703 2784 2956 2838 nationes
3019 2800 3299 2853 nunquam
3356 2783 3569 2839 Italiam
3629 2796 3711 2837 te-

2120 2875 2332 2940 nuisse,
2380 2890 2500 2931 eam
2555 2891 2937 2947 saepenumero
2973 2888 3211 2933 tentasse
3254 2877 3563 2932 infeliciter.
3620 2879 3709 2932 Et—

2124 2968 2272 3023 enim
2334 2968 2464 3023 dum
2497 2970 2719 3040 antiqua
2789 2971 3055 3026 memoria
3104 2982 3324 3039 reputo,
3369 2972 3496 3025 dum
3527 2988 3709 3025 rerum

436 3064 743 3118 insectatur
773 3068 830 3114 et
852 3059 1107 3129 despicit,
1140 3057 1293 3113 nullo
1320 3055 1544 3126 quidem
1576 3052 2017 3115 Christianorum
2050 3095 2093 3153 ϐ
2126 3069 2403 3130 gestarum
2429 3061 2628 3115 seriem
2667 3060 2735 3116 ad
2763 3072 2947 3117 nostra
2976 3078 3149 3131 usque
3190 3074 3432 3129 tempora
3476 3061 3709 3123 deduco,

438 3167 612 3219 metu,
646 3153 792 3209 nulla
842 3154 1014 3223 gratia
1047 3150 1346 3206 Christiani
1408 3150 1551 3219 regis
1596 3147 1776 3203 ftedus
1805 3144 2024 3202 deside-

412 3260 545 3314 rat,
577 3248 674 3306 sed
712 3260 769 3304 ut
791 3287 807 3311 .
842 3246 1126 3316 oppressis
1172 3260 1315 3316 quos
1348 3245 1641 3299 universos
1675 3241 1873 3298 eodem
1923 3241 2023 3295 im-

438 3354 567 3415 p‘tu
593 3358 700 3397 non
730 3340 904 3397 everti
937 3354 1104 3410 posse
1140 3337 1423 3407 intelligit,
1456 3335 1675 3391 tandem
1709 3335 1855 3405 quod
1875 3334 2027 3403 cupit

441 3443 789 3507 assequatur.
814 3435 883 3489 At
913 3447 1045 3489 vero
1069 3432 1344 3488 infelicem
1389 3432 1543 3485 illum
1587 3445 1681 3486 sua
1728 3429 1869 3483 fallit
1899 3444 2026 3498 spes

441 3540 501 3588 et
521 3531 730 3601 opinio,
753 3540 878 3583 cum
908 3525 1289 3597 superioribus
1317 3524 1514 3590 diebus
1544 3522 1834 3594 magnifice
1876 3536 2030 3592 rege-

443 3640 555 3697 que
591 3624 909 3680 Christiano
958 3622 1121 3693 digne
1173 3619 1409 3693 inclytus
1442 3634 1535 3678 cex
1580 3618 1820 3692 legatum
1868 3616 2030 3675 (Limi-

445 3720 577 3777 serit
614 3734 682 3774 eo
713 3732 1001 3787 reaponso,
1033 3725 1092 3770 ut
1123 3730 1231 3771 non
1266 3715 1443 3770 solum
1476 3713 1843 3785 perniciosam
1867 3712 2033 3768 bonis

448 3813 709 3870 omnibus
734 3810 1056 3867 societatem
1088 3821 1413 3879 aspernatus
1444 3823 1587 3875 esse,
1621 3808 1715 3862 sed
1745 3819 1799 3864 et
1822 3806 2028 3863 bellum

448 3907 592 3962 hosti
634 3904 897 3960 indixisse
923 3920 1022 3974 pro
1044 3903 1251 3960 Christi
1279 3902 1540 3969 religione
1570 3901 1731 3956 facile
1754 3901 2027 3956 videatur.

449 4002 518 4057 Et
544 4016 614 4056 ne
648 3998 756 4053 ulla
789 3996 1019 4053 omnino
1051 4012 1116 4051 ex
1153 4007 1306 4066 parte
1352 3994 1482 4065 quid
1516 3993 2034 4048 meditctnrolzscu‘

450 4109 573 4147 rem
618 4090 714 4157 sit,
756 4091 990 4160 cogitate
1026 4102 1321 4158 parumper
1372 4083 1505 4155 quid
1568 4083 1655 4138 illa
1705 4081 2033 4136 humanitas

452 4185 553 4241 sibi
595 4185 731 4247 vult,
767 4197 891 4253 qure
942 4180 1200 4236 immanis
1246 4178 1551 4241 barbarus,
1583 4182 1640 4229 et
1661 4172 1726 4227 ad
1769 4171 2033 4227 smvitiam

453 4289 641 4345 natus,
671 4293 797 4348 erga
834 4273 1077 4331 nominis
1106 4273 1282 4328 nostri
1312 4274 1685 4345 negotiatores
1719 4266 1865 4321 intra
1903 4282 2036 4324 suos

454 4376 593 4429 lines
635 4372 835 4427 utitur.
883 4365 1175 4425 Portendit
1205 4366 1455 4437 profecto
1484 4362 1635 4419 aliud
1658 4406 1673 4431 ,
1705 4373 1760 4419 et
1809 4364 2038 4419 omnino

2130 3162 2350 3209 exteras
2401 3163 2596 3223 gentes
2646 3153 2702 3208 in
2752 3154 2963 3209 Italiam
3018 3156 3174 3225 prius
3228 3171 3377 3208 artua
3436 3154 3712 3220 intulisse,

2132 3244 2491 3315 ingentesque
2526 3244 2803 3301 invexisse
2859 3246 3200 3302 calamitates
3254 3260 3416 3315 quam
3445 3245 3513 3299 ah
3563 3244 3715 3299 Italia

2133 3338 2432 3406 act'episse,
2461 3339 2618 3409 plane
2642 3340 2942 3408 comperio.
2964 3337 3123 3401 Nam,
3145 3349 3207 3393 ut
3229 3338 3413 3394 Gallos
3442 3337 3716 3401 omittam,

2133 3434 2224 3501 qui
2256 3434 2339 3487 vel
2365 3449 2432 3487 eo
2461 3441 2730 3504 tempore,
2761 3450 2872 3504 quo
2897 3435 2964 3488 ad
2998 3433 3245 3489 Clusium
3279 3441 3579 3505 pugnatum
3606 3444 3716 3496 est,

2136 3536 2197 3581 ut
2264 3526 2593 3583 Plutarchus
2645 3536 2835 3581 noster
2896 3528 3087 3591 tradit,
3151 3527 3237 3582 vel
3276 3527 3530 3582 ducentis
3590 3540 3719 3581 ante

2136 3618 2629 3686 annis,vut-.Livio
2667 3618 2916 3675 Romano
2949 3622 3151 3690 placet.
3189 3624 3242 3674 in
3289 3621 3493 3678 Italiam
3548 3619 3732 3695 duxit-~

2137 3726 2268 3770 runt
2288 3716 2616 3777 exercitum,
2639 3730 2800 3783 parva
2822 3724 3015 3771 manus
3042 3706 3373 3778 Eiethnrum.
3391 3733 3457 3773 ex
3485 3717 3719 3771 Thracia

2138 3809 2533 3877 Pannoniaque
2586 3825 2887 3879 erumpens
2954 3812 3207 3865 exercitu
3277 3811 3597 3874 collectitio,
3664 3813 3718 3864 in

2141 3902 2345 3956 italiam
2391 3902 2564 3967 venit,
2620 3904 2959 3974 vastatisque
3018 3904 3187 3959 Italia:
3251 3908 3419 3974 agris,
3480 3905 3721 3959 incensis

2140 3993 2397 4056 urbibus,
2457 3996 2574 4049 h:cc
2640 3994 2757 4063 ipsa
2816 3996 3019 4053 Intenia
3072 4006 3384 4066 ceperunt,
3442 3997 3723 4059 incendio,

2138 4084 2307 4150 ferro,
2362 4086 2511 4142 czede
2558 4087 2742 4142 Omnia
2783 4088 3144 4157 complentes.
3197 4089 3276 4143 Illi
3338 4105 3502 4159 parva
3556 4074 3725 4144 manu

2139 4182 2433 4251 instructi,
2490 4182 2790 4238 stoliditate
2850 4182 3085 4254 quadam
3141 4183 3723 4253 gestientes,asseqni

2144 4284 2440 4347 potuerunt
2467 4275 2613 4347 quod
2647 4274 2859 4331 Turcus
2895 4276 3150 4331 maximis
3180 4276 3376 4346 cepiis,
3418 4285 3572 4332 certo
3603 4293 3728 4346 pcr-

2146 4367 2422 4439 tinacique
2468 4366 2720 4434 consilio,
2774 4367 3054 4437 suscipere
3101 4383 3166 4423 ac
3206 4377 3418 4424 tentare
3468 4384 3578 4424 non
3631 4385 3731 4423 au-

454 4464 763 4537 prodigium
801 4471 890 4519 est
915 4460 1147 4517 ell'erum
1195 4468 1502 4514 monstrum
1542 4458 1595 4513 in
1628 4467 1892 4525 nostros,
1938 4472 2038 4529 po.
2073 4471 2117 4526 ι)
2145 4463 2318 4519 deat?
2369 4462 2447 4519 Illi
2499 4478 2598 4535 per
2654 4462 2852 4520 itinera
2904 4464 3151 4520 animum
3204 4464 3520 4520 diﬂicillima
3557 4476 3733 4522 trans-

457 4561 729 4619 tissimum
784 4566 1135 4612 mansuetum
1190 4553 1306 4609 illic
1364 4552 1526 4619 ﬁeri,
1585 4568 1615 4607 a
1656 4553 2042 4608 crudelissimo

455 4655 612 4709 hoste
632 4649 962 4713 amicitiam,
1005 4662 1035 4707 :t
1068 4646 1549 4702 truculentissime
1577 4647 1839 4716 pietatem
1872 4645 2045 4701 simu.

452 4744 574 4800 lari.
605 4742 725 4799 Non
748 4741 840 4795 diu
875 4748 1232 4811 perseverat,
1263 4738 1409 4808 quod
1450 4739 1519 4791 ab
1571 4736 1746 4791 invito
1775 4733 2046 4807 exprimi-

456 4849 562 4896 tur.
612 4836 797 4893 Scrvit
845 4836 1208 4905 temporibus,
1251 4835 1381 4887 dum
1438 4831 1505 4887 ad
1569 4841 1819 4903 optatum
1878 4830 2042 4887 finem

455 4928 761 5004 perveniat.
808 4927 877 4983 Et
929 4927 1060 4998 quid
1111 4936 1234 4994 agat
1270 4926 1454 4980 adhuc
1509 4924 1869 4995 ignoramus?
1916 4938 2043 4978 cum

462 5023 768 5096 praesertim
804 5022 876 5076 ita
918 5028 1064 5093 agat,
1113 5030 1174 5076 ut
1222 5034 1325 5075 nos
1373 5018 1660 5089 ambigere
1716 5018 1874 5073 nolit.
1923 5018 2045 5073 Non

463 5116 771 5179 continebit
795 5117 940 5173 domi
990 5124 1202 5170 tantum
1245 5118 1595 5182 exercitum;
1650 5128 1760 5169 non
1807 5116 2048 5185 patietur

460 5227 687 5268 suorum
714 5211 950 5266 militum
984 5209 1201 5265 animos
1234 5208 1566 5273 eﬂ‘eminari,
1598 5223 1738 5278 quos
1792 5208 1843 5262 in
1879 5208 2049 5262 armis

386 5310 389 5315 “
464 5306 668 5362 habere
703 5304 803 5375 ipsi
848 5318 1077 5361 necesse
1110 5311 1217 5358 est.
1270 5302 1448 5361 Habet
1492 5308 1641 5358 enim
1694 5319 1804 5357 non
1843 5317 2049 5372 paucos

464 5398 693 5454 Asianos
750 5397 983 5468 populos
1042 5395 1288 5451 infensos
1329 5405 1386 5450 et
1437 5395 1491 5450 in
1530 5411 1687 5451 suam
1744 5396 2046 5467 perniciem

466 5490 853 5556 imminentes;
887 5504 1029 5560 quos
1067 5488 1121 5543 in
1154 5504 1213 5544 se
1252 5489 1515 5559 impetum
1568 5487 1811 5544 facturos
1860 5500 2049 5558 aperte

469 5582 747 5655 intelligit,
800 5583 846 5638 si
904 5590 1000 5637 aut
1048 5598 1201 5637 arma
1251 5583 1593 5651 deposuerit,
1626 5590 1723 5636 aut
1774 5582 2052 5636 exercitus

469 5681 667 5733 famam
700 5676 756 5733 in
798 5686 1175 5747 contemptum
1214 5677 1628 5745 ludibriumque
1677 5675 1876 5729 adduci
1931 5692 2052 5743 pcr-

473 5771 685 5839 miserit
713 5787 729 5827 :
761 5787 925 5851 quem
970 5779 1028 5826 ut
1075 5770 1333 5836 laudibus
1365 5769 1778 5831 ornatissimum
1830 5769 2050 5837 reddat,

2143 4555 2317 4627 gressi
2351 4562 2481 4611 sunt
2513 4570 2529 4610 :
2557 4563 2614 4609 at
2642 4554 2858 4613 Turcus
2886 4556 3167 4610 maritimo
3196 4550 3252 4611 et
3278 4556 3536 4625 expedito
3564 4572 3731 4613 cursu

2143 4645 2390 4716 legiones
2445 4660 2575 4701 suas
2609 4646 2861 4717 trajicere
2910 4648 3223 4704 dubitabit?
3273 4644 3351 4701 Illi
3398 4650 3452 4701 in
3501 4647 3735 4711 italiam,

2145 4754 2267 4809 quae
2311 4737 2454 4794 alter
2501 4739 2657 4796 orbis
2711 4740 2939 4804 dicitur,
2995 4740 3358 4811 irruperunt:
3408 4740 3624 4797 Turcus
3662 4742 3736 4797 ita

2146 4833 2316 4889 Italia:
2347 4834 2492 4915 vires
2527 4832 2776 4897 tentavit,
2806 4842 2865 4888 ut
2886 4844 3222 4897 contemnat,
3245 4843 3297 4888 et
3326 4848 3432 4887 non
3476 4833 3739 4889 audebit?

2146 4926 2309 4993 Quid,
2342 4924 2387 4981 si
2419 4925 2647 4995 antiqua
2676 4925 2980 4980 consectari
3012 4926 3166 4993 libet,
3198 4926 3386 4997 Pyrrhi
3420 4927 3734 4982 luctuosum

2147 5019 2443 5076 adventum
2472 5020 2942 5073 commemorem?
2976 5018 3116 5085 Quid
3149 5020 3441 5075 Alexandri
3474 5022 3690 5077 Molossi
3714 5025 3741 5077 3

2150 5114 2281 5185 quid
2308 5112 2634 5168 Archidami
2671 5111 2906 5183 Agesilai
2937 5110 3214 5182 ﬁliiiquid
3248 5110 3745 5170 Annibalisbusta?

2150 5206 2323 5264 Nimis
2348 5220 2562 5275 magna,
2594 5204 2760 5259 nimis
2779 5215 2962 5259 vetera
2995 5207 3218 5260 nomina
3253 5217 3463 5275 repeto.
3492 5206 3633 5277 Quid
3674 5209 3745 5261 ab

2148 5300 2336 5364 Attila,
2393 5297 2593 5362 Totila,
2648 5297 2933 5353 Saracenis
2996 5298 3175 5353 illatas
3244 5299 3429 5365 clades
3494 5301 3744 5358 oratione

2152 5407 2276 5447 mea
2335 5391 2637 5447 refricem?
2667 5392 2736 5446 At
2788 5392 3057 5463 Pyrrhus,
3116 5392 3304 5457 credo,
3361 5399 3538 5462 potuit
3596 5394 3743 5464 quod

2152 5485 2371 5540 Turcus
2395 5494 2651 5554 nequeat.
2688 5484 2807 5550 Ille,
2848 5485 3011 5540 salvis
3044 5494 3123 5539 tot
3173 5485 3430 5551 ducibus,
3470 5495 3549 5540 tot
3580 5503 3741 5543 exer.

2153 5577 2379 5642 citibns,
2442 5593 2583 5647 quos
2636 5578 2945 5635 secundum
2981 5589 3167 5649 postea
3205 5580 3473 5635 Punicum
3539 5582 3754 5635 bellum

2154 5670 2484 5742 absumpsit,
2514 5670 2583 5727 ad
2642 5671 2810 5729 Urbis
2840 5687 3010 5742 prope
3042 5672 3242 5729 mmnia
3268 5676 3473 5730 victore
3502 5677 3746 5732 exercitu

2156 5766 2440 5825 contendit
2476 5780 2490 5833 ί
2525 5765 2737 5827 Turcus
2760 5806 2773 5831 ,
2802 5768 2896 5836 qui
2953 5768 3203 5839 Epirum,
3238 5766 3605 5826 Macedoniam
3669 5783 3744 5825 to-
