4064 6148
387 255 500 323 659

1316 260 1837 323 BESSARIONIS
1881 261 1951 324 S.
1994 262 2069 324 Β.
2098 264 2179 327 -Ε,
2223 258 2704 331 CARDINALIS

3563 265 3673 330 660

393 384 615 444 tamque
664 369 951 437 (Infantiam,
998 381 1079 427 tot
1129 371 1357 447 imperia
1399 373 1642 444 subegit,
1682 372 1985 433 Italiamin
2013 376 2063 434 Α
2091 374 2278 437 video.
2316 387 2377 430 ut
2410 377 2560 439 omni
2586 389 2789 436 conatu
2821 377 3215 450 contemnique
3233 377 3469 435 consilio
3490 389 3545 434 et
3566 393 3672 449 ope

395 474 476 533 tot
506 464 844 537 principatus
877 474 930 519 et
961 463 1142 519 studia
1175 464 1492 543 dissipatam
1543 482 1608 520 ac
1646 466 1984 532 dissentien-

399 546 504 621 tem
537 556 786 611 timebit?
812 574 919 611 non
952 557 1283 617 adoriatur?
1303 573 1411 612 non
1430 558 1520 613 Ἰ...
1548 556 1664 613 lleu
1685 574 1790 619 ,me
1824 560 1988 615 mise-

397 649 556 702 rmnl
591 647 790 709 Nescio
814 649 1224 717 quoorationis
1250 649 1801 711 cursucodeducor.
1838 650 1987 721 quod

397 742 554 792 doior
583 740 895 805 exprimere
929 755 1034 793 non
1075 740 1228 796 sinit.
1263 744 1345 794 At.
1362 757 1429 795 ne
1478 742 1532 795 in
1557 744 1838 805 veteribus
1870 752 1987 804 tan-

401 841 513 885 tum
574 832 777 885 versari
836 833 1042 895 videar,
1090 833 1141 887 in
1185 835 1387 902 quibus
1435 834 1988 906 quadrataagmina,

394 924 562 993 jnrati
625 925 851 987 milites,
904 936 1055 980 tanta
1116 926 1511 997 imperatorum
1572 909 1778 1003 virtus,
1840 937 1988 987 tanta

401 1016 676 1085 legionum
722 1015 985 1085 patientia
1026 1030 1089 1072 ac
1126 1017 1414 1088 disciplina
1463 1018 1770 1080 constabat,
1807 1030 1865 1079 ut
1918 1020 1987 1077 ad

403 1108 710 1161 recentiora
768 1118 953 1162 nostra
999 1117 1309 1164 revertatur
1341 1111 1543 1186 oratio,
1592 1111 1723 1181 quid
1763 1112 1992 1168 Hunno-

404 1214 525 1251 rum
551 1214 614 1253 ac
645 1198 1011 1253 Vandalnrum
1046 1215 1239 1255 manus
1262 1200 1541 1256 incondita
1569 1202 1593 1257 ?
1626 1204 1809 1259 lnusta
1839 1213 1988 1272 sunt,

403 1292 581 1345 inusta
622 1301 748 1345 sunt
784 1292 918 1360 ipsis
962 1292 1238 1347 moenibus
1282 1297 1613 1365 sempiterna
1655 1297 1876 1353 ill0rum
1905 1299 1991 1353 in-

399 1382 558 1451 juria:
587 1393 961 1438 mmmmenta.
995 1385 1066 1438 At
1093 1384 1139 1438 si
1174 1395 1311 1455 post
1336 1385 1528 1442 urbem
1550 1388 1867 1445 Christiano
1897 1408 1997 1446 no.

408 1476 554 1531 mine
573 1477 848 1530 conditam
879 1479 1128 1550 exempla
1150 1490 1199 1533 te
1220 1492 1462 1551 movent,
1486 1481 1688 1540 Leonis
1715 1484 1997 1543 Pontiﬁcis

406 1568 624 1623 Maximi
679 1571 1044 1641 temporibus,
1096 1572 1314 1643 Attilae,
1369 1576 1436 1630 de
1489 1592 1601 1646 quo
1653 1580 1817 1649 paulo
1867 1589 1996 1637 ante

406 1663 572 1717 verba
604 1663 730 1730 feci,
761 1664 985 1719 subacta
1015 1674 1124 1720 tota
1156 1666 1326 1723 Gallia
1357 1662 1657 1738 Cisalpina,
1688 1672 1754 1725 ad
1787 1672 1990 1729 Urbem

2088 482 2151 525 ea
2189 468 2609 537 propulsemus,
2639 478 2817 534 atque
2840 469 3175 526 in-hostium
3224 480 3672 526 nostrorum-oa-

2084 559 2221 631 pita,
2259 558 2390 613 dum
2411 560 2581 624 licet,
2609 560 2742 619 dum
2777 562 3671 634 int-egrumrest,=-retorqueamus.

2091 654 2231 713 Cum
2290 654 2520 713 vero-id
2564 666 2713 711 recte
2749 656 3245 725 ﬁerivnompossit,
3273 658 3381 710 nisi
3414 657 3672 712 cornibus

2086 746 2296 802 sedatis
2332 746 2678 814 discordiis,
2717 748 3146 809 :simulkstihus.
3195 749 3380 812 odiis,
3433 748 3673 817 denique

2089 841 3339 910 cunctisesuspicionihusidevmediosublatis,“
3352 842 3528 896 libero
3546 854 3678 895 eon-

2086 946 2259 986 sensu
2294 933 2514 991 hostem
2548 934 3122 999 .adoriatnur,tdatnla
3187 936 3239 987 in
3265 935 3677 1004 {primisopera

2096 1035 2203 1093 est,
2228 1036 2298 1081 .ut
2321 1027 2795 1085 italiae-communi
2810 1043 3103 1097 ipercusso-
3118 1028 3348 1089 ﬁndere,
3362 1046 3367 1067 τ
3382 1028 3525 1081 idem
3544 1040 3678 1081 sen-

2097 1122 2301 1177 tiamus
2324 1120 2712 1185 omnes,.idem
2734 1121 2983 1177 velimus
3006 1132 3187 1191 atque
3210 1118 3677 1192 optemus.’Quo‘d

2097 1215 2141 1270 si
2176 1216 2229 1269 iu
2266 1230 2333 1270 eo
2372 1203 2703 1286 exponendo
2732 1214 2957 1270 iversari
2981 1214 3426 1283 solueropquod
3461 1214 3529 1267 ad
3561 1226 3676 1267 rem

2096 1319 2344 1365 nostram
2376 1308 2614 1364 maxime
2640 1306 2901 1363 iattinere
2916 1290 3177 1371 «videtur,
3195 1316 3331 1376 quot
3364 1304 3675 1368 commoda,

2101 1417 2266 1471 quam
2290 1401 2611 1467 utilitatem,
2637 1399 3075 1469 quam-denique
3094 1398 3424 1454 felicitatem
3453 1412 3682 1452 concor—

2102 1493 2632 1552 dia.ct.animorum
2664 1492 2717 1546 in
2757 1492 2904 1548 idem
2922 1491 3437 1561 conspiratiofcum
3489 1488 3683 1545 civita-

2102 1587 2273 1651 tibus,
2310 1597 2440 1642 tum
2476 1586 2788 1657 provinciis
2822 1585 3037 1651 aderat,
3085 1585 3202 1640 seio
3248 1582 3557 1641 nonnullos
3608 1583 3684 1637 ita

2101 1698 2190 1739 me
2216 1680 2543 1742 audituros,
2576 1689 2638 1736 ut
2672 1679 2813 1735 nihil
2867 1679 3091 1750 quidem
3134 1678 3310 1745 novi,
3344 1677 3455 1734 'sed
3508 1677 3686 1748 'plane

408 1755 762 1810 evertendam
792 1756 1092 1811 exercitum
1122 1757 1386 1816 adltIOVii.
1405 1759 1575 1831 Cujus
1597 1763 1837 1817 furorem
1866 1763 1995 1818 bar-
2015 1747 2071 1802 JB
2101 1776 2318 1847 cognita
2346 1784 2405 1830 ει
2429 1775 2749 1845 pervulgata
2770 1747 2968 1830 ,Ὁηιίιίῃ
3005 1788 3092 1828 me
3125 1785 3355 1828 narrare
3386 1747 3672 1827 arbitrer].

412 1849 605 1901 barum
637 1855 693 1900 et
727 1856 993 1917 agrestem
1020 1849 1309 1904 Pontiﬁcis
1338 1851 1648 1922 eloquentia
1675 1855 1993 1910 retardavit.

408 1940 565 2015 Quod
599 1940 641 1993 si
684 1948 806 2007 post
834 1937 1160 1995 Annibalem
1214 1950 1269 1996 et
1300 1956 1516 1999 veteres
1542 1945 1661 2011 illas
1714 1948 1996 2014 victorias,

413 2030 458 2085 si
497 2042 620 2098 post
653 2046 849 2083 nomen
886 2030 1091 2086 Christi
1123 2022 1528 2105 pervulgatum,
1551 2048 1865 2093 exterorum
1899 2040 1996 2095 ho-

413 2124 621 2177 minum
678 2123 890 2177 sentina
949 2125 1017 2178 ad
1078 2126 1242 2181 Italia:
1293 2128 1661 2196 gubernacula
1713 2130 1995 2196 conﬂuxit,

411 2218 544 2287 quid
586 2224 806 2285 tandem
856 2232 1061 2276 tantam
1114 2224 1219 2278 hoc
1268 2234 1515 2295 tempore
1544 2229 1839 2296 procellam
1891 2244 1998 2283 non

414 2309 853 2381 timemus?quae
891 2314 1137 2383 profecto
1173 2324 1353 2371 tantos
1382 2319 1754 2375 calamitatum
1793 2319 1995 2385 ﬂuctus

412 2401 641 2457 allatura
670 2413 771 2471 est,
821 2406 866 2459 si
900 2406 1181 2474 eruperit.
1216 2416 1277 2461 ut
1307 2408 1373 2462 ad
1410 2411 1618 2465 nullum
1649 2412 1721 2466 ita
1756 2412 1827 2472 sit
1874 2429 2002 2483 per-

412 2504 666 2561 ventura,
700 2498 831 2566 quin
869 2498 925 2561 in
958 2508 1281 2557 cmterorum
1314 2504 1493 2572 capita
1540 2505 1830 2561 redundet.
1862 2507 2000 2566 Nam

416 2597 469 2642 ut
509 2588 562 2643 in
602 2599 925 2660 tempestate
961 2592 1242 2648 cernimus
1291 2596 1585 2666 procellas,
1632 2613 1757 2655 cum
1791 2599 1845 2654 in
1882 2616 2001 2656 sco-

417 2682 605 2752 pulum
635 2682 688 2737 in
720 2699 882 2753 quem
916 2683 1528 2758 ferebanturvaitiam
1550 2690 1827 2757 illiseriut,
1852 2703 2003 2755 tanto

416 2783 567 2825 motu
600 2773 819 2836 referri,
857 2785 916 2828 ut
957 2791 1122 2845 quam
1177 2781 1593 2849 occupaverint,
1639 2798 1855 2851 navem,
1892 2802 2003 2846 non

415 2866 576 2920 aliter
608 2866 862 2933 obruant,
898 2884 1065 2939 quam
1098 2886 1222 2925 cum
1266 2872 1495 2945 integra:
1519 2884 1708 2942 erant;
1740 2879 1815 2931 ita
1844 2879 2004 2943 nobis

417 2963 677 3017 omnibus
699 2963 1068 3029 Barbarorum
1099 2968 1516 3025 inundationem
1542 2970 1840 3027 timendam
1872 2988 2003 3029 cen-

2091 1876 2213 1932 tur,
2244 1881 2369 1921 cum
2408 1880 2571 1921 nemo
2607 1864 2740 1922 illud
2774 1866 3007 1935 ignoret,
3030 1863 3441 1934 quantam'vim
3478 1864 3536 1918 in
3579 1876 3684 1916 re-

2099 1960 2206 2015 bus
2258 1958 2361 2015 evel
2399 1958 2659 2028 parandis
2718 1958 2804 2013 vel
2846 1957 3067 2013 tuendis
3097 1956 3401 2013 concordia
3459 1954 3685 2011 habeat.

2095 2052 2305 2123 lisego
2333 2066 2443 2107 non
2502 2050 2789 2107 immerito
2846 2049 3269 2121 responderim:
3325 2048 3441 2105 Cur
3502 2062 3683 2103 meam

2102 2144 2268 2215 igitur
2293 2142 2627 2215 exspectatis
2682 2142 3040 2198 orationem?
3096 2142 3240 2209 Quin
3301 2152 3508 2213 sponte
3557 2154 3682 2195 eam

2093 2235 2538 2307 amplectimini?
2564 2250 2729 2306 quam
2769 2233 2909 2290 adeo
2938 2233 3139 2289 utilem
3174 2224 3319 2289 esse
3371 2243 3540 2303 atque
3585 2247 3691 2287 ne-

2102 2329 2400 2389 cessariam
2433 2327 2763 2397 intelligitis,
2800 2335 2884 2390 ut,
2916 2325 3023 2381 nisi
3066 2324 3409 2389 adsit,ttrih-il
3441 2338 3687 2394 aequum.

2105 2424 2244 2480 nihil
2278 2424 2596 2485 honestum,
2627 2419 2768 2477 nihil
2791 2428 3058 2476 sanctum
3089 2418 3219 2474 :iieri
3264 2418 3477 2489 (possit.
3537 2418 3689 2472 Con.

2092 2517 2292 2573 cordia
2322 2532 2504 2587 parvae
2537 2530 2627 2571 res
2647 2521 2925 2575 crescunt,
2960 2511 3518 2569 discordiamaximte
3545 2509 3690 2565 dila-

2093 2614 2336 2669 abuotur.
2367 2608 2645 2680 Quidquid
2676 2610 2730 2664 in
2768 2608 2909 2664 caelo
2934 2615 3102 2677 atque
3130 2605 3567 2661 intermurtalcs
3590 2618 3688 2674 op-

2099 2706 2297 2769 timum
2322 2714 2427 2765 est,
2465 2702 2519 2758 id
2549 2718 2783 2759 omnes
2835 2699 3133 2757 concordia
3184 2698 3575 2770 proﬁciscitur
3627 2708 3689 2755 et

2106 2796 2327 2868 pendet.
2360 2795 2480 2851 Non
2504 2795 2817 2865 provinciis
2844 2794 3130 2853 duntaxat.
3162 2792 3415 2854 uultibus.
3443 2806 3690 2847 conven-

2106 2891 2312 2955 ticulis,
2336 2888 2555 2951 domui,
2587 2886 2682 2941 sed
2714 2886 2929 2957 privato
2954 2884 3172 2943 homini
3227 2884 3466 2939 maxime
3489 2898 3691 2939 neces-

2107 2981 2249 3038 saria
2279 2990 2388 3035 est.
2414 2978 2564 3046 Quid
2598 2977 2747 3033 enim
2784 2975 3009 3031 homine
3045 2974 3286 3046 turpius,
3319 2974 3417 3043 qui
3444 2975 3687 3043 sibiipse

418 3071 533 3110 seu.
557 3056 674 3111 Non
702 3056 845 3112 enim
872 3058 1045 3114 hostis
1074 3060 1141 3115 de
1165 3078 1269 3116 una
1298 3072 1395 3118 aut
1418 3064 1587 3119 altera
1619 3065 1756 3121 urbe
1789 3076 2004 3128 certare
2024 3097 2076 3162 ο
2099 3090 2217 3131 non
2252 3081 2495 3139 constet,
2520 3079 2584 3127 ct
2618 3071 2789 3126 variis
2832 3068 3382 3140 repugnantibusq-ue
3437 3066 3690 3123 consiliis

416 3151 571 3215 vult;
611 3150 677 3205 de
715 3167 895 3206 rerum
920 3168 1161 3208 -summa
1202 3154 1305 3221 sibi
1342 3158 1748 3219 decernendum
1772 3163 1999 3221 statuit.

417 3243 519 3309 Qui
540 3244 807 3299 dominari
834 3246 1008 3316 cupit,
1034 3264 1212 3318 neque
1243 3252 1587 3321 superiorem
1616 3252 1762 3318 ferre
1797 3262 2001 3325 potest,

419 3356 599 3410 neque
631 3358 818 3411 parem
851 3344 1078 3413 patitur,
1114 3360 1290 3417 neque
1312 3348 1584 3419 principis
1612 3362 1812 3403 nomen
1834 3358 2003 3403 amat.

420 3434 600 3504 Atque
642 3445 701 3490 ut
746 3437 878 3491 illud
929 3437 1393 3510 omittam,grave
1422 3456 1544 3503 esse
1573 3442 1642 3496 ab
1674 3442 1861 3513 aliquo
1902 3442 2007 3497 ali-

423 3528 553 3597 quid
593 3544 837 3598 sperare,
874 3529 1137 3595 miserum
1182 3548 1247 3593 ex
1280 3534 1456 3589 aliena
1505 3534 1738 3590 libidine
1772 3536 2004 3592 salutem

424 3638 748 3693 suspensam
787 3622 1031 3690 habere,
1068 3626 1446 3695 turpissimum
1502 3637 1561 3686 et
1616 3629 1927 3685 luctuosum
1976 3644 2009 3685 a

425 3718 703 3771 conu’nuni
737 3718 980 3783 omnium
1029 3718 1185 3775 hoste
1223 3721 1499 3790 privatam
1538 3735 1862 3802 exspectare
1918 3737 2012 3783 iter

425 3810 595 3875 niam,
657 3825 777 3880 qua:
833 3827 934 3881 pax
986 3812 1087 3867 tibi
1143 3830 1267 3868 cum
1310 3829 1379 3879 eo
1427 3830 1549 3871 esse
1599 3825 1777 3886 potest
1851 3817 2010 3887 cujus

424 3903 697 3959 acerbitas
748 3906 801 3961 in
851 3917 1071 3965 nostros
1120 3908 1372 3973 homines
1415 3910 1557 3966 ultra
1612 3919 1844 3965 mortem
1881 3926 2010 3981 pro-

334 4014 342 4021 η
425 3997 705 4067 greditur;
742 4000 834 4068 qui
870 4001 1023 4054 nullo
1052 4001 1324 4071 supplicio
1356 4002 1544 4061 satiari
1578 4013 1799 4073 potest;
1840 4020 1870 4056 a
1901 4019 2014 4081 quo

424 4091 473 4144 si
495 4101 763 4146 tormenta
795 4103 850 4146 et
879 4095 1159 4148 cruciatus
1182 4095 1362 4155 absint
1390 4094 1445 4151 in
1470 4105 1788 4155 nostrorum
1804 4107 2009 4161 morte,

424 4196 657 4247 mortem
705 4187 757 4238 in
791 4185 1042 4241 beneﬁcii
1100 4196 1309 4256 partem
1340 4187 1619 4257 accipias?
1644 4187 1688 4245 0
1716 4189 2012 4245 crudelita-

426 4292 535 4335 tem
600 4280 945 4346 inusitatam,
1018 4281 1363 4347 inauditam,
1420 4280 1615 4347 feram,
1682 4281 2006 4345 barbaram!

423 4372 564 4425 Cum
612 4386 679 4425 co
722 4388 822 4447 pax
857 4387 980 4436 esse
1040 4372 1260 4441 potest?
1314 4372 1452 4433 Pace
1490 4373 1539 4436 si
1584 4373 1691 4435 frui
1730 4375 2009 4441 volumus,

2107 3177 2166 3225 et
2194 3165 2499 3223 contrariis
2529 3163 2847 3220 actionibus
2882 3160 3159 3233 agitetur?
3189 3159 3322 3226 Quis
3354 3176 3467 3215 non
3505 3158 3690 3230 despi-

2106 3258 2218 3314 cit?
2243 3258 2367 3329 quis
2394 3272 2506 3316 non
2526 3255 2794 3314 deridet?
2814 3254 3040 3318 Levcm,
3084 3253 3518 3319 inconstantem,
3567 3251 3689 3306 nul-

2100 3351 2215 3406 lius
2234 3348 2453 3407 ordinis
2480 3348 2764 3413 hominem
2793 3360 3106 3418 censemus.
3136 3342 3417 3415 Quidquid
3453 3354 3686 3399 conatur

2105 3451 2164 3497 et
2180 3439 2859 3511 assequitur,calamitate,
2878 3435 3210 3509 ignominia,
3238 3435 3486 3506 pernicie
3514 3436 3687 3490 refer.

2110 3541 2225 3587 tum
2257 3543 2363 3588 est.
2389 3531 2526 3587 Nam
2562 3533 2699 3588 dum
2730 3531 2842 3589 sibi
2896 3534 3012 3601 ipse
3044 3528 3300 3592 dissidet.
3363 3528 3501 3583 nihil
3562 3543 3686 3584 cum

2110 3627 2230 3683 suis
2268 3624 2578 3692 commodis
2603 3632 2707 3679 aut
2742 3622 3083 3679 ornamentis
3112 3629 3557 3677 consentaneum
3588 3618 3688 3675 ha-

2111 3721 2224 3777 bet.
2249 3720 2310 3776 ln
2337 3735 2396 3776 re
2416 3729 2593 3782 autem
2621 3718 2905 3783 familiari,
2925 3716 3074 3788 quod
3090 3715 3327 3771 cilicium
3344 3731 3471 3771 esse
3490 3723 3687 3785 potest,

2112 3813 2158 3868 si
2199 3827 2360 3875 uxor,
2390 3811 2574 3878 liberi,
2612 3812 2782 3874 servi,
2839 3810 3050 3864 mutuis
3074 3807 3226 3864 odiis
3255 3804 3687 3863 conﬂictentur?

2113 3903 2560 3971 Paterfamilias,
2611 3903 2941 3962 domesticis
3005 3899 3449 3956 dissensionibus
3487 3898 3691 3954 labefa-

2102 4008 2321 4059 ctatus,
2352 3995 2560 4051 nullam
2585 3995 2741 4066 ponit
2767 3995 2823 4051 in
2860 4010 2920 4050 re
2951 3992 3207 4049 familiari
3260 3990 3514 4062 augenda
3560 4002 3689 4061 ope-

2112 4105 2252 4146 ram.
2282 4089 2566 4162 Lacrymis
2602 4086 2916 4153 conﬁcitur,
2944 4087 3075 4142 dum
3098 4100 3206 4156 per
3226 4083 3560 4144 discordiam
3612 4090 3688 4139 to-

2114 4191 2225 4243 tam
2255 4184 2479 4239 domum
2514 4181 2786 4238 ruituram
2801 4179 2961 4237 facile
2984 4178 3294 4250 prospicit;
3324 4177 3494 4232 miser
3510 4175 3685 4241 domi,

2113 4273 2250 4331 foris
2283 4272 2575 4327 ridiculus.
2607 4269 2741 4326 lude
2772 4268 3039 4324 nimirum
3074 4268 3209 4322 illud
3238 4277 3348 4331 est,
3370 4266 3520 4339 quod
3548 4264 3687 4337 apud

2113 4371 2332 4436 poetam
2356 4362 2835 4435 sapientissimum
2858 4361 3128 4434 Ulyssesa
3154 4361 3451 4426 Nausicaa,
3479 4359 3689 4418 Alcinoi

425 4464 631 4525 bellum
677 4464 978 4534 gerendum
1019 4474 1104 4525 est
1134 4482 1148 4518 :
1177 4465 1223 4519 si
1271 4464 1473 4527 bellum
1525 4466 1849 4532 omittimus,
1878 4484 2012 4538 pace
2046 4456 2090 4510 ὓ
2121 4461 2266 4541 regis
2296 4459 2430 4523 tilia,
2460 4456 2714 4512 maximis
2738 4455 2971 4511 aﬂectus
3003 4454 3313 4520 beneﬂciis,
3355 4455 3432 4510 nil
3492 4452 3690 4523 habuit

423 4570 706 4631 nunquam
744 4555 1009 4610 fruemur.
1049 4557 1231 4621 Quare
1254 4572 1379 4616 cum
1420 4572 1449 4615 a
1490 4564 1601 4612 tam
1650 4573 1819 4627 parvo
1850 4559 2009 4614 initio

425 4650 483 4704 in
520 4656 728 4717 tantum
757 4648 993 4710 creverit
1024 4646 1225 4721 fastigii
1259 4649 1438 4715 hostis
1462 4660 1674 4715 noster,
1696 4664 1821 4705 cum
1848 4650 2009 4717 sciat,

426 4744 635 4798 velitet
673 4741 845 4813 possit
876 4743 1079 4797 adoriri
1116 4741 1350 4809 Italiam,
1391 4759 1516 4803 cum
1544 4744 1597 4800 id
1628 4759 2010 4819 saepenumero

424 4837 631 4897 factum
664 4835 836 4904 fuisse
866 4835 1175 4903 audieritis,
1222 4837 1296 4899 ita
1348 4844 1407 4891 ut
1446 4838 1514 4891 ad
1548 4851 1742 4900 Otones
1793 4835 2013 4908 pericu-

425 4926 540 4991 lum
575 4928 824 4989 attineat,
854 4928 1169 5007 propulsate
1221 4945 1285 4987 ac
1312 4930 1604 4999 propellite
1634 4928 1808 4987 hostis
1831 4928 2011 4999 impe-

428 5029 566 5081 tum,
622 5028 681 5073 ut
733 5020 1163 5074 incolumitatem
1214 5021 1394 5089 nobis,
1445 5021 1759 5079 libertatem
1814 5020 2005 5087 Italia,

426 5111 662 5176 salutem
698 5112 957 5171 omnibus
986 5113 1350 5176 conservatis.

1192 5269 1263 5323 ιν

429 5387 688 5460 Ejusdem
720 5386 791 5441 ad
812 5388 1020 5460 eosdem
1081 5390 1147 5441 de
1196 5388 1469 5451 discordiis
1506 5389 1773 5455 sedandis.
1808 5396 1856 5443 et
1877 5388 2012 5446 bello

860 5460 917 5512 in
965 5458 1193 5513 Turcum
1231 5460 1578 5524 decernendo.

504 5573 672 5639 Satis,
709 5584 770 5628 ut
794 5575 1066 5639 arbitror,
1097 5574 1166 5630 de
1198 5575 1463 5644 periculis
1495 5575 1593 5631 toti
1620 5574 1792 5629 Italite
1827 5573 2011 5629 immi-

437 5667 703 5727 nentibus
750 5667 1012 5721 hesterna
1072 5667 1325 5721 oratione
1383 5666 1415 5720 d
1443 5676 1718 5733 sputatmu
1752 5676 1856 5733 est,
1891 5683 2011 5736 quae

439 5776 568 5819 cum
605 5768 659 5817 et
691 5770 875 5830 aperta
914 5757 1025 5822 sint
1054 5768 1108 5816 et
1161 5758 1511 5830 gravissima,
1572 5757 1845 5831 reliquum
1888 5773 2012 5818 esse

2113 4552 2262 4627 quod
2295 4550 2510 4607 felicius
2548 4549 2733 4621 optari
2767 4564 2929 4619 posse
2960 4548 3354 4615 arbitraretur,
3391 4564 3557 4620 quam
3608 4548 3689 4603 vi-

2113 4661 2236 4703 rum
2266 4646 2585 4715 liberosmte
2632 4643 2966 4710 concordes,
2998 4657 3112 4714 quo
3140 4642 3280 4697 nihil
3333 4641 3559 4698 suavius
3592 4640 3687 4705 ait,

2113 4738 2255 4793 nihil
2288 4745 2383 4791 aut
2414 4734 2656 4791 inimicis
2701 4733 3012 4799 molestius,
3046 4744 3142 4789 aut
3170 4733 3366 4791 amicis
3393 4733 3692 4804 jucundius

2114 4830 2371 4887 accidere
2399 4840 2581 4898 posse.
2609 4829 2681 4881 At
2708 4825 2846 4897 quid
2882 4825 3163 4889 miserius,
3187 4824 3319 4895 quid
3348 4824 3589 4879 humana
3613 4824 3693 4878 in-

2113 4920 2334 4991 dignius
2368 4917 2657 4983 societate,
2685 4932 2851 4987 quam
2882 4931 3010 4972 cum
3056 4915 3309 4971 civitates
3338 4922 3436 4970 aut
3464 4915 3692 4987 pravius

2113 5019 2213 5071 ria
2242 5012 2565 5070 domesticis
2586 5012 2960 5068 seditionibus
2984 5010 3256 5081 bellisque
3281 5009 3544 5069 civilibus
3562 5024 3694 5066 con-

2113 5106 2414 5164 ﬁciuntur?
2443 5104 2577 5161 Nam
2611 5118 2752 5174 quos
2784 5102 3151 5169 necessarios,
3187 5103 3407 5166 fratres,
3435 5111 3693 5172 parentes

2113 5212 2309 5256 natura
2337 5198 2549 5270 genuit,
2578 5196 2767 5252 hostes
2790 5206 2847 5250 et
2903 5196 3116 5252 alienos
3181 5194 3460 5253 discordia
3494 5193 3689 5260 emcit,

2114 5296 2209 5349 ubi
2236 5302 2295 5348 et
2322 5293 2541 5347 vincere
2568 5289 2883 5345 luctuosum
2902 5297 3011 5350 est,
3038 5297 3095 5343 et
3123 5288 3324 5344 cadere
3352 5286 3687 5346 sceleratum

2113 5401 2279 5460 atque
2320 5384 2611 5441 nefarium.
2645 5381 2861 5439 Bellum
2912 5379 3285 5437 domesticum
3338 5392 3406 5435 eo
3464 5380 3690 5450 gravius

2112 5486 2340 5530 externo
2370 5472 2477 5535 est,
2509 5468 2659 5541 quod
2698 5478 2993 5527 externum
3026 5467 3349 5524 nonnullam
3391 5467 3691 5539 aliquando

2116 5565 2274 5622 affert
2302 5562 2617 5626 utilitatem,
2652 5574 2909 5630 smpeque
2940 5559 3017 5614 ita
3040 5559 3359 5631 suscipitur,
3382 5569 3444 5615 ut
3471 5559 3528 5623 in
3558 5573 3689 5631 pace

2115 5656 2364 5711 vivamus
2395 5670 2410 5708 :
2450 5650 2613 5707 civile
2644 5665 2774 5704 vero
2793 5648 3002 5720 profuit
3034 5665 3318 5721 nunquam
3348 5651 3582 5706 nemini.
3616 5648 3689 5704 De

2117 5749 2264 5812 bello
2299 5756 2534 5807 externo
2564 5758 2709 5817 stupe
2737 5742 3121 5801 consultamus
3150 5758 3218 5802 an
3252 5742 3553 5816 gerendum
3579 5744 3683 5809 sit;
