4064 6148
324 285 421 351 661

1355 293 1796 359 ORATIONES
1837 297 2143 360 CONTRA
2185 295 2505 367 TURCAS.

3474 300 3587 364 662

328 408 486 462 civile
530 416 714 464 autem
764 423 1046 482 nunquam
1100 408 1159 465 in
1208 408 1672 469 deliberationem
1733 412 1903 469 cadit.
1938 417 1981 474 Α
2009 420 2063 466 et
2100 411 2418 482 perspicere
2451 409 2706 481 potestis.
2746 420 2931 467 tamen
2970 426 3167 468 sensus
3193 411 3443 469 dolorem
3466 416 3587 485 plu-

318 499 449 555 Nam
474 498 933 570 quemadmodum
968 496 1083 559 non
1110 504 1179 558 de
1213 504 1382 560 rebus
1418 505 1766 570 necessariis,
1796 506 1893 561 sed

317 591 382 646 de
406 582 589 645 dubiis
614 590 905 648 consilium
963 594 1160 661 initur,
1194 596 1267 652 ita
1306 612 1489 668 neque
1519 598 1586 653 de
1621 599 1713 663 iis,
1772 612 1894 669 quzc

318 683 382 739 ad
411 685 676 741 utramvis
712 673 925 756 partem
955 689 1256 759 exploratae
1288 699 1438 746 sunt.
1476 691 1603 757 Quo
1630 693 1685 746 in
1718 708 1896 761 gene-

240 766 247 773 ⁸
320 789 377 829 re
404 774 603 831 seditio
632 785 740 843 est,
774 794 937 849 quam
966 780 1061 851 qui
1090 789 1259 844 amat,
1291 797 1396 837 nec
1423 776 1669 852 privatos
1696 774 1892 849 "focos,

318 882 418 921 nec
443 852 660 937 publica
694 869 966 926 libertatis
990 856 1122 943 'jura
1155 874 1323 929 chara
1378 873 1588 929 habere
1646 874 1890 932 videtur.

316 961 682 1033 Tyrannidem
743 947 1170 1021 invisambonis
1198 966 1481 1036 omnibus,
1532 968 1889 1039 maximeque

315 1054 680 1122 perniciosam
719 1057 1037 1114 civitatibus
1068 1074 1215 1126 esse,
1245 1060 1407 1129 plane
1437 1074 1630 1136 omnes
1658 1077 1894 1131 persua-

317 1161 435 1225 sum
468 1148 754 1202 habemus.
793 1149 863 1203 At
895 1152 1109 1222 tyranni
1147 1152 1311 1207 urbes
1342 1136 1740 1222 nonnunquam
1772 1154 1895 1225 opi-

316 1223 416 1291 bus
440 1242 802 1310 pntentiaque
828 1242 1260 1312 amplificarunt,
1293 1250 1348 1297 et.
1381 1244 1437 1299 in
1483 1260 1744 1317 magnum
1800 1223 1897 1302 au-

316 1344 445 1411 xere
482 1320 798 1400 imperium.
831 1333 988 1401 Quod
1017 1336 1102 1391 vel
1126 1337 1177 1390 in
1213 1337 1369 1392 hoste
1396 1347 1584 1393 nostro
1615 1338 1773 1394 facile
1797 1354 1892 1393 co-

313 1423 521 1491 gnitum
564 1426 1032 1508 perspicuitnique
1068 1439 1179 1495 est,
1217 1429 1338 1501 qui,
1368 1446 1496 1486 cum
1529 1441 1890 1504 tyrannorum

311 1514 559 1595 omnium
604 1517 1025 1595 crudelissimus
1068 1518 1175 1587 sit,
1206 1532 1388 1578 tamen
1420 1538 1778 1597 quascunque
1805 1519 1892 1580 vel

315 1608 480 1663 urbes
513 1612 595 1665 vel
634 1603 951 1680 provincias
978 1610 1081 1669 suo
1116 1597 1319 1688 adjecit
1376 1615 1638 1686 imperio,
1697 1624 1894 1689 poten-

312 1699 478 1754 tiores
504 1702 712 1761 eﬂ‘ecit.
758 1703 862 1759 Per
899 1701 1263 1762 seditionem
1290 1723 1423 1780 vero
1456 1708 1703 1775 civilem,
1763 1709 1892 1779 quis

314 1793 449 1847 mihi
516 1784 761 1863 unquam
824 1793 1321 1866 demonstraverit,
1383 1792 1635 1871 quaenam
1685 1804 1892 1859 moenia

311 1880 553 1937 firmiora
580 1870 715 1953 sint,
742 1886 827 1942 vel
859 1903 981 1958 quae
1017 1890 1201 1959 potius
1232 1906 1342 1946 non
1378 1870 1631 1960 funditus
1650 1892 1893 1949 eversa!

309 1972 495 2043 Itaque
522 1973 567 2028 si
596 1977 841 2047 tyrannis
873 1979 1080 2035 homini
1112 1982 1289 2037 libero
1331 1976 1557 2052 civique
1585 1981 1892 2037 fortissimo

308 2062 563 2136 fugienda
596 2078 701 2135 est,
717 2083 783 2124 an
801 2069 867 2124 de
889 2058 1165 2127 discordia
1188 2083 1273 2128 est
1295 2073 1687 2144 cogitandum?
1716 2082 1775 2129 et
1793 2072 1891 2145 qui

310 2156 775 2228 tyrannidem'vel
805 2162 1006 2234 capitis
1038 2163 1286 2235 periculo
1324 2166 1751 2237 propulsandam
1792 2183 1894 2237 pu-

306 2250 464 2312 tabit,
482 2252 647 2308 civile
666 2253 894 2318 bellum,
913 2250 1061 2326 quod
1085 2258 1339 2314 acerbius
1355 2272 1442 2315 εει
1467 2266 1522 2314 et
1557 2258 1887 2323 luctuosius,

314 2354 512 2412 sponte
559 2336 1024 2404 consectabitur?
1058 2348 1313 2406 Solemus
1344 2366 1468 2430 cum
1505 2352 1733 2422 privatis
1764 2364 1891 2420 pre-

308 2435 488 2501 cibus,
520 2444 638 2492 tum
675 2430 914 2508 publicis
942 2442 1443 2511 supplicationibus
1462 2458 1495 2496 a
1538 2443 1651 2497 Deo
1674 2440 1886 2513 eptimo

308 2530 784 2603 maximo‘paeem
832 2535 1304 2607 concordiamque
1346 2546 1558 2608 petere,
1608 2545 1686 2601 et,
1736 2533 1887 2607 quod

306 2610 515 2679 scimus
552 2610 714 2706 nobis
736 2626 1112 2706 perniciosum
1150 2629 1293 2697 fore,
1319 2628 1465 2702 quod
1498 2629 1888 2700 deprecamur,

307 2717 451 2787 quod
481 2716 583 2773 Dei
620 2703 808 2774 nostri
852 2735 956 2791 ope
991 2720 1270 2778 declinare
1322 2714 1575 2789 nitimur,
1611 2722 1665 2777 id
1698 2721 1887 2778 dedita

307 2821 473 2876 opera
501 2793 858 2879 libenterque
889 2813 1326 2881 persequemur?
1352 2812 1495 2880 Quid
1533 2812 1755 2869 tandem
1780 2813 1888 2877 hoc

307 2894 454 2949 aliud
500 2904 613 2961 est,
644 2897 748 2952 nisi
784 2899 1030 2954 hostium
1069 2909 1389 2958 nostrorum
1444 2919 1560 2959 rem
1609 2921 1795 2976 agere,
1829 2915 1888 2962 et

306 2992 453 3062 quod
507 2993 589 3048 illi
642 2996 761 3050 suis
793 2995 1041 3064 profanis
1092 2998 1350 3067 precibus
1382 3001 1725 3055 contendunt
1765 3017 1887 3055 ma-

1998 502 2076 558 ris
2126 501 2278 565 facit,
2319 502 2411 571 qui
2463 517 2551 566 ea,
2607 518 2733 580 quae
2765 504 2947 557 caeteri
2996 504 3248 567 audiunt,
3287 522 3588 577 perpessus

1994 604 2099 650 est.
2130 594 2251 649 Non
2285 594 2355 647 ita
2386 594 2574 647 animo
2608 594 2914 671 inhaerent,
2940 611 3063 666 quae
3092 598 3434 653 autauribus
3455 614 3585 668 per-

1996 685 2259 755 cipimus,
2296 696 2389 737 aut
2417 685 2701 740 cernimus
2733 685 2934 750 oculis,
2979 695 3127 741 utea
3163 687 3580 757 imprimuntur,

1994 794 2117 849 qua:
2147 778 2233 832 vel
2264 792 2382 843 sua,
2417 778 2500 831 vel
2532 792 2760 831 suorum
2794 778 3046 853 vulnera,
3079 794 3269 847 neces,
3298 791 3577 836 tormenta

1994 884 2095 939 per
2136 856 2416 924 summam
2480 868 2723 924 hostium
2786 871 3172 941 crudelitatem
3243 873 3577 935 intulerunt.

1993 958 2215 1016 Credite
2241 962 2726 1033 experto,'credite
2753 978 2936 1040 passo.
2965 965 3111 1020 Nihil
3140 965 3288 1020 aliud
3316 968 3573 1031 miseram

1996 1053 2261 1108 exstinxit
2289 1052 2584 1116 Graeciam,
2620 1054 2727 1110 nisi
2758 1054 3037 1111 discordia
3072 1074 3085 1111 :
3117 1058 3256 1112 nihil
3284 1059 3433 1113 aliud
3454 1074 3577 1120 eam

1995 1144 2146 1199 orbis
2179 1154 2394 1215 partem
2426 1130 2655 1210 delevit,
2704 1147 2815 1202 nisi
2847 1147 2989 1203 bella
3026 1151 3233 1216 civilia,
3277 1167 3455 1220 neque
3486 1152 3581 1207 Soc-

1994 1235 2109 1292 lum
2161 1249 2352 1292 nostra
2400 1239 2687 1297 memoria.
2737 1240 2836 1295 sed
2867 1251 2919 1295 et
2968 1242 3169 1310 priscis
3210 1245 3577 1313 temporibus.

1993 1327 2131 1384 Nam
2161 1328 2468 1399 Philippus,
2529 1333 2781 1400 Amynta:
2821 1332 2990 1398 filius,
3052 1335 3353 1390 Alexandri
3402 1335 3579 1405 Magni

1994 1429 2175 1488 pater,
2215 1436 2314 1491 per
2353 1420 3398 1491 Atheniensium,,Lacedannoniorum,
3434 1426 3585 1482 The.

1997 1511 2269 1565 banorum
2295 1512 2643 1580 aliorumque
2675 1496 2867 1569 mutua
2898 1512 3325 1581 odia,Grs.-eiam
3350 1515 3574 1570 evertit.

2005 1602 2260 1668 Quandiu
2291 1605 2572 1658 communi
2620 1620 2722 1676 0pc
2752 1614 2808 1661 et
2829 1605 3063 1676 consilio
3121 1606 3259 1661 bella
3286 1606 3577 1677 gerebant,

1997 1682 2260 1766 fugabant
2303 1696 2537 1764 hostem,
2585 1699 2866 1754 exuebant
2916 1699 3136 1765 castris,
3201 1699 3573 1771 superabantl

1926 1773 1963 1827 Β
1992 1785 2128 1844 Cum
2160 1803 2293 1843 vero
2322 1789 2412 1843 alii
2442 1789 2564 1845 aliis
2590 1806 2698 1845 non
2724 1790 2918 1855 fidere,
2968 1791 3379 1862 finitimumque
3419 1792 3575 1848 inva-

1996 1879 2127 1935 dere
2159 1880 2540 1949 instituerunt,
2569 1882 2745 1938 hostis
2769 1881 2837 1938 ad
2868 1883 3071 1938 alteras
3106 1894 3293 1955 partes
3331 1886 3581 1940 accersi-

1995 1980 2105 2038 tus,
2128 1989 2238 2028 non
2272 1975 2454 2030 minus
2478 1991 2506 2029 a
2526 1958 2730 2046 quibus
2759 1977 3089 2053 vocabatur,
3122 1993 3286 2048 qnam
3313 1979 3580 2034 adversus

1991 2081 2131 2136 quos
2166 2078 2496 2136 provocatus
2532 2077 2654 2135 erat
2694 2071 3067 2138 perniciosus,
3117 2070 3263 2125 bello
3307 2071 3581 2140 Pelopono

1992 2157 2236 2226 nesiaco,
2281 2175 2407 2213 cum
2453 2161 2646 2216 eadem
2688 2160 3001 2215 animorum
3028 2161 3444 2231 conspiratione
3474 2159 3575 2217 de-

1989 2250 2158 2307 vincti
2191 2263 2396 2317 essent,
2436 2268 2615 2325 neque
2656 2262 2826 2315 terra.
2885 2254 2977 2308 ubi
3025 2252 3601 2323 Lacedaemoniorum

1989 2342 2135 2397 vires
2175 2344 2526 2414 amplissimae
2560 2354 2742 2411 erant,
2774 2360 2955 2416 neque
2992 2346 3132 2401 mari
3171 2345 3472 2416 quicquam
3502 2345 3574 2400 ab

1991 2433 2149 2489 hoste
2184 2434 2518 2491 incommodi
2556 2446 2932 2506 acceperunt;
2991 2451 3101 2491 uno
3144 2452 3277 2492 vero
3308 2436 3575 2498 maximas

1988 2537 2198 2599 strages
2220 2528 2364 2584 hosti
2402 2528 2733 2593 intulerunt,
2782 2540 2946 2600 atque
2991 2529 3063 2584 ita
3116 2529 3445 2595 intulerunt,
3487 2539 3573 2595 ut,

1987 2621 2136 2690 quod
2171 2638 2451 2692 nunquam
2483 2620 2649 2678 fando
2679 2622 2930 2678 auditum
2982 2633 3149 2688 esset,
3175 2622 3575 2693 quadringenti

1990 2715 2231 2783 amplius
2277 2713 2825 2771 Lacedaemoniorum
2864 2716 3095 2782 milites,
3120 2717 3332 2786 quibus
3360 2716 3575 2787 patrius

1988 2822 2107 2864 mos
2145 2818 2201 2863 et
2229 2819 2567 2879 prteceptum
2613 2822 2751 2874 erat,
2793 2820 2889 2865 aut
2918 2812 3143 2866 vincere
3176 2811 3229 2865 in
3264 2810 3429 2875 bello,
3476 2821 3578 2865 aut

1991 2888 2167 2956 marte
2194 2902 2438 2958 hostium
2461 2904 2721 2958 manibus
2744 2918 2865 2960 sese
2892 2905 3131 2975 eripere,
3174 2906 3377 2974 captivi
3403 2906 3575 2961 Athe-

1988 3012 2087 3051 nas
2132 2994 2188 3051 in
2240 2996 2582 3068 triumphant
2624 2997 2774 3053 ducti
2809 2999 2943 3071 sint.
2996 2998 3136 3053 Cum
3193 3014 3324 3054 vero
3354 3003 3569 3054 hostem

308 3089 452 3145 xime
491 3092 758 3146 efﬁcere?
809 3092 920 3151 illis
961 3096 1111 3149 enim
1156 3094 1347 3166 prima:
1383 3098 1632 3151 omnium
1690 3114 1878 3167 pret-es
1911 3131 1957 3190 ϐ
1991 3088 2141 3143 domi
2194 3089 2465 3158 invenire,
2510 3089 2782 3173 bellisque
2814 3090 3073 3146 civilibus
3106 3107 3228 3147 sese
3274 3100 3571 3145 conterere

309 3194 437 3238 sunt
474 3184 665 3240 multis
694 3184 919 3255 quidem
960 3199 1127 3256 netae,
1162 3187 1324 3243 nobis
1358 3188 1595 3244 fortasse
1634 3190 1882 3257 minime,

312 3286 370 3330 ut
423 3275 569 3332 inter
624 3292 754 3333 suos
802 3294 932 3349 pax,
982 3280 1292 3336 animorum
1324 3296 1649 3348 consensus,
1702 3283 1883 3355 quies,

308 3366 453 3421 inter
483 3368 831 3425 Christianos
855 3372 1041 3428 odium
1084 3376 1291 3445 vigeat,
1314 3356 1554 3442 "seditio,
1576 3376 1718 3431 bella
1749 3376 1889 3431 ci'vi-

307 3460 401 3516 lia.
436 3461 776 3519 Volumusne
795 3464 1012 3521 illorum
1039 3467 1259 3523 libidini
1284 3468 1732 3525 satisfacereiAt
1780 3470 1885 3526 hoc

308 3565 389 3609 est
421 3555 602 3612 hostis
642 3557 867 3614 utilitati
912 3544 1226 3639 consulere,
1258 3573 1315 3619 et
1350 3563 1500 3639 illius
1529 3566 1883 3620 commodum

312 3659 502 3706 nostro
535 3650 889 3707 incommodo
921 3638 1141 3724 parare.
1178 3638 1456 3727 Praecepta
1487 3658 1563 3727 (ni
1587 3657 1793 3729 fallor),
1822 3670 1882 3729 ut

309 3756 452 3812 saepe
485 3737 603 3795 vidi
633 3751 689 3797 et
730 3741 864 3813 legi,
899 3759 1022 3813 qua:
1059 3746 1112 3800 in
1141 3746 1375 3804 urbibus
1408 3750 1666 3820 regendis
1696 3751 1883 3807 bellis-

310 3852 416 3903 que
473 3836 711 3893 feliciter
759 3824 1120 3895 conficiendis
1156 3840 1317 3896 nobis
1365 3846 1679 3914 prmscrip'a
1731 3853 1882 3907 sunt.

307 3930 467 3984 aliter
488 3940 760 3999 statuunt,
785 3943 840 4012 et
871 3933 1089 3997 docent,
1114 3943 1171 3989 ut
1201 3934 1411 3991 scilicet
1436 3937 1735 4008 exploratis
1780 3939 1884 3995 ho-

316 4025 481 4078 stium
515 4024 789 4089 consiliis,
830 4026 1104 4101 contraria
1133 4028 1401 4093 cfliciatis,
1433 4030 1477 4084 si
1514 4029 1567 4083 in
1598 4032 1881 4101 republica

306 4102 519 4172 statum
541 4118 807 4185 retinere,
838 4112 971 4174 siin
1003 4099 1147 4174 bello
1176 4120 1463 4176 victoriam
1494 4124 1761 4194 consequi
1788 4141 1887 4181 ve-

306 4210 439 4266 litis.
460 4212 550 4267 An
571 4228 702 4267 vero
751 4214 1208 4269 committendum
1236 4224 1343 4283 est,
1376 4228 1433 4271 ut
1462 4220 1555 4288 qui
1585 4221 1746 4276 nobis
1795 4222 1881 4276 lu-

308 4314 482 4368 ctum,
522 4292 819 4382 tcrror‘em,
848 4316 1147 4379 tormenta,
1188 4307 1393 4363 eadem
1434 4309 1744 4375 denuntiat,
1783 4328 1877 4367 no-

310 4406 420 4450 stra
458 4397 677 4453 lastetur
700 4398 887 4470 culpa,
913 4408 970 4454 et
1001 4400 1284 4456 exsultet?
1316 4400 1651 4458 Excitandus
1668 4412 1751 4459 est
1777 4404 1883 4461 hoc

1987 3192 2296 3253 cmperuut,
2330 3198 2522 3239 eorum
2566 3183 2755 3239 classis
2800 3183 3110 3237 firmissima
3142 3194 3305 3251 atque
3336 3181 3570 3253 amplis-

1986 3274 2124 3330 sima
2181 3274 2236 3329 iu
2268 3273 2813 3331 Lacedaemoniorum
2863 3272 3136 3329 ditionem
3195 3272 3414 3328 redacta
3458 3281 3564 3339 cst,

1986 3378 2178 3438 portus
2211 3382 2403 3422 eorum
2450 3367 2699 3422 custodia
2732 3367 2954 3434 amissa,
2998 3366 3154 3421 urbis
3198 3366 3400 3421 muenia
3447 3365 3570 3422 solo

1982 3471 2220 3529 aequata.
2250 3458 2391 3527 Quid
2427 3475 2580 3525 vero,
2610 3460 2741 3514 ’cum
2766 3456 2997 3525 Xerxes,
3031 3458 3323 3513 Persarum
3354 3470 3446 3511 rex
3472 3470 3573 3526 po-

1986 3552 2350 3616 tentissimus,
2387 3552 2761 3623 quinquagies
2784 3552 3039 3608 centenis
3077 3550 3365 3605 hominum
3396 3547 3567 3603 milli-

1985 3645 2109 3711 bus,
2134 3645 2308 3700 classe
2362 3645 2509 3701 mille
2562 3644 2931 3716 ducentisque
2994 3644 3229 3700 navibus
3273 3641 3565 3708 instructa,

1985 3736 2249 3793 Gricciam
2296 3737 2604 3804 invaderet,
2648 3752 2749 3794 eos
2794 3738 3059 3804 servavit,
3097 3737 3339 3791 victores
3374 3735 3567 3790 reddi-

1984 3831 2083 3896 dit,
2119 3831 2455 3907 sempiterna
2488 3829 2627 3884 fama
2658 3830 2897 3886 etlaude
2928 3830 3167 3895 ornavit,
3195 3828 3302 3884 nisi
3338 3842 3569 3884 concor-

1985 3928 2092 3991 dia,
2139 3912 2261 3995 pax‘,
2320 3925 2461 3979 idem
2490 3925 2541 3978 in
2576 3925 2786 3979 hostem
2848 3923 3110 3977 animus?
3136 3922 3292 3989 Quod
3337 3922 3381 3977 si
3413 3936 3563 3975 com-

1985 4013 2136 4067 muni
2167 4014 2363 4067 robore
2396 4023 2558 4083 atqne
2576 4014 2820 4067 exercitu
2858 4013 3071 4067 hostem
3100 4030 3209 4067 non
3250 4013 3568 4083 prepulsas-

1984 4115 2125 4171 sent,
2161 4104 2292 4176 quid
2321 4105 2542 4159 tandem
2570 4104 2947 4173 prohibuisset
2968 4106 3265 4174 quominus
3295 4105 3361 4161 ad
3391 4120 3562 4161 unum

1984 4184 2185 4252 omnes
2205 4196 2350 4253 bello
2383 4197 2658 4267 absumpti
2691 4197 2965 4252 fuissent?
2997 4197 3146 4257 idem
3182 4197 3345 4252 nobis
3375 4197 3562 4255 immie

1984 4305 2118 4345 nere
2140 4289 2367 4345 cernitis
2390 4290 2714 4361 periculum,
2739 4289 2885 4344 idem
2907 4289 3158 4358 exitium,
3181 4290 3375 4346 eodem
3399 4289 3567 4351 modo

1983 4396 2173 4437 arcere
2202 4380 2378 4436 hostis
2406 4382 2671 4451 impetum
2709 4381 2943 4449 debetis,
2973 4395 3100 4436 cum
3138 4383 3287 4439 nullo
3310 4382 3419 4437 alio
3439 4398 3567 4455 pose

311 4490 431 4545 loco
482 4490 683 4546 Nestor
732 4492 825 4546 ille
864 4490 1210 4555 Homericus.
1253 4495 1348 4564 qui
1402 4495 1875 4569 Agamemnonem
1911 4501 1955 4555 υ
1985 4475 2125 4533 δίίίθο
2156 4475 2349 4531 Eidem
2402 4476 2596 4569 W0”)?
2620 4475 2777 4569 idem,
2808 4475 3279 4531 medicamentum
3316 4476 3570 4569 θνροδῖιθ

313 4584 512 4641 Achilli
540 4584 839 4661 conciliare
866 4586 1117 4658 cupiens,
1138 4587 1224 4644 his
1246 4588 1432 4644 verbis
1456 4587 1886 4661 sapientissimis

309 4691 444 4734 113113
472 4686 559 4734 εει
588 4696 607 4735 1

382 4815 524 4894 Proh
554 4816 745 4894 superi
765 4820 786 4874 .'
807 4818 1105 4894 horrendus
1132 4818 1327 4884 Graias
1360 4822 1573 4888 festinat
1600 4822 1655 4877 in
1691 4822 1846 4891 urbe:

380 4888 592 4965 [ἔσται.
615 4888 769 4960 ὶμιεηι
795 4907 986 4961 magno
1010 4888 1281 4965 Priamus,
1308 4894 1611 4965 Priamique
1638 4888 1849 4964 nepotes

387 4957 715 5028 "creentur,
738 4978 857 5015 cum
884 4957 974 5015 uos
1002 4963 1153 5016 tanta
1182 4957 1506 5017 concurrere
1523 4957 1672 5017 'motu

380 5030 596 5107 (rerum
631 5033 918 5097 audierint,
950 5032 1077 5107 duo,
1111 5035 1202 5103 qui
1228 5050 1322 5103 per
1344 5044 1529 5107 castra,
1552 5034 1838 5107 Pelasgum

380 5102 611 5175 Consilio
639 5113 797 5172 atque
821 5104 988 5175 armis
1012 5101 1187 5163 claras
1213 5101 1477 5175 superatis
1499 5101 1743 5167 Achivos.

381 5178 449 5226 At
475 5173 625 5246 nobis
659 5183 843 5244 parete
877 5172 1057 5242 umbo.

378 5306 499 5363 Non
531 5308 731 5374 dicam,
776 5298 843 5363 ut'
866 5307 979 5372 ille,
1026 5308 1287 5378 quoniam
1342 5309 1530 5365 senior
1554 5310 1714 5367 vobis
1753 5328 1877 5373 sum

306 5411 363 5456 et
385 5400 540 5471 plura
573 5401 702 5465 vidi,
736 5400 831 5456 sed
855 5400 1002 5471 quod
1028 5401 1185 5473 plura
1204 5416 1324 5459 sum
1345 5418 1562 5472 passus,
1599 5404 1785 5475 plures
1809 5407 1879 5461 ab

310 5489 466 5553 hoste
494 5492 839 5547 calamitates
859 5493 1073 5563 accepi,
1095 5492 1190 5562 qui
1223 5495 1454 5559 amicos,
1484 5507 1757 5564 parentes,
1784 5514 1882 5567 pa-

310 5582 490 5647 triam,
518 5601 642 5656 qua:
667 5585 877 5642 homini
916 5586 972 5641 in
1004 5586 1115 5642 vita
1151 5586 1553 5658 iucundissima
1586 5597 1739 5654 sunt,
1779 5606 1880 5660 per

308 5676 574 5738 maximos
611 5678 830 5733 dolores
864 5687 923 5734 et
962 5680 1241 5736 cruciatus
1290 5680 1421 5735 mihi
1471 5681 1699 5751 eripuit.
1745 5682 1878 5749 Qum

311 5770 409 5834 etsi
443 5771 731 5848 prudentia
763 5781 941 5835 vestra
973 5790 1033 5830 ac
1072 5774 1341 5839 sapientia
1377 5773 1561 5831 animo
1582 5777 1870 5853 complecti

1987 4572 2266 4636 convenit,
2295 4567 2441 4640 quod
2474 4568 2607 4623 satis
2652 4568 2875 4638 quidem
2905 4569 3146 4625 validum
3197 4577 3302 4625 est.
3344 4568 3479 4625 Nam
3514 4570 3568 4637 si

1985 4659 2183 4727 Graici,
2221 4660 2474 4730 quamvis
2505 4659 2704 4716 Xerxis
2726 4660 2937 4717 viribus
2968 4662 3129 4734 longe
3157 4660 3451 4718 inferiores
3476 4677 3567 4717 ese
3612 4704 3615 4707 ν

1985 4763 2130 4819 seut,
2160 4765 2364 4823 tamen,
2401 4754 2697 4810 concordia
2733 4753 2899 4822 duce,
2929 4755 3144 4811 hostem
3184 4765 3560 4826 superarunt;

1984 4842 2119 4918 quid
2158 4842 2378 4898 tandem
2410 4857 2507 4899 vos
2532 4859 2714 4915 agere,
2749 4843 2934 4907 divina
2963 4843 3181 4898 favente
3225 4845 3422 4913 gratia,
3460 4859 3560 4915 po-

1985 4936 2168 4993 teritis
2194 4935 2521 5000 concordes,
2560 4945 2617 4992 et
2646 4936 3036 4993 communibus
3066 4936 3299 5002 viribus,
3335 4938 3427 5008 qui
3460 4938 3563 4992 '10..

1984 5031 2195 5084 minum
2225 5043 2459 5084 numero
2500 5044 2610 5083 non
2650 5029 2960 5099 pauciores,
2998 5028 3204 5084 virtute
3238 5030 3398 5099 longe
3426 5035 3567 5091 estis

1983 5123 2390 5193 praestantior-es
2421 5119 2707 5177 hostibus?
2733 5120 2778 5176 0
2817 5122 2861 5176 si
2888 5121 3008 5176 dies
3040 5123 3131 5177 ille
3166 5124 3301 5179 mihi
3367 5124 3559 5180 illuce-

1983 5223 2119 5282 scat,
2152 5232 2285 5285 quo,
2315 5213 2547 5269 aboletis
2578 5214 2923 5285 sepultisque
2955 5216 3099 5270 odiis
3127 5217 3406 5283 omnibus,
3434 5218 3555 5290 pari

1982 5321 2254 5362 consensu
2284 5306 2500 5361 hostem
2524 5307 2950 5377 aggrediaminil
2990 5306 3149 5363 Nulla
3171 5309 3302 5364 mihi
3332 5320 3562 5382 praeter:

1980 5416 2045 5457 ea
2085 5399 2358 5454 dubitatio
2390 5398 2579 5454 relicta
2628 5402 2810 5455 estde
2854 5400 3085 5455 victoria
3110 5419 3124 5455 :
3147 5402 3260 5473 jam
3297 5405 3560 5470 vicimus,

1980 5493 2141 5559 illud,
2189 5505 2402 5561 quaeso,
2450 5491 2652 5546 animis
2688 5492 2886 5548 vestris
2925 5509 3222 5565 parumper
3257 5500 3557 5569 concipite,

1979 5586 2263 5658 principes
2313 5584 2509 5653 optimi
2543 5601 2560 5639 :
2595 5585 3058 5654 quemadmodum
3096 5590 3149 5641 in
3187 5589 3310 5643 navi
3356 5590 3557 5650 seditio

1979 5691 2120 5748 orta,
2165 5677 2631 5749 perniciosissima
2665 5687 2770 5744 est,
2807 5679 2881 5733 ita
2920 5694 3043 5735 esse
3086 5682 3140 5735 in
3177 5683 3436 5750 civitate;
3469 5696 3548 5751 et,

1982 5786 2037 5831 ut
2073 5774 2124 5828 in
2149 5774 2368 5829 chilate
2403 5772 2584 5847 gravis
2611 5781 2716 5837 est,
2743 5772 2815 5839 ita
2843 5773 2895 5825 in
2916 5772 3198 5842 provincia
3254 5777 3427 5841 multo
3456 5794 3547 5851 pc-
