4064 6148
419 258 533 322 €63

1370 258 1869 322 BESSAHIONIS
1910 262 1973 323 S.
2007 264 2083 323 Il.
2122 266 2192 327 E.
2234 265 2704 328 CARDINALIS

3579 260 3695 324 664

420 371 808 428 εῑίιεηῑῖοτοίη·
844 370 976 425 Nam
1000 386 1113 440 φιο
1133 370 1319 441 Plures
1348 383 1500 437 sum.
1530 388 1595 427 co
1630 374 1795 430 latius
1830 374 2002 430 morbi
2036 376 2076 435 Α
2108 384 2413 450 gerentur?
2456 383 2676 439 Minime
2711 402 2725 438 :
2757 379 3031 453 siquidem
3088 378 3176 434 his
3211 377 3376 435 etiam
3435 374 3699 433 remediis

423 465 681 535 contagio
717 466 917 535 serpit,
942 480 1009 519 eo
1032 464 1306 521 dilbcilior
1339 476 1423 521 est
1444 470 1680 522 curatio.
1710 468 1787 523 Ae
1810 485 2005 539 quem-

423 552 725 609 admodum
781 553 1061 609 exercitus
1109 555 1302 610 ordine
1336 556 1681 628 militumque
1740 558 2003 613 obedien-

427 646 499 701 tia
535 646 874 711 continetur,
930 662 1053 716 quae
1090 647 1195 702 nisi
1228 647 1434 715 adsint,
1464 646 1533 702 ad
1568 648 2007 704 internecionem

424 740 608 793 omnia
637 748 904 807 pereunt;
941 739 1015 795 ita
1044 739 1097 793 in
1116 740 1399 811 previncia
1429 750 1654 797 mutuus
1702 758 2010 798 consensus

429 838 486 883 et
506 826 897 883 benevolentia
928 829 1238 886 necessaria
1289 839 1373 887 est
1404 832 1550 887 inter
1581 849 1678 888 eos
1704 834 2010 902 pra-sert'm

428 921 521 990 qui
575 921 914 990 potentiores
940 930 1117 977 sunt:
1152 937 1259 992 qua
1308 937 1367 977 re
1409 925 1645 989 sublata,
1689 926 1847 996 prius
1899 925 2015 979 suis

430 1012 644 1069 viribus
675 1015 1069 1082 coniiciuntur,
1100 1033 1264 1085 quam
1295 1019 1564 1075 externis.
1592 1017 2017 1074 lnsidiaturdis-

430 1106 643 1171 cordia,
688 1108 837 1163 vires
872 1119 1156 1175 extenuat,
1180 1121 1237 1167 et
1269 1111 1482 1168 occulta
1534 1110 1771 1181 quadam
1797 1114 2017 1181 aegritu—

431 1201 563 1257 dine
600 1202 830 1273 imperia
867 1202 1151 1273 absumit;
1179 1214 1348 1275 atque
1385 1202 1458 1260 ob
1484 1218 1607 1259 eam
1635 1218 1856 1259 causam
1904 1203 2021 1259 dis-

437 1295 683 1349 cordiam
711 1296 894 1366 inquit
935 1295 1027 1352 ille
1064 1311 1342 1351 Venenum
1375 1310 1497 1351 esse
1525 1295 1714 1351 datum
1748 1294 2017 1366 imperiis,

435 1402 506 1441 ne
557 1386 887 1442 immortalia
937 1388 1141 1443 forent.
1173 1388 1388 1444 Etenim
1418 1388 1646 1459 perinde
1684 1402 1750 1444 ac
1777 1387 2027 1460 phthisis

438 1476 645 1531 sensim
673 1478 918 1544 conficit,
950 1493 1132 1548 neque
1160 1477 1321 1549 prius
1370 1479 1590 1537 desistit
1623 1494 1789 1551 quam
1840 1477 2027 1549 proﬂi-

440 1578 625 1643 gatum
658 1586 865 1643 corpus
905 1573 1188 1629 everterit.
1221 1573 1343 1629 Non
1382 1583 1467 1630 est
1493 1574 1939 1630 contendendum
1969 1582 2031 1626 ut

443 1668 790 1723 necessarios
816 1676 872 1722 et
895 1668 1086 1725 eodem
1111 1668 1254 1724 caelo
1274 1668 1538 1723 educatos
1561 1667 1813 1722 homines
1837 1682 2032 1737 perpe-

2108 471 2393 542 adhibitis,
2430 474 2569 531 effici
2627 492 2735 530 non
2768 481 2949 545 potest
2975 472 3107 543 quin
3136 473 3422 526 solvantur
3444 479 3501 525 et
3523 470 3703 523 inter-

2107 574 2257 621 eant.
2319 564 2795 633 Quemadmodum
2846 564 3129 637 graviores
3172 561 3350 616 morbi
3414 569 3544 615 sunt
3575 572 3703 627 quae

2113 656 2431 712 interiorem
2485 656 2732 730 corporis
2775 670 2988 728 partem
3029 663 3353 728 grassantur
3387 662 3441 707 et
3481 658 3703 711 vexant,

2115 748 2189 802 ita
2221 749 2421 806 seditio
2455 764 2649 822 aperto
2670 752 2813 809 bello
2847 750 3103 807 acerbior
3142 758 3245 804 est.
3269 747 3402 802 Nam
3438 746 3493 800 in
3531 744 3707 800 altero

2114 840 2302 896 hostes
2353 844 2512 899 nobis
2571 842 2673 915 ipsi
2722 860 2951 907 sumus;
3022 844 3075 898 in
3120 843 3295 897 altero
3326 855 3426 895 nos
3465 850 3705 894 tuemur.

2104 932 2264 989 Nulli
2311 951 2549 1004 unquam
2602 951 2829 992 suorum
2880 936 3055 993 credes
3083 934 3316 1006 profuit,
3359 933 3565 1002 quibus
3605 936 3707 998 pc-

2132 1029 2442 1097 reuntibus,
2476 1030 2525 1084 ei
2560 1030 2784 1097 gravius
2816 1040 3174 1099 comparatur
3221 1022 3707 1098 periculum.Nam

2120 1118 2283 1195 simul
2325 1133 2391 1174 ac
2427 1120 2645 1175 illorum
2671 1120 2959 1192 ncgligunt
2986 1119 3245 1182 salutem,
3276 1133 3431 1173 suam
3459 1116 3713 1170 hostibus

2127 1211 2402 1281 ρτούυηῑς
2450 1211 2710 1285 idemque
2756 1213 2825 1269 iis
2863 1211 3087 1277 accidit,
3139 1210 3284 1283 quod
3325 1208 3535 1265 homini
3585 1222 3716 1277 (ξι-ρο

2125 1301 2245 1356 nire
2278 1302 2436 1367 solet,
2472 1302 2634 1373 cujus
2693 1303 3005 1360 membrum
3054 1303 3185 1359 dum
3222 1302 3486 1373 phagaena
3542 1298 3716 1355 conli-

2126 1391 2226 1449 cit.
2267 1391 2321 1446 id
2356 1391 2611 1464 negligit.
2636 1386 2937 1463 speratque
2984 1394 3260 1464 reliquum
3297 1408 3498 1464 corpus
3534 1403 3713 1445 ttttunt

2128 1478 2248 1536 fore
2282 1490 2447 1552 atque
2476 1481 2788 1549 incolume;
2823 1468 3155 1555 tandemque
3187 1484 3391 1540 sensim
3430 1492 3579 1538 totus
3609 1483 3719 1535 ab-

2130 1574 2368 1629 Sumitur
2401 1594 2417 1630 :
2450 1583 2562 1629 tum
2593 1576 2814 1642 demum
2850 1578 3013 1650 plane
3066 1574 3323 1648 intelligit
3346 1576 3399 1633 id
3424 1591 3532 1631 non
3566 1576 3721 1631 futu-

2136 1682 2258 1723 rum
2298 1668 2493 1734 fuisse,
2546 1672 2592 1727 si
2642 1671 2804 1728 initio
2852 1674 3108 1731 morbum
3147 1676 3424 1729 curasset.
3468 1672 3636 1739 Quid,
3667 1680 3719 1723 te

444 1767 539 1812 tuo
572 1757 715 1813 bello
744 1758 1101 1815 insectemur.
1135 1758 1269 1815 Nam
1302 1759 1394 1829 qui
1423 1759 1707 1830 sapienter
1744 1775 1857 1814 sua:
1881 1758 2046 1814 saluti
2081 1763 2120 1819 Β
2150 1760 2419 1827 obsecro,
2476 1780 2673 1820 manus
2715 1765 2965 1836 geminas
3025 1776 3219 1821 natura
3275 1764 3436 1819 nobis
3479 1763 3723 1819 tribuit?

446 1851 765 1917 consulunt,
790 1852 976 1908 hostes
1007 1851 1229 1923 quidem
1260 1867 1482 1922 semper
1505 1853 1725 1908 vincere
1755 1846 2033 1920 nituntur,

451 1943 570 1998 suis
599 1959 729 1999 vero
770 1959 1167 2013 nonnunquam
1202 1953 1457 2015 parcunt,
1491 1945 1812 2017 maluntque
1866 1946 2036 2002 inter-

447 2036 578 2092 dum
603 2040 853 2109 superari
874 2054 1038 2110 quam
1061 2055 1343 2109 superare.
1365 2040 1554 2112 Neque
1575 2041 1721 2096 enim
1752 2041 1933 2097 omnis
1960 2041 2037 2097 vi-

448 2134 620 2187 etoria
657 2133 805 2189 utilis
834 2143 940 2200 est,
989 2143 1083 2189 aut
1113 2149 1142 2189 a
1175 2135 1292 2191 Deo
1338 2136 1608 2202 profecta.
1650 2134 1924 2203 Fugienda
1956 2143 2040 2190 est

448 2227 690 2283 Cadmea
719 2228 973 2295 victoria,
1009 2236 1087 2293 et,
1120 2238 1182 2283 ut
1217 2229 1460 2299 tragicus
1492 2228 1584 2283 ille
1610 2226 1810 2297 inquii,
1834 2225 2042 2283 Amicis

451 2321 836 2388 dominabere,
860 2321 905 2377 si
938 2330 1150 2377 tantum
1183 2338 1292 2379 non
1332 2323 1532 2378 viceris
1560 2330 1827 2392 quantum
1851 2312 2041 2375 volue-

452 2414 567 2480 ris;
611 2415 826 2478 amicis,
871 2413 1119 2485 inquam,
1176 2413 1500 2485 imperabis,
1531 2427 1695 2485 quam
1744 2411 1812 2466 ab
1855 2409 2045 2465 amicis

452 2507 709 2562 vinceris.
762 2509 841 2563 Ac
879 2507 1297 2573 Demosthenes,
1326 2506 1501 2573 Tunc,
1556 2506 1755 2578 inquit,
1779 2506 2041 2577 praeclara

454 2601 714 2666 victoria,
754 2616 879 2656 cum
922 2609 1017 2657 aut
1058 2600 1154 2655 lilii
1208 2600 1560 2671 parentibus,
1605 2610 1702 2655 aut
1732 2598 1881 2654 cives
1908 2598 2045 2654 civi-

457 2695 564 2749 bus
588 2693 826 2751 libentcr
854 2693 1080 2750 cedunt.
1114 2695 1193 2748 An
1222 2708 1354 2749 vero
1388 2693 1443 2749 in
1474 2692 1694 2748 urbium
1735 2691 2049 2748 obsidioni-

459 2787 563 2844 bus
590 2789 961 2859 perniciosum
985 2787 1269 2859 judicatis,
1307 2786 1355 2843 si
1395 2785 1653 2843 custodes
1684 2787 1828 2842 inter
1856 2802 1915 2842 se
1936 2788 2052 2843 dis-

460 2883 730 2939 sideant?
766 2883 909 2939 inter
943 2884 1097 2939 cives
1124 2892 1334 2947 autem,
1370 2882 1454 2938 vel
1485 2882 1539 2937 in
1573 2880 1871 2950 provinciis
1904 2881 2052 2937 sedi.

464 2978 668 3032 tionem
708 2976 898 3032 utilem
931 2976 1048 3033 fore
1083 2975 1331 3047 putatis?
1359 2992 1485 3031 cum
1511 2977 1563 3031 in
1593 2975 1843 3033 diversas
1868 2987 2052 3048 partes

2136 1856 2556 1929 quid'geminos
2590 1859 2826 1915 Oculos?
2854 1861 2987 1926 quid
3037 1860 3179 1916 duos
3221 1857 3729 1931 pedesiNitnirum

2140 1963 2201 2008 nt
2242 1964 2433 2009 mutuo
2480 1961 2741 2009 constent
2784 1953 3227 2009 anxilioJianus
3279 1967 3503 2006 manum
3538 1951 3719 2017 lavat;

2141 2063 2242 2119 pes
2282 2046 2478 2115 pedem
2511 2054 2824 2111 sustentat;
2862 2045 3083 2102 sinistra
3106 2043 3322 2105 dextris
3347 2043 3626 2105 levantur,
3665 2050 3725 2097 et

2141 2141 2333 2203 dextra
2364 2139 2615 2195 levantur
2647 2137 2923 2193 sinistris:
2960 2136 3110 2192 illinc
3150 2145 3336 2191 motus
3358 2134 3713 2205 principium,

2144 2234 2279 2290 hinc
2318 2247 2487 2287 onera
2518 2230 2877 2302 suscipimus.
2914 2229 3043 2285 Plus
3079 2227 3298 2301 gemina
3326 2227 3441 2282 btec
3478 2225 3725 2281 membra

2143 2326 2426 2392 el‘liciunt;
2460 2341 2585 2380 nam
2608 2325 2782 2381 altero
2813 2332 3108 2396 occupato,
3138 2323 3207 2379 ab
3231 2320 3403 2377 altero
3437 2335 3729 2376 commune

2147 2428 2445 2491 prmatatur
2495 2416 2759 2472 cilicium.
2810 2415 2922 2471 Cur
2966 2431 3073 2471 non
3111 2414 3398 2485 sequimur
3449 2423 3725 2475 naturam,

2149 2510 2346 2566 ducem
2385 2509 2648 2580 optimam
2680 2516 2738 2564 et
2762 2508 3079 2580 magistram
3102 2508 3125 2562 τ
3152 2518 3214 2563 ut
3236 2506 3329 2564 ille
3367 2506 3568 2577 inquit.
3592 2505 3725 2560 Nam

2150 2602 2296 2673 quod
2332 2604 2469 2658 alter
2503 2602 2815 2673 perspicere
2840 2617 2950 2657 non
2984 2609 3189 2671 potest,
3223 2601 3380 2655 alteri
3410 2601 3464 2655 in
3490 2612 3726 2655 mentem

2151 2678 2358 2757 veniet,
2396 2697 2484 2750 ac
2510 2704 2703 2749 mutuo
2738 2693 2945 2749 auxilio
2976 2691 3322 2765 propositum
3369 2691 3531 2765 linem
3563 2691 3730 2746 attin-

2153 2800 2302 2861 gcnt.
2342 2808 2360 2841 ι
2392 2790 2566 2858 Quam
2600 2788 2807 2844 bonum
2833 2799 2889 2845 et
2925 2804 3088 2860 quam
3120 2787 3428 2858 jucundum
3451 2798 3537 2843 est
3574 2786 3733 2843 habi-

2155 2893 2270 2938 tare
2319 2882 2519 2937 fratres
2572 2882 2626 2936 in
2685 2897 2887 2948 unum;
2925 2899 2943 2933 ι
2994 2892 3054 2936 ut
3080 2880 3355 2952 Propheta
3402 2878 3603 2951 inquit,
3638 2879 3733 2949 qui

2156 2981 2455 3035 multarum
2519 2992 2705 3035 rerum
2765 2979 3015 3049 variique
3076 2988 3309 3033 eventus
3361 2976 3734 3051 peritissimus

464 3072 600 3138 itur,
647 3087 772 3126 cum
823 3071 1143 3142 Opinionum
1192 3071 1459 3126 varietate
1491 3072 1870 3135 contenditur,
1926 3084 2051 3125 cum
2079 3111 2124 3171 ε
2160 3075 2284 3135 fuit.
2313 3076 2406 3145 qui
2430 3075 2615 3131 furore
2634 3074 2824 3130 divino
2847 3075 3124 3139 concitus,
3150 3074 3400 3129 homines
3421 3073 3486 3127 ad
3512 3086 3736 3128 concor-

468 3164 853 3236 unusquisque
903 3178 1057 3220 suam
1119 3164 1449 3219 sententiam
1501 3163 1676 3233 pluris
1715 3164 1843 3218 facit
1887 3176 2050 3231 quam

466 3261 725 3314 salutem.
763 3256 1150 3315 Contentionis
1172 3258 1283 3314 duo
1308 3272 1508 3328 genera
1554 3255 1722 3310 tradit
1758 3253 2050 3321 Hesiodus,

467 3356 704 3411 alterum
736 3354 1008 3426 eptimum
1034 3369 1158 3408 cum
1188 3351 1465 3423 quispiam
1499 3350 1724 3405 alterius
1748 3349 2056 3403 imitatione

472 3448 748 3503 adductus
774 3454 922 3502 recte
949 3444 1082 3516 agit;
1114 3444 1347 3499 alterum
1370 3440 1813 3504 inimicitiarum,
1848 3439 2056 3493 discor-

475 3543 602 3609 dia),
655 3541 923 3596 bellorum
984 3537 1370 3597 seminarium,
1401 3549 1567 3606 quam
1598 3546 1822 3603 pravam
1878 3530 2058 3586 infeli-

478 3649 711 3705 cemque
735 3632 999 3703 appellat,
1030 3631 1099 3685 de
1126 3644 1236 3700 qua
1270 3628 1545 3683 Homerus
1583 3644 1598 3680 :

552 3741 828 3809 Principio
857 3756 1020 3809 parva
1046 3746 1163 3800 est;
1197 3745 1395 3809 terrent
1425 3736 1516 3789 sed
1540 3736 1779 3809 protinus
1813 3733 1932 3809 iuris

551 3806 879 3884 Contingens
905 3810 1142 3882 pedibus,
1178 3817 1335 3876 caput
1362 3807 1501 3860 inter
1527 3806 1706 3859 nubila
1733 3806 1929 3859 condit.

477 3923 641 3981 Prior
690 3918 971 3992 sequenda
1029 3925 1115 3973 est
1138 3956 1153 3983 ,
1185 3916 1358 3972 altera
1396 3913 1614 3986 penitus
1640 3912 1898 3984 fugienda
1928 3930 1943 3967 :
1977 3911 2068 3968 illa

456 4020 724 4076 'maxime
752 4015 926 4079 utilis,
961 4011 1079 4066 ha:c
1101 4009 1398 4065 admodum
1423 4008 1752 4079 perniciosa.
1771 4005 1887 4060 Non
1911 4005 2070 4062 decet

485 4129 585 4169 nos
610 4110 857 4185 profecto
884 4122 983 4177 pro
1006 4102 1249 4176 ingenio,
1273 4100 1612 4171 eruditione,
1647 4098 1939 4168 sapientia,
1962 4113 2068 4168 qua

488 4224 592 4265 nos
650 4206 799 4261 Deus
825 4202 1066 4263 ornavit,
1102 4199 1304 4254 omissa
1335 4196 1585 4262 meliore,
1629 4193 1782 4264 sequi
1804 4194 2068 4266 pejorem.

488 4298 814 4372 Abjicienda
846 4304 955 4360 est,
986 4293 1228 4371 tollenda
1253 4290 1320 4346 de
1359 4288 1540 4344 medio
1569 4306 1581 4353 ;
1622 4303 1725 4359 pax
1759 4295 1817 4342 et
1837 4302 2074 4342 concor-

489 4396 581 4450 dia
616 4392 835 4465 publice
866 4386 1126 4445 incunda.
1155 4384 1313 4452 Quod
1345 4382 1391 4438 si
1420 4393 1503 4437 cst
1532 4378 2071 4445 contendendum,in

2162 3168 2310 3224 diam
2345 3177 2629 3238 provocat.
2663 3166 2818 3236 Quod
2850 3184 2918 3224 ne
2954 3180 3166 3223 temere
3205 3178 3540 3239 prmeeptum
3583 3165 3737 3221 vide-

2158 3272 2333 3329 retur,
2368 3262 2486 3337 illic
2504 3262 2614 3317 ait:
2644 3280 2661 3312 t
2690 3261 2982 3317 Mandavit
3011 3262 3278 3317 Dominus
3299 3260 3737 3317 benedictionem

2160 3362 2215 3407 et
2244 3353 2408 3407 vitam
2439 3368 2613 3422 usque
2633 3352 2687 3406 in
2724 3353 3011 3408 szeculum.
3047 3371 3066 3405 ι
3098 3353 3273 3407 Porro
3297 3352 3418 3429 ejus
3449 3348 3594 3405 ﬁlius
3611 3365 3742 3417 pru-

2160 3446 2345 3501 dentia
2375 3446 2655 3517 praeditus,
2683 3456 2740 3501 ut
2765 3462 2865 3502 nos
2899 3461 2928 3501 a
2963 3446 3241 3501 discordia
3287 3447 3585 3509 deterreat,
3607 3443 3739 3498 Cum

2162 3539 2557 3608 unus,inquit,
2608 3541 2862 3605 aedificat,
2926 3548 2982 3595 et
3043 3539 3183 3595 alter
3231 3537 3550 3595 demolitur.
3615 3538 3742 3608 quid

2163 3633 2310 3688 aliud
2334 3643 2520 3703 agunt,
2550 3633 2654 3689 nisi
2684 3632 2885 3690 frustra
2909 3630 3423 3704 laborentYCyrus,
3456 3632 3744 3687 Persarum

2166 3742 2261 3781 rex
2322 3726 2757 3796 potentissimus,
2786 3742 2910 3783 cum
2942 3744 2972 3783 e
3001 3728 3113 3782 vita
3150 3722 3466 3792 excederet,
3497 3725 3625 3779 llliis
3662 3739 3749 3778 ac-

2166 3819 2404 3879 cersitis.
2434 3830 2491 3876 ct
2534 3822 2768 3887 imperio
2822 3820 2905 3877 eis
2949 3820 3149 3880 diviso,
3184 3819 3433 3888 longiore
3488 3818 3740 3873 oratione

2175 3912 2320 3978 apud
2344 3911 2795 3982 Xenophontem,
2818 3908 3057 3967 cunctos
3083 3909 3150 3966 ad
3183 3910 3347 3984 ﬁdem
3381 3922 3651 3976 mutuam,
3674 3907 3747 3963 ad

2172 4002 2523 4069 charitatcm,
2547 4003 2612 4059 ad
2646 4002 2997 4059 concordiam
3035 4002 3290 4057 hortatus
3334 4012 3438 4069 est,
3487 4001 3750 4071 planeque

2174 4096 2575 4152 demonstravit
2606 4112 2702 4151 eos
2749 4096 3031 4171 dispersos
3095 4110 3161 4151 ac
3198 4082 3542 4151 dissidentes
3582 4107 3753 4158 neque

2178 4189 2509 4261 reipublicae
2560 4174 2909 4260 profuturos,
2960 4203 3139 4258 neque
3187 4187 3293 4242 sibi
3339 4186 3599 4258 praesidio
3638 4199 3753 4240 esse

2180 4298 2366 4355 posse.
2401 4282 2455 4337 ld
2506 4296 2690 4338 autem
2734 4298 2910 4352 usque
2940 4281 3081 4336 adeo
3115 4296 3307 4335 verum
3340 4279 3606 4350 facileque
3634 4294 3752 4349 por-

2183 4364 2436 4450 Spectum
2492 4378 2870 4433 arbitrabatur
2902 4360 2988 4431 vir
3015 4377 3180 4446 longo
3219 4389 3405 4429 rerum
3436 4389 3561 4435 usu,
3594 4370 3757 4426 mari-

492 4510 561 4548 eo
601 4489 760 4545 vobis
797 4486 1019 4544 demum
1092 4489 1373 4538 certamen
1411 4477 1850 4549 pulcherrimum
1888 4484 1943 4530 et
1974 4475 2083 4545 glo-
2112 4475 2164 4535 D
2196 4478 2300 4531 mis
2332 4474 2623 4548 periculis,
2653 4473 2863 4551 ingenti
2914 4472 3149 4526 fortuna:
3181 4468 3446 4523 varietate
3477 4469 3760 4536 sapientis-

493 4590 702 4643 riosum
738 4578 1078 4654 prepositum
1109 4583 1215 4639 est,
1239 4574 1366 4646 quis
1399 4583 1642 4626 Vestrum
1670 4570 1881 4640 primus
1915 4583 1973 4622 se
1995 4568 2075 4636 ip-

494 4697 617 4739 sum
648 4679 868 4741 vincat;
896 4673 1019 4745 quis
1052 4672 1266 4739 primus
1296 4666 1362 4722 ad
1383 4663 1734 4722 concordiam
1768 4659 2078 4730 perveniat;

494 4780 622 4851 quis
646 4777 806 4849 plura
836 4778 893 4827 et
920 4765 1095 4839 magis
1117 4761 1334 4836 egregia
1363 4759 1609 4815 facinora
1642 4757 1696 4811 in
1730 4766 2080 4851 communem

499 4845 739 4931 salutem
778 4864 1051 4924 conferat.
1088 4858 1212 4914 Haec
1244 4866 1331 4911 est
1361 4853 1523 4923 plena
1557 4849 1744 4906 laudis
1776 4845 2078 4910 contentio;

500 4970 623 5025 haec
652 4982 681 5020 a
718 4965 829 5019 Deo
856 4956 1181 5015 hominibus
1212 4951 1362 5006 data.
1390 4944 1531 5014 Quid
1564 4953 1670 5012 est,
1703 4942 1852 5015 quod
1884 4948 2085 4997 cuncta

502 5055 827 5117 contineat?
864 5048 1187 5107 Harmonia.
1213 5042 1355 5112 Quid
1382 5048 1492 5104 est,
1519 5037 1669 5110 quod
1703 5043 1902 5093 cuncta
1926 5045 2088 5088 exoro

504 5153 644 5211 net?
673 5148 1050 5207 Concinnitas.
1075 5141 1288 5198 Caelum
1325 5137 1432 5193 hoc
1462 5132 1839 5203 quodcunque
1898 5124 2088 5182 cerni-

510 5259 656 5306 mus,
688 5240 918 5310 sphaerae
937 5234 1239 5293 stellarum,
1266 5230 1444 5299 spatia
1469 5224 1736 5287 siderum,
1764 5235 1950 5277 rerum
1974 5233 2091 5273 om-

512 5338 666 5393 nium
698 5334 966 5388 elementa
999 5338 1057 5384 et
1091 5325 1270 5392 initia,
1306 5321 1460 5376 nulla
1492 5318 1598 5373 alia
1631 5331 1689 5372 re
1718 5314 1827 5368 nisi
1858 5328 2093 5368 concor-

515 5434 606 5488 dia
644 5434 921 5485 constant.
945 5422 1062 5479 Nisi
1095 5419 1296 5475 divina:
1311 5413 1670 5487 providentia
1700 5412 1852 5480 leges
1883 5423 1943 5463 ea
1971 5416 2095 5462 tue-

514 5536 737 5588 rentur,
783 5536 895 5577 non
936 5516 1334 5577 consisterent,
1393 5511 1490 5566 sed
1535 5508 2004 5564 labefactarentur
2034 5517 2097 5560 ac

518 5626 767 5677 ruerent.
802 5617 914 5671 Res
936 5628 1068 5669 vero
1094 5611 1389 5669 humanas,
1428 5618 1551 5674 quae
1578 5600 1737 5655 ﬂuxa:
1769 5599 2103 5665 caducazque

524 5722 676 5778 sunt,
694 5722 754 5767 et
784 5725 931 5766 motu
953 5714 1223 5778 perpetuo
1244 5704 1718 5768 circumaguntur,
1737 5701 1899 5763 putas
1916 5690 2099 5745 cohae-

528 5820 869 5877 rerepossc,
904 5802 1010 5857 nisi
1047 5810 1323 5863 recasura,
1371 5789 1640 5865 pondere,
1672 5783 1972 5843 concordia
2013 5798 2103 5840 re-

2184 4572 2379 4636 simus,
2442 4577 2502 4622 ut
2532 4569 2853 4624 rationibus
2897 4563 3267 4638 apertissimis
3309 4577 3422 4617 non
3451 4571 3759 4627 cententus,

2180 4662 2360 4718 oculis
2434 4661 2601 4715 etiam
2687 4661 2939 4731 exemplo
3006 4662 3244 4730 quodam
3316 4658 3591 4737 subjicere
3652 4666 3763 4710 ten-

2186 4754 2416 4811 taverit.
2472 4754 2658 4823 Itaque
2695 4754 2994 4824 virgarum,
3059 4763 3119 4809 ut
3178 4754 3380 4819 ferunt,
3430 4748 3764 4818 manipulum

2185 4850 2372 4909 afferri
2426 4847 2613 4922 jussit,
2651 4864 2713 4903 ac
2757 4848 2988 4918 singulis
3045 4847 3335 4917 imperavit
3381 4855 3445 4900 nt
3488 4859 3614 4897 eum
3666 4853 3768 4894 uno

2189 4949 2398 5020 impetu
2461 4944 2893 5015 confringerent,
2962 4941 3009 4995 si
3054 4951 3297 5013 possunt.
3335 4938 3395 4995 id
3456 4952 3581 4993 cum
3634 4949 3769 5006 prte-

2187 5050 2336 5099 stare
2392 5041 2604 5096 valeret
2675 5050 2862 5101 nemo,
2902 5041 3018 5088 tum
3091 5033 3334 5104 singulas
3428 5028 3773 5102 perfringen-

2190 5133 2291 5189 das
2316 5130 2506 5196 dedit;
2540 5144 2682 5198 quas
2735 5141 2864 5182 cum
2911 5122 3109 5194 singuli
3155 5122 3308 5177 nullo
3333 5122 3520 5177 labore
3546 5118 3775 5174 coniice-

2194 5242 2340 5281 ren:
2396 5227 2478 5277 An
2551 5235 2683 5275 vero
2740 5216 2987 5283 cernitis,
3054 5214 3250 5286 inquit,
3311 5211 3455 5268 idem
3505 5211 3565 5267 in
3623 5208 3773 5265 vobis

2196 5317 2466 5378 fnturmn,
2524 5322 2583 5368 ιιι
2636 5318 2826 5366 mutua
2869 5322 3002 5379 pace
3066 5307 3353 5363 devinctos
3400 5303 3587 5360 nullus
3608 5316 3777 5372 expu-

2197 5424 2364 5477 gnare
2395 5406 2594 5471 valeat,
2625 5404 2769 5460 odiis
2826 5417 2956 5457 vero
2994 5401 3272 5473 sejunctas
3319 5413 3581 5470 superare
3613 5395 3780 5468 possit

2199 5504 2293 5571 qui
2343 5497 2514 5553 velit?
2556 5496 2738 5563 Quare
2784 5493 2880 5564 qui
2912 5508 3011 5549 vos
3047 5492 3115 5548 ad
3168 5491 3541 5556 concordiam,
3589 5484 3777 5558 optimi

2202 5592 2372 5648 italia:
2396 5589 2695 5663 principes,
2730 5587 3009 5651 hortatur,
3031 5600 3128 5641 vos
3162 5585 3229 5641 ad
3266 5593 3502 5640 vestram
3531 5582 3781 5637 hortatur

2206 5686 2463 5750 salutem,
2485 5681 2551 5736 ad
2575 5680 2825 5752 gloriam,
2857 5679 2925 5734 ad
2956 5676 3264 5748 triumphos
3282 5675 3349 5731 de
3381 5675 3539 5730 host:
3590 5687 3779 5741 repor-

2210 5775 2421 5836 tandas.
2447 5770 2577 5829 Nam
2610 5770 2742 5843 quid
2773 5777 2950 5830 vestra
2989 5767 3231 5843 exposcit
3259 5766 3509 5827 utilitas?
3553 5764 3783 5823 Concur-

3642 5952 3839 5967 ὀβειι
