4064 6148
363 233 462 303 665

1400 230 1732 294 ORATION
1745 231 1828 292 ES
1864 231 2164 292 CONTRA
2205 225 2524 290 TURCAS.

3519 213 3627 275 666

362 353 522 408 diam.
558 350 702 418 Quid
733 361 915 406 vestra
939 351 1064 406 laus
1092 366 1156 408 ac
1188 350 1429 422 dignitas
1471 349 1752 416 postulat?
1790 333 1938 405 Con-
1968 359 2014 414 Α
2047 355 2284 418 pugnata
2343 345 2470 408 fide,
2517 339 2674 398 cmsis
2731 335 3068 393 Christianis
3122 331 3464 396 hominibus,
3529 331 3626 385 Dei

360 445 619 501 cordiam.
637 445 1003 500 Concordiam
1026 446 1192 515 igitur
1212 457 1269 500 et
1293 460 1481 515 pacem
1508 441 1936 512 amplectimini,

362 539 644 610 suscipite,
680 539 868 607 colite,
909 551 967 594 ut
1003 556 1100 608 per
1122 555 1242 594 eam
1280 548 1474 594 mutuo
1518 551 1794 594 consensu
1827 537 1942 590 for-

365 633 552 700 tiores,
586 633 844 704 belloque
886 636 940 688 itt
989 634 1207 690 hostem
1259 640 1580 703 comparato
1626 613 1942 686 cervicibus

362 723 560 780 nostris
608 725 990 780 imminentem
1058 725 1326 795 impetum
1385 721 1797 792 propulsemus,
1843 718 1942 774 bo-

363 829 499 872 stem
547 817 894 872 teterrimum
941 828 1257 874 nostrorum
1285 815 1554 886 sanguine
1595 819 1941 869 cruentatum

360 911 714 972 ulciscantur,
754 910 924 966 italiae
969 911 1375 981 amplificemus
1417 907 1769 983 dignitatem:
1823 905 1940 960 lloc

359 1006 500 1057 enim
529 1003 673 1058 bello
708 1003 920 1058 nullum
957 1019 1202 1075 unquam
1237 1003 1467 1072 justius,
1497 1009 1594 1054 aut
1629 997 1806 1068 magis
1842 983 1945 1052 ne;

357 1090 596 1154 cessario
629 1106 849 1166 gestum
889 1105 998 1162 est,
1023 1105 1121 1150 aut
1150 1093 1460 1150 faciliorem
1490 1091 1942 1170 apertioremque

353 1189 594 1247 ostendit
621 1185 932 1245 victoriam.
981 1187 1118 1243 Nam
1150 1186 1281 1255 quid
1315 1184 1552 1256 aequius,
1581 1180 1789 1254 quidve
1820 1195 1937 1234 ma-

355 1285 437 1356 gis
471 1284 648 1357 pium,
674 1298 840 1355 quam
878 1292 1194 1338 nostrorum
1215 1279 1538 1350 sanguinem
1570 1291 1670 1348 per
1696 1272 1942 1330 infinitas

357 1378 626 1448 lacrymas
654 1386 708 1431 ct
730 1371 1006 1430 tormenta
1027 1374 1260 1429 eliusum
1289 1367 1523 1426 ulcisci?
1556 1369 1696 1438 Quid
1721 1365 1942 1448 nefandi

359 1474 609 1526 honunes
644 1474 699 1524 in
743 1484 942 1524 nomen
979 1477 1238 1537 nostrum
1279 1467 1759 1537 praetermiserunt
1785 1460 1941 1532 igno-

360 1564 568 1626 miniae,
603 1561 845 1634 injuriae,
877 1561 1183 1622 cruciatus,
1211 1557 1408 1614 necis?
1439 1556 1670 1628 Templa
1702 1553 1945 1610 sanctis;

357 1659 494 1712 sima
531 1672 630 1725 per
657 1670 926 1710 summam
950 1654 1295 1724 impietatem
1327 1645 1647 1728 polluerunt
1676 1666 1690 1703 :
1720 1657 1940 1704 saneto.

2041 441 2215 496 nostri
2247 440 2533 510 majestate
2559 435 2784 500 violata,
2821 447 2930 488 non
2960 430 3266 486 delebimus
3288 427 3315 481 τ
3335 442 3444 482 uon
3484 439 3634 481 com-

2039 513 2362 605 parabimus
2399 529 2654 586 bellum?
2685 542 2792 598 non
2821 539 3110 581 sumemus
3139 523 3206 578 de
3240 524 3397 576 hoste
3423 517 3635 590 suppli-

2041 626 2236 682 cium?
2267 623 2560 695 Nunquam
2600 622 2870 693 profecto,
2899 631 2991 674 aut
3021 618 3256 688 publicae
3280 629 3510 669 suorum
3549 613 3635 666 in-

2039 721 2223 791 jurisv,
2273 730 2367 774 aut
2402 719 2649 788 ,privatm
2698 715 2893 770 salutis
2941 716 3085 766 ratio
3117 711 3326 781 majore
3370 707 3635 778 inquitate

2041 813 2216 869 suasit
2241 807 2393 866 arma
2430 812 2485 866 in
2514 811 2730 864 hostem
2767 809 3062 863 moveu='a.
3110 881 3114 886 ι
3650 875 3654 878 ξ

2112 905 2259 963 Satis
2306 906 2420 962 dixi
2449 905 2518 961 de
2544 919 2746 976 genere
2793 903 2921 960 belli
2959 916 3123 974 quam
3141 901 3354 971 justum
3383 897 3458 953 sit
3492 915 3506 953 :
3536 896 3626 950 di—

2038 1014 2161 1058 cam
2215 1000 2403 1056 statim
2457 1015 2620 1070 quant
2676 999 2748 1053 sit
2806 984 3207 1052 necessarium.
3254 992 3446 1062 Neque
3475 990 3673 1047 enim.

2035 1092 2133 1155 ille
2195 1093 2425 1147 liberam
2484 1092 2687 1158 quietis
2749 1091 3022 1144 rationem
3088 1084 3388 1163 relinquet,
3435 1083 3632 1153 ingens

2044 1195 2194 1242 terra
2227 1186 2478 1256 marique
2513 1185 2720 1241 bellum
2763 1181 3008 1238 molitus.
3058 1178 3188 1234 Nam
3226 1178 3271 1233 si
3302 1177 3356 1246 id
3394 1173 3631 1246 permit-

2043 1290 2184 1337 teret
2207 1321 2224 1346 ,
2255 1294 2417 1335 nemo
2455 1295 2586 1335 sane
2617 1286 2762 1333 esset
2805 1278 2896 1347 qui
2932 1275 3136 1332 bellum
3169 1273 3285 1343 paci
3326 1280 3634 1340 antepone—

2045 1386 2153 1429 ret.
2217 1370 2324 1428 Sed
2388 1373 2578 1441 curias
2639 1367 3222 1438 iustrnxit,,legiones
3286 1363 3632 1419 firmissimas

2044 1466 2210 1528 habet
2240 1466 2294 1522 iu
2320 1467 2502 1538 capita
2528 1476 2715 1520 nostra
2751 1471 3124 1534 comparatas,
3177 1459 3420 1522 lacessit,
3453 1466 3630 1528 urget,

2043 1562 2112 1616 ad
2141 1573 2423 1617 certamen
2456 1569 2743 1632 provocat.
2802 1559 2912 1615 Aut
2949 1557 3148 1611 bellum
3179 1553 3483 1624 gerendum
3519 1560 3631 1614 est,

2045 1667 2140 1711 aut
2167 1656 2526 1711 acerbissima
2576 1655 2816 1710 servitus
2857 1649 3166 1706 subeunda.
3204 1647 3426 1703 Nullum
3489 1643 3633 1705 deli-

358 1763 517 1816 τιιω,
582 1749 756 1810 beatae
809 1747 1071 1818 Virginis,
1131 1745 1305 1816 ipsius
1361 1734 1535 1801 ιιοδῐὲὶ
1581 1743 1678 1798 Del
1733 1750 1943 1798 statuas
1979 1745 2020 1801 Β
2049 1748 2323 1804 beratioui
2363 1747 2544 1802 locum
2597 1745 2867 1815 reliquit:
2911 1760 3018 1798 tina
3091 1743 3251 1798 nobis
3285 1743 3632 1796 lortuuarutu

358 1852 707 1911 contemptu,
744 1842 883 1904 risu,
914 1842 1064 1895 omni
1094 1839 1797 1915 contumeliarumgenere
1818 1850 1942 1905 per-

359 1939 535 1992 secuti
557 1945 704 1993 sunt.
723 1936 865 2004 Quid
884 1950 1065 1990 sacras
1084 1918 1578 2007 Vil‘gillBiViUlaias
1599 1944 1899 1986 metuerem
1921 1926 1945 1982 i

359 2040 653 2100 parentum
701 2029 992 2099 complexu
1023 2038 1250 2098 ereptos
1290 2007 1642 2094 impuberes?
1674 2024 1824 2080 omni
1850 2022 1946 2078 de-

358 2121 564 2177 decore
588 2121 852 2177 foedatum
878 2120 1261 2177 Christianum
1289 2118 1537 2175 nomen?
1567 2118 1694 2174 llam
1716 2133 1786 2185 ue
1824 2131 1945 2187 per-

358 2228 584 2284 sequar,
640 2223 697 2267 et
743 2213 823 2268 rei
870 2210 1252 2282 magnitudine
1317 2221 1374 2267 et
1413 2211 1607 2266 dolore
1637 2208 1944 2278 impedior.

356 2305 494 2374 Quis
525 2307 693 2386 cuitu.
734 2307 832 2361 vel"
861 2287 1102 2362 dicendo
1152 2305 1424 2376 consequi
1465 2312 1672 2374 posset,
1708 2303 1795 2358 vel
1825 2304 1946 2357 sine

360 2403 556 2457 multis
591 2401 866 2473 lacrymis'
900 2399 1096 2456 audire
1137 2399 1440 2454 Christiani
1486 2397 1728 2454 nominis
1764 2397 1948 2454 socios

357 2494 736 2561 ﬁdelissimos,
792 2509 1061 2563 equorum
1097 2481 1317 2564 ungulis
1349 2492 1610 2558 obtritos,
1649 2493 1724 2546 ita
1776 2492 1950 2557 impe.

361 2600 522 2643 rante
568 2588 729 2642 hoste
761 2587 1194 2642 sceleratissimo
1227 2597 1394 2656 atque
1430 2584 1802 2655 inspiciente;
1847 2598 1948 2638 cx-

358 2683 625 2745 ccriatos,
669 2681 916 2736 sublatos
948 2682 1002 2734 in
1029 2695 1274 2747 crucem,
1322 2692 1382 2736 ut
1418 2694 1651 2735 mortem
1690 2675 1946 2734 beneﬁcii

356 2775 485 2831 loco
553 2773 908 2844 acceperint?
949 2773 1139 2830 Edidit
1173 2773 1307 2830 olim
1368 2773 1709 2829 sazvissintus
1733 2773 1950 2828 'l‘urcus

360 2871 554 2926 Omnia
587 2869 934 2925 crudelitatis
961 2867 1216 2937 exempla
1244 2867 1299 2921 in
1328 2865 1681 2938 Byzantinos.
1707 2880 1947 2936 quorum

363 2963 633 3018 memoria
685 2971 744 3015 ut
803 2957 1182 3024 refricarelur,
1232 2959 1413 3028 qualis
1455 2973 1631 3029 nuper
1673 2957 1952 3012 (ittalcidis

359 3058 626 3114 Euboicae
654 3055 924 3111 tumultus
948 3054 1070 3134 fuit,
1106 3053 1513 3119 cutn,elfractis
1548 3053 1723 3123 portis
1742 3066 1806 3106 ac
1829 3065 1950 3104 mu-

363 3151 467 3213 ris,
511 3159 921 3203 tormentorum
968 3149 1176 3216 impetu
1237 3143 1492 3212 deiectis,
1529 3157 1660 3198 arce
1712 3143 1764 3194 vi
1789 3150 1945 3210 capta

359 3253 712 3300 armatorum
747 3254 938 3303 cursu,
968 3242 1117 3293 ferro
1153 3235 1480 3308 flammaque
1509 3236 1693 3291 omnia
1715 3236 1949 3289 miscue-

359 3343 537 3400 runt;
602 3332 748 3386 unde
795 3331 1033 3399 gemitus
1083 3330 1158 3383 illi
1210 3329 1281 3384 ad
1329 3338 1549 3384 nostras
1585 3343 1757 3401 prope
1786 3309 1966 3408 aures

363 3439 703 3495 pervenere.
752 3421 996 3477 Cunctos
1053 3423 1313 3476 militaris
1362 3422 1541 3477 :etatis
1590 3420 1949 3475 acerbissime

361 3518 634 3574 trucidat.
673 3515 1000 3572 Nostrorum
1052 3514 1341 3580 cadavera,
1377 3529 1505 3570 cum
1538 3513 1738 3569 mantia
1775 3529 1952 3584 oppu-

359 3623 678 3682 ειμι-ωηατ
713 3615 930 3682 (utnon
970 3610 1191 3680 dicam;
1231 3607 1563 3664 incredibile
1614 3608 1763 3663 enim
1819 3616 1946 3673 est;

359 3702 476 3756 imo
497 3714 634 3758 vero
659 3701 862 3763 dicam,
889 3700 1148 3770 quoniam
1176 3700 1251 3755 ita
1275 3714 1335 3754 se
1361 3698 1568 3769 habet);
1596 3706 1945 3764 nostrorum,

367 3796 629 3867 inquam,
662 3794 933 3849 cadavera
959 3794 1017 3847 in
1041 3808 1169 3848 vasa
1202 3790 1457 3864 imposita
1489 3789 1762 3846 machinis
1792 3789 1951 3844 belli-

347 3891 448 3944 ‘cis
480 3889 631 3944 intra
672 3887 867 3943 urbem
917 3886 1183 3941 adversus
1224 3894 1445 3940 nostros
1479 3882 1947 3938 immittebantur.

352 3981 406 4039 Ὀ
437 3982 831 4038 crudelitatem
861 3987 988 4035 ante
1026 3979 1176 4034 hunc
1203 3978 1349 4032 diem
1383 3977 1739 4038 inauditam,
1770 3989 1803 4030 ο
1825 3989 1950 4045 pcr-

361 4075 543 4130 ditam
576 4076 873 4141 feritatem,
893 4088 927 4128 ο
957 4070 1488 4128 truculentissituum
1507 4069 1733 4126 saevitia!
1752 4067 1948 4141 genus!

360 4170 529 4238 ριιῑιι,
557 4179 668 4238 tam
699 4181 992 4223 commune
1015 4166 1153 4220 vivis
1171 4180 1336 4235 quam
1375 4163 1647 4236 spiritus?
1681 4164 1750 4220 At
1773 4161 1949 4218 nostri

363 4257 580 4336 captivi
609 4263 684 4318 ita
713 4261 928 4330 vivunt,
965 4270 1027 4316 ut
1057 4259 1266 4316 ducere
1292 4260 1534 4316 animam
1565 4259 1634 4315 de
1663 4258 1808 4314 cmlo
1838 4273 1950 4313 non

360 4366 606 4428 queant.
638 4353 780 4423 Quid
812 4364 924 4410 tam
968 4367 1264 4410 commune
1294 4353 1530 4408 mortuis
1553 4368 1720 4424 quam
1757 4352 1950 4408 terra?

361 4449 439 4505 At
463 4438 649 4505 nostri
685 4447 761 4503 ita
795 4446 1133 4512 moriuntur,
1167 4456 1225 4501 ut
1253 4461 1448 4502 eorum
1478 4461 1603 4502 ossa
1643 4461 1742 4517 per
1767 4450 1950 4503 acrem

361 4554 734 4617 spargantur.
787 4541 929 4609 Quid
980 4551 1092 4598 tam
1149 4556 1444 4599 commune
1485 4535 1741 4597 cadaveri
1791 4557 1956 4612 quam

363 4635 582 4711 quies?
622 4638 692 4694 At
720 4646 1050 4692 nostrorum
1088 4650 1321 4706 corpora
1348 4635 1421 4690 ita
1448 4635 1750 4706 jactantur,
1791 4645 1853 4689 ut
1887 4650 1956 4689 ne

362 4737 688 4792 exanimata
745 4737 965 4806 quidem
1031 4734 1444 4805 conquiescant.
1494 4733 1750 4796 Romani,
1809 4732 1958 4804 quod

365 4846 572 4886 eorum
605 4829 774 4902 legati
813 4829 980 4900 paulo
1011 4829 1272 4884 acerbius
1301 4827 1562 4899 appellati
1601 4837 1810 4892 essent,
1845 4828 1956 4884 Co-

364 4922 653 4988 rinthum,
715 4921 905 4975 urbem
956 4919 1406 4990 pulcherrimam,
1453 4906 1798 4974 everterunt.
1851 4904 1960 4974 Nos

364 5031 530 5080 vero,
576 5013 746 5070 sociis
773 5013 1152 5068 crudelissime
1180 5012 1414 5078 necatis,
1434 5021 1752 5082 contempta
1776 5021 1833 5066 et
1861 5011 1960 5066 de-

363 5120 592 5167 vastata
648 5108 872 5178 regione
927 5115 1142 5172 nostra,
1192 5105 1339 5160 unde
1379 5121 1593 5159 morum
1671 5114 1947 5176 rectaeque

279 5242 281 5244 -
360 5209 501 5263 vita:
547 5205 886 5262 documenta
915 5213 945 5257 a
977 5209 1086 5257 tam
1121 5197 1348 5253 remotis
1385 5197 1707 5252 nationibus
1757 5207 1956 5266 petuno

361 5315 486 5368 tur,
524 5315 640 5356 non
681 5282 1092 5354 excitabitnur?
1123 5294 1330 5350 Fabius
1355 5291 1651 5364 Maximus,
1689 5298 1749 5345 ut
1782 5292 1958 5364 capti-

359 5415 467 5456 vos
499 5397 824 5460 redimeret,
843 5404 1033 5463 agrum
1065 5389 1334 5454 vendidit,
1357 5400 1413 5443 et
1448 5404 1550 5442 nos
1575 5396 1654 5441 tut
1679 5389 1958 5442 sociorum

361 5507 614 5564 corpora
647 5489 958 5544 desiderata
991 5482 1372 5556 negligemus?
1403 5481 1777 5545 Theodosius,
1812 5483 1957 5550 quod

360 5582 928 5647 Thessalonicenses.
965 5581 1095 5634 novi
1121 5577 1403 5648 vectigalis
1432 5575 1790 5645 impositione
1816 5575 1962 5628 inali-

364 5682 553 5758 gnati,
593 5678 855 5734 Plaeldize
879 5685 1091 5731 statuas
1130 5688 1227 5743 per
1270 5673 1462 5726 urbem
1497 5672 1813 5734 traxissent,
1849 5669 1960 5725 fre-

364 5785 649 5850 quentem
673 5773 728 5829 in
761 5771 979 5826 theatro
1017 5766 1279 5839 populum
1311 5763 1442 5821 cudi
1479 5762 1663 5833 jussit.
1700 5761 1829 5831 Nos,
1858 5775 1953 5834 0p-

1975 3099 2022 3165 Ο

2018 3290 2020 3292 τ
2057 3248 2284 3306 audebit
2316 3264 2414 3304 nos
2456 3249 2509 3302 in
2550 3249 2667 3303 otio
2725 3256 2783 3302 et
2847 3246 3067 3319 umbra.
3102 3261 3216 3303 rem
3252 3246 3496 3303 feliciter.
3545 3264 3638 3319 ge-

1985 3374 2008 3406 ,η
2059 3343 2288 3400 sluros?
2345 3343 2797 3413 ltcsipiscendum
2861 3351 2963 3406 est,
3014 3351 3066 3396 et
3111 3358 3236 3396 cum
3289 3357 3358 3396 eo
3388 3355 3546 3411 pacto
3579 3345 3634 3399 in

2047 1841 2354 1910 salutisque
2411 1855 2538 1910 spes
2599 1838 2880 1912 proposita
2914 1846 3028 1903 est,
3059 1847 3117 1890 ut
3151 1835 3364 1890 viribus
3399 1832 3627 1897 nostris,

2048 1936 2159 1991 Deo
2182 1934 2308 2004 Opt.
2349 1932 2487 1988 Max.
2513 1933 2764 2004 jurante,
2801 1932 3113 1996 libertatem
3143 1940 3385 1984 nostram
3441 1942 3631 1982 serve-

2048 2036 2205 2088 mus:
2248 2043 2348 2098 pro
2379 2043 2486 2097 qua
2527 2027 2673 2089 bono
2703 2027 2819 2083 viro
2872 2036 2932 2082 et
2967 2025 3073 2080 civi
3109 2039 3218 2082 non
3258 2025 3440 2078 minus
3471 2021 3628 2078 labo-

2049 2120 2282 2177 randmn
2310 2131 2414 2189 est,
2443 2135 2607 2193 quam
2650 2134 2750 2190 pro
2777 2134 3063 2176 servorum
3099 2118 3288 2189 reique
3314 2116 3631 2172 domesticis

2051 2215 2432 2272 incolumitate
2470 2213 2720 2270 tutanda.
2761 2213 2830 2269 At
2877 2229 3039 2269 nemo
3068 2213 3296 2282 estqui,
3350 2212 3433 2267 vel
3467 2225 3633 2285 servo

2047 2311 2335 2373 lacessito.
2388 2311 2470 2368 vel
2527 2311 2769 2381 expilata
2827 2324 3014 2381 grege,
3056 2323 3164 2363 non
3195 2305 3436 2377 graviter
3466 2305 3630 2368 l‘etat,

2048 2396 2215 2460 armis
2251 2404 2317 2459 ad
2346 2403 2603 2475 injuriam
2636 2401 3006 2456 ulciscendam
3036 2415 3144 2454 nou
3175 2397 3492 2460 contendat,
3519 2413 3633 2454 non

2052 2507 2263 2570 repetat
2313 2514 2431 2568 sua.
2482 2499 2551 2553 Et
2611 2496 2929 2568 conjugum,
2966 2493 3293 2558 liberorum,
3325 2495 3516 2561 patria:
3548 2508 3635 2547 ra-

2054 2595 2258 2648 tionem
2293 2591 2832 2651 uuilamdncemus?
2863 2589 3002 2658 Quid
3036 2642 3037 2645 η
3064 2589 3315 2645 inermes
3346 2597 3636 2658 exspecta-

2051 2701 2176 2743 mus
2205 2685 2511 2742 Turcorum
2560 2683 2838 2740 furorem?
2894 2684 3060 2739 Arma
3097 2682 3273 2762 armis
3303 2681 3634 2753 propulsan-

2020 2773 2164 2836 'tur.
2214 2780 2424 2836 Bellum
2475 2779 2775 2850 gerendum
2823 2789 2948 2845 est,
3005 2785 3064 2832 tit
3097 2777 3150 2832 in
3192 2791 3326 2848 pace
3357 2776 3631 2849 vivamus.

2053 2875 2111 2931 Si
2159 2874 2365 2930 bellum
2419 2871 2766 2937 omittimus,
2830 2885 3018 2941 pact-nt
3081 2871 3346 2927 habemus
3403 2872 3631 2928 tmllam.

2053 2967 2208 3036 Quod
2264 2967 2329 3038 si
2374 2965 2610 3026 'l‘mcus.
2665 2963 2825 3019 nobis
2884 2963 3322 3034 quiescentibus,
3381 2967 3636 3023 maximis

2054 3061 2255 3129 opibus
2310 3067 2510 3121 auctus
2556 3067 2680 3118 est;
2746 3053 3162 3125 si'languentes
3191 3059 3306 3112 otio
3341 3058 3396 3113 in
3429 3062 3639 3130 gravis-

2057 3153 2194 3209 sima
2226 3139 2422 3229 damna
2460 3150 2699 3230 prolapsi
2725 3167 2939 3217 sumus,
3002 3153 3128 3222 quis
3159 3151 3379 3207 tandem
3409 3168 3636 3223 sperare

2064 3443 2214 3492 tanta
2274 3433 2524 3505 pericula
2587 3433 2984 3496 deciderimus,
3013 3433 3306 3489 contrario
3337 3435 3537 3494 itinere
3566 3437 3634 3492 ad

2058 3525 2296 3584 salutem
2351 3539 2410 3584 et
2463 3527 2825 3582 securitatem
2876 3525 3248 3585 redeundum.
3315 3526 3651 3586 Omitteuda‘

2059 3622 2323 3694 segnities
2352 3640 2366 3677 :
2401 3621 2604 3678 bellum
2657 3619 3094 3696 suscipiendum.
3155 3621 3317 3687 Nam,
3351 3630 3408 3677 ut
3441 3624 3638 3680 beatus

2060 3715 2267 3770 Paulus
2318 3713 2519 3782 inquit,
2559 3731 2578 3764 ι
2613 3713 2733 3767 Non
2787 3724 3090 3769 coronatur
3120 3715 3225 3770 nisi
3258 3716 3352 3786 qui
3392 3717 3638 3789 legitime

2058 3809 2408 3870 certaverit,»
2429 3809 2532 3861 etii
2547 3807 2834 3867 ristoleles.
2863 3824 2882 3858 ι
2911 3805 3026 3863 Non
3051 3820 3387 3864 coronantur
3409 3812 3501 3881 qui
3523 3829 3641 3886 spe-

2060 3910 2237 3960 ctant,
2259 3898 2355 3954 sed
2381 3897 2471 3969 qui
2505 3897 2562 3952 in
2598 3908 2878 3953 rcrtanten
2902 3898 3320 3964 descendunt,ii
3343 3905 3490 3956 enim
3520 3903 3641 3961 lau-

2059 3992 2128 4046 de
2152 3991 2357 4062 aliquid
2378 3991 2601 4061 dignum
2624 3989 2895 4045 elticiunt.
2933 4010 2951 4043 ι
2984 3990 3147 4048 Salus
3164 3993 3306 4048 denti
3343 3994 3500 4051 nobis
3528 4013 3637 4054 non

2057 4085 2425 4155 exspectanda
2458 4093 2563 4151 est,
2591 4083 2686 4142 sed
2715 4083 2768 4139 in
2791 4085 2908 4141 sole
2933 4094 2990 4141 et
3019 4088 3245 4156 pulvere
3268 4087 3636 4147 defemlenda.

2059 4176 2234 4232 Nemo
2282 4187 2369 4232 est
2421 4187 2669 4233 vestrum
2729 4177 2850 4249 qui,
2909 4193 3034 4232 cum
3069 4193 3100 4234 a
3137 4188 3333 4235 natura
3368 4183 3637 4243 tributum

2059 4269 2262 4326 habeat
2325 4279 2387 4325 ut
2439 4285 2520 4338 se,
2554 4286 2758 4343 corpus
2790 4271 3072 4344 vitamque
3106 4283 3330 4331 tueatur
3358 4318 3374 4344 ,
3409 4265 3639 4344 praésto-

2059 4364 2161 4420 lari
2190 4364 2327 4419 velit
2349 4379 2412 4420 ea
2465 4379 2586 4435 mue
2641 4367 2896 4422 nocitura
2952 4368 3084 4424 sint.
3118 4367 3302 4425 llos-tis
3329 4371 3634 4430 exercitum

1990 4475 2030 4532 υ
2060 4453 2226 4511 habet
2255 4454 2495 4510 libertati
2538 4466 2743 4513 nostrae
2791 4458 3192 4516 imminentem.
3239 4461 3333 4518 Vis
3366 4463 3633 4535 impetum

2061 4547 2293 4602 arcere?
2323 4544 2473 4602 Bello
2510 4547 2560 4600 id
2595 4547 2816 4618 assequi
2857 4549 3088 4620 poteris.
3147 4560 3209 4607 ut
3240 4553 3349 4608 vim
3386 4555 3430 4610 vi
3462 4557 3645 4627 repri-'

2061 4655 2297 4694 mantus.
2353 4637 2489 4693 Nam
2527 4649 2584 4692 ut
2646 4641 2968 4714 com-edam,
3011 4643 3258 4714 incertos
3306 4646 3490 4702 exitus
3514 4662 3639 4704 esse

2063 4735 2212 4798 belli,
2252 4735 2591 4806 Martemque
2647 4745 3022 4802 communem,
3082 4726 3265 4793 tamen
3321 4755 3424 4811 pro
3477 4742 3641 4795 libar-

2063 4838 2194 4893 tate,
2224 4844 2323 4899 pro
2353 4829 2480 4904 vita;
2507 4828 2756 4898 periculo
2786 4830 3206 4887 decertandum
3232 4843 3356 4901 est;
3395 4850 3492 4903 pro
3525 4835 3639 4890 Deo

2061 4923 2180 4994 ipso
2213 4923 2588 4994 pugnandum,
2625 4938 2724 4992 pro
2756 4925 2914 4991 cujus
2955 4925 3321 4994 amplitudine
3351 4927 3566 4981 retinen
3591 4929 3637 4982 la

2060 5015 2290 5082 radere,
2325 5017 2380 5069 in
2421 5031 2596 5070 aevum
2656 5020 3051 5085 sempiternum
3103 5018 3382 5089 vitamque
3414 5018 3644 5074 immor-

2061 5110 2222 5166 talem
2259 5110 2494 5180 migrare
2521 5120 2622 5163 est.
2665 5109 2781 5164 Non
2825 5111 2976 5164 enim
3031 5111 3231 5181 spiritu
3263 5112 3371 5168 vita
3402 5122 3638 5180 constzt,

2059 5202 2155 5257 sed
2191 5201 2412 5270 pietate,
2439 5216 2560 5270 qua:
2601 5202 2813 5272 patriae,
2865 5204 3230 5273 templorum,
3258 5218 3437 5262 status
3463 5207 3640 5264 divini

2061 5296 2483 5348 conservatione
2545 5293 2784 5348 maxime
2839 5297 3186 5350 continetur.
3234 5298 3375 5362 Quid
3409 5313 3562 5361 vero,
3592 5300 3638 5354 si

2058 5388 2398 5458 exploratam
2431 5386 2675 5441 victoria:
2719 5388 2988 5442 rationem
3016 5389 3282 5445 habemus
3301 5391 3324 5444 ?
3343 5393 3461 5446 iam
3489 5367 3642 5447 enim

2064 5492 2289 5550 tempus
2318 5491 2374 5535 ct
2398 5495 2562 5534 aures
2608 5491 2804 5536 vestra:
2847 5481 3133 5551 postulant
3180 5491 3240 5538 ut
3273 5483 3345 5538 de
3379 5483 3640 5541 facultate

2058 5574 2284 5645 gerendi
2341 5572 2492 5638 belli,
2553 5574 2625 5628 de
2655 5574 2999 5644 amplissimo
3032 5575 3316 5646 triumpho
3349 5578 3444 5648 qui
3474 5580 3638 5633 nobis

2061 5669 2377 5737 propositus
2407 5676 2512 5730 cst,
2551 5665 2759 5735 aliquid
2815 5667 3086 5724 dicamus.
3115 5669 3238 5736 Quo
3260 5671 3315 5724 in
3349 5671 3471 5725 loco
3497 5673 3637 5728 illud

2060 5762 2220 5832 plane
2287 5748 2552 5830 profiteor
2611 5774 2697 5815 me
2761 5759 2829 5817 de
2857 5762 3094 5818 hostium
3132 5762 3308 5834 copiis
3336 5776 3390 5821 ct
3425 5765 3635 5825 viribus
