4108 6142
478 249 585 317 667

1417 246 1932 308 BESSAIUONIS
1974 248 2034 309 S.
2083 243 2156 306 Β.
2204 243 2273 305 Ε.
2319 243 2797 306 CAllDlNALIS

3611 289 3613 292 ι
3657 233 3767 300 668

475 367 620 424 nihil
649 363 903 424 oratione
955 380 1077 421 mea
1107 364 1516 429 detracturum,
1545 366 1640 421 sed
1666 364 1851 418 omnia
1886 376 2057 431 expo-
2089 361 2140 423 Α
2174 359 2431 415 celeriter
2481 358 2725 432 fugiunt.
2781 359 2824 415 (Ζ
2844 367 2974 414 istra
3000 350 3201 414 castris
3232 347 3499 412 conferre
3523 368 3632 409 non
3661 369 3766 407 au-

473 460 711 518 siturttm
768 455 990 530 magna'
1020 456 1161 515 cum
1213 459 1342 515 tide.
1401 460 1588 528 Atque
1625 459 1751 512 inde
1781 457 2064 512 exordior.

473 553 767 612 Etercitus
826 553 918 608 ille
969 551 1255 616 hostilis,.
1289 553 1383 607 illa
1452 552 1735 607 hominum
1769 548 2068 604 multitudo

473 644 715 711 infinita,
760 661 873 700 non
902 644 1041 700 tanti
1072 643 1293 700 roboris
1342 652 1429 700 est
1459 644 1652 715 quanti
1685 644 1767 698 vel
1811 641 2066 696 nonnulli

473 745 696 810 putant,
725 737 810 794 vel
850 751 882 792 a
915 737 1078 792 nobis
1099 734 1358 806 superari
1412 735 1678 792 facillime
1727 751 1839 790 non
1868 734 2069 804 possit.

475 830 670 901 Magna
723 830 848 901 eius
904 844 1035 900 pars
1099 829 1273 884 milite
1337 828 1717 885 tumultuario
1760 834 1981 883 constat
2015 835 2073 881 et

474 923 642 980 turba
717 924 1039 980 collectitia.
1115 918 1288 978 Nulla
1346 921 1713 993 iurisiurandi
1796 919 2068 991 religione

476 1017 658 1074 adaCti
714 1024 868 1080 sunt,
926 1015 1084 1071 nulla
1137 1013 1400 1070 mercede
1430 1012 1724 1068 conducti.
1757 1011 2070 1067 Levissima

477 1114 734 1179 corpora",
789 1106 1000 1162 laboris
1064 1103 1552 1175 impatientissime
1598 1103 1927 1173 :prtedam.
1962 1117 2072 1156 non

477 1201 782 1258 exercitum
825 1207 1158 1270 sequuntur,
1188 1213 1296 1266 qua
1357 1195 1402 1252 si
1454 1195 1621 1266 paulo
1647 1195 1858 1251 diutius
1882 1209 2078 1251 carue~

477 1293 614 1359 rint,
667 1293 894 1358 domum
945 1291 1300 1348 velocissime
1369 1290 1626 1345 redeunt.
1680 1288 1898 1344 Nullam
1941 1303 2079 1360 prae-

479 1395 630 1443 stant
678 1386 736 1442 in
803 1383 954 1441 bello
983 1399 1236 1456 operam,
1265 1382 1478 1437 nullum
1512 1388 1736 1437 servant
1767 1381 2022 1436 ordinem
2055 1397 2072 1435 ε

478 1478 753 1543 latrones,
807 1476 1016 1541 sicarii,
1061 1476 1316 1532 militaris
1378 1474 1685 1546 disciplinae
1739 1475 1963 1545 penitus
1987 1489 2081 1529 ex-

478 1580 690 1641 pertes,
717 1580 773 1624 et
802 1569 898 1640 qui
931 1568 1152 1625 facilius
1184 1569 1329 1622 vinei
1367 1568 1604 1638 possint,
1640 1584 1809 1638 quam
1848 1563 2077 1623 vincere

482 1663 684 1740 sciant.
719 1661 860 1718 lllud
919 1676 1054 1716 sane
1094 1676 1327 1732 prorsus
1357 1649 1740 1731 comparatum
1783 1661 2074 1726 habemus,

2171 453 2346 510 dent:
2409 463 2485 518 et,
2545 464 2607 508 ut
2635 453 2768 508 illud
2801 452 3069 523 repetam,
3102 451 3330 506 victoria
3363 457 3452 504 est
3501 449 3556 503 in
3585 442 3762 524 maui-

2171 545 2299 611 lius,
2328 544 2494 601 modo
2522 545 2735 600 velitis.
2773 544 2933 600 Nulla
2960 542 3111 599 enim
3143 530 3530 614 belligerendi
3581 537 3756 595 facul-

2175 646 2257 694 tas
2319 638 2478 698 vobis
2529 637 2707 694 deest.
2735 629 2906 694 Adest
2937 638 3336 708 imperatorum
3367 633 3572 699 virtus,
3613 631 3761 686 mili-

2174 739 2289 785 tum
2353 745 2617 786 mtmerns
2663 740 2721 784 et
2772 731 3046 799 potentia.
3100 728 3246 783 Sunt
3284 727 3531 798 pecuniae
3581 724 3764 791 vobis,

2174 833 2328 890 sunt,
2381 821 2547 878 Italiae
2584 821 2886 895 principes,
2953 838 3092 895 quas
3127 839 3238 878 non
3281 818 3768 884 minuslIOCIem-

2174 932 2310 988 pore
2367 917 2422 972 in
2487 913 2768 988 publicum
2817 916 3072 975 conferre
3095 913 3336 980 debetis,
3367 903 3535 986 quam
3577 911 3765 984 priva-

2178 1018 2290 1064 tam
2329 1009 2585 1080 quisque
2619 1009 2876 1070 salutem,
2910 1009 3079 1076 leges,
3127 1007 3371 1081 patriam
3397 1005 3626 1062 charam
3671 1003 3768 1059 ha-

2179 1102 2294 1157 bet.
2348 1101 2520 1158 Debet
2580 1103 2984 1171 unusquisquc,
3048 1099 3296 1172 diligenti
3327 1114 3511 1154 rerum
3540 1112 3769 1152 suarum

2177 1195 2393 1250 ratione
2444 1195 2653 1262 habita,
2718 1204 2929 1250 tantum
2982 1209 3215 1262 erogare
3271 1203 3542 1262 quantum
3565 1179 3768 1261 potest.

2179 1285 2362 1341 Audio
2407 1285 2741 1358 Byzantinos
2799 1299 2830 1340 a
2885 1285 3171 1341 nonnullis
3225 1283 3500 1345 accusari,
3529 1283 3681 1351 quod
3715 1281 3768 1333 in

2179 1378 2356 1434 salute
2410 1379 2690 1434 communi
2737 1379 2968 1446 privata:
3023 1375 3274 1450 pecunia:
3316 1383 3638 1446 parcentes,
3669 1387 3770 1428 sua

2182 1470 2366 1525 omnia
2393 1468 2536 1525 hosti
2562 1468 2935 1540 prodiderunt
2967 1489 2982 1525 :
3017 1469 3074 1524 in
3129 1483 3240 1538 quo
3268 1465 3522 1538 profecto
3557 1461 3772 1533 gravis-

2182 1563 2318 1618 sima
2348 1561 2507 1633 culpa
2535 1564 2861 1634 digni'sunt,
2898 1562 3212 1631 meritoque
3254 1554 3768 1628 reprehenduntur.

2183 1651 2241 1706 ιιι
2295 1669 2366 1706 ne
2411 1654 2516 1722 ipsi
2564 1669 2786 1724 quoque
2820 1652 3259 1718 committamus,
3299 1648 3615 1704 cavendum
3651 1654 3768 1708 est;

483 1732 834 1825 septuaginta
891 1722 1164 1810 duntaxat
1215 1759 1348 1808 esse
1395 1722 1682 1808 hominum
1734 1746 1927 1817 millia,
1986 1722 2082 1824 qui
2114 1722 2258 1801 Bne
2316 1747 2470 1815 quod
2535 1722 2599 1801 in
2631 1722 2754 1802 aliis
2782 1741 3289 1817 turpe'inutileque
3314 1743 3484 1799 fuisse
3511 1737 3776 1810 cognovi-

485 1845 760 1919 stipe’n'dia
791 1861 858 1901 ex
888 1847 1115 1918 publico
1146 1848 1346 1902 aerario
1377 1845 1724 1900 faciant.Sed
1757 1846 1946 1901 audite
1969 1861 2084 1911 me,

484 1941 696 2012 quaeso,
743 1950 1044 2011 parumper
1073 1951 1251 2017 aeqqu
1275 1939 1481 1995 animo;
1527 1940 1604 1994 Ex
1638 1955 1703 1995 eo
1735 1939 2084 2011 septuaginta

486 2034 721 2090 millium
755 2032 1040 2088 hominum
1073 2045 1327 2097 numero,
1381 2033 1581 2102 praeter
1632 2033 1950 2104 quindecim
2005 2033 2085 2086 vi-

2187 1851 2314 1892 mus
2375 1848 2433 1893 et
2491 1838 2784 1905 sentimus,
2852 1838 3360 1911 imprudentissimo
3447 1841 3771 1904 sequamur.

2185 1929 2518 2002 Comparate
2554 1949 2584 1987 a
2614 1927 3072 1999 nobis'exercitu,
3110 1931 3240 2002 quid
3268 1939 3376 1998 est,
3411 1925 3559 2000 quod
3587 1927 3773 1983 'vict'oo

2187 2024 2325 2080 riam
2356 2025 2602 2096 laetaque
2624 2029 2810 2082 omnia
2847 2024 3288 2096 non'portendat
3318 2041 3381 2080 ac
3401 2024 3724 2096 polliCeatu:
3751 2020 3794 2073 ἲν

484 2115 696 2195 gintive
761 2123 955 2190 millia,
1007 2122 1075 2178 ad
1132 2139 1437 2187 summum,
1473 2123 1573 2193 qui
1606 2114 1964 2195 imperatoris
1999 2129 2113 2194 sui,
2186 2116 2382 2172 Aderit
2431 2119 2580 2175 Deus
2631 2118 2760 2191 Opt.
2827 2119 3118 2187 maximos,
3179 2117 3280 2190 pro
3327 2113 3489 2189 cujus
3542 2117 3772 2187 pietate,

484 2220 634 2275 latus
689 2214 1108 2280 custodientes,
1167 2217 1552 2288 quotidianam
1614 2213 1924 2275 mercedem
1991 2236 2086 2275 ca-

485 2315 683 2384 piunt.
742 2313 946 2382 reliqui
1021 2327 1218 2368 omnes
1309 2313 1589 2367 sociorum
1662 2313 2081 2383 provincialium

486 2405 737 2462 tributis
769 2405 834 2462 in“
892 2401 1040 2462 bello
1083 2402 1508 2473 sustentantur;
1548 2421 1672 2476 qua:
1703 2421 1834 2461 sane
1873 2407 2081 2463 tributa

485 2498 626 2554 adeo
673 2497 876 2568 exigua
936 2508 1089 2563 sunt,
1149 2499 1288 2553 adeo
1340 2499 1770 2569 suppeditantur
1819 2501 2081 2565 tenuiter,

487 2601 550 2647 ut
607 2599 724 2645 toto
783 2606 930 2644 anno
997 2591 1111 2644 viX'
1150 2601 1391 2660 quatuor
1447 2591 1735 2646 mensibus
1768 2594 2080 2650 mercedem

491 2684 789 2754 accipiant.
854 2685 933 2740 Es
994 2699 1053 2740 re
1107 2679 1313 2740 factum
1349 2687 1550 2742 videtis
1580 2697 1639 2742 ut
1671 2689 1875 2743 nullam
1909 2705 2084 2760 cxpe-

486 2778 753 2832 ditio'nem
774 2777 1167 2847 quadrimestri
1196 2779 1603 2837 diuturniorem
1644 2786 1937 2847 sustineat,
1971 2785 2073 2840 sed

488 2885 586 2924 eos
616 2872 812 2924 omnes
840 2871 1107 2932 dimittat,
1143 2873 1739 2944 qnoniam'provincim
1781 2878 2076 2947 pecuniam

487 2962 725 3029 amplius
777 2977 889 3017 non
951 2958 1397 3019 subininistrant.
1451 2966 1569 3031 Qua
1622 2982 1807 3023 rerum
1843 2970 2073 3035 penuria

2187 2212 2382 2282 gloria,
2424 2213 2527 2268 tide
2555 2211 2940 2284 ampliﬁcanda
2975 2215 3379 2288 pugnabimus,
3410 2211 3569 2283 cujus
3623 2208 3772 2278 inju-

2188 2306 2301 2361 rias
2353 2306 2713 2364 ulciscemur.
2773 2308 2952 2365 Iratus
3010 2310 3154 2366 hosti
3181 2300 3293 2373 est,
3322 2307 3486 2385 nobis
3517 2296 3775 2377 prosper,

2186 2400 2284 2468 qui
2322 2407 2567 2456 nostram
2595 2400 2704 2456 'hac
2732 2402 2785 2456 in
2812 2417 2872 2456 re
2909 2391 3134 2471 operam
3193 2412 3252 2456 et
3275 2401 3522 2456 laborem
3548 2413 3656 2452 non
3685 2393 3776 2452 so-

2184 2494 2298 2550 lum
2351 2495 2574 2566 accipit,
2633 2497 2729 2553 sed
2771 2496 2965 2569 exigit,
2999 2499 3095 2554 sed
3123 2497 3349 2569 repetit,
3386 2497 3483 2552 sed
3520 2494 3772 2551 debitum

2197 2587 2304 2642 sibi
2342 2585 2500 2643 reddi
2529 2589 2705 2662 jubet.
2760 2608 2780 2643 ι
2823 2590 2903 2646 Ne
2955 2590 3172 2656 timeas,
3223 2590 3426 2662 inquit,
3451 2606 3481 2644 a
3515 2586 3652 2669 lacie
3685 2601 3775 2642 eo-

2185 2682 2330 2750 rum,
2361 2684 2489 2753 quia
2517 2699 2618 2754 ego
2655 2687 2840 2739 tecum‘
2888 2701 3010 2740 sum
3038 2696 3098 2740 ut
3135 2701 3325 2741 eruam
3357 2676 3434 2740 te.
3462 2684 3544 2740 Ne
3576 2685 3776 2738 timeas

2183 2786 2215 2826 a
2248 2771 2387 2828 facie
2408 2789 2602 2828 eorum
2632 2791 2648 2836 ;
2694 2791 2798 2830 nec
2850 2778 2998 2832 enim
3035 2786 3086 2832 te
3113 2775 3310 2832 faciam
3344 2776 3538 2832 timere
3557 2775 3772 2830 vultum

2182 2878 2399 2920 eorum.
2433 2864 2722 2922 Bellabunt
2751 2868 3030 2923 adversus
3057 2880 3129 2930 te.
3161 2877 3344 2923 etnon
3371 2869 3772 2939 praevalebunt,

2182 2958 2312 3028 quia
2368 2973 2472 3030 ego
2518 2967 2700 3014 tecum
2761 2977 2908 3029 sum,
2967 2961 3044 3017 ait
3101 2960 3387 3030 Dominus,
3441 2971 3501 3016 nt
3536 2962 3769 3018 liberem

487 3064 710 3110 coactos
772 3053 1023 3126 Byzantii
1088 3069 1233 3126 saepe
1274 3055 1536 3125 vidimus,
1568 3073 1696 3114 cum
1727 3059 2147 3134 dimitteren-c
2184 3059 2257 3105 ιο·
2288 3071 2307 3103 ι
2354 3049 2420 3106 Et
2481 3054 2550 3106 ad
2603 3053 2813 3108 108M:
2851 3070 2870 3106 ι
2911 3052 3054 3109 Ecce
3115 3070 3218 3124 ego
3269 3053 3394 3109 dedi
3449 3054 3505 3108 in
3575 3068 3773 3108 manu!

486 3155 612 3207 tur.
672 3151 740 3199 et?
799 3160 999 3216 equos,
1056 3154 1113 3200 et
1144 3161 1318 3212 arma,
1345 3155 1401 3202 et
1429 3157 1612 3204 vestes
1638 3149 1976 3212 vendidisse.
2014 3160 2074 3206 ut

483 3240 708 3294 donmm
764 3239 1056 3310 pervenire
1110 3247 1360 3309 possent.
1425 3239 1542 3297 Hoc
1611 3241 1784 3298 robur
1849 3244 2072 3303 hostilis

481 3333 786 3396 exercitus,
837 3333 955 3388 haec
1019 3332 1361 3404 magnitudo,
1395 3333 1484 3390 hic
1521 3335 1806 3392 mirandus
1831 3336 1923 3394 ille
1978 3355 2076 3411 pc-

483 3428 696 3483 ditatus
719 3436 774 3482 et
805 3428 1108 3498 equitatus.
1139 3427 1296 3494 Quod
1327 3429 1372 3482 si
1405 3427 2073 3498 Christianusexercitus,

486 3520 636 3574 illius
692 3513 829 3575 lines
895 3520 1235 3591 populando,
1286 3535 1412 3576 cum
1459 3529 1574 3576 tuto
1597 3536 1745 3578 anno
1773 3525 2074 3579 exercitum

484 3613 542 3669 in
593 3613 762 3668 armis
803 3613 1012 3668 habere
1059 3613 1336 3684 coegerit,
1399 3623 1496 3668 aut
1552 3631 1582 3670 a
1626 3617 1744 3670 suis
1773 3616 2076 3672 destitutus

479 3719 610 3761 cmn
645 3703 864 3774 exigua
918 3714 1084 3759 manu
1144 3703 1212 3760 ad
1268 3719 1507 3775 pugnam
1575 3705 1936 3776 impellet-ir,
1979 3706 2075 3762 ubi

482 3797 752 3854 facillime
809 3799 1065 3868 superari
1137 3807 1476 3868 que’at,~aut
1527 3797 1635 3854 illis
1659 3799 1794 3872 ipsis
1823 3802 2077 3872 pecuniis

483 3905 610 3964 qua:
663 3891 720 3946 in
770 3891 909 3963 ejus
958 3891 1533 3961 privatum‘mrarium
1569 3894 1954 3958 conferuntur,
1999 3905 2078 3950 to-

492 3997 608 4041 tum
665 3987 973 4041 exercitum
1035 3986 1150 4040 alat
1205 4000 1434 4042 necesse
1485 3987 1813 4056 eritzquod
1851 3988 2072 4059 quidem

489 4080 884 4152 prmstare'diu
922 4095 1029 4134 non
1060 4079 1284 4150 poterit.
1340 4078 1531 4151 Neque
1579 4080 1751 4144 enim,
1782 4093 1845 4138 ut
1870 4092 2078 4140 temere

497 4168 751 4226 nonnulli
774 4172 1007 4241 jactant.
1045 4165 1312 4224 immensa
1342 4166 1457 4226 dest
1498 4171 1576 4226 illi
1609 4175 1864 4241 pecunia.
1895 4172 2078 4244 Siqui-

487 4266 614 4320 dem
679 4281 746 4320 ex
809 4264 877 4319 iis
926 4263 1020 4334 qui
1053 4263 1114 4317 in'
1141 4264 1288 4317 illius
1314 4263 1548 4334 negotiis
1583 4265 1840 4336 gerendis
1871 4271 2072 4326 versati

487 4367 655 4423 sunt,
695 4357 858 4425 plane
921 4355 1203 4426 cognitum
1264 4365 1349 4410 est
1387 4372 1497 4410 non
1528 4359 1769 4427 amplius
1791 4375 1954 4429 quam
1992 4363 2070 4417 ri-

489 4450 672 4503 cesies
724 4457 956 4501 centena
1007 4451 1307 4500 aureorum
1356 4445 1526 4499 millia
1586 4462 1652 4501 ex
1706 4451 1855 4504 omni
1889 4445 2072 4506 reddi-
2105 4425 2146 4480 θ

492 4552 660 4595 ιιωγητ
703 4537 1031 4592 summa‘ad
1067 4552 1209 4591 eum
1269 4536 1474 4593 deferri
1515 4555 1529 4593 :
1572 4540 1718 4595 unde
1786 4550 1844 4595 ct
1878 4542 2072 4614 viginti

492 4630 793 4688 illa‘millia
847 4629 1113 4701 peditum
1147 4630 1451 4686 liberaliter
1478 4643 1779 4698 sustentat,
1814 4651 1912 4704 pro
1943 4652 2072 4693 cor-

493 4727 646 4797 poris
689 4724 782 4778 sui
817 4716 1087 4785 custodia,
1126 4734 1180 4776 et
1231 4723 1542 4790 sumptibus
1578 4725 1932 4792 domesticis,
1980 4730 2072 4799 qui

495 4816 719 4874 maximi
783 4826 932 4880 sunt,
989 4814 1280 4871 satisfecit.
1315 4814 1386 4870 Si;
1414 4816 1546 4885 quid
1577 4816 1843 4887 praeterea
1879 4838 2074 4890 super-

495 4922 625 4975 est,’
677 4911 728 4966 id
771 4925 940 4966 omne
994 4909 1061 4963 ad
1094 4907 1281 4975 'arm'a',
1313 4909 1631 4977 machinas,
1656 4917 1928 4968 tormenta
1963 4915 2077 4969 bel-

496 5005 600 5060 lica
657 5005 889 5074 penitus-
943 5001 1238 5062 convertit,
1298 5011 1358 5057 ut
1412 5018 1591 5073 neque
1648 5002 1924 5060 conflandi
1959 5007 2073 5063 the-

504 5098 678 5161 saevi,
723 5098 903 5165 neque
957 5093 1305 5150 conducendi
1353 5096 1542 5150 militis
1579 5097 1628 5152 ei
1670 5097 1901 5153 facultas
1938 5105 2074 5169 prie-'

497 5191 714 5245 bentur.
777 5187 932 5256 Quod
967 5200 1151 5242 autem
1201 5188 1664 5246 tam'cﬂ‘eminata
1696 5192 2073 5256 multitudine,

496 5290 615 5337 tam“
665 5280 879 5351 exiguis
927 5277 1160 5345 viribus,
1229 5288 1309 5334 tot
1355 5276 1606 5348 'imp'eria
1666 5283 2073 5356 subjugaverit,

497 5393 606 5430 non
663 5375 974 5428 mirandum
1031 5375 1202 5444 magis
1246 5390 1413 5444 quam
1449 5374 1754 5431 dolendum
1792 5389 1902 5434 est.
1939 5382 2075 5437 Nul-

497 5469 611 5523 lum
669 5467 813 5522 enim
856 5465 1062 5520 habuit
1116 5467 1325 5522 hostem
1378 5485 1391 5523 :
1439 5469 1600 5524 faeile
1652 5461 2078 5530 adinoduinl’uit

496 5565 720 5616 vincere
759 5565 878 5615 'nOn
934 5557 1273 5616 resistentes.
1338 5557 1877 5631 Date:Signtttti"belli
1919 5565 2072 5637 :jam

499 5653 656 5710 facile
714 5654 1061 5724 pcrspitictis
1119 5655 1317 5708 eorum
1350 5656 1643 5726 ignaviain;
1699 5642 1943 5715 Ut‘enim
1980 5679 2074 5716 ce-

501 5745 704 5802 dentes
735 5747 1089 5803 vehementer
1141 5744 1529 5816 insequuntur;
1589 5747 1660 5801 ita
1715 5744 2074 5814 iiiSeuuentes

2183 3153 2304 3199 tuas
2346 3144 2591 3210 Iericho,
2637 3156 2695 3202 et
2744 3162 2927 3219 regem
2979 3149 3123 3220 ejus,
3151 3164 3458 3220 omnesque
3487 3136 3660 3204 fortes
3694 3150 3775 3204 κί-

2177 3253 2291 3295 res.
2335 3260 2464 3293 )-¢
2509 3241 2565 3296 Si
2623 3241 2770 3296 Deus
2802 3259 2902 3313 pro
2937 3245 3118 3311 nobis,
3149 3256 3210 3299 ut
3241 3244 3420 3313 inquit
3453 3243 3771 3315 Apostolus,

2177 3332 2301 3400 quis
2326 3343 2514 3386 contra
2543 3333 2679 3389 nos?
2703 3354 2720 3386 ι
2758 3326 2876 3407 Ipse
2899 3334 3098 3391 eﬂiciet
3131 3345 3190 3390 ut
3219 3352 3383 3393 unus
3403 3347 3769 3408 persequatur

2180 3427 2352 3492 mille,
2379 3438 2433 3480 et
2466 3426 2577 3481 duo
2618 3427 2808 3498 fugare
2846 3430 3060 3499 possint
3109 3429 3302 3486 decem
3335 3430 3533 3485 millia.
3566 3432 3637 3485 At
3661 3447 3764 3486 nos

2177 3518 2342 3589 longe
2367 3521 2803 3576 numerosiorcm
2863 3523 3168 3578 exercitum
3211 3523 3267 3579 in
3324 3523 3529 3579 bellum
3558 3525 3766 3582 ducere

2179 3626 2495 3681 possumus,
2519 3629 2682 3683 quam
2717 3613 2891 3669 hostis
2922 3614 3144 3670 habeat.
3180 3614 3346 3682 Quid,
3378 3617 3425 3672 si
3453 3617 3546 3673 ille
3565 3598 3764 3689 [plures

2179 3709 2343 3762 etiam
2370 3705 2621 3759 homines
2674 3705 3009 3762 habeanan
3059 3708 3307 3763 victoria:
3333 3723 3532 3765 cursus
3584 3722 3762 3766 retar-

2178 3797 2443 3852 dabitur?
2471 3798 2628 3868 quasi
2662 3787 2795 3852 vero
2816 3814 2928 3852 non
2984 3800 3230 3869 plerique
3264 3802 3543 3858 exercitus
3577 3805 3765 3859 multi-

2180 3890 2372 3946 tudine
2440 3890 2663 3953 inliniti,
2711 3904 2877 3960 parva
2931 3891 3227 3945 admodum
3287 3908 3450 3947 manu
3508 3909 3763 3964 saepenu-

2179 3994 2335 4040 mero
2367 3983 2469 4038 fusi
2503 3978 2788 4052 fugatique
2811 3983 3018 4038 fuerint
3065 3995 3123 4038 et
3157 3983 3347 4038 deleti.
3376 3985 3575 4041 Xerxis
3603 4003 3761 4043 θίιξΐο

2177 4077 2351 4139 citus,
2399 4075 2685 4131 Mardonio
2718 4077 2882 4140 duce,
2933 4079 3065 4133 'cum
3100 4084 3184 4131 ter
3215 4087 3436 4133 centum
3473 4079 3755 4136 hominum

2179 4169 2424 4224 millibus
2451 4167 2520 4222 ab
2567 4169 2848 4239 octoginta
2882 4168 3198 4224 Graecorum
3231 4170 3476 4226 miliibus
3509 4173 3758 4242 direptus

2177 4279 2241 4319 ac
2271 4263 2575 4320 trucidatus
2603 4273 2710 4318 est.
2763 4263 3007 4318 Ducenta
3069 4263 3422 4321 Cimbrorum
3447 4250 3617 4323 millia
3644 4271 3754 4325 Ma-

2180 4359 2297 4437 rius
2343 4356 2548 4412 delevit
2596 4357 2874 4426 octoginta
2911 4356 3154 4411 millibus
3211 4352 3516 4416 hominum.
3546 4361 3757 4418 Rursus

2176 4468 2299 4509 eum
2357 4449 2554 4508 Catulo
2609 4459 2830 4505 centum
2883 4458 3199 4522 etquatuor
3229 4452 3400 4506 millia
3431 4460 3670 4509 necavit.
3698 4456 3754 4511 la

2177 4545 2456 4602 Thessalia
2491 4543 2779 4612 Pompeius
2812 4559 2936 4597 eum
2970 4535 3332 4614 quadraginta
3382 4545 3631 4603 millibus
3662 4566 3754 4616 pec

2177 4641 2377 4703 ditnm,
2427 4639 2677 4708 equitum
2737 4634 3045 4708 sexag'nta,
3107 4654 3234 4692 cum
3287 4640 3456 4702 totius
3511 4641 3756 4699 Orientis

2176 4731 2417 4794 auxiliis,
2483 4726 2631 4784 cum'
2661 4732 2806 4783 muni
2848 4730 3159 4796 nobilitate,
3204 4747 3232 4785 a
3261 4720 3500 4789 Csesare
3531 4735 3756 4806 fugatus

2175 4821 2279 4881 esi;
2306 4833 2361 4876 et
2387 4834 2588 4875 exutus
2620 4821 2836 4884 castris,
2872 4821 2966 4890 qui
3021 4821 3243 4892 triginta
3287 4814 3532 4892 peditum
3566 4826 3757 4893 millia,

2180 4905 2327 4968 mille
2373 4901 2606 4982 equites,
2657 4912 2918 4967 habebat.
2982 4912 3122 4978 Quid
3188 4898 3437 4971 infinitas
3481 4913 3758 4990 'Tigranis

2177 5007 2366 5075 copias
2416 5019 2840 5060 commemorem
2903 5019 2933 5059 a
2988 5003 3240 5073 Lucullo,
3288 5023 3456 5077 parvo
3485 5013 3757 5077 exercitu.

2179 5097 2506 5168 superatas?
2558 5097 2682 5150 llazc
2745 5097 2912 5153 nimis
2965 5109 3172 5165 vetera,
3209 5111 3266 5156 et
3293 5101 3490 5161 fabula
3521 5103 3759 5166 fortasse

2181 5192 2346 5258 quam
2389 5188 2637 5244 historia:
2695 5185 2956 5263 propiora
3015 5191 3299 5252 videntur.
3362 5197 3504 5266 Quid
3542 5213 3758 5260 nostra

2183 5275 2492 5342 niceteria?
2523 5283 2714 5341 Nonne
2749 5279 2960 5341 hostes
3022 5277 3194 5342 nostri
3224 5305 3523 5358 paucorum
3550 5283 3758 5351 virtute

2181 5379 2381 5450 saepius
2427 5378 2581 5445 vieti,
2640 5375 2834 5447 fugati,
2885 5376 3012 5434 cassi
3055 5375 3569 5458 'fuerunt?0mitto
3594 5386 3664 5441 de
3690 5385 3758 5441 iis

2181 5466 2467 5526 victoriam
2524 5470 2794 5542 insignem
2851 5468 3151 5541 Laodiislai,
3202 5475 3498 5535 Pannoniae
3567 5479 3756 5554 regis,

2180 5567 2298 5636 qui,
2328 5578 2388 5620 nt
2414 5566 2545 5620 olim
2599 5583 2627 5618 a
2669 5561 3079 5620 nob'isdictum
3131 5569 3238 5631 est,
3265 5584 3389 5625 cum
3421 5568 3756 5642 quatuorde-

2179 5660 2285 5713 cim
2337 5657 2622 5712 hominum
2692 5653 2936 5712 millibus
2993 5651 3108 5729 (qui
3157 5663 3306 5716 enim
3351 5665 3473 5732 plus
3510 5665 3758 5730 tradunt,

2180 5752 2374 5807 decem
2401 5759 2454 5805 et
2485 5760 2610 5805 octo
2646 5749 2815 5805 millia
2858 5752 2969 5808 non
3007 5754 3304 5814 excedunt)
3339 5757 3532 5820 aperto
3563 5757 3751 5816 Marte.
