4064 6148
460 254 562 320 671

1396 253 1916 317 BESSARIONIS
1959 257 2016 322 S.
2065 260 2133 318 Β.
2192 257 2252 316 Ε.
2299 256 2775 342 CARDlNALlS
2855 303 2857 306 ι

3632 254 3734 321 672

445 362 811 447 permunitum
849 375 1076 435 vitetur.
1112 380 1196 429 vix
1229 376 1284 428 ut
1317 375 1616 445 oppugnari
1643 374 1836 444 possit,
1900 374 2041 426 idem
2073 383 2112 438 Α
2147 377 2218 428 ris
2247 376 2426 444 :quod
2456 385 2637 429 autem
2693 382 2741 428 et
2763 374 3094 446 jampridem
3129 375 3184 430 id
3234 390 3328 430 nos
3366 375 3513 446 passi
3567 375 3731 446 fueri-

445 477 495 524 et
531 467 673 524 vobis
718 470 1148 540 percommodum
1195 476 1292 522 est.
1329 466 1471 523 Nam
1527 467 1667 538 quod
1711 466 1804 522 ille
1856 484 2036 521 rerum

433 554 704 629 omnium,
751 561 902 616 nulla
936 563 1175 630 excepta",
1207 561 1351 616 solus
1382 562 1629 616 dominus
1670 562 1763 626 sit,
1795 561 2036 632 impera-

446 664 554 719 tor,
583 666 835 726 quaestor,
867 656 1061 726 ubique
1089 655 1201 709 suis
1235 655 1401 726 copiis
1434 656 1636 724 priesit,
1679 655 1749 708 ad
1801 669 1884 708 res
1920 653 2027 725 qui-

445 749 565 802 dem
592 746 809 825 bellicas
839 759 1051 804 mature
1077 748 1460 819 conﬁciendas,
1497 757 1546 802 et
1575 749 1759 804 omnia
1795 748 1854 803 in
1905 761 2039 805 tem-

445 857 572 910 pore
602 843 836 914 gerenda
865 842 1017 914 longe
1043 843 1287 912 superior
1314 848 1414 898 est.
1455 841 1536 895 Ad
1564 843 1896 897 conditiones
1917 859 2041 899 vero

445 951 567 990 cum
604 933 871 1006 Olynthiis
902 935 1182 1000 ineundas,
1217 935 1303 988 cui
1322 935 1399 988 rei
1428 933 1650 1003 miriﬁce
1669 936 1865 998 studet,
1887 935 2040 1007 longe

428 1029 605 1106 aliter
633 1044 688 1083 se
720 1027 897 1084 habet.
931 1026 1110 1099 Neque
1167 1029 1307 1082 enim
1339 1023 1608 1098 Olynthiis
1638 1028 1918 1084 obscurum
1963 1039 2040 1084 est

440 1119 558 1177 sese
585 1122 682 1175 hoc
711 1131 944 1194 tempore
977 1138 1084 1175 non
1145 1120 1210 1174 de
1256 1119 1430 1192 gloria
1463 1129 1556 1174 aut
1592 1124 1711 1192 agri
1741 1130 1896 1193 parte
1926 1139 2042 1176 cer-

445 1220 587 1277 tare,
621 1211 714 1267 sed
742 1229 850 1283 pro.
883 1213 1110 1273 excidio,
1133 1228 1243 1282 .pro
1278 1213 1539 1278 servitute,
1585 1231 1617 1267 a
1653 1216 1845 1284 patria'
1873 1216 2042 1275 cervi-

446 1304 590 1358 cibus
625 1302 985 1374 depellenda;
1019 1319 1184 1374 neque
1214 1303 1466 1373 ignorant
1505 1305 1632 1374 quid
1661 1305 1718 1357 in
1772 1321 1858 1360 eos
1908 1311 2044 1374 Am-

448 1396 736 1467 phipolitas
783 1398 972 1468 egerit,
1003 1397 1090 1466 qui
1120 1396 1169 1449 ei
1212 1397 1446 1465 patriam
1501 1395 1877 1466 prodiderunt,
1914 1397 2044 1468 quid

446 1491 503 1542 in
538 1488 820 1559 l’ydnceos,
851 1489 946 1560 qui
970 1504 1092 1547 eum
1130 1498 1277 1542 terra
1334 1477 1660 1558 receperunt.
1706 1487 1932 1543 Densum
1967 1503 2046 1562 ty-

448 1581 728 1634 rannidem
757 1595 870 1632 rem
898 1578 1119 1648 inﬁdum
1146 1587 1195 1631 et
1217 1587 1516 1647 suspectam
1545 1577 1722 1631 liberis
1742 1579 2044 1633 civitatibus

450 1688 560 1730 esse
592 1675 871 1739 existimo;
907 1673 1204 1742 presertim
1229 1671 1275 1725 si
1327 1687 1483 1740 agros
1511 1670 1762 1739 ﬁnitimos
1790 1672 2042 1726 habeant.

2145 485 2284 533 mus,
2311 480 2359 520 et
2394 484 2564 539 nuper
2593 469 2824 522 societas
2853 468 3000 522 uobis
3031 470 3316 534 exstiterit,
3348 483 3467 539 qua
3492 472 3726 538 superio-

2140 578 2201 614 ra
2227 563 2408 616 omnia
2443 562 2706 616 resarcire
2730 563 2932 626 valeat,
2963 564 3118 617 modo
3139 578 3201 617 ea
3233 565 3310 618 uti
3333 564 3580 630 velimus,
3609 565 3734 617 deo-

2140 671 2259 708 rum
2299 655 2687 709 immortalium
2716 649 3091 711 benevolentia:
3122 671 3249 726 erga
3303 673 3399 711 nos
3457 668 3731 726 acceptum

2141 748 2475 820 referendum
2507 749 2670 819 plane
2693 749 3087 820 affirmavcrim.
3144 747 3337 805 Verum
3395 753 3488 804 hoc
3526 752 3738 822 perinde

2143 856 2254 896 esse
2280 840 2544 907 arbitror,
2580 851 2740 913 atque
2784 843 2840 897 in
2888 843 3236 913 pecuniarum
3271 844 3592 913 possessione
3617 861 3739 898 con-

2142 933 2346 1004 tingere
2357 933 2514 989 solet.
2539 933 2598 990 Si
2618 937 2761 990 enim
2795 951 3137 1007 quascunque
3158 937 3276 1006 quis
3295 939 3627 1008 acquisierit,
3647 954 3736 992 eas

2145 1036 2320 1083 servat
2347 1026 2661 1092 incolumes,
2693 1029 2931 1098 ingentes
2955 1030 3115 1083 habet
3165 1030 3404 1098 fortunw
3421 1033 3646 1103 gratias.
3671 1030 3736 1086 In

2141 1120 2299 1174 rebus
2315 1121 2478 1174 idem.
2508 1118 2612 1186 Qui
2632 1125 2908 1176 occasione
2927 1139 3029 1176 non
3057 1136 3194 1177 recte
3221 1125 3304 1178 usi
3323 1135 3474 1188 sunt,
3506 1141 3570 1177 ne
3595 1141 3736 1178 com-

2145 1198 2288 1266 modi
2310 1212 2544 1282 quidem,
2571 1215 2616 1265 si
2642 1213 2766 1280 quid
2792 1213 3014 1278 deorum
3040 1217 3289 1285 beneficio
3307 1226 3432 1270 sunt
3452 1221 3733 1282 consecuti,

2145 1303 2527 1357 retardantur.
2554 1301 2638 1358 Επ
2657 1294 2847 1358 ultimo
2869 1307 3007 1358 enim
3047 1322 3224 1359 rerum
3253 1317 3438 1360 eventu
3465 1317 3589 1360 ante
3619 1319 3736 1361 acta

2152 1398 2334 1451 omnia
2357 1395 2669 1467 plerumque
2684 1399 2942 1467 pensitari
2967 1397 3157 1452 solent.
3181 1398 3528 1463 Quamobrem
3549 1401 3603 1454 in
3621 1400 3739 1454 reli-

2146 1491 2260 1561 quis
2296 1488 2448 1544 valde
2477 1491 2903 1568 prospiciendum
2935 1500 3030 1557 est,
3058 1501 3115 1544 ut
3150 1509 3332 1546 eorum
3372 1495 3740 1549 emendatione

2145 1585 2480 1652 superiorum
2499 1586 2759 1654 fastorum
2787 1583 2956 1640 labem
2985 1586 3282 1641 deleamus.
3311 1589 3437 1642 Atsi
3455 1589 3548 1642 hos
3579 1589 3738 1642 etiam

2150 1677 2396 1732 homines
2443 1678 2863 1746 perdiderimus,
2932 1679 3291 1742 Athenienses.
3329 1673 3397 1734 ἐι
3455 1679 3740 1752 Olynthum

447 1768 637 1839 Itaque
667 1777 716 1822 et
758 1770 867 1822 haec
902 1783 1007 1821 non
1034 1768 1364 1838 ignoi'antes,
1401 1776 1452 1820 et
1482 1774 1674 1820 cuncta
1720 1765 1834 1820 alia
1862 1769 2031 1820 consi-
2071 1775 2112 1831 Β
2139 1781 2395 1836 prwterea
2449 1770 2726 1840 Pailippus
2798 1775 3168 1840 occupaverit,
3219 1773 3536 1828 demonstret
3617 1776 3742 1830 mihi

448 1862 720 1933 derantes,
753 1859 1040 1930 diligenter
1087 1861 1207 1914 dico
1245 1875 1340 1915 nos
1370 1870 1612 1930 oportere
1645 1859 1862 1914 incitari
1887 1859 2038 1924 velle,

445 1952 689 2024 belloque
725 1947 982 2020 gerendo,
1026 1954 1073 2007 si
1122 1969 1379 2024 unquam,
1423 1969 1563 2006 imae
1619 1963 1758 2006 certe
1813 1956 2048 2008 maxime

448 2047 766 2113 incumbere,
826 2048 1078 2118 pecunias
1105 2047 1248 2100 haud
1305 2047 1535 2116 segniter
1582 2047 1919 2116 conferendo,
1953 2063 2047 2116 per

449 2149 650 2194 nosmet
678 2142 942 2204 exeundo,
965 2141 1100 2196 nihil
1117 2157 1338 2212 prorsus
1357 2141 1669 2194 omittendo.
1696 2138 1881 2210 Neque
1906 2141 2046 2194 enim

448 2240 544 2285 aut
577 2233 742 2295 ratio,
775 2241 869 2286 aut
925 2234 1196 2287 excusatio
1240 2232 1352 2286 ulla
1389 2230 1526 2285 vobis
1563 2231 1794 2302 amplius
1834 2230 2038 2284 .relicta

446 2337 547 2392 est,
584 2329 712 2396 quin
778 2343 892 2397 qua:
937 2326 1156 2397 agenda,
1180 2338 1304 2379 sunt
1367 2327 1660 2396 perngatis.
1721 2323 1863 2378 Nunt
1905 2327 2046 2394 quod

446 2418 622 2472 cuncti
684 2417 993 2486 frcmebatis
1059 2417 1327 2488 quondam
1409 2406 1782 2490 Olynthiorum
1839 2419 2044 2472 animos

448 2506 697 2581 Philippo
723 2509 939 2580 infestos
966 2509 1256 2563 reddendos
1293 2524 1422 2574 esse,
1456 2511 1597 2564 ultro
1626 2508 1826 2574 evenit,
1863 2519 1915 2565 et
1943 2527 2044 2566 sua

445 2617 504 2656 se
533 2609 720 2673 sponte
755 2601 985 2668 obtulit;
1010 2615 1172 2672 atque
1209 2601 1262 2656 id
1295 2618 1353 2656 eo
1387 2605 1618 2657 inamine
1642 2603 1794 2658 modo
1823 2620 1926 2674 quo
1959 2622 2046 2658 ro-

450 2694 528 2748 bis
575 2696 836 2748 conducit.
875 2693 935 2750 Si
994 2695 1156 2759 enim,
1232 2694 1372 2748 vobis
1425 2695 1806 2760 suadentibus,
1848 2695 2042 2750 bellant

446 2791 818 2858 suscepissent,
852 2789 977 2858 fidei
1005 2806 1136 2844 sane
1167 2788 1341 2843 dubia-
1369 2789 1596 2842 habendi
1621 2801 1793 2844 essent
1818 2792 1969 2851 socii,
1995 2800 2044 2844 et

411 2935 414 2938 .
448 2879 521 2934 ad
561 2883 776 2953 aliquod
809 2898 973 2952 usque
1012 2893 1236 2954 tempus,
1268 2897 1373 2936 non
1412 2899 1642 2952 semper,
1672 2883 1724 2936 id
1753 2883 2046 2938 decrevisse

449 2981 679 3044 fortasse
705 2975 1030 3041 viderentur.
1070 2975 1205 3030 Cum
1253 2991 1374 3029 vero
1410 2975 1625 3044 injuriis
1666 2974 1731 3027 ab
1759 2974 1854 3030 illo
1880 2975 2047 3030 laces-

450 3071 562 3136 siti,
595 3069 713 3124 odio
735 3072 999 3123 hominem
1027 3077 1443 3139 persequantur,
1471 3076 1779 3122 constantes
1823 3082 1908 3122 eos
1934 3068 2042 3122 ini-

452 3165 684 3218 micitias
733 3176 970 3235 gesturos
1012 3179 1130 3216 cum
1177 3157 1396 3234 prapter
1428 3172 1647 3228 metum,
1683 3172 1793 3216 tum
1823 3164 2042 3232 propter

446 3259 670 3329 offensus
705 3257 1148 3312 verisimillimum
1207 3265 1304 3310 est.
1364 3254 1490 3309 Non
1527 3264 1600 3310 est
1647 3256 1813 3325 igitur
1859 3255 2041 3308 oblata

446 3359 653 3410 occasio
684 3354 1162 3423 prwtermittenda.
1212 3353 1588 3416 Athenienses,
1627 3365 1792 3419 neque
1818 3349 2039 3420 patien-

447 3455 578 3500 dum
603 3447 742 3518 ᾳιοά
764 3446 1032 3517 superiori
1066 3457 1306 3515 tempore
1331 3458 1693 3516 stvprnumero
1719 3442 1861 3513 passi
1890 3441 2038 3495 estis.

447 3541 589 3597 Nam
621 3544 667 3595 si
687 3558 807 3594 cum
858 3539 987 3594 aliut
1019 3537 1172 3591 rebus
1215 3538 1460 3593 Euboicis
1527 3535 1784 3590 auxiliati
1847 3536 2044 3589 reversi

448 3653 652 3701 sumus,
693 3644 743 3689 et
778 3635 849 3689 ad
883 3621 993 3690 hac
1020 3635 1138 3704 ipsa
1185 3631 1434 3688 subsellia
1475 3633 1675 3686 Hierax
1721 3638 1770 3684 et
1838 3628 2044 3684 Strato-

449 3729 956 3801 rlesAmphipolita:
1013 3725 1598 3791 aderant,hortuntes
1653 3731 1708 3776 ut
1768 3714 2040 3777 maritimo

433 3837 718 3899 .ap,-aratu
748 3823 993 3896 profecti,
1028 3824 1210 3877 urbem
1247 3835 1402 3876 suam
1459 3820 1841 3893 acciperemus,
1901 3819 2039 3873 idem

449 3941 546 3994 pro
583 3923 727 3976 nobis
756 3921 885 3991 ipsis
907 3918 1139 3973 studium
1165 3916 1606 3986 prtestitissemus,
1635 3913 1774 3980 quod
1805 3929 1901 3982 pro
1935 3911 2047 3966 Eu-

449 4005 718 4072 boicorum
766 4014 968 4079 salute,
1025 4021 1075 4066 et
1111 4021 1233 4066 tunc
1285 4011 1543 4066 nimirum
1600 4008 1929 4079 Amphipolis
1986 4009 2042 4062 in

449 4113 700 4162 ditionem
761 4118 998 4162 nostram
1027 4106 1274 4167 venisset,
1310 4112 1360 4157 et
1402 4118 1542 4156 nunc
1607 4100 1851 4155 molestia
1897 4101 2045 4156 omni

449 4198 728 4264 careretis,
766 4214 886 4269 quia
912 4197 1036 4251 inde
1085 4205 1368 4252 consecuta
1399 4204 1496 4248 est.
1544 4191 1752 4250 Rursus
1815 4195 1863 4247 si
1922 4210 2043 4249 eum

454 4282 723 4362 Pydnam,
783 4283 1110 4354 Methonem,
1153 4285 1473 4351 Potidatam,
1516 4283 1779 4356 Pagasas,
1813 4287 2043 4358 reliqua,

449 4401 515 4439 ne
545 4387 600 4440 in
625 4383 849 4456 singulis
880 4383 1081 4439 diutius
1113 4382 1388 4446 immorer,
1417 4377 1644 4433 obsideri
1676 4379 1998 4451 aﬁ'erebatur
2019 4419 2037 4444 ,
2069 4371 2071 4374 ’

448 4480 630 4544 οἱκαὶ,
655 4494 720 4534 ex
772 4477 837 4533 iis
861 4479 986 4542 cito,
1017 4487 1088 4539 et,
1122 4486 1199 4530 ut‘
1231 4491 1312 4530 res
1347 4473 1674 4544 postulabat,
1707 4489 1860 4544 opem
1900 4472 2042 4544 ferre

449 4573 685 4644 aggressi
711 4589 942 4627 essemus
971 4610 986 4633 ,
1017 4570 1260 4641 faciliore
1291 4569 1526 4641 profecto
1569 4569 1816 4640 Philippo
1854 4579 1906 4624 et
1941 4569 2040 4622 hu-

451 4667 662 4722 miliore
689 4677 985 4720 uteremur.
1018 4667 1253 4729 Atvero,
1313 4667 1442 4716 dum
1501 4670 1784 4732 pra/sentes
1849 4677 2029 4714 rerum

455 4759 758 4813 Occasiones
791 4757 1089 4826 abjicimus,
1107 4754 1230 4808 dum
1252 4753 1437 4819 futura
1461 4768 1712 4824 prospere
1732 4768 1831 4808 sua
1854 4770 1899 4814 τί
1920 4761 2040 4805 ante

453 4869 705 4909 eventura
739 4861 1010 4922 putamus,
1034 4851 1280 4904 anxiinus
1303 4847 1611 4917 Philippum
1636 4863 1729 4900 nos
1756 4847 1857 4916 ipsi
1883 4845 2043 4898 Athe-

459 4949 687 5013 nienses,
725 4957 1039 5015 tantumque
1067 4945 1241 5014 ipsum
1268 4945 1615 5004 reddidimus,
1661 4949 1892 5009 quantus
1941 4951 2040 4991 un-

458 5058 622 5113 quam
662 5056 754 5094 τοι
805 5026 1149 5094 Macedonum
1207 5038 1405 5090 exstitit
1462 5053 1637 5089 nemo.
1673 5033 1828 5088 Nunc
1859 5043 2040 5086 autem

450 5149 563 5189 sese
594 5131 799 5186 exhibet
851 5130 1083 5185 occasio.
1117 5126 1432 5193 Quwnam.’
1485 5126 1712 5196 inquies.
1773 5127 1816 5177 Α
1885 5123 2040 5176 rebus

451 5203 774 5298 Olynthiacis
802 5239 903 5277 sua
944 5235 1133 5292 sponte
1160 5231 1349 5275 vestra:
1381 5220 1608 5282 civitati,
1649 5233 1768 5287 qua:
1796 5215 1952 5269 nulla
1980 5217 2038 5270 in

452 5336 511 5375 re
534 5319 723 5388 primis
786 5315 892 5370 illis
926 5317 1150 5385 inferior
1180 5323 1276 5369 est.
1345 5313 1627 5381 Equidem,
1681 5313 1727 5366 si
1780 5312 1898 5381 quis
1931 5328 2038 5372 res,

452 5431 569 5490 qua:
616 5411 762 5465 nobis
801 5411 1052 5463 divinitus
1083 5410 1222 5462 datae
1273 5418 1416 5474 sunt;
1469 5411 1726 5478 atquitutc
1773 5405 2036 5467 adhibita,

451 5517 744 5579 supputare
783 5503 1029 5566 voluerit,
1070 5520 1376 5573 quanquam
1439 5505 1698 5573 pleraque
1750 5517 1855 5555 non
1899 5500 2036 5555 satis

452 5601 722 5658 commode
774 5599 1022 5652 accidisse
1086 5599 1350 5660 videntur,
1404 5608 1581 5648 tamen
1647 5610 1765 5647 eum
1814 5609 2037 5664 magnas

452 5696 554 5749 diis
577 5695 778 5764 gratias
835 5695 1020 5748 merito
1048 5693 1350 5745 habiturum
1407 5694 1668 5745 existimo.
1709 5691 1861 5757 Quod
1896 5693 2034 5743 enim

458 5792 624 5844 multa
649 5788 808 5857 bello,
831 5788 960 5858 jure
1001 5790 1200 5859 optimo
1245 5787 1463 5841 desidia:
1519 5802 1714 5840 nostra'
1766 5786 2034 5856 ascripse~

2146 1869 2431 1939 quispiam,
2493 1871 2618 1938 quid
2660 1871 2726 1923 sit
2765 1871 2996 1939 amplius
3043 1871 3418 1940 impedimento
3471 1873 3736 1943 futurum,

2149 1965 2430 2032 quominus
2466 1981 2572 2031 quo
2609 1963 2771 2018 libido
2811 1965 2978 2018 animi
3014 1963 3224 2029 tulerit,
3257 1964 3562 2019 contendat.
3592 1967 3740 2020 Anne

2147 2063 2379 2107 vestrum
2404 2053 2595 2124 aliquis
2632 2055 3031 2122 animadvertit,
3073 2066 3122 2110 et
3161 2059 3424 2112 rationem
3447 2059 3610 2123 videt,
3635 2074 3739 2128 qua

2148 2145 2432 2218 Philippus
2463 2165 2578 2203 cum
2611 2149 2766 2203 initio
2806 2152 3050 2215 pertenui
3069 2151 3125 2204 in
3155 2159 3299 2204 statu
3325 2190 3340 2214 ,
3389 2159 3605 2221 repente
3632 2168 3740 2206 ma-

2144 2258 2278 2312 gnus
2326 2243 2534 2298 evasit?
2567 2243 2922 2314 Amphipolim
2956 2245 3128 2312 primo
3161 2244 3338 2315 cepit,
3373 2247 3573 2300 deinde
3600 2245 3738 2318 Pyd-

2148 2349 2296 2396 nam,
2329 2337 2520 2389 iterum
2553 2335 2867 2401 l’otidwam,
2921 2352 3136 2392 rursum
3176 2336 3494 2396 Mathonem.
3521 2339 3729 2393 demum

2144 2427 2197 2480 in
2255 2426 2580 2483 Thessaliam
2619 2430 2859 2494 invasit;
2917 2430 3160 2502 deinceps
3209 2429 3447 2494 Pharas,
3478 2431 3732 2504 Pagasas,

2147 2522 2502 2593 Magnesiam.
2537 2522 2755 2579 Cunctis
2785 2540 2903 2579 vero
2926 2563 2942 2588 ,
3001 2536 3056 2578 ut
3092 2525 3262 2590 libuit,
3304 2515 3603 2581 constitutis
3631 2569 3648 2595 ,
3675 2529 3732 2580 in

2149 2613 2432 2670 Thraciam
2465 2633 2520 2670 se
2567 2619 2815 2674 contulit.
2861 2617 2965 2682 Ibi,
3002 2618 3126 2672 aliis
3156 2620 3334 2690 ejectis
3359 2619 3588 2690 rcgibus,
3621 2620 3736 2675 aliis

2150 2703 2424 2771 restitutis,
2485 2711 2709 2766 adversa
2757 2710 3062 2767 valetudine
3103 2711 3390 2767 laboravit.
3440 2711 3567 2788 Qua
3616 2729 3730 2767 cum

2145 2802 2424 2872 paululum
2463 2804 2664 2858 levatus
2697 2813 2850 2869 esset,
2891 2822 2994 2860 non
3022 2808 3074 2861 in
3112 2808 3383 2877 segnitiem
3428 2823 3544 2862 sese
3589 2809 3732 2862 dedi-

2145 2898 2245 2960 dit.
2269 2898 2361 2952 sed
2388 2896 2664 2969 Olynthios
2701 2902 2883 2954 statim
2919 2901 3139 2955 adortus
3157 2909 3256 2959 est.
3298 2900 3418 2955 Non
3449 2902 3566 2955 dico
3598 2919 3734 2956 nunc

2145 2993 2211 3047 de
2264 2991 2406 3046 illius
2452 2992 2868 3060 expeditionibus
2908 2994 3158 3049 adversus
3184 2993 3425 3066 Illyrios,
3484 2993 3732 3062 Pa'oncs,

2067 3129 2114 3192 Ο
2153 3087 2440 3158 Aryntbaai
2468 3127 2484 3146 .
2536 3096 2586 3138 ct
2637 3087 2692 3140 in
2725 3104 3095 3160 quamcunque
3134 3089 3360 3157 volueris
3389 3092 3735 3162 provinciam.

2151 3182 2239 3239 At.
2265 3180 2542 3248 quispiam
2573 3179 2795 3251 inquiet,
2843 3181 2970 3252 quid
2999 3181 3144 3235 nobis
3171 3184 3275 3237 ista
3312 3185 3740 3238 commemoras?

2151 3269 2222 3336 Ut~
2247 3283 2298 3326 et
2322 3277 2675 3343 cognoscatis,
2723 3274 3085 3340 Athenienses,
3141 3287 3399 3345 quantum
3434 3280 3734 3333 detrimenti

2146 3365 2337 3435 afferat
2363 3382 2472 3420 rem
2514 3382 2719 3435 semper
2759 3367 3002 3436 aliquam
3035 3369 3348 3439 singulatim
3392 3371 3568 3424 sinere
3597 3388 3738 3441 pra:-

2147 3469 2213 3512 tet
2230 3459 2361 3512 labi.
2389 3458 2456 3513 Et
2495 3461 2652 3527 p'aue
2673 3460 2966 3514 advertatis
3001 3461 3234 3531 ΡΙρίιλρρὶ
3262 3463 3316 3516 in
3347 3463 3498 3515 rebus
3519 3467 3734 3534 agendis

2143 3551 2376 3606 studium
2431 3544 2784 3618 aeerrimum,
2827 3562 2875 3607 et
2901 3570 3085 3608 curam
3133 3555 3409 3610 assiduam
3457 3571 3575 3610 cum
3625 3573 3733 3628 qua

2144 3646 2348 3715 pariter
2387 3645 2548 3699 vitam
2577 3644 2743 3714 ducit,
2790 3645 2850 3700 ob
2890 3663 3049 3716 quam
3082 3647 3237 3702 rebus
3281 3664 3312 3701 a
3347 3665 3401 3701 se
3439 3649 3595 3719 gestis
3627 3652 3732 3702 mi.

2144 3737 2286 3790 nime
2334 3747 2608 3792 contentus
2636 3778 2650 3800 ,
2687 3738 2930 3809 deinceps
2985 3739 3103 3804 ﬁeri
3157 3757 3260 3793 non
3304 3743 3518 3811 poterit,
3565 3751 3623 3795 ut
3675 3745 3730 3797 in

2144 3834 2316 3903 quiete
2347 3843 2680 3902 permaneat.
2713 3832 2864 3898 Quod
2889 3835 2936 3885 si
2963 3833 3052 3887 ille
3097 3834 3271 3903 majus
3296 3834 3503 3904 aliquid
3525 3850 3734 3905 semper

2146 3929 2466 3981 moliendum
2491 3928 2795 3987 decreverit,
2816 3944 2901 3981 vos
2932 3933 3116 3980 contra
3151 3925 3359 3981 nullam
3388 3927 3733 3997 rem‘fortiter

2143 4021 2440 4075 obeundum
2457 4019 2850 4090 judicaveritis,
2886 4037 3041 4088 quem
3069 4021 3284 4075 tandem
3313 4037 3491 4075 rerum
3534 4021 3732 4074 “eitum

2143 4129 2361 4186 sperare
2385 4113 2678 4169 debemus?
2709 4113 2854 4169 Proh
2903 4112 3068 4167 Deum
3107 4112 3266 4181 fidem
3297 4116 3318 4170 .'
3357 4107 3478 4184 quis
3502 4125 3730 4170 vestrum

2145 4209 2282 4262 adeo
2310 4207 2454 4261 tardi
2484 4207 2686 4277 ingenii
2731 4215 2806 4260 est
2838 4216 2887 4260 et
2922 4205 3232 4272 inconsulti,
3264 4206 3375 4276 qui,
3406 4191 3454 4260 si
3493 4207 3736 4278 neglexe-

2147 4303 2334 4367 rimus,
2366 4300 2563 4355 bellum
2603 4301 2704 4354 huc
2737 4315 3043 4372 conversum
3095 4300 3164 4352 iri
3203 4300 3454 4359 nesciat?
3492 4298 3644 4364 Quod
3686 4301 3734 4354 si

2144 4394 2392 4457 evenerit,
2429 4392 2665 4463 equidem
2696 4395 3026 4448 vehementer
3061 4392 3219 4446 timeo
3253 4407 3339 4455 ne,
3396 4392 3558 4451 veluti
3588 4393 3735 4462 fenc-

2075 4501 2119 4558 ι)
2147 4484 2276 4549 rati,
2304 4483 2394 4552 qui
2426 4481 2588 4553 facile
2626 4497 2690 4535 e1:
2713 4485 2920 4552 magnis
2957 4482 3228 4552 funeribus
3252 4481 3395 4538 brevi
3420 4493 3657 4554 tempore
3679 4485 3733 4537 in

2148 4592 2328 4630 rerum
2356 4576 2512 4646 copia
2537 4575 2755 4638 versati,
2781 4577 3052 4644 postremo
3097 4575 3235 4630 bona
3265 4577 3448 4632 omnia
3495 4577 3733 4648 funditus

2143 4669 2592 4736 amiserunt;.ita
2627 4684 2720 4723 nos
2767 4669 2992 4739 ignavae
3020 4669 3219 4736 dediti,
3265 4679 3316 4724 et
3360 4671 3431 4724 ad
3465 4670 3732 4726 libidinem

2140 4773 2333 4817 cimcta
2375 4771 2696 4831 qua'rentes,
2726 4762 2940 4815 tandem
2971 4760 3051 4814 vel
3088 4761 3238 4815 inviti
3267 4761 3435 4818 multa
3472 4771 3522 4816 et
3544 4763 3730 4834 gravia

2141 4857 2314 4912 subire
2343 4872 2619 4927 cogamur,
2653 4867 2701 4909 et
2725 4855 2788 4909 de
2825 4856 2908 4912 iis.
2955 4872 3070 4925 qua:
3105 4865 3288 4908 nostra
3322 4856 3376 4909 in
3412 4871 3546 4926 agro
3580 4865 3726 4919 sunt,

2143 4950 2458 5018 periclitari.
2498 4951 2660 5019 Atqui
2706 4949 3107 5020 reprehendere,
3146 4948 3348 5018 inquies
3401 4947 3652 5018 fortasse,
3683 4959 3730 5003 et

2143 5042 2318 5113 facile,
2349 5049 2398 5096 et
2425 5041 2655 5111 cujusvis
2702 5049 2799 5102 est,
2832 5041 2926 5093 sed
2965 5041 3027 5093 de
3061 5042 3310 5108 praesenti
3341 5040 3557 5106 negotio
3580 5041 3731 5108 quid-

2143 5155 2269 5192 nam
2308 5137 2570 5208 agendum
2615 5137 2686 5189 sit
2727 5137 2963 5198 edocere,
2999 5135 3289 5187 senatoris.
3327 5130 3440 5202 Ego
3468 5148 3612 5198 vero,
3635 5132 3730 5185 etsi

2141 5238 2462 5298 compertum
2479 5227 2642 5280 habeo
2667 5242 2775 5290 vos,
2809 5240 2925 5276 cum
2955 5235 3147 5292 printer
3164 5224 3487 5278 sententiam
3512 5214 3563 5278 et
3588 5230 3730 5294 spent

2143 5305 2347 5390 aliquid
2389 5319 2641 5380 evenerit,
2703 5332 2806 5369 non
2841 5314 2970 5368 mali
3013 5312 3338 5381 (iactat-gms.
3390 5316 3482 5369 sed
3537 5316 3604 5370 iis
3643 5319 3730 5386 qm.

2139 5435 2231 5473 seu
2259 5419 2456 5470 entiam
2506 5417 2690 5467 ultimo
2720 5413 2832 5466 loco
2869 5413 3144 5475 dixerint,
3185 5413 3346 5467 irasci
3392 5411 3590 5477 solere,
3628 5429 3728 5467 non

2132 5522 2324 5569 tamen
2378 5521 2593 5579 propttr
2645 5511 2868 5578 privata:
2917 5507 3222 5560 securitatis
3286 5507 3549 5559 rationem
3603 5505 3728 5559 mihi

2139 5599 2351 5669 silentio
2396 5597 2766 5667 pra’tereunda
2815 5594 3066 5655 arbitror,
3095 5612 3212 5665 qua'
3251 5596 3393 5648 vobis
3447 5597 3728 5666 profutura

2143 5694 2406 5748 existimo.
2449 5693 2578 5744 Dico
2626 5690 2791 5760 igitur
2840 5707 2927 5743 vos
2976 5690 3228 5759 bifariam
3268 5691 3418 5743 rebus
3475 5689 3729 5762 apiiulari

2141 5798 2402 5857 oportere,
2437 5784 2636 5855 partim
2691 5784 2884 5855 oppida
2917 5781 3615 5855 agrumque.Olgrtliiorunt
3643 5791 3726 5839 tne
