  <div class='ocr_page' id='page_1' title='image "/cluster/home/n/w/nwhite01/storage/ocr_20150623/161/mdp.39015078384685/428.png"; bbox 0 0 4064 6148; ppageno 0'>
   <div class='ocr_carea' id='block_1_1' title="bbox 326 210 432 273">
    <p class='ocr_par' dir='ltr' id='par_1_1' title="bbox 326 210 432 273">
     <span class='ocr_line' id='line_1_1' title="bbox 326 210 432 273; baseline 0.019 -2"><span class='ocrx_word' id='word_1_1' title='bbox 326 210 432 273; x_wconf 76' lang='lat'><strong><em>678</em></strong></span> 
     </span>
    </p>
   </div>
   <div class='ocr_carea' id='block_1_2' title="bbox 1367 198 2513 270">
    <p class='ocr_par' dir='ltr' id='par_1_2' title="bbox 1367 198 2513 270">
     <span class='ocr_line' id='line_1_2' title="bbox 1367 198 2513 270; baseline -0.01 0"><span class='ocrx_word' id='word_1_2' title='bbox 1367 209 1804 270; x_wconf 71' lang='lat' dir='ltr'><strong><em>ORATIONES</em></strong></span> <span class='ocrx_word' id='word_1_3' title='bbox 1844 204 2147 266; x_wconf 77' lang='lat' dir='ltr'><strong><em>CONTRA</em></strong></span> <span class='ocrx_word' id='word_1_4' title='bbox 2193 198 2513 264; x_wconf 66' lang='lat' dir='ltr'><strong><em>TURCAS.</em></strong></span> 
     </span>
    </p>
   </div>
   <div class='ocr_carea' id='block_1_3' title="bbox 3484 195 3590 260">
    <p class='ocr_par' dir='ltr' id='par_1_3' title="bbox 3484 195 3590 260">
     <span class='ocr_line' id='line_1_3' title="bbox 3484 195 3590 260; baseline -0.019 0"><span class='ocrx_word' id='word_1_5' title='bbox 3484 195 3590 260; x_wconf 73' lang='grc'><strong><em>674</em></strong></span> 
     </span>
    </p>
   </div>
   <div class='ocr_carea' id='block_1_4' title="bbox 326 307 3595 393">
    <p class='ocr_par' dir='ltr' id='par_1_4' title="bbox 326 307 3595 393">
     <span class='ocr_line' id='line_1_4' title="bbox 326 307 3595 393; baseline -0.004 -18"><span class='ocrx_word' id='word_1_6' title='bbox 326 326 508 387; x_wconf 84' lang='lat' dir='ltr'><strong><em>tando,</em></strong></span> <span class='ocrx_word' id='word_1_7' title='bbox 533 320 1028 391; x_wconf 54' lang='lat' dir='ltr'><strong><em>emissisjnilitibus</em></strong></span> <span class='ocrx_word' id='word_1_8' title='bbox 1057 321 1148 393; x_wconf 89' lang='lat' dir='ltr'><strong><em>qui</em></strong></span> <span class='ocrx_word' id='word_1_9' title='bbox 1170 319 1224 376; x_wconf 91' lang='lat' dir='ltr'><strong><em>id</em></strong></span> <span class='ocrx_word' id='word_1_10' title='bbox 1252 330 1525 393; x_wconf 75' lang='lat' dir='ltr'><strong><em>prtestent,</em></strong></span> <span class='ocrx_word' id='word_1_11' title='bbox 1557 323 1755 391; x_wconf 87' lang='lat' dir='ltr'><strong><em>partim</em></strong></span> <span class='ocrx_word' id='word_1_12' title='bbox 1780 320 1910 389; x_wconf 84' lang='lat' dir='ltr'><strong><em>ﬁnes</em></strong></span> <span class='ocrx_word' id='word_1_13' title='bbox 1932 324 1987 381; x_wconf 70' lang='grc' dir='ltr'><strong>Α</strong></span> <span class='ocrx_word' id='word_1_14' title='bbox 2018 331 2149 371; x_wconf 86' lang='lat' dir='ltr'><strong><em>sane</em></strong></span> <span class='ocrx_word' id='word_1_15' title='bbox 2164 316 2388 371; x_wconf 85' lang='lat' dir='ltr'><strong><em>minime</em></strong></span> <span class='ocrx_word' id='word_1_16' title='bbox 2414 313 2721 370; x_wconf 85' lang='lat' dir='ltr'><strong><em>mirandum</em></strong></span> <span class='ocrx_word' id='word_1_17' title='bbox 2757 310 2992 365; x_wconf 78' lang='lat' dir='ltr'><strong><em>videtur:</em></strong></span> <span class='ocrx_word' id='word_1_18' title='bbox 3024 325 3149 363; x_wconf 88' lang='lat' dir='ltr'><strong><em>nam</em></strong></span> <span class='ocrx_word' id='word_1_19' title='bbox 3190 307 3412 376; x_wconf 84' lang='lat' dir='ltr'><strong><em>feliciter</em></strong></span> <span class='ocrx_word' id='word_1_20' title='bbox 3440 323 3595 379; x_wconf 80' lang='lat' dir='ltr'><strong><em>agere</em></strong></span> 
     </span>
    </p>
   </div>
   <div class='ocr_carea' id='block_1_5' title="bbox 327 412 1907 485">
    <p class='ocr_par' dir='ltr' id='par_1_5' title="bbox 327 412 1907 485">
     <span class='ocr_line' id='line_1_5' title="bbox 327 412 1907 485; baseline -0.001 -18"><span class='ocrx_word' id='word_1_21' title='bbox 327 413 557 485; x_wconf 78' lang='lat' dir='ltr'><strong><em>Philippi</em></strong></span> <span class='ocrx_word' id='word_1_22' title='bbox 583 430 701 468; x_wconf 87' lang='lat' dir='ltr'><strong><em>cunt</em></strong></span> <span class='ocrx_word' id='word_1_23' title='bbox 736 413 987 468; x_wconf 89' lang='lat' dir='ltr'><strong><em>terrestri‘</em></strong></span> <span class='ocrx_word' id='word_1_24' title='bbox 1006 413 1264 475; x_wconf 73' lang='lat' dir='ltr'><strong><em>exercitu,</em></strong></span> <span class='ocrx_word' id='word_1_25' title='bbox 1285 422 1398 467; x_wconf 89' lang='lat' dir='ltr'><strong><em>tum</em></strong></span> <span class='ocrx_word' id='word_1_26' title='bbox 1431 412 1602 467; x_wconf 87' lang='lat' dir='ltr'><strong><em>classe</em></strong></span> <span class='ocrx_word' id='word_1_27' title='bbox 1634 413 1907 466; x_wconf 85' lang='lat' dir='ltr'><strong><em>maritima</em></strong></span> 
     </span>
    </p>
   </div>
   <div class='ocr_carea' id='block_1_6' title="bbox 328 501 1911 576">
    <p class='ocr_par' dir='ltr' id='par_1_6' title="bbox 328 501 1911 576">
     <span class='ocr_line' id='line_1_6' title="bbox 328 501 1911 576; baseline 0 -19"><span class='ocrx_word' id='word_1_28' title='bbox 328 504 719 559; x_wconf 75' lang='lat' dir='ltr'><strong><em>incursionibus</em></strong></span> <span class='ocrx_word' id='word_1_29' title='bbox 766 503 1163 576; x_wconf 71' lang='lat' dir='ltr'><strong><em>depopulanda.</em></strong></span> <span class='ocrx_word' id='word_1_30' title='bbox 1200 501 1345 559; x_wconf 84' lang='lat' dir='ltr'><strong><em>Nam</em></strong></span> <span class='ocrx_word' id='word_1_31' title='bbox 1388 505 1435 558; x_wconf 91' lang='lat' dir='ltr'><strong><em>si</em></strong></span> <span class='ocrx_word' id='word_1_32' title='bbox 1467 502 1694 557; x_wconf 88' lang='lat' dir='ltr'><strong><em>alterum</em></strong></span> <span class='ocrx_word' id='word_1_33' title='bbox 1730 512 1911 557; x_wconf 88' lang='lat' dir='ltr'><strong><em>utrum</em></strong></span> 
     </span>
    </p>
   </div>
   <div class='ocr_carea' id='block_1_7' title="bbox 327 594 1913 667">
    <p class='ocr_par' dir='ltr' id='par_1_7' title="bbox 327 594 1913 667">
     <span class='ocr_line' id='line_1_7' title="bbox 327 594 1913 667; baseline 0 -17"><span class='ocrx_word' id='word_1_34' title='bbox 327 594 687 667; x_wconf 69' lang='lat' dir='ltr'><strong><em>neglexeritis,</em></strong></span> <span class='ocrx_word' id='word_1_35' title='bbox 715 612 897 653; x_wconf 87' lang='lat' dir='ltr'><strong><em>vereor</em></strong></span> <span class='ocrx_word' id='word_1_36' title='bbox 929 612 993 650; x_wconf 90' lang='lat' dir='ltr'><strong><em>ne</em></strong></span> <span class='ocrx_word' id='word_1_37' title='bbox 1021 605 1132 651; x_wconf 91' lang='lat' dir='ltr'><strong><em>tota</em></strong></span> <span class='ocrx_word' id='word_1_38' title='bbox 1190 596 1454 667; x_wconf 76' lang='lat' dir='ltr'><strong><em>expeditio</em></strong></span> <span class='ocrx_word' id='word_1_39' title='bbox 1490 596 1691 665; x_wconf 87' lang='lat' dir='ltr'><strong><em>frustra</em></strong></span> <span class='ocrx_word' id='word_1_40' title='bbox 1750 605 1913 650; x_wconf 84' lang='lat' dir='ltr'><strong><em>teme-</em></strong></span> 
     </span>
    </p>
   </div>
   <div class='ocr_carea' id='block_1_8' title="bbox 329 685 1914 765">
    <p class='ocr_par' dir='ltr' id='par_1_8' title="bbox 329 685 1914 765">
     <span class='ocr_line' id='line_1_8' title="bbox 329 685 1914 765; baseline -0.001 -23"><span class='ocrx_word' id='word_1_41' title='bbox 329 706 492 765; x_wconf 59' lang='lat' dir='ltr'><strong><em>reque</em></strong></span> <span class='ocrx_word' id='word_1_42' title='bbox 520 708 553 745; x_wconf 87' lang='lat' dir='ltr'><strong><em>a</em></strong></span> <span class='ocrx_word' id='word_1_43' title='bbox 584 693 727 744; x_wconf 89' lang='lat' dir='ltr'><strong><em>nobis</em></strong></span> <span class='ocrx_word' id='word_1_44' title='bbox 754 699 994 761; x_wconf 89' lang='lat' dir='ltr'><strong><em>suscepta</em></strong></span> <span class='ocrx_word' id='word_1_45' title='bbox 1020 690 1109 742; x_wconf 90' lang='lat' dir='ltr'><strong><em>sit.</em></strong></span> <span class='ocrx_word' id='word_1_46' title='bbox 1134 687 1252 743; x_wconf 79' lang='lat' dir='ltr'><strong><em>Sive</em></strong></span> <span class='ocrx_word' id='word_1_47' title='bbox 1281 690 1420 742; x_wconf 88' lang='lat' dir='ltr'><strong><em>enim</em></strong></span> <span class='ocrx_word' id='word_1_48' title='bbox 1450 705 1535 743; x_wconf 78' lang='lat' dir='ltr'><strong><em>vos</em></strong></span> <span class='ocrx_word' id='word_1_49' title='bbox 1552 685 1698 743; x_wconf 85' lang='lat' dir='ltr'><strong><em>illius</em></strong></span> <span class='ocrx_word' id='word_1_50' title='bbox 1726 705 1914 757; x_wconf 86' lang='lat' dir='ltr'><strong><em>agrum</em></strong></span> 
     </span>
    </p>
   </div>
   <div class='ocr_carea' id='block_1_9' title="bbox 328 779 1914 852">
    <p class='ocr_par' dir='ltr' id='par_1_9' title="bbox 328 779 1914 852">
     <span class='ocr_line' id='line_1_9' title="bbox 328 779 1914 852; baseline -0.001 -16"><span class='ocrx_word' id='word_1_51' title='bbox 328 783 582 839; x_wconf 83' lang='lat' dir='ltr'><strong><em>vastetis..</em></strong></span> <span class='ocrx_word' id='word_1_52' title='bbox 599 783 753 849; x_wconf 86' lang='lat' dir='ltr'><strong><em>idque</em></strong></span> <span class='ocrx_word' id='word_1_53' title='bbox 784 784 985 836; x_wconf 92' lang='lat' dir='ltr'><strong><em>interea</em></strong></span> <span class='ocrx_word' id='word_1_54' title='bbox 1012 786 1271 836; x_wconf 83' lang='lat' dir='ltr'><strong><em>sustineat</em></strong></span> <span class='ocrx_word' id='word_1_55' title='bbox 1298 823 1313 846; x_wconf 93' lang='lat'><strong><em>,</em></strong></span> <span class='ocrx_word' id='word_1_56' title='bbox 1343 793 1393 835; x_wconf 93' lang='lat' dir='ltr'><strong><em>et</em></strong></span> <span class='ocrx_word' id='word_1_57' title='bbox 1420 779 1704 852; x_wconf 76' lang='lat' dir='ltr'><strong><em>Olynthum</em></strong></span> <span class='ocrx_word' id='word_1_58' title='bbox 1733 782 1782 835; x_wconf 78' lang='lat' dir='ltr'><strong><em>vi</em></strong></span> <span class='ocrx_word' id='word_1_59' title='bbox 1819 798 1914 835; x_wconf 71' lang='grc' dir='ltr'><strong><em>ια·</em></strong></span> 
     </span>
    </p>
   </div>
   <div class='ocr_carea' id='block_1_10' title="bbox 329 873 1916 945">
    <p class='ocr_par' dir='ltr' id='par_1_10' title="bbox 329 873 1916 945">
     <span class='ocr_line' id='line_1_10' title="bbox 329 873 1916 945; baseline 0.003 -22"><span class='ocrx_word' id='word_1_60' title='bbox 329 873 464 945; x_wconf 79' lang='lat' dir='ltr'><strong><em>piat,</em></strong></span> <span class='ocrx_word' id='word_1_61' title='bbox 507 874 679 927; x_wconf 87' lang='lat' dir='ltr'><strong><em>victor</em></strong></span> <span class='ocrx_word' id='word_1_62' title='bbox 728 875 783 927; x_wconf 90' lang='lat' dir='ltr'><strong><em>in</em></strong></span> <span class='ocrx_word' id='word_1_63' title='bbox 833 874 1395 944; x_wconf 74' lang='lat' dir='ltr'><strong><em>patriam,reversus,</em></strong></span> <span class='ocrx_word' id='word_1_64' title='bbox 1468 874 1627 942; x_wconf 84' lang='lat' dir='ltr'><strong><em>facile</em></strong></span> <span class='ocrx_word' id='word_1_65' title='bbox 1686 873 1916 944; x_wconf 85' lang='lat' dir='ltr'><strong><em>injurias</em></strong></span> 
     </span>
    </p>
   </div>
   <div class='ocr_carea' id='block_1_11' title="bbox 330 964 1914 1034">
    <p class='ocr_par' dir='ltr' id='par_1_11' title="bbox 330 964 1914 1034">
     <span class='ocr_line' id='line_1_11' title="bbox 330 964 1914 1034; baseline -0.003 -13"><span class='ocrx_word' id='word_1_66' title='bbox 330 964 659 1023; x_wconf 85' lang='lat' dir='ltr'><strong><em>ulciscetur:</em></strong></span> <span class='ocrx_word' id='word_1_67' title='bbox 687 967 796 1021; x_wconf 83' lang='lat' dir='ltr'><strong><em>sive</em></strong></span> <span class='ocrx_word' id='word_1_68' title='bbox 816 966 1051 1021; x_wconf 84' lang='lat' dir='ltr'><strong><em>subsidia</em></strong></span> <span class='ocrx_word' id='word_1_69' title='bbox 1077 966 1345 1021; x_wconf 74' lang='lat' dir='ltr'><strong><em>duntaxat</em></strong></span> <span class='ocrx_word' id='word_1_70' title='bbox 1398 967 1626 1034; x_wconf 75' lang='lat' dir='ltr'><strong><em>Olyntho</em></strong></span> <span class='ocrx_word' id='word_1_71' title='bbox 1664 967 1914 1033; x_wconf 83' lang='lat' dir='ltr'><strong><em>mittatis,</em></strong></span> 
     </span>
    </p>
   </div>
   <div class='ocr_carea' id='block_1_12' title="bbox 331 1059 1917 1130">
    <p class='ocr_par' dir='ltr' id='par_1_12' title="bbox 331 1059 1917 1130">
     <span class='ocr_line' id='line_1_12' title="bbox 331 1059 1917 1130; baseline 0 -17"><span class='ocrx_word' id='word_1_72' title='bbox 331 1059 423 1114; x_wconf 90' lang='lat' dir='ltr'><strong><em>ille</em></strong></span> <span class='ocrx_word' id='word_1_73' title='bbox 446 1059 582 1129; x_wconf 77' lang='lat' dir='ltr'><strong><em>ﬁnes</em></strong></span> <span class='ocrx_word' id='word_1_74' title='bbox 603 1076 723 1114; x_wconf 90' lang='lat' dir='ltr'><strong><em>suos</em></strong></span> <span class='ocrx_word' id='word_1_75' title='bbox 755 1059 988 1130; x_wconf 84' lang='lat' dir='ltr'><strong><em>periculo</em></strong></span> <span class='ocrx_word' id='word_1_76' title='bbox 1030 1076 1213 1115; x_wconf 80' lang='lat' dir='ltr'><strong><em>carere</em></strong></span> <span class='ocrx_word' id='word_1_77' title='bbox 1246 1060 1670 1115; x_wconf 73' lang='lat' dir='ltr'><strong><em>animadvertetis</em></strong></span> <span class='ocrx_word' id='word_1_78' title='bbox 1695 1101 1708 1126; x_wconf 93' lang='lat'><strong><em>,</em></strong></span> <span class='ocrx_word' id='word_1_79' title='bbox 1742 1062 1917 1115; x_wconf 87' lang='lat' dir='ltr'><strong><em>acrius</em></strong></span> 
     </span>
    </p>
   </div>
   <div class='ocr_carea' id='block_1_13' title="bbox 334 1143 1920 1225">
    <p class='ocr_par' dir='ltr' id='par_1_13' title="bbox 334 1143 1920 1225">
     <span class='ocr_line' id='line_1_13' title="bbox 334 1143 1920 1225; baseline 0.001 -20"><span class='ocrx_word' id='word_1_80' title='bbox 334 1143 728 1223; x_wconf 29' lang='lat' dir='ltr'><strong><em>rem&#39;urgebit,</em></strong></span> <span class='ocrx_word' id='word_1_81' title='bbox 785 1146 1136 1225; x_wconf 73' lang='lat' dir='ltr'><strong><em>temporisque</em></strong></span> <span class='ocrx_word' id='word_1_82' title='bbox 1173 1151 1530 1206; x_wconf 80' lang='lat' dir='ltr'><strong><em>diuturnitate</em></strong></span> <span class='ocrx_word' id='word_1_83' title='bbox 1577 1153 1807 1207; x_wconf 87' lang='lat' dir='ltr'><strong><em>obsessos</em></strong></span> <span class='ocrx_word' id='word_1_84' title='bbox 1864 1155 1920 1207; x_wconf 90' lang='lat' dir='ltr'><strong><em>in</em></strong></span> 
     </span>
    </p>
   </div>
   <div class='ocr_carea' id='block_1_14' title="bbox 336 1243 1921 1325">
    <p class='ocr_par' dir='ltr' id='par_1_14' title="bbox 336 1243 1921 1325">
     <span class='ocr_line' id='line_1_14' title="bbox 336 1243 1921 1325; baseline 0.002 -30"><span class='ocrx_word' id='word_1_85' title='bbox 336 1254 647 1325; x_wconf 73' lang='lat' dir='ltr'><strong><em>potestatem</em></strong></span> <span class='ocrx_word' id='word_1_86' title='bbox 668 1246 886 1317; x_wconf 81' lang='lat' dir='ltr'><strong><em>rediget.</em></strong></span> <span class='ocrx_word' id='word_1_87' title='bbox 920 1245 1110 1319; x_wconf 71' lang='lat' dir='ltr'><strong><em>Itaque</em></strong></span> <span class='ocrx_word' id='word_1_88' title='bbox 1138 1253 1189 1298; x_wconf 92' lang='lat' dir='ltr'><strong><em>et</em></strong></span> <span class='ocrx_word' id='word_1_89' title='bbox 1222 1243 1381 1313; x_wconf 75' lang='lat' dir='ltr'><strong><em>ﬁrma</em></strong></span> <span class='ocrx_word' id='word_1_90' title='bbox 1409 1254 1456 1298; x_wconf 90' lang='lat' dir='ltr'><strong><em>et</em></strong></span> <span class='ocrx_word' id='word_1_91' title='bbox 1486 1244 1742 1314; x_wconf 75' lang='lat' dir='ltr'><strong><em>bipartito</em></strong></span> <span class='ocrx_word' id='word_1_92' title='bbox 1768 1246 1921 1298; x_wconf 77' lang='lat' dir='ltr'><strong><em>auxi—</em></strong></span> 
     </span>
    </p>
   </div>
   <div class='ocr_carea' id='block_1_15' title="bbox 338 1324 1921 1413">
    <p class='ocr_par' dir='ltr' id='par_1_15' title="bbox 338 1324 1921 1413">
     <span class='ocr_line' id='line_1_15' title="bbox 338 1324 1921 1413; baseline -0.001 -20"><span class='ocrx_word' id='word_1_93' title='bbox 338 1340 411 1393; x_wconf 87' lang='lat' dir='ltr'><strong><em>lia</em></strong></span> <span class='ocrx_word' id='word_1_94' title='bbox 440 1324 861 1396; x_wconf 79' lang='lat' dir='ltr'><strong><em>mittendasunt.</em></strong></span> <span class='ocrx_word' id='word_1_95' title='bbox 899 1336 1035 1394; x_wconf 72' lang='grc' dir='ltr'><strong><em>Ηωε·</em></strong></span> <span class='ocrx_word' id='word_1_96' title='bbox 1057 1324 1113 1394; x_wconf 89' lang='lat' dir='ltr'><strong><em>in</em></strong></span> <span class='ocrx_word' id='word_1_97' title='bbox 1147 1353 1245 1410; x_wconf 88' lang='lat' dir='ltr'><strong><em>ope</em></strong></span> <span class='ocrx_word' id='word_1_98' title='bbox 1286 1337 1505 1409; x_wconf 87' lang='lat' dir='ltr'><strong><em>ferenda</em></strong></span> <span class='ocrx_word' id='word_1_99' title='bbox 1532 1337 1653 1413; x_wconf 73' lang='lat' dir='ltr'><strong><em>ﬁeri</em></strong></span> <span class='ocrx_word' id='word_1_100' title='bbox 1683 1345 1921 1404; x_wconf 77' lang='lat' dir='ltr'><strong><em>oportere</em></strong></span> 
     </span>
    </p>
   </div>
   <div class='ocr_carea' id='block_1_16' title="bbox 334 1438 1293 1485">
    <p class='ocr_par' dir='ltr' id='par_1_16' title="bbox 334 1438 1293 1485">
     <span class='ocr_line' id='line_1_16' title="bbox 334 1438 1293 1485; baseline -0.003 0"><span class='ocrx_word' id='word_1_101' title='bbox 334 1440 533 1485; x_wconf 85' lang='lat' dir='ltr'><strong><em>statuo.</em></strong></span> <span class='ocrx_word' id='word_1_102' title='bbox 1290 1438 1293 1439; x_wconf 58' lang='grc'><strong><em>⁷</em></strong></span> 
     </span>
    </p>
   </div>
   <div class='ocr_carea' id='block_1_17' title="bbox 405 1505 1923 1595">
    <p class='ocr_par' dir='ltr' id='par_1_17' title="bbox 405 1505 1923 1595">
     <span class='ocr_line' id='line_1_17' title="bbox 405 1505 1923 1595; baseline -0.003 -16"><span class='ocrx_word' id='word_1_103' title='bbox 405 1524 486 1579; x_wconf 78' lang='lat' dir='ltr'><strong><em>De</em></strong></span> <span class='ocrx_word' id='word_1_104' title='bbox 524 1510 781 1594; x_wconf 75' lang='lat' dir='ltr'><strong><em>facultate</em></strong></span> <span class='ocrx_word' id='word_1_105' title='bbox 825 1540 948 1579; x_wconf 90' lang='lat' dir='ltr'><strong><em>vero</em></strong></span> <span class='ocrx_word' id='word_1_106' title='bbox 994 1505 1229 1595; x_wconf 78' lang='lat' dir='ltr'><strong><em>pecunia:</em></strong></span> <span class='ocrx_word' id='word_1_107' title='bbox 1266 1514 1588 1577; x_wconf 63' lang='lat' dir='ltr'><strong><em>inveniendi:</em></strong></span> <span class='ocrx_word' id='word_1_108' title='bbox 1623 1530 1744 1575; x_wconf 90' lang='lat' dir='ltr'><strong><em>sunt</em></strong></span> <span class='ocrx_word' id='word_1_109' title='bbox 1775 1520 1923 1575; x_wconf 85' lang='lat' dir='ltr'><strong><em>nobis</em></strong></span> 
     </span>
    </p>
   </div>
   <div class='ocr_carea' id='block_1_18' title="bbox 2013 400 3596 477">
    <p class='ocr_par' dir='ltr' id='par_1_18' title="bbox 2013 400 3596 477">
     <span class='ocr_line' id='line_1_18' title="bbox 2013 400 3596 477; baseline -0.003 -16"><span class='ocrx_word' id='word_1_110' title='bbox 2013 418 2206 477; x_wconf 70' lang='lat' dir='ltr'><strong><em>prater</em></strong></span> <span class='ocrx_word' id='word_1_111' title='bbox 2226 406 2492 466; x_wconf 83' lang='lat' dir='ltr'><strong><em>meritum,</em></strong></span> <span class='ocrx_word' id='word_1_112' title='bbox 2516 402 2819 459; x_wconf 86' lang='lat' dir='ltr'><strong><em>insaniendi</em></strong></span> <span class='ocrx_word' id='word_1_113' title='bbox 2844 418 3069 458; x_wconf 90' lang='lat' dir='ltr'><strong><em>causam</em></strong></span> <span class='ocrx_word' id='word_1_114' title='bbox 3096 400 3421 455; x_wconf 88' lang='lat' dir='ltr'><strong><em>dementibus</em></strong></span> <span class='ocrx_word' id='word_1_115' title='bbox 3452 418 3596 471; x_wconf 74' lang='lat' dir='ltr'><strong><em>prte-</em></strong></span> 
     </span>
    </p>
   </div>
   <div class='ocr_carea' id='block_1_19' title="bbox 2011 484 3599 573">
    <p class='ocr_par' dir='ltr' id='par_1_19' title="bbox 2011 484 3599 573">
     <span class='ocr_line' id='line_1_19' title="bbox 2011 484 3599 573; baseline -0.005 -18"><span class='ocrx_word' id='word_1_116' title='bbox 2011 502 2114 555; x_wconf 85' lang='lat' dir='ltr'><strong><em>bet.</em></strong></span> <span class='ocrx_word' id='word_1_117' title='bbox 2150 498 2505 566; x_wconf 86' lang='lat' dir='ltr'><strong><em>Quamobrem</em></strong></span> <span class='ocrx_word' id='word_1_118' title='bbox 2555 504 2741 573; x_wconf 80' lang='lat' dir='ltr'><strong><em>partas</em></strong></span> <span class='ocrx_word' id='word_1_119' title='bbox 2772 484 2895 566; x_wconf 86' lang='lat' dir='ltr'><strong><em>opes</em></strong></span> <span class='ocrx_word' id='word_1_120' title='bbox 2936 496 3096 561; x_wconf 75' lang='lat' dir='ltr'><strong><em>tuem‘,</em></strong></span> <span class='ocrx_word' id='word_1_121' title='bbox 3141 511 3299 565; x_wconf 85' lang='lat' dir='ltr'><strong><em>quam</em></strong></span> <span class='ocrx_word' id='word_1_122' title='bbox 3328 494 3477 549; x_wconf 88' lang='lat' dir='ltr'><strong><em>initio</em></strong></span> <span class='ocrx_word' id='word_1_123' title='bbox 3506 510 3599 549; x_wconf 87' lang='lat' dir='ltr'><strong><em>eas</em></strong></span> 
     </span>
    </p>
   </div>
   <div class='ocr_carea' id='block_1_20' title="bbox 2011 574 3709 660">
    <p class='ocr_par' dir='ltr' id='par_1_20' title="bbox 2011 574 3709 660">
     <span class='ocr_line' id='line_1_20' title="bbox 2011 574 3709 660; baseline -0.006 -15"><span class='ocrx_word' id='word_1_124' title='bbox 2011 606 2249 659; x_wconf 73' lang='lat' dir='ltr'><strong><em>qua&#39;rere</em></strong></span> <span class='ocrx_word' id='word_1_125' title='bbox 2279 588 2588 660; x_wconf 81' lang='lat' dir='ltr'><strong><em>plerumque</em></strong></span> <span class='ocrx_word' id='word_1_126' title='bbox 2610 586 2872 656; x_wconf 73' lang='lat' dir='ltr'><strong><em>difﬁcilius</em></strong></span> <span class='ocrx_word' id='word_1_127' title='bbox 2886 576 3190 656; x_wconf 84' lang='lat' dir='ltr'><strong><em>judicatur.</em></strong></span> <span class='ocrx_word' id='word_1_128' title='bbox 3214 574 3407 640; x_wconf 22' lang='lat' dir='ltr'><strong><em>Vest-rw</em></strong></span> <span class='ocrx_word' id='word_1_129' title='bbox 3437 584 3601 655; x_wconf 84' lang='lat' dir='ltr'><strong><em>igitur</em></strong></span> <span class='ocrx_word' id='word_1_130' title='bbox 3638 614 3643 618; x_wconf 67' lang='grc' dir='ltr'><strong><em>ε</em></strong></span> <span class='ocrx_word' id='word_1_131' title='bbox 3676 600 3679 601; x_wconf 47' lang='grc' dir='ltr'><em>ν</em></span> <span class='ocrx_word' id='word_1_132' title='bbox 3706 605 3709 607; x_wconf 52' lang='grc' dir='ltr'>ν</span> 
     </span>
    </p>
   </div>
   <div class='ocr_carea' id='block_1_21' title="bbox 2014 675 3603 751">
    <p class='ocr_par' dir='ltr' id='par_1_21' title="bbox 2014 675 3603 751">
     <span class='ocr_line' id='line_1_21' title="bbox 2014 675 3603 751; baseline -0.006 -14"><span class='ocrx_word' id='word_1_133' title='bbox 2014 691 2193 751; x_wconf 88' lang='lat' dir='ltr'><strong><em>partes</em></strong></span> <span class='ocrx_word' id='word_1_134' title='bbox 2223 694 2366 745; x_wconf 84' lang='lat' dir='ltr'><strong><em>sunt,</em></strong></span> <span class='ocrx_word' id='word_1_135' title='bbox 2408 680 2783 741; x_wconf 79' lang='lat' dir='ltr'><strong><em>Athenienses.</em></strong></span> <span class='ocrx_word' id='word_1_136' title='bbox 2825 682 2919 734; x_wconf 84' lang='lat' dir='ltr'><strong><em>has</em></strong></span> <span class='ocrx_word' id='word_1_137' title='bbox 2959 685 3255 744; x_wconf 86' lang='lat' dir='ltr'><strong><em>temporum</em></strong></span> <span class='ocrx_word' id='word_1_138' title='bbox 3285 676 3434 731; x_wconf 88' lang='lat' dir='ltr'><strong><em>illius</em></strong></span> <span class='ocrx_word' id='word_1_139' title='bbox 3468 675 3603 746; x_wconf 66' lang='lat' dir='ltr'><strong><em>diffio.</em></strong></span> 
     </span>
    </p>
   </div>
   <div class='ocr_carea' id='block_1_22' title="bbox 2010 764 3607 841">
    <p class='ocr_par' dir='ltr' id='par_1_22' title="bbox 2010 764 3607 841">
     <span class='ocr_line' id='line_1_22' title="bbox 2010 764 3607 841; baseline -0.006 -12"><span class='ocrx_word' id='word_1_140' title='bbox 2010 772 2258 837; x_wconf 87' lang='lat' dir='ltr'><strong><em>cultates,</em></strong></span> <span class='ocrx_word' id='word_1_141' title='bbox 2284 782 2513 828; x_wconf 81' lang='lat' dir='ltr'><strong><em>vestram</em></strong></span> <span class='ocrx_word' id='word_1_142' title='bbox 2550 772 2742 826; x_wconf 88' lang='lat' dir='ltr'><strong><em>ducere</em></strong></span> <span class='ocrx_word' id='word_1_143' title='bbox 2766 776 3088 825; x_wconf 73' lang='lat' dir='ltr'><strong><em>occasionem</em></strong></span> <span class='ocrx_word' id='word_1_144' title='bbox 3116 813 3128 831; x_wconf 87' lang='lat'><strong><em>,</em></strong></span> <span class='ocrx_word' id='word_1_145' title='bbox 3163 771 3447 841; x_wconf 82' lang='lat' dir='ltr'><strong><em>statimque</em></strong></span> <span class='ocrx_word' id='word_1_146' title='bbox 3490 764 3607 822; x_wconf 68' lang='lat' dir='ltr'><strong><em>reni</em></strong></span> 
     </span>
    </p>
   </div>
   <div class='ocr_carea' id='block_1_23' title="bbox 2014 858 3603 937">
    <p class='ocr_par' dir='ltr' id='par_1_23' title="bbox 2014 858 3603 937">
     <span class='ocr_line' id='line_1_23' title="bbox 2014 858 3603 937; baseline -0.004 -14"><span class='ocrx_word' id='word_1_147' title='bbox 2014 870 2298 935; x_wconf 77' lang='lat' dir='ltr'><strong><em>sitscipere,</em></strong></span> <span class='ocrx_word' id='word_1_148' title='bbox 2327 879 2378 919; x_wconf 87' lang='lat' dir='ltr'><strong><em>et</em></strong></span> <span class='ocrx_word' id='word_1_149' title='bbox 2417 865 2619 935; x_wconf 76' lang='lat' dir='ltr'><strong><em>legatos</em></strong></span> <span class='ocrx_word' id='word_1_150' title='bbox 2656 858 2911 937; x_wconf 83' lang='lat' dir='ltr'><strong><em>mittendo</em></strong></span> <span class='ocrx_word' id='word_1_151' title='bbox 2954 881 3059 933; x_wconf 89' lang='lat' dir='ltr'><strong><em>quo</em></strong></span> <span class='ocrx_word' id='word_1_152' title='bbox 3102 865 3346 917; x_wconf 82' lang='lat' dir='ltr'><strong><em>mittendi</em></strong></span> <span class='ocrx_word' id='word_1_153' title='bbox 3372 874 3515 923; x_wconf 84' lang='lat' dir='ltr'><strong><em>sunt.</em></strong></span> <span class='ocrx_word' id='word_1_154' title='bbox 3546 871 3603 916; x_wconf 79' lang='lat' dir='ltr'><strong><em>et</em></strong></span> 
     </span>
    </p>
   </div>
   <div class='ocr_carea' id='block_1_24' title="bbox 2016 955 3605 1023">
    <p class='ocr_par' dir='ltr' id='par_1_24' title="bbox 2016 955 3605 1023">
     <span class='ocr_line' id='line_1_24' title="bbox 2016 955 3605 1023; baseline -0.004 -8"><span class='ocrx_word' id='word_1_155' title='bbox 2016 963 2072 1016; x_wconf 90' lang='lat' dir='ltr'><strong><em>in</em></strong></span> <span class='ocrx_word' id='word_1_156' title='bbox 2106 961 2355 1016; x_wconf 78' lang='lat' dir='ltr'><strong><em>militiam</em></strong></span> <span class='ocrx_word' id='word_1_157' title='bbox 2396 965 2657 1023; x_wconf 72' lang='lat' dir='ltr'><strong><em>exeundo,</em></strong></span> <span class='ocrx_word' id='word_1_158' title='bbox 2693 971 2739 1012; x_wconf 88' lang='lat' dir='ltr'><strong><em>et</em></strong></span> <span class='ocrx_word' id='word_1_159' title='bbox 2765 958 2899 1013; x_wconf 86' lang='lat' dir='ltr'><strong><em>alios</em></strong></span> <span class='ocrx_word' id='word_1_160' title='bbox 2925 972 3103 1012; x_wconf 88' lang='lat' dir='ltr'><strong><em>omnes</em></strong></span> <span class='ocrx_word' id='word_1_161' title='bbox 3125 958 3407 1012; x_wconf 87' lang='lat' dir='ltr'><strong><em>hortando.</em></strong></span> <span class='ocrx_word' id='word_1_162' title='bbox 3438 955 3605 1016; x_wconf 82' lang='lat' dir='ltr'><strong><em>Illud.</em></strong></span> 
     </span>
    </p>
   </div>
   <div class='ocr_carea' id='block_1_25' title="bbox 2019 1047 3610 1133">
    <p class='ocr_par' dir='ltr' id='par_1_25' title="bbox 2019 1047 3610 1133">
     <span class='ocr_line' id='line_1_25' title="bbox 2019 1047 3610 1133; baseline -0.003 -25"><span class='ocrx_word' id='word_1_163' title='bbox 2019 1072 2228 1133; x_wconf 44' lang='lat' dir='ltr'><strong><em>quaeso,</em></strong></span> <span class='ocrx_word' id='word_1_164' title='bbox 2269 1054 2463 1108; x_wconf 89' lang='lat' dir='ltr'><strong><em>animis</em></strong></span> <span class='ocrx_word' id='word_1_165' title='bbox 2513 1054 2699 1108; x_wconf 82' lang='lat' dir='ltr'><strong><em>vestris</em></strong></span> <span class='ocrx_word' id='word_1_166' title='bbox 2753 1066 3045 1122; x_wconf 82' lang='lat' dir='ltr'><strong><em>parumper</em></strong></span> <span class='ocrx_word' id='word_1_167' title='bbox 3074 1051 3347 1118; x_wconf 89' lang='lat' dir='ltr'><strong><em>concipite.</em></strong></span> <span class='ocrx_word' id='word_1_168' title='bbox 3386 1048 3445 1105; x_wconf 88' lang='lat' dir='ltr'><strong><em>Si</em></strong></span> <span class='ocrx_word' id='word_1_169' title='bbox 3480 1047 3610 1104; x_wconf 85' lang='lat' dir='ltr'><strong><em>Phi-</em></strong></span> 
     </span>
    </p>
   </div>
   <div class='ocr_carea' id='block_1_26' title="bbox 2021 1138 3612 1218">
    <p class='ocr_par' dir='ltr' id='par_1_26' title="bbox 2021 1138 3612 1218">
     <span class='ocr_line' id='line_1_26' title="bbox 2021 1138 3612 1218; baseline -0.004 -15"><span class='ocrx_word' id='word_1_170' title='bbox 2021 1138 2211 1218; x_wconf 86' lang='lat' dir='ltr'><strong><em>lippus</em></strong></span> <span class='ocrx_word' id='word_1_171' title='bbox 2232 1148 2673 1208; x_wconf 71' lang='lat' dir='ltr'><strong><em>talemadversus</em></strong></span> <span class='ocrx_word' id='word_1_172' title='bbox 2719 1160 2811 1198; x_wconf 89' lang='lat' dir='ltr'><strong><em>nos</em></strong></span> <span class='ocrx_word' id='word_1_173' title='bbox 2844 1144 3167 1197; x_wconf 85' lang='lat' dir='ltr'><strong><em>occasionem</em></strong></span> <span class='ocrx_word' id='word_1_174' title='bbox 3202 1143 3454 1211; x_wconf 82' lang='lat' dir='ltr'><strong><em>arripiat.</em></strong></span> <span class='ocrx_word' id='word_1_175' title='bbox 3478 1143 3612 1212; x_wconf 60' lang='lat' dir='ltr'><strong><em>jus-</em></strong></span> 
     </span>
    </p>
   </div>
   <div class='ocr_carea' id='block_1_27' title="bbox 2022 1237 3610 1312">
    <p class='ocr_par' dir='ltr' id='par_1_27' title="bbox 2022 1237 3610 1312">
     <span class='ocr_line' id='line_1_27' title="bbox 2022 1237 3610 1312; baseline -0.003 -16"><span class='ocrx_word' id='word_1_176' title='bbox 2022 1250 2184 1312; x_wconf 85' lang='lat' dir='ltr'><strong><em>taque</em></strong></span> <span class='ocrx_word' id='word_1_177' title='bbox 2211 1240 2343 1308; x_wconf 78' lang='lat' dir='ltr'><strong><em>ﬁnes</em></strong></span> <span class='ocrx_word' id='word_1_178' title='bbox 2371 1247 2565 1295; x_wconf 86' lang='lat' dir='ltr'><strong><em>vestros</em></strong></span> <span class='ocrx_word' id='word_1_179' title='bbox 2599 1237 2794 1293; x_wconf 87' lang='lat' dir='ltr'><strong><em>bellum</em></strong></span> <span class='ocrx_word' id='word_1_180' title='bbox 2844 1249 3084 1309; x_wconf 85' lang='lat' dir='ltr'><strong><em>geratur,</em></strong></span> <span class='ocrx_word' id='word_1_181' title='bbox 3116 1252 3215 1306; x_wconf 89' lang='lat' dir='ltr'><strong><em>qua</em></strong></span> <span class='ocrx_word' id='word_1_182' title='bbox 3248 1237 3462 1291; x_wconf 87' lang='lat' dir='ltr'><strong><em>tandem</em></strong></span> <span class='ocrx_word' id='word_1_183' title='bbox 3489 1254 3610 1291; x_wconf 87' lang='lat' dir='ltr'><strong><em>cum</em></strong></span> 
     </span>
    </p>
   </div>
   <div class='ocr_carea' id='block_1_28' title="bbox 2024 1316 3607 1401">
    <p class='ocr_par' dir='ltr' id='par_1_28' title="bbox 2024 1316 3607 1401">
     <span class='ocr_line' id='line_1_28' title="bbox 2024 1316 3607 1401; baseline -0.006 -13"><span class='ocrx_word' id='word_1_184' title='bbox 2024 1316 2309 1388; x_wconf 70' lang='lat' dir='ltr'><strong><em>alacritate</em></strong></span> <span class='ocrx_word' id='word_1_185' title='bbox 2337 1342 2459 1386; x_wconf 88' lang='lat' dir='ltr'><strong><em>cum</em></strong></span> <span class='ocrx_word' id='word_1_186' title='bbox 2502 1332 2604 1386; x_wconf 85' lang='lat' dir='ltr'><strong><em>huc</em></strong></span> <span class='ocrx_word' id='word_1_187' title='bbox 2653 1330 2906 1401; x_wconf 86' lang='lat' dir='ltr'><strong><em>impetum</em></strong></span> <span class='ocrx_word' id='word_1_188' title='bbox 2933 1329 3199 1399; x_wconf 88' lang='lat' dir='ltr'><strong><em>facturum</em></strong></span> <span class='ocrx_word' id='word_1_189' title='bbox 3243 1330 3493 1399; x_wconf 84' lang='lat' dir='ltr'><strong><em>putatis?</em></strong></span> <span class='ocrx_word' id='word_1_190' title='bbox 3540 1334 3607 1382; x_wconf 82' lang='lat' dir='ltr'><strong><em>At</em></strong></span> 
     </span>
    </p>
   </div>
   <div class='ocr_carea' id='block_1_29' title="bbox 2024 1419 3610 1492">
    <p class='ocr_par' dir='ltr' id='par_1_29' title="bbox 2024 1419 3610 1492">
     <span class='ocr_line' id='line_1_29' title="bbox 2024 1419 3610 1492; baseline -0.003 -16"><span class='ocrx_word' id='word_1_191' title='bbox 2024 1439 2119 1478; x_wconf 88' lang='lat' dir='ltr'><strong><em>nos</em></strong></span> <span class='ocrx_word' id='word_1_192' title='bbox 2147 1438 2250 1476; x_wconf 88' lang='lat' dir='ltr'><strong><em>non</em></strong></span> <span class='ocrx_word' id='word_1_193' title='bbox 2265 1421 2434 1492; x_wconf 75' lang='lat' dir='ltr'><strong><em>pudet</em></strong></span> <span class='ocrx_word' id='word_1_194' title='bbox 2458 1437 2478 1487; x_wconf 88' lang='grc'><strong><em>;</em></strong></span> <span class='ocrx_word' id='word_1_195' title='bbox 2507 1431 2555 1475; x_wconf 88' lang='lat' dir='ltr'><strong><em>et</em></strong></span> <span class='ocrx_word' id='word_1_196' title='bbox 2581 1435 2700 1492; x_wconf 76' lang='lat' dir='ltr'><strong><em>qut:</em></strong></span> <span class='ocrx_word' id='word_1_197' title='bbox 2727 1420 3041 1486; x_wconf 88' lang='lat' dir='ltr'><strong><em>pateremini</em></strong></span> <span class='ocrx_word' id='word_1_198' title='bbox 3082 1420 3128 1473; x_wconf 89' lang='lat' dir='ltr'><strong><em>si</em></strong></span> <span class='ocrx_word' id='word_1_199' title='bbox 3164 1419 3261 1472; x_wconf 79' lang='lat' dir='ltr'><strong><em>ille</em></strong></span> <span class='ocrx_word' id='word_1_200' title='bbox 3289 1426 3461 1487; x_wconf 84' lang='lat' dir='ltr'><strong><em>posset</em></strong></span> <span class='ocrx_word' id='word_1_201' title='bbox 3516 1434 3610 1472; x_wconf 87' lang='lat' dir='ltr'><strong><em>ea-</em></strong></span> 
     </span>
    </p>
   </div>
   <div class='ocr_carea' id='block_1_30' title="bbox 2023 1507 3609 1583">
    <p class='ocr_par' dir='ltr' id='par_1_30' title="bbox 2023 1507 3609 1583">
     <span class='ocr_line' id='line_1_30' title="bbox 2023 1507 3609 1583; baseline -0.003 -17"><span class='ocrx_word' id='word_1_202' title='bbox 2023 1514 2162 1579; x_wconf 91' lang='lat' dir='ltr'><strong><em>dem,</em></strong></span> <span class='ocrx_word' id='word_1_203' title='bbox 2197 1529 2314 1567; x_wconf 89' lang='lat' dir='ltr'><strong><em>cum</em></strong></span> <span class='ocrx_word' id='word_1_204' title='bbox 2359 1510 2590 1583; x_wconf 88' lang='lat' dir='ltr'><strong><em>facultas</em></strong></span> <span class='ocrx_word' id='word_1_205' title='bbox 2622 1512 2711 1575; x_wconf 86' lang='lat' dir='ltr'><strong><em>sit,</em></strong></span> <span class='ocrx_word' id='word_1_206' title='bbox 2735 1510 2930 1582; x_wconf 82' lang='lat' dir='ltr'><strong><em>inferre</em></strong></span> <span class='ocrx_word' id='word_1_207' title='bbox 2958 1528 3063 1564; x_wconf 90' lang='lat' dir='ltr'><strong><em>non</em></strong></span> <span class='ocrx_word' id='word_1_208' title='bbox 3099 1509 3359 1564; x_wconf 82' lang='lat' dir='ltr'><strong><em>audebitis</em></strong></span> <span class='ocrx_word' id='word_1_209' title='bbox 3384 1510 3405 1564; x_wconf 87' lang='lat'><strong><em>!</em></strong></span> <span class='ocrx_word' id='word_1_210' title='bbox 3430 1507 3609 1575; x_wconf 84' lang='lat' dir='ltr'><strong><em>Neque</em></strong></span> 
     </span>
    </p>
   </div>
   <div class='ocr_carea' id='block_1_31' title="bbox 336 1590 3615 1688">
    <p class='ocr_par' dir='ltr' id='par_1_31' title="bbox 336 1590 3615 1688">
     <span class='ocr_line' id='line_1_31' title="bbox 336 1590 3615 1688; baseline -0.002 -16"><span class='ocrx_word' id='word_1_211' title='bbox 336 1590 571 1688; x_wconf 72' lang='lat' dir='ltr'><strong><em>pecunias</em></strong></span> <span class='ocrx_word' id='word_1_212' title='bbox 606 1617 891 1683; x_wconf 71' lang='lat' dir='ltr'><strong><em>militares,</em></strong></span> <span class='ocrx_word' id='word_1_213' title='bbox 918 1590 1041 1672; x_wconf 67' lang='lat' dir='ltr'><strong><em>sum</em></strong></span> <span class='ocrx_word' id='word_1_214' title='bbox 1063 1618 1215 1672; x_wconf 86' lang='lat' dir='ltr'><strong><em>nobis</em></strong></span> <span class='ocrx_word' id='word_1_215' title='bbox 1263 1617 1523 1687; x_wconf 76' lang='lat' dir='ltr'><strong><em>pecuniie,</em></strong></span> <span class='ocrx_word' id='word_1_216' title='bbox 1559 1615 1919 1679; x_wconf 82' lang='lat' dir='ltr'><strong><em>Athenienses,</em></strong></span> <span class='ocrx_word' id='word_1_217' title='bbox 1948 1626 1996 1688; x_wconf 35' lang='grc' dir='ltr'><strong><em>θμ</em></strong></span> <span class='ocrx_word' id='word_1_218' title='bbox 2026 1621 2114 1659; x_wconf 71' lang='lat' dir='ltr'><strong><em>vos</em></strong></span> <span class='ocrx_word' id='word_1_219' title='bbox 2140 1606 2327 1668; x_wconf 73' lang='lat' dir='ltr'><strong><em>lateat.</em></strong></span> <span class='ocrx_word' id='word_1_220' title='bbox 2362 1604 2729 1669; x_wconf 72' lang='lat' dir='ltr'><strong><em>Athenimes.</em></strong></span> <span class='ocrx_word' id='word_1_221' title='bbox 2763 1605 2904 1657; x_wconf 77' lang='lat' dir='ltr'><strong><em>vobis</em></strong></span> <span class='ocrx_word' id='word_1_222' title='bbox 2936 1601 3090 1657; x_wconf 72' lang='lat' dir='ltr'><strong><em>hodie</em></strong></span> <span class='ocrx_word' id='word_1_223' title='bbox 3114 1590 3453 1656; x_wconf 69' lang='lat' dir='ltr'><strong><em>statuendum</em></strong></span> <span class='ocrx_word' id='word_1_224' title='bbox 3481 1615 3615 1665; x_wconf 72' lang='lat' dir='ltr'><strong><em>esse.</em></strong></span> 
     </span>
    </p>
   </div>
   <div class='ocr_carea' id='block_1_32' title="bbox 336 1675 3612 1783">
    <p class='ocr_par' dir='ltr' id='par_1_32' title="bbox 336 1675 3612 1783">
     <span class='ocr_line' id='line_1_32' title="bbox 336 1675 3612 1783; baseline -0.005 -18"><span class='ocrx_word' id='word_1_225' title='bbox 336 1675 385 1765; x_wconf 74' lang='lat' dir='ltr'><strong><em>et</em></strong></span> <span class='ocrx_word' id='word_1_226' title='bbox 419 1714 630 1782; x_wconf 79' lang='lat' dir='ltr'><strong><em>quidem</em></strong></span> <span class='ocrx_word' id='word_1_227' title='bbox 659 1690 756 1777; x_wconf 88' lang='lat' dir='ltr'><strong><em>tot,</em></strong></span> <span class='ocrx_word' id='word_1_228' title='bbox 804 1675 933 1783; x_wconf 78' lang='lat' dir='ltr'><strong><em>quot</em></strong></span> <span class='ocrx_word' id='word_1_229' title='bbox 978 1675 1289 1765; x_wconf 81' lang='lat' dir='ltr'><strong><em>mortalium</em></strong></span> <span class='ocrx_word' id='word_1_230' title='bbox 1331 1675 1548 1762; x_wconf 86' lang='lat' dir='ltr'><strong><em>nemini.</em></strong></span> <span class='ocrx_word' id='word_1_231' title='bbox 1593 1705 1694 1761; x_wconf 81' lang='lat' dir='ltr'><strong><em>Fas</em></strong></span> <span class='ocrx_word' id='word_1_232' title='bbox 1740 1675 1918 1760; x_wconf 81' lang='lat' dir='ltr'><strong><em>autem</em></strong></span> <span class='ocrx_word' id='word_1_233' title='bbox 1953 1675 1999 1736; x_wconf 70' lang='grc' dir='ltr'><strong><em>Β</em></strong></span> <span class='ocrx_word' id='word_1_234' title='bbox 2027 1711 2206 1755; x_wconf 86' lang='lat' dir='ltr'><strong><em>utrum</em></strong></span> <span class='ocrx_word' id='word_1_235' title='bbox 2255 1698 2366 1754; x_wconf 90' lang='lat' dir='ltr'><strong><em>illic</em></strong></span> <span class='ocrx_word' id='word_1_236' title='bbox 2411 1715 2524 1763; x_wconf 90' lang='lat' dir='ltr'><strong><em>vos,</em></strong></span> <span class='ocrx_word' id='word_1_237' title='bbox 2556 1688 2626 1752; x_wconf 83' lang='lat' dir='ltr'><strong><em>an</em></strong></span> <span class='ocrx_word' id='word_1_238' title='bbox 2659 1697 2750 1752; x_wconf 88' lang='lat' dir='ltr'><strong><em>ille</em></strong></span> <span class='ocrx_word' id='word_1_239' title='bbox 2791 1697 2871 1751; x_wconf 89' lang='lat' dir='ltr'><strong><em>hic</em></strong></span> <span class='ocrx_word' id='word_1_240' title='bbox 2902 1695 3097 1750; x_wconf 86' lang='lat' dir='ltr'><strong><em>bellum</em></strong></span> <span class='ocrx_word' id='word_1_241' title='bbox 3127 1704 3374 1766; x_wconf 75' lang='lat' dir='ltr'><strong><em>gesturus</em></strong></span> <span class='ocrx_word' id='word_1_242' title='bbox 3423 1697 3511 1749; x_wconf 83' lang='lat' dir='ltr'><strong><em>sit.</em></strong></span> <span class='ocrx_word' id='word_1_243' title='bbox 3548 1695 3612 1749; x_wconf 82' lang='lat' dir='ltr'><strong><em>Si</em></strong></span> 
     </span>
    </p>
   </div>
   <div class='ocr_carea' id='block_1_33' title="bbox 337 1796 1923 1868">
    <p class='ocr_par' dir='ltr' id='par_1_33' title="bbox 337 1796 1923 1868">
     <span class='ocr_line' id='line_1_33' title="bbox 337 1796 1923 1868; baseline -0.006 -11"><span class='ocrx_word' id='word_1_244' title='bbox 337 1820 449 1867; x_wconf 89' lang='lat' dir='ltr'><strong><em>vos,</em></strong></span> <span class='ocrx_word' id='word_1_245' title='bbox 480 1813 536 1857; x_wconf 86' lang='lat' dir='ltr'><strong><em>ut</em></strong></span> <span class='ocrx_word' id='word_1_246' title='bbox 569 1802 717 1867; x_wconf 84' lang='lat' dir='ltr'><strong><em>libet,</em></strong></span> <span class='ocrx_word' id='word_1_247' title='bbox 766 1803 1063 1868; x_wconf 89' lang='lat' dir='ltr'><strong><em>accipiatis.</em></strong></span> <span class='ocrx_word' id='word_1_248' title='bbox 1105 1800 1215 1855; x_wconf 86' lang='lat' dir='ltr'><strong><em>Eas</em></strong></span> <span class='ocrx_word' id='word_1_249' title='bbox 1247 1808 1386 1853; x_wconf 90' lang='lat' dir='ltr'><strong><em>certe</em></strong></span> <span class='ocrx_word' id='word_1_250' title='bbox 1432 1800 1478 1852; x_wconf 88' lang='lat' dir='ltr'><strong><em>si</em></strong></span> <span class='ocrx_word' id='word_1_251' title='bbox 1513 1796 1765 1850; x_wconf 81' lang='lat' dir='ltr'><strong><em>militibus</em></strong></span> <span class='ocrx_word' id='word_1_252' title='bbox 1804 1796 1923 1849; x_wconf 91' lang='lat' dir='ltr'><strong><em>red-</em></strong></span> 
     </span>
    </p>
   </div>
   <div class='ocr_carea' id='block_1_34' title="bbox 339 1889 1922 1968">
    <p class='ocr_par' dir='ltr' id='par_1_34' title="bbox 339 1889 1922 1968">
     <span class='ocr_line' id='line_1_34' title="bbox 339 1889 1922 1968; baseline -0.005 -21"><span class='ocrx_word' id='word_1_253' title='bbox 339 1894 490 1958; x_wconf 88' lang='lat' dir='ltr'><strong><em>detis,</em></strong></span> <span class='ocrx_word' id='word_1_254' title='bbox 518 1890 682 1968; x_wconf 73' lang='lat' dir='ltr'><strong><em>nullae</em></strong></span> <span class='ocrx_word' id='word_1_255' title='bbox 706 1892 849 1946; x_wconf 86' lang='lat' dir='ltr'><strong><em>vobis</em></strong></span> <span class='ocrx_word' id='word_1_256' title='bbox 870 1894 1058 1946; x_wconf 78' lang='lat' dir='ltr'><strong><em>desunt</em></strong></span> <span class='ocrx_word' id='word_1_257' title='bbox 1087 1898 1346 1959; x_wconf 71' lang='lat' dir='ltr'><strong><em>pratterea</em></strong></span> <span class='ocrx_word' id='word_1_258' title='bbox 1367 1905 1386 1944; x_wconf 92' lang='lat'><strong><em>:</em></strong></span> <span class='ocrx_word' id='word_1_259' title='bbox 1424 1890 1508 1942; x_wconf 88' lang='lat' dir='ltr'><strong><em>sin</em></strong></span> <span class='ocrx_word' id='word_1_260' title='bbox 1543 1889 1738 1950; x_wconf 87' lang='lat' dir='ltr'><strong><em>minus,</em></strong></span> <span class='ocrx_word' id='word_1_261' title='bbox 1777 1899 1922 1957; x_wconf 75' lang='lat' dir='ltr'><strong><em>pra:-</em></strong></span> 
     </span>
    </p>
   </div>
   <div class='ocr_carea' id='block_1_35' title="bbox 316 1980 1923 2059">
    <p class='ocr_par' dir='ltr' id='par_1_35' title="bbox 316 1980 1923 2059">
     <span class='ocr_line' id='line_1_35' title="bbox 316 1980 1923 2059; baseline -0.004 -21"><span class='ocrx_word' id='word_1_262' title='bbox 316 1980 481 2041; x_wconf 32' lang='lat' dir='ltr'><strong><em>‘terea</em></strong></span> <span class='ocrx_word' id='word_1_263' title='bbox 535 1986 895 2059; x_wconf 87' lang='lat' dir='ltr'><strong><em>desunt;imo</em></strong></span> <span class='ocrx_word' id='word_1_264' title='bbox 937 2000 1060 2040; x_wconf 85' lang='lat' dir='ltr'><strong><em>vero</em></strong></span> <span class='ocrx_word' id='word_1_265' title='bbox 1112 1998 1289 2038; x_wconf 87' lang='lat' dir='ltr'><strong><em>omnes</em></strong></span> <span class='ocrx_word' id='word_1_266' title='bbox 1329 1982 1538 2053; x_wconf 86' lang='lat' dir='ltr'><strong><em>penitus</em></strong></span> <span class='ocrx_word' id='word_1_267' title='bbox 1592 1980 1923 2034; x_wconf 82' lang='lat' dir='ltr'><strong><em>invenienda:</em></strong></span> 
     </span>
    </p>
   </div>
   <div class='ocr_carea' id='block_1_36' title="bbox 339 2072 1923 2149">
    <p class='ocr_par' dir='ltr' id='par_1_36' title="bbox 339 2072 1923 2149">
     <span class='ocr_line' id='line_1_36' title="bbox 339 2072 1923 2149; baseline -0.004 -16"><span class='ocrx_word' id='word_1_268' title='bbox 339 2090 485 2149; x_wconf 86' lang='lat' dir='ltr'><strong><em>sunt.</em></strong></span> <span class='ocrx_word' id='word_1_269' title='bbox 535 2079 699 2145; x_wconf 84' lang='lat' dir='ltr'><strong><em>Quid,</em></strong></span> <span class='ocrx_word' id='word_1_270' title='bbox 760 2080 989 2149; x_wconf 81' lang='lat' dir='ltr'><strong><em>inquies,</em></strong></span> <span class='ocrx_word' id='word_1_271' title='bbox 1042 2077 1275 2147; x_wconf 87' lang='lat' dir='ltr'><strong><em>refersne</em></strong></span> <span class='ocrx_word' id='word_1_272' title='bbox 1318 2072 1492 2129; x_wconf 73' lang='lat' dir='ltr'><strong><em>tu&#39;ad</em></strong></span> <span class='ocrx_word' id='word_1_273' title='bbox 1543 2084 1787 2128; x_wconf 87' lang='lat' dir='ltr'><strong><em>senatum</em></strong></span> <span class='ocrx_word' id='word_1_274' title='bbox 1835 2088 1923 2126; x_wconf 91' lang='lat' dir='ltr'><strong><em>eas</em></strong></span> 
     </span>
    </p>
   </div>
   <div class='ocr_carea' id='block_1_37' title="bbox 342 2166 1924 2235">
    <p class='ocr_par' dir='ltr' id='par_1_37' title="bbox 342 2166 1924 2235">
     <span class='ocr_line' id='line_1_37' title="bbox 342 2166 1924 2235; baseline -0.006 -8"><span class='ocrx_word' id='word_1_275' title='bbox 342 2173 592 2235; x_wconf 72' lang='lat' dir='ltr'><strong><em>pecunias</em></strong></span> <span class='ocrx_word' id='word_1_276' title='bbox 622 2170 878 2226; x_wconf 86' lang='lat' dir='ltr'><strong><em>militares</em></strong></span> <span class='ocrx_word' id='word_1_277' title='bbox 912 2187 1022 2225; x_wconf 89' lang='lat' dir='ltr'><strong><em>esse</em></strong></span> <span class='ocrx_word' id='word_1_278' title='bbox 1050 2170 1273 2225; x_wconf 69' lang='lat' dir='ltr'><strong><em>debere?</em></strong></span> <span class='ocrx_word' id='word_1_279' title='bbox 1295 2169 1532 2231; x_wconf 79' lang='lat' dir='ltr'><strong><em>Minime,</em></strong></span> <span class='ocrx_word' id='word_1_280' title='bbox 1577 2169 1876 2222; x_wconf 83' lang='lat' dir='ltr'><strong><em>mehercule</em></strong></span> <span class='ocrx_word' id='word_1_281' title='bbox 1904 2166 1924 2219; x_wconf 79' lang='lat' dir='ltr'><strong><em>l</em></strong></span> 
     </span>
    </p>
   </div>
   <div class='ocr_carea' id='block_1_38' title="bbox 346 2258 1953 2335">
    <p class='ocr_par' dir='ltr' id='par_1_38' title="bbox 346 2258 1953 2335">
     <span class='ocr_line' id='line_1_38' title="bbox 346 2258 1953 2335; baseline -0.005 -17"><span class='ocrx_word' id='word_1_282' title='bbox 346 2262 461 2335; x_wconf 83' lang='lat' dir='ltr'><strong><em>Ego</em></strong></span> <span class='ocrx_word' id='word_1_283' title='bbox 498 2279 618 2318; x_wconf 88' lang='lat' dir='ltr'><strong><em>vero</em></strong></span> <span class='ocrx_word' id='word_1_284' title='bbox 652 2262 841 2316; x_wconf 80' lang='lat' dir='ltr'><strong><em>milites</em></strong></span> <span class='ocrx_word' id='word_1_285' title='bbox 864 2263 1205 2335; x_wconf 77' lang='lat' dir='ltr'><strong><em>instruendae</em></strong></span> <span class='ocrx_word' id='word_1_286' title='bbox 1228 2276 1340 2315; x_wconf 88' lang='lat' dir='ltr'><strong><em>esse</em></strong></span> <span class='ocrx_word' id='word_1_287' title='bbox 1362 2276 1569 2323; x_wconf 87' lang='lat' dir='ltr'><strong><em>censeo,</em></strong></span> <span class='ocrx_word' id='word_1_288' title='bbox 1594 2267 1644 2312; x_wconf 87' lang='lat' dir='ltr'><strong><em>et</em></strong></span> <span class='ocrx_word' id='word_1_289' title='bbox 1674 2258 1953 2327; x_wconf 88' lang='lat' dir='ltr'><strong><em>pecunias-</em></strong></span> 
     </span>
    </p>
   </div>
   <div class='ocr_carea' id='block_1_39' title="bbox 345 2352 1930 2434">
    <p class='ocr_par' dir='ltr' id='par_1_39' title="bbox 345 2352 1930 2434">
     <span class='ocr_line' id='line_1_39' title="bbox 345 2352 1930 2434; baseline -0.007 -21"><span class='ocrx_word' id='word_1_290' title='bbox 345 2374 463 2434; x_wconf 79' lang='lat' dir='ltr'><strong><em>qute</em></strong></span> <span class='ocrx_word' id='word_1_291' title='bbox 501 2358 567 2411; x_wconf 86' lang='lat' dir='ltr'><strong><em>iis</em></strong></span> <span class='ocrx_word' id='word_1_292' title='bbox 620 2355 1085 2411; x_wconf 67' lang='lat' dir='ltr'><strong><em>subministrandis:</em></strong></span> <span class='ocrx_word' id='word_1_293' title='bbox 1136 2362 1281 2419; x_wconf 79' lang='lat' dir='ltr'><strong><em>sunt,</em></strong></span> <span class='ocrx_word' id='word_1_294' title='bbox 1334 2352 1592 2406; x_wconf 87' lang='lat' dir='ltr'><strong><em>militares</em></strong></span> <span class='ocrx_word' id='word_1_295' title='bbox 1635 2366 1783 2415; x_wconf 88' lang='lat' dir='ltr'><strong><em>esse;</em></strong></span> <span class='ocrx_word' id='word_1_296' title='bbox 1816 2366 1930 2405; x_wconf 84' lang='lat' dir='ltr'><strong><em>mu-</em></strong></span> 
     </span>
    </p>
   </div>
   <div class='ocr_carea' id='block_1_40' title="bbox 348 2443 1931 2523">
    <p class='ocr_par' dir='ltr' id='par_1_40' title="bbox 348 2443 1931 2523">
     <span class='ocr_line' id='line_1_40' title="bbox 348 2443 1931 2523; baseline -0.006 -17"><span class='ocrx_word' id='word_1_297' title='bbox 348 2462 601 2523; x_wconf 86' lang='lat' dir='ltr'><strong><em>tuumque</em></strong></span> <span class='ocrx_word' id='word_1_298' title='bbox 629 2465 737 2505; x_wconf 85' lang='lat' dir='ltr'><strong><em>esse</em></strong></span> <span class='ocrx_word' id='word_1_299' title='bbox 758 2459 998 2517; x_wconf 89' lang='lat' dir='ltr'><strong><em>oportere</em></strong></span> <span class='ocrx_word' id='word_1_300' title='bbox 1017 2455 1273 2519; x_wconf 81' lang='lat' dir='ltr'><strong><em>prteslare</em></strong></span> <span class='ocrx_word' id='word_1_301' title='bbox 1304 2443 1542 2515; x_wconf 83' lang='lat' dir='ltr'><strong><em>Operam,</em></strong></span> <span class='ocrx_word' id='word_1_302' title='bbox 1574 2455 1624 2498; x_wconf 88' lang='lat' dir='ltr'><strong><em>et</em></strong></span> <span class='ocrx_word' id='word_1_303' title='bbox 1655 2443 1931 2515; x_wconf 83' lang='lat' dir='ltr'><strong><em>pecuniam</em></strong></span> 
     </span>
    </p>
   </div>
   <div class='ocr_carea' id='block_1_41' title="bbox 348 2538 1930 2614">
    <p class='ocr_par' dir='ltr' id='par_1_41' title="bbox 348 2538 1930 2614">
     <span class='ocr_line' id='line_1_41' title="bbox 348 2538 1930 2614; baseline -0.006 -13"><span class='ocrx_word' id='word_1_304' title='bbox 348 2548 607 2614; x_wconf 88' lang='lat' dir='ltr'><strong><em>accipere.</em></strong></span> <span class='ocrx_word' id='word_1_305' title='bbox 644 2542 741 2598; x_wconf 84' lang='lat' dir='ltr'><strong><em>Vos</em></strong></span> <span class='ocrx_word' id='word_1_306' title='bbox 758 2550 958 2607; x_wconf 80' lang='lat' dir='ltr'><strong><em>autem,</em></strong></span> <span class='ocrx_word' id='word_1_307' title='bbox 986 2545 1156 2595; x_wconf 85' lang='lat' dir='ltr'><strong><em>nescio</em></strong></span> <span class='ocrx_word' id='word_1_308' title='bbox 1182 2557 1284 2613; x_wconf 83' lang='lat' dir='ltr'><strong><em>quo</em></strong></span> <span class='ocrx_word' id='word_1_309' title='bbox 1318 2541 1492 2609; x_wconf 83' lang='lat' dir='ltr'><strong><em>pacto,</em></strong></span> <span class='ocrx_word' id='word_1_310' title='bbox 1525 2554 1614 2593; x_wconf 89' lang='lat' dir='ltr'><strong><em>eas</em></strong></span> <span class='ocrx_word' id='word_1_311' title='bbox 1645 2553 1739 2609; x_wconf 90' lang='lat' dir='ltr'><strong><em>per</em></strong></span> <span class='ocrx_word' id='word_1_312' title='bbox 1768 2538 1930 2591; x_wconf 80' lang='lat' dir='ltr'><strong><em>otium</em></strong></span> 
     </span>
    </p>
   </div>
   <div class='ocr_carea' id='block_1_42' title="bbox 352 2625 2026 2709">
    <p class='ocr_par' dir='ltr' id='par_1_42' title="bbox 352 2625 2026 2709">
     <span class='ocr_line' id='line_1_42' title="bbox 352 2625 2026 2709; baseline -0.008 -17"><span class='ocrx_word' id='word_1_313' title='bbox 352 2637 422 2692; x_wconf 86' lang='lat' dir='ltr'><strong><em>ad</em></strong></span> <span class='ocrx_word' id='word_1_314' title='bbox 482 2637 591 2690; x_wconf 81' lang='lat' dir='ltr'><strong><em>dies</em></strong></span> <span class='ocrx_word' id='word_1_315' title='bbox 623 2634 780 2705; x_wconf 89' lang='lat' dir='ltr'><strong><em>festos</em></strong></span> <span class='ocrx_word' id='word_1_316' title='bbox 813 2633 1072 2709; x_wconf 81' lang='lat' dir='ltr'><strong><em>accipitis.</em></strong></span> <span class='ocrx_word' id='word_1_317' title='bbox 1114 2630 1292 2698; x_wconf 81' lang='lat' dir='ltr'><strong><em>Quare</em></strong></span> <span class='ocrx_word' id='word_1_318' title='bbox 1324 2629 1468 2684; x_wconf 86' lang='lat' dir='ltr'><strong><em>video</em></strong></span> <span class='ocrx_word' id='word_1_319' title='bbox 1499 2629 1764 2699; x_wconf 88' lang='lat' dir='ltr'><strong><em>reliquum</em></strong></span> <span class='ocrx_word' id='word_1_320' title='bbox 1819 2625 1933 2681; x_wconf 73' lang='lat' dir='ltr'><strong><em>esito</em></strong></span> <span class='ocrx_word' id='word_1_321' title='bbox 1966 2638 1984 2667; x_wconf 72' lang='grc' dir='ltr'>ί</span> <span class='ocrx_word' id='word_1_322' title='bbox 2022 2642 2026 2645; x_wconf 58' lang='grc'>⁷</span> 
     </span>
    </p>
   </div>
   <div class='ocr_carea' id='block_1_43' title="bbox 353 2719 1933 2799">
    <p class='ocr_par' dir='ltr' id='par_1_43' title="bbox 353 2719 1933 2799">
     <span class='ocr_line' id='line_1_43' title="bbox 353 2719 1933 2799; baseline -0.004 -17"><span class='ocrx_word' id='word_1_323' title='bbox 353 2741 412 2783; x_wconf 84' lang='lat' dir='ltr'><strong><em>ut</em></strong></span> <span class='ocrx_word' id='word_1_324' title='bbox 447 2730 623 2783; x_wconf 87' lang='lat' dir='ltr'><strong><em>cuncti</em></strong></span> <span class='ocrx_word' id='word_1_325' title='bbox 656 2727 902 2799; x_wconf 80' lang='lat' dir='ltr'><strong><em>pecunias</em></strong></span> <span class='ocrx_word' id='word_1_326' title='bbox 936 2726 993 2781; x_wconf 87' lang='lat' dir='ltr'><strong><em>in</em></strong></span> <span class='ocrx_word' id='word_1_327' title='bbox 1036 2722 1301 2796; x_wconf 77' lang='lat' dir='ltr'><strong><em>publicum</em></strong></span> <span class='ocrx_word' id='word_1_328' title='bbox 1332 2722 1642 2796; x_wconf 86' lang='lat' dir='ltr'><strong><em>conferatis,</em></strong></span> <span class='ocrx_word' id='word_1_329' title='bbox 1667 2722 1714 2777; x_wconf 89' lang='lat' dir='ltr'><strong><em>si</em></strong></span> <span class='ocrx_word' id='word_1_330' title='bbox 1752 2719 1933 2776; x_wconf 84' lang='lat' dir='ltr'><strong><em>multis</em></strong></span> 
     </span>
    </p>
   </div>
   <div class='ocr_carea' id='block_1_44' title="bbox 354 2811 1937 2891">
    <p class='ocr_par' dir='ltr' id='par_1_44' title="bbox 354 2811 1937 2891">
     <span class='ocr_line' id='line_1_44' title="bbox 354 2811 1937 2891; baseline -0.003 -17"><span class='ocrx_word' id='word_1_331' title='bbox 354 2838 487 2891; x_wconf 88' lang='lat' dir='ltr'><strong><em>opus</em></strong></span> <span class='ocrx_word' id='word_1_332' title='bbox 518 2831 615 2887; x_wconf 89' lang='lat' dir='ltr'><strong><em>est,</em></strong></span> <span class='ocrx_word' id='word_1_333' title='bbox 660 2820 878 2888; x_wconf 88' lang='lat' dir='ltr'><strong><em>multas,</em></strong></span> <span class='ocrx_word' id='word_1_334' title='bbox 904 2822 990 2876; x_wconf 88' lang='lat' dir='ltr'><strong><em>sin</em></strong></span> <span class='ocrx_word' id='word_1_335' title='bbox 1020 2811 1227 2891; x_wconf 88' lang='lat' dir='ltr'><strong><em>paucis,</em></strong></span> <span class='ocrx_word' id='word_1_336' title='bbox 1262 2834 1485 2887; x_wconf 84' lang='lat' dir='ltr'><strong><em>paucas.</em></strong></span> <span class='ocrx_word' id='word_1_337' title='bbox 1516 2816 1803 2872; x_wconf 85' lang='lat' dir='ltr'><strong><em>Enimvero</em></strong></span> <span class='ocrx_word' id='word_1_338' title='bbox 1848 2832 1937 2887; x_wconf 89' lang='lat' dir='ltr'><strong><em>pe-</em></strong></span> 
     </span>
    </p>
   </div>
   <div class='ocr_carea' id='block_1_45' title="bbox 354 2910 1939 2986">
    <p class='ocr_par' dir='ltr' id='par_1_45' title="bbox 354 2910 1939 2986">
     <span class='ocr_line' id='line_1_45' title="bbox 354 2910 1939 2986; baseline -0.003 -17"><span class='ocrx_word' id='word_1_339' title='bbox 354 2919 524 2971; x_wconf 84' lang='lat' dir='ltr'><strong><em>cuniis</em></strong></span> <span class='ocrx_word' id='word_1_340' title='bbox 562 2931 693 2986; x_wconf 87' lang='lat' dir='ltr'><strong><em>opus</em></strong></span> <span class='ocrx_word' id='word_1_341' title='bbox 732 2922 857 2969; x_wconf 88' lang='lat' dir='ltr'><strong><em>est:</em></strong></span> <span class='ocrx_word' id='word_1_342' title='bbox 901 2914 1067 2984; x_wconf 82' lang='lat' dir='ltr'><strong><em>opus,</em></strong></span> <span class='ocrx_word' id='word_1_343' title='bbox 1106 2912 1350 2981; x_wconf 76' lang='lat' dir='ltr'><strong><em>inquam,</em></strong></span> <span class='ocrx_word' id='word_1_344' title='bbox 1390 2919 1467 2964; x_wconf 90' lang='lat' dir='ltr'><strong><em>est</em></strong></span> <span class='ocrx_word' id='word_1_345' title='bbox 1524 2910 1777 2980; x_wconf 86' lang='lat' dir='ltr'><strong><em>pecuniis,</em></strong></span> <span class='ocrx_word' id='word_1_346' title='bbox 1825 2910 1939 2964; x_wconf 74' lang='lat' dir='ltr'><strong><em>sine</em></strong></span> 
     </span>
    </p>
   </div>
   <div class='ocr_carea' id='block_1_46' title="bbox 356 3002 1936 3081">
    <p class='ocr_par' dir='ltr' id='par_1_46' title="bbox 356 3002 1936 3081">
     <span class='ocr_line' id='line_1_46' title="bbox 356 3002 1936 3081; baseline -0.004 -20"><span class='ocrx_word' id='word_1_347' title='bbox 356 3009 545 3080; x_wconf 77' lang='lat' dir='ltr'><strong><em>quibus</em></strong></span> <span class='ocrx_word' id='word_1_348' title='bbox 586 3006 719 3064; x_wconf 88' lang='lat' dir='ltr'><strong><em>nihil</em></strong></span> <span class='ocrx_word' id='word_1_349' title='bbox 740 3012 1095 3081; x_wconf 83' lang='lat' dir='ltr'><strong><em>oppdrtununt</em></strong></span> <span class='ocrx_word' id='word_1_350' title='bbox 1135 3005 1264 3074; x_wconf 67' lang='lat' dir='ltr'><strong><em>effici</em></strong></span> <span class='ocrx_word' id='word_1_351' title='bbox 1290 3010 1480 3072; x_wconf 88' lang='lat' dir='ltr'><strong><em>potest.</em></strong></span> <span class='ocrx_word' id='word_1_352' title='bbox 1506 3002 1936 3074; x_wconf 75' lang='lat' dir='ltr'><strong><em>Conmemorant</em></strong></span> 
     </span>
    </p>
   </div>
   <div class='ocr_carea' id='block_1_47' title="bbox 359 3097 1941 3173">
    <p class='ocr_par' dir='ltr' id='par_1_47' title="bbox 359 3097 1941 3173">
     <span class='ocr_line' id='line_1_47' title="bbox 359 3097 1941 3173; baseline -0.006 -14"><span class='ocrx_word' id='word_1_353' title='bbox 359 3104 455 3159; x_wconf 86' lang='lat' dir='ltr'><strong><em>alii</em></strong></span> <span class='ocrx_word' id='word_1_354' title='bbox 489 3105 650 3158; x_wconf 86' lang='lat' dir='ltr'><strong><em>etiam</em></strong></span> <span class='ocrx_word' id='word_1_355' title='bbox 691 3101 827 3158; x_wconf 90' lang='lat' dir='ltr'><strong><em>alias</em></strong></span> <span class='ocrx_word' id='word_1_356' title='bbox 863 3100 1240 3173; x_wconf 71' lang='lat' dir='ltr'><strong><em>comparanda:</em></strong></span> <span class='ocrx_word' id='word_1_357' title='bbox 1272 3097 1511 3168; x_wconf 80' lang='lat' dir='ltr'><strong><em>pecunia:</em></strong></span> <span class='ocrx_word' id='word_1_358' title='bbox 1548 3098 1830 3160; x_wconf 88' lang='lat' dir='ltr'><strong><em>rationes;</em></strong></span> <span class='ocrx_word' id='word_1_359' title='bbox 1876 3112 1941 3151; x_wconf 77' lang='lat' dir='ltr'><strong><em>es:</em></strong></span> 
     </span>
    </p>
   </div>
   <div class='ocr_carea' id='block_1_48' title="bbox 358 3192 1940 3272">
    <p class='ocr_par' dir='ltr' id='par_1_48' title="bbox 358 3192 1940 3272">
     <span class='ocr_line' id='line_1_48' title="bbox 358 3192 1940 3272; baseline -0.006 -19"><span class='ocrx_word' id='word_1_360' title='bbox 358 3199 548 3272; x_wconf 78' lang='lat' dir='ltr'><strong><em>quibus</em></strong></span> <span class='ocrx_word' id='word_1_361' title='bbox 598 3213 715 3252; x_wconf 85' lang='lat' dir='ltr'><strong><em>eam</em></strong></span> <span class='ocrx_word' id='word_1_362' title='bbox 766 3196 970 3267; x_wconf 78' lang='lat' dir='ltr'><strong><em>diligite</em></strong></span> <span class='ocrx_word' id='word_1_363' title='bbox 1026 3210 1190 3266; x_wconf 87' lang='lat' dir='ltr'><strong><em>quam</em></strong></span> <span class='ocrx_word' id='word_1_364' title='bbox 1237 3194 1378 3249; x_wconf 86' lang='lat' dir='ltr'><strong><em>vobis</em></strong></span> <span class='ocrx_word' id='word_1_365' title='bbox 1406 3192 1695 3247; x_wconf 85' lang='lat' dir='ltr'><strong><em>conducere</em></strong></span> <span class='ocrx_word' id='word_1_366' title='bbox 1748 3192 1940 3247; x_wconf 71' lang='lat' dir='ltr'><strong><em>existi-</em></strong></span> 
     </span>
    </p>
   </div>
   <div class='ocr_carea' id='block_1_49' title="bbox 360 3286 1938 3365">
    <p class='ocr_par' dir='ltr' id='par_1_49' title="bbox 360 3286 1938 3365">
     <span class='ocr_line' id='line_1_49' title="bbox 360 3286 1938 3365; baseline -0.004 -18"><span class='ocrx_word' id='word_1_367' title='bbox 360 3293 535 3355; x_wconf 85' lang='lat' dir='ltr'><strong><em>metis,</em></strong></span> <span class='ocrx_word' id='word_1_368' title='bbox 564 3299 723 3361; x_wconf 88' lang='lat' dir='ltr'><strong><em>atque</em></strong></span> <span class='ocrx_word' id='word_1_369' title='bbox 750 3292 878 3365; x_wconf 81' lang='lat' dir='ltr'><strong><em>dum</em></strong></span> <span class='ocrx_word' id='word_1_370' title='bbox 922 3288 1257 3345; x_wconf 77' lang='lat' dir='ltr'><strong><em>commodum</em></strong></span> <span class='ocrx_word' id='word_1_371' title='bbox 1286 3297 1363 3343; x_wconf 90' lang='lat' dir='ltr'><strong><em>est</em></strong></span> <span class='ocrx_word' id='word_1_372' title='bbox 1405 3303 1517 3341; x_wconf 87' lang='lat' dir='ltr'><strong><em>rem</em></strong></span> <span class='ocrx_word' id='word_1_373' title='bbox 1567 3286 1938 3360; x_wconf 84' lang='lat' dir='ltr'><strong><em>aggredimini,</em></strong></span> 
     </span>
    </p>
   </div>
   <div class='ocr_carea' id='block_1_50' title="bbox 363 3380 1943 3456">
    <p class='ocr_par' dir='ltr' id='par_1_50' title="bbox 363 3380 1943 3456">
     <span class='ocr_line' id='line_1_50' title="bbox 363 3380 1943 3456; baseline -0.005 -15"><span class='ocrx_word' id='word_1_374' title='bbox 363 3386 470 3456; x_wconf 71' lang='lat' dir='ltr'><strong><em>Sed</em></strong></span> <span class='ocrx_word' id='word_1_375' title='bbox 507 3394 585 3441; x_wconf 90' lang='lat' dir='ltr'><strong><em>est</em></strong></span> <span class='ocrx_word' id='word_1_376' title='bbox 617 3400 831 3456; x_wconf 68' lang='lat' dir='ltr'><strong><em>a&#39;quuns</em></strong></span> <span class='ocrx_word' id='word_1_377' title='bbox 852 3382 1187 3438; x_wconf 88' lang='lat' dir='ltr'><strong><em>considerare</em></strong></span> <span class='ocrx_word' id='word_1_378' title='bbox 1208 3382 1525 3451; x_wconf 88' lang='lat' dir='ltr'><strong><em>rationeque</em></strong></span> <span class='ocrx_word' id='word_1_379' title='bbox 1547 3380 1816 3450; x_wconf 86' lang='lat' dir='ltr'><strong><em>colligere,</em></strong></span> <span class='ocrx_word' id='word_1_380' title='bbox 1841 3395 1943 3446; x_wconf 88' lang='lat' dir='ltr'><strong><em>quo</em></strong></span> 
     </span>
    </p>
   </div>
   <div class='ocr_carea' id='block_1_51' title="bbox 362 3472 1946 3550">
    <p class='ocr_par' dir='ltr' id='par_1_51' title="bbox 362 3472 1946 3550">
     <span class='ocr_line' id='line_1_51' title="bbox 362 3472 1946 3550; baseline -0.007 -14"><span class='ocrx_word' id='word_1_381' title='bbox 362 3482 416 3536; x_wconf 91' lang='lat' dir='ltr'><strong><em>in</em></strong></span> <span class='ocrx_word' id='word_1_382' title='bbox 450 3488 594 3537; x_wconf 81' lang='lat' dir='ltr'><strong><em>statu</em></strong></span> <span class='ocrx_word' id='word_1_383' title='bbox 622 3496 704 3533; x_wconf 93' lang='lat' dir='ltr'><strong><em>res</em></strong></span> <span class='ocrx_word' id='word_1_384' title='bbox 737 3478 967 3550; x_wconf 85' lang='lat' dir='ltr'><strong><em>Philippi</em></strong></span> <span class='ocrx_word' id='word_1_385' title='bbox 1000 3479 1094 3533; x_wconf 88' lang='lat' dir='ltr'><strong><em>hoc</em></strong></span> <span class='ocrx_word' id='word_1_386' title='bbox 1107 3485 1340 3548; x_wconf 88' lang='lat' dir='ltr'><strong><em>tempore</em></strong></span> <span class='ocrx_word' id='word_1_387' title='bbox 1361 3482 1658 3531; x_wconf 87' lang='lat' dir='ltr'><strong><em>versentur.</em></strong></span> <span class='ocrx_word' id='word_1_388' title='bbox 1692 3472 1828 3527; x_wconf 86' lang='lat' dir='ltr'><strong><em>Nam</em></strong></span> <span class='ocrx_word' id='word_1_389' title='bbox 1857 3488 1946 3526; x_wconf 88' lang='lat' dir='ltr'><strong><em>ne—</em></strong></span> 
     </span>
    </p>
   </div>
   <div class='ocr_carea' id='block_1_52' title="bbox 361 3565 1945 3645">
    <p class='ocr_par' dir='ltr' id='par_1_52' title="bbox 361 3565 1945 3645">
     <span class='ocr_line' id='line_1_52' title="bbox 361 3565 1945 3645; baseline -0.006 -17"><span class='ocrx_word' id='word_1_390' title='bbox 361 3589 462 3645; x_wconf 85' lang='lat' dir='ltr'><strong><em>que</em></strong></span> <span class='ocrx_word' id='word_1_391' title='bbox 491 3584 546 3627; x_wconf 90' lang='lat' dir='ltr'><strong><em>ut</em></strong></span> <span class='ocrx_word' id='word_1_392' title='bbox 581 3571 660 3627; x_wconf 85' lang='lat' dir='ltr'><strong><em>vel</em></strong></span> <span class='ocrx_word' id='word_1_393' title='bbox 690 3573 952 3637; x_wconf 84' lang='lat' dir='ltr'><strong><em>videntur,</em></strong></span> <span class='ocrx_word' id='word_1_394' title='bbox 987 3568 1071 3624; x_wconf 88' lang='lat' dir='ltr'><strong><em>vel</em></strong></span> <span class='ocrx_word' id='word_1_395' title='bbox 1094 3568 1362 3641; x_wconf 86' lang='lat' dir='ltr'><strong><em>quispiam</em></strong></span> <span class='ocrx_word' id='word_1_396' title='bbox 1392 3567 1702 3632; x_wconf 69' lang='lat' dir='ltr'><strong><em>aestimaret,</em></strong></span> <span class='ocrx_word' id='word_1_397' title='bbox 1736 3565 1828 3635; x_wconf 90' lang='lat' dir='ltr'><strong><em>qui</em></strong></span> <span class='ocrx_word' id='word_1_398' title='bbox 1855 3577 1945 3619; x_wconf 88' lang='lat' dir='ltr'><strong><em>eas</em></strong></span> 
     </span>
    </p>
   </div>
   <div class='ocr_carea' id='block_1_53' title="bbox 362 3658 1945 3742">
    <p class='ocr_par' dir='ltr' id='par_1_53' title="bbox 362 3658 1945 3742">
     <span class='ocr_line' id='line_1_53' title="bbox 362 3658 1945 3742; baseline -0.006 -22"><span class='ocrx_word' id='word_1_399' title='bbox 362 3682 555 3736; x_wconf 84' lang='lat' dir='ltr'><strong><em>parum</em></strong></span> <span class='ocrx_word' id='word_1_400' title='bbox 606 3664 883 3737; x_wconf 85' lang='lat' dir='ltr'><strong><em>diligenter</em></strong></span> <span class='ocrx_word' id='word_1_401' title='bbox 915 3663 1259 3742; x_wconf 73' lang='lat' dir='ltr'><strong><em>inspexisset,</em></strong></span> <span class='ocrx_word' id='word_1_402' title='bbox 1304 3662 1438 3715; x_wconf 84' lang='lat' dir='ltr'><strong><em>satis</em></strong></span> <span class='ocrx_word' id='word_1_403' title='bbox 1465 3658 1600 3714; x_wconf 86' lang='lat' dir='ltr'><strong><em>belle</em></strong></span> <span class='ocrx_word' id='word_1_404' title='bbox 1641 3676 1697 3714; x_wconf 89' lang='lat' dir='ltr'><strong><em>se</em></strong></span> <span class='ocrx_word' id='word_1_405' title='bbox 1730 3660 1945 3722; x_wconf 86' lang='lat' dir='ltr'><strong><em>habent,</em></strong></span> 
     </span>
    </p>
   </div>
   <div class='ocr_carea' id='block_1_54' title="bbox 369 3753 1947 3828">
    <p class='ocr_par' dir='ltr' id='par_1_54' title="bbox 369 3753 1947 3828">
     <span class='ocr_line' id='line_1_54' title="bbox 369 3753 1947 3828; baseline -0.006 -16"><span class='ocrx_word' id='word_1_406' title='bbox 369 3766 538 3823; x_wconf 70' lang='lat' dir='ltr'><strong><em>neque</em></strong></span> <span class='ocrx_word' id='word_1_407' title='bbox 575 3772 634 3811; x_wconf 84' lang='lat' dir='ltr'><strong><em>eo</em></strong></span> <span class='ocrx_word' id='word_1_408' title='bbox 664 3763 819 3828; x_wconf 88' lang='lat' dir='ltr'><strong><em>pacto</em></strong></span> <span class='ocrx_word' id='word_1_409' title='bbox 842 3770 945 3827; x_wconf 89' lang='lat' dir='ltr'><strong><em>quo</em></strong></span> <span class='ocrx_word' id='word_1_410' title='bbox 979 3770 1033 3809; x_wconf 89' lang='lat' dir='ltr'><strong><em>se</em></strong></span> <span class='ocrx_word' id='word_1_411' title='bbox 1058 3754 1313 3808; x_wconf 87' lang='lat' dir='ltr'><strong><em>haberent</em></strong></span> <span class='ocrx_word' id='word_1_412' title='bbox 1362 3753 1411 3806; x_wconf 88' lang='lat' dir='ltr'><strong><em>si</em></strong></span> <span class='ocrx_word' id='word_1_413' title='bbox 1460 3754 1659 3822; x_wconf 88' lang='lat' dir='ltr'><strong><em>optimo</em></strong></span> <span class='ocrx_word' id='word_1_414' title='bbox 1700 3753 1759 3806; x_wconf 89' lang='lat' dir='ltr'><strong><em>in</em></strong></span> <span class='ocrx_word' id='word_1_415' title='bbox 1800 3758 1947 3807; x_wconf 85' lang='lat' dir='ltr'><strong><em>statu</em></strong></span> 
     </span>
    </p>
   </div>
   <div class='ocr_carea' id='block_1_55' title="bbox 365 3841 1949 3916">
    <p class='ocr_par' dir='ltr' id='par_1_55' title="bbox 365 3841 1949 3916">
     <span class='ocr_line' id='line_1_55' title="bbox 365 3841 1949 3916; baseline -0.004 -11"><span class='ocrx_word' id='word_1_416' title='bbox 365 3859 554 3906; x_wconf 85' lang='lat' dir='ltr'><strong><em>essent.</em></strong></span> <span class='ocrx_word' id='word_1_417' title='bbox 594 3848 1051 3916; x_wconf 80' lang='lat' dir='ltr'><strong><em>Nunquam.sane</em></strong></span> <span class='ocrx_word' id='word_1_418' title='bbox 1092 3863 1247 3902; x_wconf 85' lang='lat' dir='ltr'><strong><em>arma</em></strong></span> <span class='ocrx_word' id='word_1_419' title='bbox 1275 3846 1514 3901; x_wconf 88' lang='lat' dir='ltr'><strong><em>movisset</em></strong></span> <span class='ocrx_word' id='word_1_420' title='bbox 1547 3841 1846 3915; x_wconf 81' lang='lat' dir='ltr'><strong><em>Philippus,</em></strong></span> <span class='ocrx_word' id='word_1_421' title='bbox 1900 3845 1949 3898; x_wconf 91' lang='lat' dir='ltr'><strong><em>si</em></strong></span> 
     </span>
    </p>
   </div>
   <div class='ocr_carea' id='block_1_56' title="bbox 368 3937 1950 4009">
    <p class='ocr_par' dir='ltr' id='par_1_56' title="bbox 368 3937 1950 4009">
     <span class='ocr_line' id='line_1_56' title="bbox 368 3937 1950 4009; baseline -0.003 -11"><span class='ocrx_word' id='word_1_422' title='bbox 368 3960 589 3998; x_wconf 76' lang='lat' dir='ltr'><strong><em>manum</em></strong></span> <span class='ocrx_word' id='word_1_423' title='bbox 617 3942 717 3999; x_wconf 90' lang='lat' dir='ltr'><strong><em>sibi</em></strong></span> <span class='ocrx_word' id='word_1_424' title='bbox 750 3940 1124 3997; x_wconf 83' lang='lat' dir='ltr'><strong><em>conserendam</em></strong></span> <span class='ocrx_word' id='word_1_425' title='bbox 1150 3946 1414 4009; x_wconf 87' lang='lat' dir='ltr'><strong><em>putasset.</em></strong></span> <span class='ocrx_word' id='word_1_426' title='bbox 1440 3938 1549 3993; x_wconf 88' lang='lat' dir='ltr'><strong><em>Sed</em></strong></span> <span class='ocrx_word' id='word_1_427' title='bbox 1576 3947 1634 3993; x_wconf 91' lang='lat' dir='ltr'><strong><em>ut</em></strong></span> <span class='ocrx_word' id='word_1_428' title='bbox 1667 3937 1844 4004; x_wconf 88' lang='lat' dir='ltr'><strong><em>initio,</em></strong></span> <span class='ocrx_word' id='word_1_429' title='bbox 1872 3938 1950 3994; x_wconf 79' lang='lat' dir='ltr'><strong><em>ita</em></strong></span> 
     </span>
    </p>
   </div>
   <div class='ocr_carea' id='block_1_57' title="bbox 369 4028 1952 4107">
    <p class='ocr_par' dir='ltr' id='par_1_57' title="bbox 369 4028 1952 4107">
     <span class='ocr_line' id='line_1_57' title="bbox 369 4028 1952 4107; baseline -0.003 -19"><span class='ocrx_word' id='word_1_430' title='bbox 369 4036 621 4102; x_wconf 87' lang='lat' dir='ltr'><strong><em>deinceps</em></strong></span> <span class='ocrx_word' id='word_1_431' title='bbox 650 4033 807 4104; x_wconf 88' lang='lat' dir='ltr'><strong><em>facile</em></strong></span> <span class='ocrx_word' id='word_1_432' title='bbox 849 4049 1051 4098; x_wconf 78' lang='lat' dir='ltr'><strong><em>omnes,</em></strong></span> <span class='ocrx_word' id='word_1_433' title='bbox 1085 4048 1472 4107; x_wconf 84' lang='lat' dir='ltr'><strong><em>prosperosque</em></strong></span> <span class='ocrx_word' id='word_1_434' title='bbox 1510 4047 1689 4085; x_wconf 81' lang='lat' dir='ltr'><strong><em>rerum</em></strong></span> <span class='ocrx_word' id='word_1_435' title='bbox 1735 4028 1952 4085; x_wconf 81' lang='lat' dir='ltr'><strong><em>eventus</em></strong></span> 
     </span>
    </p>
   </div>
   <div class='ocr_carea' id='block_1_58' title="bbox 367 4125 1955 4200">
    <p class='ocr_par' dir='ltr' id='par_1_58' title="bbox 367 4125 1955 4200">
     <span class='ocr_line' id='line_1_58' title="bbox 367 4125 1955 4200; baseline -0.004 -17"><span class='ocrx_word' id='word_1_436' title='bbox 367 4131 621 4200; x_wconf 81' lang='lat' dir='ltr'><strong><em>speravit.</em></strong></span> <span class='ocrx_word' id='word_1_437' title='bbox 674 4129 742 4181; x_wconf 81' lang='lat' dir='ltr'><strong><em>At</em></strong></span> <span class='ocrx_word' id='word_1_438' title='bbox 781 4144 843 4182; x_wconf 89' lang='lat' dir='ltr'><strong><em>ea</em></strong></span> <span class='ocrx_word' id='word_1_439' title='bbox 882 4128 1127 4197; x_wconf 80' lang='lat' dir='ltr'><strong><em>deceptus</em></strong></span> <span class='ocrx_word' id='word_1_440' title='bbox 1176 4136 1255 4182; x_wconf 86' lang='lat' dir='ltr'><strong><em>est</em></strong></span> <span class='ocrx_word' id='word_1_441' title='bbox 1310 4128 1578 4196; x_wconf 86' lang='lat' dir='ltr'><strong><em>opinione.</em></strong></span> <span class='ocrx_word' id='word_1_442' title='bbox 1631 4125 1785 4191; x_wconf 85' lang='lat' dir='ltr'><strong><em>Quod</em></strong></span> <span class='ocrx_word' id='word_1_443' title='bbox 1834 4141 1955 4178; x_wconf 85' lang='lat' dir='ltr'><strong><em>cunt</em></strong></span> 
     </span>
    </p>
   </div>
   <div class='ocr_carea' id='block_1_59' title="bbox 370 4217 1955 4294">
    <p class='ocr_par' dir='ltr' id='par_1_59' title="bbox 370 4217 1955 4294">
     <span class='ocr_line' id='line_1_59' title="bbox 370 4217 1955 4294; baseline -0.004 -19"><span class='ocrx_word' id='word_1_444' title='bbox 370 4236 567 4294; x_wconf 70' lang='lat' dir='ltr'><strong><em>printer</em></strong></span> <span class='ocrx_word' id='word_1_445' title='bbox 590 4218 1031 4290; x_wconf 76' lang='lat' dir='ltr'><strong><em>exspectationem</em></strong></span> <span class='ocrx_word' id='word_1_446' title='bbox 1052 4217 1285 4290; x_wconf 83' lang='lat' dir='ltr'><strong><em>primum</em></strong></span> <span class='ocrx_word' id='word_1_447' title='bbox 1309 4219 1586 4286; x_wconf 86' lang='lat' dir='ltr'><strong><em>acciderit,</em></strong></span> <span class='ocrx_word' id='word_1_448' title='bbox 1614 4218 1766 4272; x_wconf 85' lang='lat' dir='ltr'><strong><em>valde</em></strong></span> <span class='ocrx_word' id='word_1_449' title='bbox 1780 4219 1955 4284; x_wconf 87' lang='lat' dir='ltr'><strong><em>ipsum</em></strong></span> 
     </span>
    </p>
   </div>
   <div class='ocr_carea' id='block_1_60' title="bbox 372 4310 1980 4389">
    <p class='ocr_par' dir='ltr' id='par_1_60' title="bbox 372 4310 1980 4389">
     <span class='ocr_line' id='line_1_60' title="bbox 372 4310 1980 4389; baseline -0.004 -19"><span class='ocrx_word' id='word_1_450' title='bbox 372 4316 674 4389; x_wconf 86' lang='lat' dir='ltr'><strong><em>perturbat,</em></strong></span> <span class='ocrx_word' id='word_1_451' title='bbox 706 4330 812 4370; x_wconf 89' lang='lat' dir='ltr'><strong><em>non</em></strong></span> <span class='ocrx_word' id='word_1_452' title='bbox 856 4313 1273 4383; x_wconf 88' lang='lat' dir='ltr'><strong><em>mediocremque</em></strong></span> <span class='ocrx_word' id='word_1_453' title='bbox 1303 4313 1421 4379; x_wconf 82' lang='lat' dir='ltr'><strong><em>eius</em></strong></span> <span class='ocrx_word' id='word_1_454' title='bbox 1467 4314 1645 4366; x_wconf 87' lang='lat' dir='ltr'><strong><em>animo</em></strong></span> <span class='ocrx_word' id='word_1_455' title='bbox 1697 4310 1980 4389; x_wconf 68' lang='lat' dir='ltr'><strong><em>sollicitu-i</em></strong></span> 
     </span>
    </p>
   </div>
   <div class='ocr_carea' id='block_1_61' title="bbox 2027 1789 3613 1862">
    <p class='ocr_par' dir='ltr' id='par_1_61' title="bbox 2027 1789 3613 1862">
     <span class='ocr_line' id='line_1_61' title="bbox 2027 1789 3613 1862; baseline -0.003 -12"><span class='ocrx_word' id='word_1_456' title='bbox 2027 1797 2170 1850; x_wconf 85' lang='lat' dir='ltr'><strong><em>enim</em></strong></span> <span class='ocrx_word' id='word_1_457' title='bbox 2211 1809 2291 1850; x_wconf 89' lang='lat' dir='ltr'><strong><em>res</em></strong></span> <span class='ocrx_word' id='word_1_458' title='bbox 2317 1791 2694 1862; x_wconf 77' lang='lat' dir='ltr'><strong><em>Olynthiorum&#39;</em></strong></span> <span class='ocrx_word' id='word_1_459' title='bbox 2736 1792 3015 1853; x_wconf 89' lang='lat' dir='ltr'><strong><em>resistent,</em></strong></span> <span class='ocrx_word' id='word_1_460' title='bbox 3053 1806 3141 1844; x_wconf 83' lang='lat' dir='ltr'><strong><em>vos</em></strong></span> <span class='ocrx_word' id='word_1_461' title='bbox 3176 1791 3289 1843; x_wconf 89' lang='lat' dir='ltr'><strong><em>illic</em></strong></span> <span class='ocrx_word' id='word_1_462' title='bbox 3328 1789 3613 1859; x_wconf 85' lang='lat' dir='ltr'><strong><em>belligera-</em></strong></span> 
     </span>
    </p>
   </div>
   <div class='ocr_carea' id='block_1_62' title="bbox 2028 1884 3616 1957">
    <p class='ocr_par' dir='ltr' id='par_1_62' title="bbox 2028 1884 3616 1957">
     <span class='ocr_line' id='line_1_62' title="bbox 2028 1884 3616 1957; baseline -0.003 -15"><span class='ocrx_word' id='word_1_463' title='bbox 2028 1888 2166 1953; x_wconf 87' lang='lat' dir='ltr'><strong><em>bilis,</em></strong></span> <span class='ocrx_word' id='word_1_464' title='bbox 2221 1897 2271 1941; x_wconf 88' lang='lat' dir='ltr'><strong><em>et</em></strong></span> <span class='ocrx_word' id='word_1_465' title='bbox 2305 1886 2449 1940; x_wconf 86' lang='lat' dir='ltr'><strong><em>illius</em></strong></span> <span class='ocrx_word' id='word_1_466' title='bbox 2501 1901 2689 1957; x_wconf 84' lang='lat' dir='ltr'><strong><em>agrum</em></strong></span> <span class='ocrx_word' id='word_1_467' title='bbox 2734 1887 2929 1938; x_wconf 88' lang='lat' dir='ltr'><strong><em>damno</em></strong></span> <span class='ocrx_word' id='word_1_468' title='bbox 2958 1884 3230 1954; x_wconf 73' lang='lat' dir='ltr'><strong><em>efficietis,</em></strong></span> <span class='ocrx_word' id='word_1_469' title='bbox 3283 1884 3449 1938; x_wconf 88' lang='lat' dir='ltr'><strong><em>simul</em></strong></span> <span class='ocrx_word' id='word_1_470' title='bbox 3495 1884 3616 1956; x_wconf 87' lang='lat' dir='ltr'><strong><em>agri</em></strong></span> 
     </span>
    </p>
   </div>
   <div class='ocr_carea' id='block_1_63' title="bbox 2030 1970 3677 2051">
    <p class='ocr_par' dir='ltr' id='par_1_63' title="bbox 2030 1970 3677 2051">
     <span class='ocr_line' id='line_1_63' title="bbox 2030 1970 3677 2051; baseline -0.002 -15"><span class='ocrx_word' id='word_1_471' title='bbox 2030 1981 2443 2051; x_wconf 79' lang='lat' dir='ltr'><strong><em>vestrifruetns</em></strong></span> <span class='ocrx_word' id='word_1_472' title='bbox 2497 1994 2681 2034; x_wconf 90' lang='lat' dir='ltr'><strong><em>secure</em></strong></span> <span class='ocrx_word' id='word_1_473' title='bbox 2732 1979 3051 2050; x_wconf 89' lang='lat' dir='ltr'><strong><em>percipietis.</em></strong></span> <span class='ocrx_word' id='word_1_474' title='bbox 3106 1978 3173 2032; x_wconf 81' lang='lat' dir='ltr'><strong><em>At</em></strong></span> <span class='ocrx_word' id='word_1_475' title='bbox 3235 1980 3282 2032; x_wconf 91' lang='lat' dir='ltr'><strong><em>si</em></strong></span> <span class='ocrx_word' id='word_1_476' title='bbox 3336 1978 3617 2050; x_wconf 84' lang='lat' dir='ltr'><strong><em>Philippus</em></strong></span> <span class='ocrx_word' id='word_1_477' title='bbox 3672 1970 3677 1973; x_wconf 53' lang='grc'><strong>⁷</strong></span> 
     </span>
    </p>
   </div>
   <div class='ocr_carea' id='block_1_64' title="bbox 2033 2054 3622 2145">
    <p class='ocr_par' dir='ltr' id='par_1_64' title="bbox 2033 2054 3622 2145">
     <span class='ocr_line' id='line_1_64' title="bbox 2033 2054 3622 2145; baseline -0.003 -16"><span class='ocrx_word' id='word_1_478' title='bbox 2033 2054 2297 2145; x_wconf 78' lang='lat' dir='ltr'><strong><em>regionem</em></strong></span> <span class='ocrx_word' id='word_1_479' title='bbox 2328 2073 2478 2129; x_wconf 88' lang='lat' dir='ltr'><strong><em>illam</em></strong></span> <span class='ocrx_word' id='word_1_480' title='bbox 2511 2072 2870 2144; x_wconf 84' lang='lat' dir='ltr'><strong><em>occupaverit,</em></strong></span> <span class='ocrx_word' id='word_1_481' title='bbox 2892 2072 3008 2143; x_wconf 89' lang='lat' dir='ltr'><strong><em>quis</em></strong></span> <span class='ocrx_word' id='word_1_482' title='bbox 3052 2088 3172 2127; x_wconf 89' lang='lat' dir='ltr'><strong><em>eum</em></strong></span> <span class='ocrx_word' id='word_1_483' title='bbox 3216 2075 3450 2136; x_wconf 80' lang='lat' dir='ltr'><strong><em>tandem,</em></strong></span> <span class='ocrx_word' id='word_1_484' title='bbox 3491 2090 3622 2144; x_wconf 80' lang='lat' dir='ltr'><strong><em>quo-</em></strong></span> 
     </span>
    </p>
   </div>
   <div class='ocr_carea' id='block_1_65' title="bbox 2035 2164 3620 2239">
    <p class='ocr_par' dir='ltr' id='par_1_65' title="bbox 2035 2164 3620 2239">
     <span class='ocr_line' id='line_1_65' title="bbox 2035 2164 3620 2239; baseline -0.002 -16"><span class='ocrx_word' id='word_1_485' title='bbox 2035 2172 2205 2224; x_wconf 85' lang='lat' dir='ltr'><strong><em>minus</em></strong></span> <span class='ocrx_word' id='word_1_486' title='bbox 2232 2172 2331 2224; x_wconf 83' lang='lat' dir='ltr'><strong><em>huc</em></strong></span> <span class='ocrx_word' id='word_1_487' title='bbox 2358 2169 2646 2239; x_wconf 87' lang='lat' dir='ltr'><strong><em>perveniat,</em></strong></span> <span class='ocrx_word' id='word_1_488' title='bbox 2677 2166 2918 2223; x_wconf 78' lang='lat' dir='ltr'><strong><em>arcebit?</em></strong></span> <span class='ocrx_word' id='word_1_489' title='bbox 2940 2164 3171 2222; x_wconf 80' lang='lat' dir='ltr'><strong><em>Thebani</em></strong></span> <span class='ocrx_word' id='word_1_490' title='bbox 3195 2166 3222 2219; x_wconf 71' lang='lat'><strong><em>3’</em></strong></span> <span class='ocrx_word' id='word_1_491' title='bbox 3244 2168 3322 2221; x_wconf 83' lang='lat' dir='ltr'><strong><em>At</em></strong></span> <span class='ocrx_word' id='word_1_492' title='bbox 3345 2168 3485 2238; x_wconf 82' lang='lat' dir='ltr'><strong><em>quod</em></strong></span> <span class='ocrx_word' id='word_1_493' title='bbox 3520 2184 3620 2221; x_wconf 85' lang='lat' dir='ltr'><strong><em>no-</em></strong></span> 
     </span>
    </p>
   </div>
   <div class='ocr_carea' id='block_1_66' title="bbox 2037 2244 3678 2336">
    <p class='ocr_par' dir='ltr' id='par_1_66' title="bbox 2037 2244 3678 2336">
     <span class='ocr_line' id='line_1_66' title="bbox 2037 2244 3678 2336; baseline -0.002 -19"><span class='ocrx_word' id='word_1_494' title='bbox 2037 2262 2129 2317; x_wconf 77' lang='lat' dir='ltr'><strong><em>lim</em></strong></span> <span class='ocrx_word' id='word_1_495' title='bbox 2159 2264 2314 2317; x_wconf 88' lang='lat' dir='ltr'><strong><em>nimis</em></strong></span> <span class='ocrx_word' id='word_1_496' title='bbox 2341 2261 2525 2315; x_wconf 87' lang='lat' dir='ltr'><strong><em>acerbe</em></strong></span> <span class='ocrx_word' id='word_1_497' title='bbox 2546 2244 2747 2336; x_wconf 85' lang='lat' dir='ltr'><strong><em>dictum</em></strong></span> <span class='ocrx_word' id='word_1_498' title='bbox 2773 2259 2958 2326; x_wconf 83' lang='lat' dir='ltr'><strong><em>videri,</em></strong></span> <span class='ocrx_word' id='word_1_499' title='bbox 2986 2274 3094 2313; x_wconf 90' lang='lat' dir='ltr'><strong><em>una</em></strong></span> <span class='ocrx_word' id='word_1_500' title='bbox 3128 2260 3289 2313; x_wconf 82' lang='lat' dir='ltr'><strong><em>etiam</em></strong></span> <span class='ocrx_word' id='word_1_501' title='bbox 3323 2260 3424 2329; x_wconf 87' lang='lat' dir='ltr'><strong><em>ipsi</em></strong></span> <span class='ocrx_word' id='word_1_502' title='bbox 3452 2274 3621 2330; x_wconf 85' lang='lat' dir='ltr'><strong><em>para~</em></strong></span> <span class='ocrx_word' id='word_1_503' title='bbox 3673 2316 3678 2323; x_wconf 63' lang='grc'><em>,</em></span> 
     </span>
    </p>
   </div>
   <div class='ocr_carea' id='block_1_67' title="bbox 2037 2350 3628 2424">
    <p class='ocr_par' dir='ltr' id='par_1_67' title="bbox 2037 2350 3628 2424">
     <span class='ocr_line' id='line_1_67' title="bbox 2037 2350 3628 2424; baseline -0.001 -16"><span class='ocrx_word' id='word_1_504' title='bbox 2037 2357 2235 2411; x_wconf 86' lang='lat' dir='ltr'><strong><em>tissime</em></strong></span> <span class='ocrx_word' id='word_1_505' title='bbox 2268 2357 2580 2421; x_wconf 85' lang='lat' dir='ltr'><strong><em>irrumpent.</em></strong></span> <span class='ocrx_word' id='word_1_506' title='bbox 2619 2350 2955 2407; x_wconf 73' lang='lat' dir='ltr'><strong><em>Phocenses?</em></strong></span> <span class='ocrx_word' id='word_1_507' title='bbox 3000 2351 3199 2407; x_wconf 85' lang='lat' dir='ltr'><strong><em>scilicet</em></strong></span> <span class='ocrx_word' id='word_1_508' title='bbox 3246 2354 3338 2424; x_wconf 87' lang='lat' dir='ltr'><strong><em>qui</em></strong></span> <span class='ocrx_word' id='word_1_509' title='bbox 3386 2369 3442 2408; x_wconf 84' lang='lat' dir='ltr'><strong><em>se</em></strong></span> <span class='ocrx_word' id='word_1_510' title='bbox 3484 2351 3628 2407; x_wconf 88' lang='lat' dir='ltr'><strong><em>domi</em></strong></span> 
     </span>
    </p>
   </div>
   <div class='ocr_carea' id='block_1_68' title="bbox 2038 2437 3626 2521">
    <p class='ocr_par' dir='ltr' id='par_1_68' title="bbox 2038 2437 3626 2521">
     <span class='ocr_line' id='line_1_68' title="bbox 2038 2437 3626 2521; baseline -0.003 -17"><span class='ocrx_word' id='word_1_511' title='bbox 2038 2437 2176 2505; x_wconf 75' lang='lat' dir='ltr'><strong><em>tueri</em></strong></span> <span class='ocrx_word' id='word_1_512' title='bbox 2202 2457 2483 2521; x_wconf 83' lang='lat' dir='ltr'><strong><em>nequeunt,</em></strong></span> <span class='ocrx_word' id='word_1_513' title='bbox 2532 2448 2633 2502; x_wconf 88' lang='lat' dir='ltr'><strong><em>nisi</em></strong></span> <span class='ocrx_word' id='word_1_514' title='bbox 2666 2463 2774 2514; x_wconf 85' lang='lat' dir='ltr'><strong><em>vos,</em></strong></span> <span class='ocrx_word' id='word_1_515' title='bbox 2816 2447 3019 2501; x_wconf 85' lang='lat' dir='ltr'><strong><em>aliusve</em></strong></span> <span class='ocrx_word' id='word_1_516' title='bbox 3054 2446 3371 2517; x_wconf 80' lang='lat' dir='ltr'><strong><em>Opituletur.</em></strong></span> <span class='ocrx_word' id='word_1_517' title='bbox 3414 2446 3505 2514; x_wconf 81' lang='lat' dir='ltr'><strong><em>At,</em></strong></span> <span class='ocrx_word' id='word_1_518' title='bbox 3543 2449 3626 2500; x_wconf 89' lang='lat' dir='ltr'><strong><em>in-</em></strong></span> 
     </span>
    </p>
   </div>
   <div class='ocr_carea' id='block_1_69' title="bbox 2039 2536 3656 2617">
    <p class='ocr_par' dir='ltr' id='par_1_69' title="bbox 2039 2536 3656 2617">
     <span class='ocr_line' id='line_1_69' title="bbox 2039 2536 3656 2617; baseline -0.002 -21"><span class='ocrx_word' id='word_1_519' title='bbox 2039 2546 2209 2617; x_wconf 85' lang='lat' dir='ltr'><strong><em>quies,</em></strong></span> <span class='ocrx_word' id='word_1_520' title='bbox 2240 2543 2379 2598; x_wconf 86' lang='lat' dir='ltr'><strong><em>nolet</em></strong></span> <span class='ocrx_word' id='word_1_521' title='bbox 2417 2536 2660 2615; x_wconf 67' lang='lat' dir='ltr'><strong><em>tortasse.</em></strong></span> <span class='ocrx_word' id='word_1_522' title='bbox 2696 2541 3148 2599; x_wconf 75' lang='lat' dir='ltr'><strong><em>Absurdissimum</em></strong></span> <span class='ocrx_word' id='word_1_523' title='bbox 3193 2542 3324 2595; x_wconf 83' lang='lat' dir='ltr'><strong><em>sane</em></strong></span> <span class='ocrx_word' id='word_1_524' title='bbox 3353 2540 3550 2610; x_wconf 67' lang='lat' dir='ltr'><strong><em>fuerit,</em></strong></span> <span class='ocrx_word' id='word_1_525' title='bbox 3580 2543 3656 2594; x_wconf 74' lang='grc' dir='ltr'><strong><em>εἰ·</em></strong></span> 
     </span>
    </p>
   </div>
   <div class='ocr_carea' id='block_1_70' title="bbox 2042 2625 3629 2708">
    <p class='ocr_par' dir='ltr' id='par_1_70' title="bbox 2042 2625 3629 2708">
     <span class='ocr_line' id='line_1_70' title="bbox 2042 2625 3629 2708; baseline -0.001 -19"><span class='ocrx_word' id='word_1_526' title='bbox 2042 2653 2181 2708; x_wconf 70' lang='lat' dir='ltr'><strong><em>quat,</em></strong></span> <span class='ocrx_word' id='word_1_527' title='bbox 2198 2625 2439 2707; x_wconf 84' lang='lat' dir='ltr'><strong><em>quamvis</em></strong></span> <span class='ocrx_word' id='word_1_528' title='bbox 2478 2632 3043 2707; x_wconf 76' lang='lat' dir='ltr'><strong><em>amentiat&#39;arguatur,</em></strong></span> <span class='ocrx_word' id='word_1_529' title='bbox 3077 2642 3257 2706; x_wconf 89' lang='lat' dir='ltr'><strong><em>tamen</em></strong></span> <span class='ocrx_word' id='word_1_530' title='bbox 3272 2632 3492 2705; x_wconf 88' lang='lat' dir='ltr'><strong><em>jactare</em></strong></span> <span class='ocrx_word' id='word_1_531' title='bbox 3521 2650 3629 2688; x_wconf 90' lang='lat' dir='ltr'><strong><em>non</em></strong></span> 
     </span>
    </p>
   </div>
   <div class='ocr_carea' id='block_1_71' title="bbox 2042 2726 3627 2801">
    <p class='ocr_par' dir='ltr' id='par_1_71' title="bbox 2042 2726 3627 2801">
     <span class='ocr_line' id='line_1_71' title="bbox 2042 2726 3627 2801; baseline -0.003 -15"><span class='ocrx_word' id='word_1_532' title='bbox 2042 2732 2267 2795; x_wconf 84' lang='lat' dir='ltr'><strong><em>desistit,</em></strong></span> <span class='ocrx_word' id='word_1_533' title='bbox 2314 2747 2377 2787; x_wconf 86' lang='lat' dir='ltr'><strong><em>ea</em></strong></span> <span class='ocrx_word' id='word_1_534' title='bbox 2421 2733 2537 2801; x_wconf 88' lang='lat' dir='ltr'><strong><em>ipsa</em></strong></span> <span class='ocrx_word' id='word_1_535' title='bbox 2586 2745 2707 2784; x_wconf 89' lang='lat' dir='ltr'><strong><em>cum</em></strong></span> <span class='ocrx_word' id='word_1_536' title='bbox 2741 2730 2953 2783; x_wconf 87' lang='lat' dir='ltr'><strong><em>demum</em></strong></span> <span class='ocrx_word' id='word_1_537' title='bbox 2980 2728 3168 2796; x_wconf 88' lang='lat' dir='ltr'><strong><em>possit,</em></strong></span> <span class='ocrx_word' id='word_1_538' title='bbox 3201 2727 3410 2798; x_wconf 81' lang='lat' dir='ltr'><strong><em>efﬁcere</em></strong></span> <span class='ocrx_word' id='word_1_539' title='bbox 3466 2726 3627 2782; x_wconf 87' lang='lat' dir='ltr'><strong><em>nolit.</em></strong></span> 
     </span>
    </p>
   </div>
   <div class='ocr_carea' id='block_1_72' title="bbox 2046 2819 3633 2895">
    <p class='ocr_par' dir='ltr' id='par_1_72' title="bbox 2046 2819 3633 2895">
     <span class='ocr_line' id='line_1_72' title="bbox 2046 2819 3633 2895; baseline -0.004 -15"><span class='ocrx_word' id='word_1_540' title='bbox 2046 2826 2214 2881; x_wconf 87' lang='lat' dir='ltr'><strong><em>Porro</em></strong></span> <span class='ocrx_word' id='word_1_541' title='bbox 2243 2833 2502 2895; x_wconf 82' lang='lat' dir='ltr'><strong><em>quantum</em></strong></span> <span class='ocrx_word' id='word_1_542' title='bbox 2542 2825 2749 2878; x_wconf 86' lang='lat' dir='ltr'><strong><em>intersit</em></strong></span> <span class='ocrx_word' id='word_1_543' title='bbox 2780 2820 3044 2877; x_wconf 87' lang='lat' dir='ltr'><strong><em>bellumne</em></strong></span> <span class='ocrx_word' id='word_1_544' title='bbox 3105 2821 3192 2875; x_wconf 83' lang='lat' dir='ltr'><strong><em>ltic</em></strong></span> <span class='ocrx_word' id='word_1_545' title='bbox 3216 2837 3285 2875; x_wconf 84' lang='lat' dir='ltr'><strong><em>an</em></strong></span> <span class='ocrx_word' id='word_1_546' title='bbox 3325 2819 3436 2875; x_wconf 87' lang='lat' dir='ltr'><strong><em>illic</em></strong></span> <span class='ocrx_word' id='word_1_547' title='bbox 3465 2837 3633 2893; x_wconf 83' lang='lat' dir='ltr'><strong><em>gera-</em></strong></span> 
     </span>
    </p>
   </div>
   <div class='ocr_carea' id='block_1_73' title="bbox 2046 2914 3634 2987">
    <p class='ocr_par' dir='ltr' id='par_1_73' title="bbox 2046 2914 3634 2987">
     <span class='ocr_line' id='line_1_73' title="bbox 2046 2914 3634 2987; baseline -0.005 -12"><span class='ocrx_word' id='word_1_548' title='bbox 2046 2930 2154 2983; x_wconf 84' lang='lat' dir='ltr'><strong><em>tur,</em></strong></span> <span class='ocrx_word' id='word_1_549' title='bbox 2195 2922 2431 2987; x_wconf 78' lang='lat' dir='ltr'><strong><em>equidem</em></strong></span> <span class='ocrx_word' id='word_1_550' title='bbox 2463 2934 2575 2971; x_wconf 78' lang='lat' dir='ltr'><strong><em>nec</em></strong></span> <span class='ocrx_word' id='word_1_551' title='bbox 2624 2917 2791 2971; x_wconf 84' lang='lat' dir='ltr'><strong><em>verbis</em></strong></span> <span class='ocrx_word' id='word_1_552' title='bbox 2838 2931 2965 2985; x_wconf 90' lang='lat' dir='ltr'><strong><em>opus</em></strong></span> <span class='ocrx_word' id='word_1_553' title='bbox 2994 2930 3102 2969; x_wconf 85' lang='lat' dir='ltr'><strong><em>esse</em></strong></span> <span class='ocrx_word' id='word_1_554' title='bbox 3134 2915 3388 2969; x_wconf 89' lang='lat' dir='ltr'><strong><em>arbitror.</em></strong></span> <span class='ocrx_word' id='word_1_555' title='bbox 3421 2914 3565 2968; x_wconf 87' lang='lat' dir='ltr'><strong><em>Nam</em></strong></span> <span class='ocrx_word' id='word_1_556' title='bbox 3584 2915 3634 2968; x_wconf 89' lang='lat' dir='ltr'><strong><em>si</em></strong></span> 
     </span>
    </p>
   </div>
   <div class='ocr_carea' id='block_1_74' title="bbox 2048 3009 3631 3085">
    <p class='ocr_par' dir='ltr' id='par_1_74' title="bbox 2048 3009 3631 3085">
     <span class='ocr_line' id='line_1_74' title="bbox 2048 3009 3631 3085; baseline -0.006 -15"><span class='ocrx_word' id='word_1_557' title='bbox 2048 3017 2270 3085; x_wconf 83' lang='lat' dir='ltr'><strong><em>triginta</em></strong></span> <span class='ocrx_word' id='word_1_558' title='bbox 2300 3013 2564 3068; x_wconf 74' lang='lat' dir='ltr'><strong><em>duntaxat</em></strong></span> <span class='ocrx_word' id='word_1_559' title='bbox 2594 3012 2776 3066; x_wconf 90' lang='lat' dir='ltr'><strong><em>diebus</em></strong></span> <span class='ocrx_word' id='word_1_560' title='bbox 2793 3026 2880 3066; x_wconf 86' lang='lat' dir='ltr'><strong><em>vos</em></strong></span> <span class='ocrx_word' id='word_1_561' title='bbox 2914 3012 2968 3065; x_wconf 92' lang='lat' dir='ltr'><strong><em>in</em></strong></span> <span class='ocrx_word' id='word_1_562' title='bbox 2989 3010 3174 3065; x_wconf 87' lang='lat' dir='ltr'><strong><em>castris</em></strong></span> <span class='ocrx_word' id='word_1_563' title='bbox 3197 3009 3397 3064; x_wconf 88' lang='lat' dir='ltr'><strong><em>morari</em></strong></span> <span class='ocrx_word' id='word_1_564' title='bbox 3420 3024 3631 3063; x_wconf 84' lang='lat' dir='ltr'><strong><em>necesse</em></strong></span> 
     </span>
    </p>
   </div>
   <div class='ocr_carea' id='block_1_75' title="bbox 2049 3103 3630 3179">
    <p class='ocr_par' dir='ltr' id='par_1_75' title="bbox 2049 3103 3630 3179">
     <span class='ocr_line' id='line_1_75' title="bbox 2049 3103 3630 3179; baseline -0.003 -19"><span class='ocrx_word' id='word_1_565' title='bbox 2049 3109 2232 3178; x_wconf 65' lang='lat' dir='ltr'><strong><em>fecerit,</em></strong></span> <span class='ocrx_word' id='word_1_566' title='bbox 2259 3114 2309 3161; x_wconf 93' lang='lat' dir='ltr'><strong><em>et</em></strong></span> <span class='ocrx_word' id='word_1_567' title='bbox 2344 3120 2669 3179; x_wconf 65' lang='lat' dir='ltr'><strong><em>quiscunque</em></strong></span> <span class='ocrx_word' id='word_1_568' title='bbox 2714 3104 2784 3158; x_wconf 80' lang='lat' dir='ltr'><strong><em>ad</em></strong></span> <span class='ocrx_word' id='word_1_569' title='bbox 2818 3106 2972 3157; x_wconf 85' lang='lat' dir='ltr'><strong><em>usum</em></strong></span> <span class='ocrx_word' id='word_1_570' title='bbox 3018 3104 3279 3157; x_wconf 70' lang='lat' dir='ltr'><strong><em>exercitus</em></strong></span> <span class='ocrx_word' id='word_1_571' title='bbox 3325 3103 3630 3157; x_wconf 82' lang='lat' dir='ltr'><strong><em>necessaria</em></strong></span> 
     </span>
    </p>
   </div>
   <div class='ocr_carea' id='block_1_76' title="bbox 2046 3196 3631 3271">
    <p class='ocr_par' dir='ltr' id='par_1_76' title="bbox 2046 3196 3631 3271">
     <span class='ocr_line' id='line_1_76' title="bbox 2046 3196 3631 3271; baseline -0.004 -18"><span class='ocrx_word' id='word_1_572' title='bbox 2046 3213 2175 3254; x_wconf 90' lang='lat' dir='ltr'><strong><em>sunt</em></strong></span> <span class='ocrx_word' id='word_1_573' title='bbox 2205 3216 2266 3254; x_wconf 69' lang='lat' dir='ltr'><strong><em>ex</em></strong></span> <span class='ocrx_word' id='word_1_574' title='bbox 2288 3215 2419 3271; x_wconf 85' lang='lat' dir='ltr'><strong><em>agro</em></strong></span> <span class='ocrx_word' id='word_1_575' title='bbox 2445 3204 2617 3253; x_wconf 88' lang='lat' dir='ltr'><strong><em>vestro</em></strong></span> <span class='ocrx_word' id='word_1_576' title='bbox 2646 3198 2935 3269; x_wconf 87' lang='lat' dir='ltr'><strong><em>percipere,</em></strong></span> <span class='ocrx_word' id='word_1_577' title='bbox 2960 3196 3131 3271; x_wconf 80' lang='lat' dir='ltr'><strong><em>nullo,</em></strong></span> <span class='ocrx_word' id='word_1_578' title='bbox 3156 3196 3396 3266; x_wconf 88' lang='lat' dir='ltr'><strong><em>inquam,</em></strong></span> <span class='ocrx_word' id='word_1_579' title='bbox 3413 3209 3631 3265; x_wconf 89' lang='lat' dir='ltr'><strong><em>prorsus</em></strong></span> 
     </span>
    </p>
   </div>
   <div class='ocr_carea' id='block_1_77' title="bbox 2050 3267 3637 3364">
    <p class='ocr_par' dir='ltr' id='par_1_77' title="bbox 2050 3267 3637 3364">
     <span class='ocr_line' id='line_1_77' title="bbox 2050 3267 3637 3364; baseline -0.004 -16"><span class='ocrx_word' id='word_1_580' title='bbox 2050 3300 2195 3349; x_wconf 83' lang='lat' dir='ltr'><strong><em>hoste</em></strong></span> <span class='ocrx_word' id='word_1_581' title='bbox 2227 3294 2280 3346; x_wconf 89' lang='lat' dir='ltr'><strong><em>in</em></strong></span> <span class='ocrx_word' id='word_1_582' title='bbox 2325 3308 2457 3364; x_wconf 86' lang='lat' dir='ltr'><strong><em>agro</em></strong></span> <span class='ocrx_word' id='word_1_583' title='bbox 2488 3299 2733 3347; x_wconf 84' lang='lat' dir='ltr'><strong><em>versante</em></strong></span> <span class='ocrx_word' id='word_1_584' title='bbox 2754 3334 2770 3357; x_wconf 92' lang='lat'><strong><em>,</em></strong></span> <span class='ocrx_word' id='word_1_585' title='bbox 2810 3288 2932 3357; x_wconf 80' lang='lat' dir='ltr'><strong><em>&#39;plus</em></strong></span> <span class='ocrx_word' id='word_1_586' title='bbox 2965 3267 3095 3343; x_wconf 66' lang='lat' dir='ltr'><strong><em>sane</em></strong></span> <span class='ocrx_word' id='word_1_587' title='bbox 3134 3287 3441 3342; x_wconf 84' lang='lat' dir='ltr'><strong><em>detrimenti</em></strong></span> <span class='ocrx_word' id='word_1_588' title='bbox 3476 3303 3637 3360; x_wconf 79' lang='lat' dir='ltr'><strong><em>agro-</em></strong></span> 
     </span>
    </p>
   </div>
   <div class='ocr_carea' id='block_1_78' title="bbox 2055 3382 3638 3454">
    <p class='ocr_par' dir='ltr' id='par_1_78' title="bbox 2055 3382 3638 3454">
     <span class='ocr_line' id='line_1_78' title="bbox 2055 3382 3638 3454; baseline -0.002 -13"><span class='ocrx_word' id='word_1_589' title='bbox 2055 3404 2171 3441; x_wconf 87' lang='lat' dir='ltr'><strong><em>rum</em></strong></span> <span class='ocrx_word' id='word_1_590' title='bbox 2199 3387 2439 3441; x_wconf 88' lang='lat' dir='ltr'><strong><em>dominos</em></strong></span> <span class='ocrx_word' id='word_1_591' title='bbox 2480 3384 2603 3439; x_wconf 87' lang='lat' dir='ltr'><strong><em>inde</em></strong></span> <span class='ocrx_word' id='word_1_592' title='bbox 2633 3390 2887 3454; x_wconf 88' lang='lat' dir='ltr'><strong><em>capturos</em></strong></span> <span class='ocrx_word' id='word_1_593' title='bbox 2939 3382 3204 3446; x_wconf 74' lang='lat' dir='ltr'><strong><em>existimo,</em></strong></span> <span class='ocrx_word' id='word_1_594' title='bbox 3238 3398 3400 3452; x_wconf 87' lang='lat' dir='ltr'><strong><em>quant</em></strong></span> <span class='ocrx_word' id='word_1_595' title='bbox 3455 3386 3638 3439; x_wconf 89' lang='lat' dir='ltr'><strong><em>omnia</em></strong></span> 
     </span>
    </p>
   </div>
   <div class='ocr_carea' id='block_1_79' title="bbox 2052 3474 3639 3549">
    <p class='ocr_par' dir='ltr' id='par_1_79' title="bbox 2052 3474 3639 3549">
     <span class='ocr_line' id='line_1_79' title="bbox 2052 3474 3639 3549; baseline -0.003 -15"><span class='ocrx_word' id='word_1_596' title='bbox 2052 3480 2152 3535; x_wconf 89' lang='lat' dir='ltr'><strong><em>illa</em></strong></span> <span class='ocrx_word' id='word_1_597' title='bbox 2198 3489 2391 3544; x_wconf 85' lang='lat' dir='ltr'><strong><em>essent,</em></strong></span> <span class='ocrx_word' id='word_1_598' title='bbox 2419 3495 2537 3549; x_wconf 77' lang='lat' dir='ltr'><strong><em>qnte</em></strong></span> <span class='ocrx_word' id='word_1_599' title='bbox 2581 3481 2637 3533; x_wconf 89' lang='lat' dir='ltr'><strong><em>in</em></strong></span> <span class='ocrx_word' id='word_1_600' title='bbox 2672 3478 2959 3544; x_wconf 83' lang='lat' dir='ltr'><strong><em>superioris</em></strong></span> <span class='ocrx_word' id='word_1_601' title='bbox 2991 3474 3113 3529; x_wconf 80' lang='lat' dir='ltr'><strong><em>belli</em></strong></span> <span class='ocrx_word' id='word_1_602' title='bbox 3137 3486 3462 3547; x_wconf 88' lang='lat' dir='ltr'><strong><em>apparatum</em></strong></span> <span class='ocrx_word' id='word_1_603' title='bbox 3508 3494 3639 3531; x_wconf 75' lang='lat' dir='ltr'><strong><em>con-</em></strong></span> 
     </span>
    </p>
   </div>
   <div class='ocr_carea' id='block_1_80' title="bbox 2053 3568 3643 3643">
    <p class='ocr_par' dir='ltr' id='par_1_80' title="bbox 2053 3568 3643 3643">
     <span class='ocr_line' id='line_1_80' title="bbox 2053 3568 3643 3643; baseline -0.003 -14"><span class='ocrx_word' id='word_1_604' title='bbox 2053 3580 2267 3643; x_wconf 87' lang='lat' dir='ltr'><strong><em>sumpta</em></strong></span> <span class='ocrx_word' id='word_1_605' title='bbox 2321 3572 2562 3641; x_wconf 76' lang='lat' dir='ltr'><strong><em>fuissent.</em></strong></span> <span class='ocrx_word' id='word_1_606' title='bbox 2623 3568 2777 3636; x_wconf 86' lang='lat' dir='ltr'><strong><em>Quod</em></strong></span> <span class='ocrx_word' id='word_1_607' title='bbox 2818 3570 2865 3625; x_wconf 90' lang='lat' dir='ltr'><strong><em>si</em></strong></span> <span class='ocrx_word' id='word_1_608' title='bbox 2894 3569 3090 3624; x_wconf 88' lang='lat' dir='ltr'><strong><em>bellum</em></strong></span> <span class='ocrx_word' id='word_1_609' title='bbox 3121 3569 3343 3641; x_wconf 88' lang='lat' dir='ltr'><strong><em>aliquod</em></strong></span> <span class='ocrx_word' id='word_1_610' title='bbox 3402 3570 3502 3624; x_wconf 85' lang='lat' dir='ltr'><strong><em>huc</em></strong></span> <span class='ocrx_word' id='word_1_611' title='bbox 3553 3571 3643 3625; x_wconf 79' lang='lat' dir='ltr'><strong><em>in-</em></strong></span> 
     </span>
    </p>
   </div>
   <div class='ocr_carea' id='block_1_81' title="bbox 2055 3666 3641 3741">
    <p class='ocr_par' dir='ltr' id='par_1_81' title="bbox 2055 3666 3641 3741">
     <span class='ocr_line' id='line_1_81' title="bbox 2055 3666 3641 3741; baseline -0.001 -20"><span class='ocrx_word' id='word_1_612' title='bbox 2055 3668 2280 3741; x_wconf 86' lang='lat' dir='ltr'><strong><em>gruerit,</em></strong></span> <span class='ocrx_word' id='word_1_613' title='bbox 2344 3674 2572 3738; x_wconf 90' lang='lat' dir='ltr'><strong><em>quanta,</em></strong></span> <span class='ocrx_word' id='word_1_614' title='bbox 2602 3681 2691 3720; x_wconf 85' lang='lat' dir='ltr'><strong><em>vos</em></strong></span> <span class='ocrx_word' id='word_1_615' title='bbox 2753 3666 2992 3730; x_wconf 88' lang='lat' dir='ltr'><strong><em>obsecro,</em></strong></span> <span class='ocrx_word' id='word_1_616' title='bbox 3038 3666 3265 3735; x_wconf 86' lang='lat' dir='ltr'><strong><em>jactura</em></strong></span> <span class='ocrx_word' id='word_1_617' title='bbox 3305 3681 3388 3720; x_wconf 92' lang='lat' dir='ltr'><strong><em>res</em></strong></span> <span class='ocrx_word' id='word_1_618' title='bbox 3437 3674 3641 3721; x_wconf 85' lang='lat' dir='ltr'><strong><em>vestras</em></strong></span> 
     </span>
    </p>
   </div>
   <div class='ocr_carea' id='block_1_82' title="bbox 2058 3758 3645 3834">
    <p class='ocr_par' dir='ltr' id='par_1_82' title="bbox 2058 3758 3645 3834">
     <span class='ocr_line' id='line_1_82' title="bbox 2058 3758 3645 3834; baseline -0.001 -19"><span class='ocrx_word' id='word_1_619' title='bbox 2058 3762 2300 3833; x_wconf 81' lang='lat' dir='ltr'><strong><em>affectam</em></strong></span> <span class='ocrx_word' id='word_1_620' title='bbox 2328 3760 2397 3816; x_wconf 90' lang='lat' dir='ltr'><strong><em>iri</em></strong></span> <span class='ocrx_word' id='word_1_621' title='bbox 2421 3758 2907 3834; x_wconf 19' lang='lat' dir='ltr'><strong><em>putatisiiﬁccedet</em></strong></span> <span class='ocrx_word' id='word_1_622' title='bbox 2933 3758 3252 3813; x_wconf 89' lang='lat' dir='ltr'><strong><em>contumelia</em></strong></span> <span class='ocrx_word' id='word_1_623' title='bbox 3282 3760 3332 3813; x_wconf 78' lang='lat' dir='ltr'><strong><em>e&#39;t</em></strong></span> <span class='ocrx_word' id='word_1_624' title='bbox 3361 3759 3438 3812; x_wconf 86' lang='lat' dir='ltr'><strong><em>rei</em></strong></span> <span class='ocrx_word' id='word_1_625' title='bbox 3471 3762 3645 3829; x_wconf 83' lang='lat' dir='ltr'><strong><em>turpi-</em></strong></span> 
     </span>
    </p>
   </div>
   <div class='ocr_carea' id='block_1_83' title="bbox 2061 3851 3646 3923">
    <p class='ocr_par' dir='ltr' id='par_1_83' title="bbox 2061 3851 3646 3923">
     <span class='ocr_line' id='line_1_83' title="bbox 2061 3851 3646 3923; baseline -0.001 -15"><span class='ocrx_word' id='word_1_626' title='bbox 2061 3854 2207 3921; x_wconf 87' lang='lat' dir='ltr'><strong><em>tudo,</em></strong></span> <span class='ocrx_word' id='word_1_627' title='bbox 2240 3871 2399 3923; x_wconf 86' lang='lat' dir='ltr'><strong><em>quam</em></strong></span> <span class='ocrx_word' id='word_1_628' title='bbox 2428 3870 2579 3907; x_wconf 87' lang='lat' dir='ltr'><strong><em>nemo</em></strong></span> <span class='ocrx_word' id='word_1_629' title='bbox 2602 3854 2807 3922; x_wconf 85' lang='lat' dir='ltr'><strong><em>sapiens</em></strong></span> <span class='ocrx_word' id='word_1_630' title='bbox 2842 3852 2950 3905; x_wconf 89' lang='lat' dir='ltr'><strong><em>ullo</em></strong></span> <span class='ocrx_word' id='word_1_631' title='bbox 2987 3851 3182 3908; x_wconf 87' lang='lat' dir='ltr'><strong><em>damno</em></strong></span> <span class='ocrx_word' id='word_1_632' title='bbox 3213 3853 3457 3907; x_wconf 86' lang='lat' dir='ltr'><strong><em>leviorem</em></strong></span> <span class='ocrx_word' id='word_1_633' title='bbox 3480 3858 3646 3907; x_wconf 74' lang='lat' dir='ltr'><strong><em>duxe-</em></strong></span> 
     </span>
    </p>
   </div>
   <div class='ocr_carea' id='block_1_84' title="bbox 2064 3944 3645 4017">
    <p class='ocr_par' dir='ltr' id='par_1_84' title="bbox 2064 3944 3645 4017">
     <span class='ocr_line' id='line_1_84' title="bbox 2064 3944 3645 4017; baseline -0.001 -18"><span class='ocrx_word' id='word_1_634' title='bbox 2064 3948 2153 4000; x_wconf 90' lang='lat' dir='ltr'><strong><em>rit.</em></strong></span> <span class='ocrx_word' id='word_1_635' title='bbox 2182 3945 2392 4017; x_wconf 85' lang='lat' dir='ltr'><strong><em>ltaque,</em></strong></span> <span class='ocrx_word' id='word_1_636' title='bbox 2416 3946 2493 3999; x_wconf 84' lang='lat' dir='ltr'><strong><em>his</em></strong></span> <span class='ocrx_word' id='word_1_637' title='bbox 2523 3948 2762 3999; x_wconf 86' lang='lat' dir='ltr'><strong><em>omnibus</em></strong></span> <span class='ocrx_word' id='word_1_638' title='bbox 2787 3944 3154 4013; x_wconf 87' lang='lat' dir='ltr'><strong><em>consideratis,</em></strong></span> <span class='ocrx_word' id='word_1_639' title='bbox 3190 3947 3365 4000; x_wconf 89' lang='lat' dir='ltr'><strong><em>cuncti</em></strong></span> <span class='ocrx_word' id='word_1_640' title='bbox 3388 3945 3645 4015; x_wconf 88' lang='lat' dir='ltr'><strong><em>opitulari</em></strong></span> 
     </span>
    </p>
   </div>
   <div class='ocr_carea' id='block_1_85' title="bbox 2066 4036 3647 4094">
    <p class='ocr_par' dir='ltr' id='par_1_85' title="bbox 2066 4036 3647 4094">
     <span class='ocr_line' id='line_1_85' title="bbox 2066 4036 3647 4094; baseline -0.004 0"><span class='ocrx_word' id='word_1_641' title='bbox 2066 4046 2116 4094; x_wconf 85' lang='lat' dir='ltr'><strong><em>el</em></strong></span> <span class='ocrx_word' id='word_1_642' title='bbox 2141 4045 2309 4092; x_wconf 79' lang='lat' dir='ltr'><strong><em>totam</em></strong></span> <span class='ocrx_word' id='word_1_643' title='bbox 2338 4036 2461 4092; x_wconf 88' lang='lat' dir='ltr'><strong><em>belli</em></strong></span> <span class='ocrx_word' id='word_1_644' title='bbox 2493 4036 2683 4091; x_wconf 87' lang='lat' dir='ltr'><strong><em>molem</em></strong></span> <span class='ocrx_word' id='word_1_645' title='bbox 2730 4038 2861 4091; x_wconf 89' lang='lat' dir='ltr'><strong><em>illuc</em></strong></span> <span class='ocrx_word' id='word_1_646' title='bbox 2898 4046 3199 4093; x_wconf 89' lang='lat' dir='ltr'><strong><em>convertere</em></strong></span> <span class='ocrx_word' id='word_1_647' title='bbox 3232 4038 3460 4092; x_wconf 80' lang='lat' dir='ltr'><strong><em>debent:</em></strong></span> <span class='ocrx_word' id='word_1_648' title='bbox 3501 4038 3647 4093; x_wconf 83' lang='lat' dir='ltr'><strong><em>locu-</em></strong></span> 
     </span>
    </p>
   </div>
   <div class='ocr_carea' id='block_1_86' title="bbox 2062 4126 3646 4201">
    <p class='ocr_par' dir='ltr' id='par_1_86' title="bbox 2062 4126 3646 4201">
     <span class='ocr_line' id='line_1_86' title="bbox 2062 4126 3646 4201; baseline 0 -18"><span class='ocrx_word' id='word_1_649' title='bbox 2062 4128 2306 4198; x_wconf 86' lang='lat' dir='ltr'><strong><em>pletiores</em></strong></span> <span class='ocrx_word' id='word_1_650' title='bbox 2330 4139 2389 4182; x_wconf 88' lang='lat' dir='ltr'><strong><em>ut</em></strong></span> <span class='ocrx_word' id='word_1_651' title='bbox 2423 4145 2521 4201; x_wconf 88' lang='lat' dir='ltr'><strong><em>pro</em></strong></span> <span class='ocrx_word' id='word_1_652' title='bbox 2567 4126 2772 4196; x_wconf 89' lang='lat' dir='ltr'><strong><em>multis,</em></strong></span> <span class='ocrx_word' id='word_1_653' title='bbox 2810 4146 2927 4199; x_wconf 70' lang='lat' dir='ltr'><strong><em>qua:</em></strong></span> <span class='ocrx_word' id='word_1_654' title='bbox 2977 4139 3114 4185; x_wconf 90' lang='lat' dir='ltr'><strong><em>recte</em></strong></span> <span class='ocrx_word' id='word_1_655' title='bbox 3141 4130 3429 4201; x_wconf 86' lang='lat' dir='ltr'><strong><em>possident,</em></strong></span> <span class='ocrx_word' id='word_1_656' title='bbox 3462 4132 3646 4201; x_wconf 69' lang='lat' dir='ltr'><strong><em>paucis</em></strong></span> 
     </span>
    </p>
   </div>
   <div class='ocr_carea' id='block_1_87' title="bbox 2066 4220 3649 4295">
    <p class='ocr_par' dir='ltr' id='par_1_87' title="bbox 2066 4220 3649 4295">
     <span class='ocr_line' id='line_1_87' title="bbox 2066 4220 3649 4295; baseline 0.001 -19"><span class='ocrx_word' id='word_1_657' title='bbox 2066 4223 2317 4295; x_wconf 77' lang='lat' dir='ltr'><strong><em>erogatis,</em></strong></span> <span class='ocrx_word' id='word_1_658' title='bbox 2344 4221 2563 4293; x_wconf 88' lang='lat' dir='ltr'><strong><em>reliquis</em></strong></span> <span class='ocrx_word' id='word_1_659' title='bbox 2596 4220 2758 4276; x_wconf 85' lang='lat' dir='ltr'><strong><em>libere</em></strong></span> <span class='ocrx_word' id='word_1_660' title='bbox 2784 4230 2832 4276; x_wconf 90' lang='lat' dir='ltr'><strong><em>et</em></strong></span> <span class='ocrx_word' id='word_1_661' title='bbox 2861 4224 3096 4277; x_wconf 87' lang='lat' dir='ltr'><strong><em>securius</em></strong></span> <span class='ocrx_word' id='word_1_662' title='bbox 3123 4225 3414 4295; x_wconf 87' lang='lat' dir='ltr'><strong><em>fruantur;</em></strong></span> <span class='ocrx_word' id='word_1_663' title='bbox 3427 4226 3649 4294; x_wconf 73' lang='lat' dir='ltr'><strong><em>juvenes</em></strong></span> 
     </span>
    </p>
   </div>
   <div class='ocr_carea' id='block_1_88' title="bbox 2066 4313 3650 4390">
    <p class='ocr_par' dir='ltr' id='par_1_88' title="bbox 2066 4313 3650 4390">
     <span class='ocr_line' id='line_1_88' title="bbox 2066 4313 3650 4390; baseline 0 -17"><span class='ocrx_word' id='word_1_664' title='bbox 2066 4332 2207 4381; x_wconf 89' lang='lat' dir='ltr'><strong><em>vero,</em></strong></span> <span class='ocrx_word' id='word_1_665' title='bbox 2238 4323 2296 4369; x_wconf 87' lang='lat' dir='ltr'><strong><em>ut</em></strong></span> <span class='ocrx_word' id='word_1_666' title='bbox 2349 4317 2427 4371; x_wconf 87' lang='lat' dir='ltr'><strong><em>rei</em></strong></span> <span class='ocrx_word' id='word_1_667' title='bbox 2485 4313 2733 4371; x_wconf 79' lang='lat' dir='ltr'><strong><em>militaris</em></strong></span> <span class='ocrx_word' id='word_1_668' title='bbox 2796 4317 3078 4388; x_wconf 85' lang='lat' dir='ltr'><strong><em>disciplina</em></strong></span> <span class='ocrx_word' id='word_1_669' title='bbox 3133 4318 3190 4372; x_wconf 90' lang='lat' dir='ltr'><strong><em>in</em></strong></span> <span class='ocrx_word' id='word_1_670' title='bbox 3246 4316 3477 4390; x_wconf 76' lang='lat' dir='ltr'><strong><em>Philippi</em></strong></span> <span class='ocrx_word' id='word_1_671' title='bbox 3521 4335 3650 4389; x_wconf 83' lang='lat' dir='ltr'><strong><em>agro</em></strong></span> 
     </span>
    </p>
   </div>
   <div class='ocr_carea' id='block_1_89' title="bbox 373 4388 1945 4484">
    <p class='ocr_par' dir='ltr' id='par_1_89' title="bbox 373 4388 1945 4477">
     <span class='ocr_line' id='line_1_89' title="bbox 373 4388 1945 4477; baseline -0.004 -14"><span class='ocrx_word' id='word_1_672' title='bbox 373 4388 552 4463; x_wconf 85' lang='lat' dir='ltr'><strong><em>dinem</em></strong></span> <span class='ocrx_word' id='word_1_673' title='bbox 596 4407 771 4477; x_wconf 73' lang='lat' dir='ltr'><strong><em>affert.</em></strong></span> <span class='ocrx_word' id='word_1_674' title='bbox 819 4406 1087 4462; x_wconf 78' lang='lat' dir='ltr'><strong><em>Accedunt</em></strong></span> <span class='ocrx_word' id='word_1_675' title='bbox 1130 4421 1215 4459; x_wconf 89' lang='lat' dir='ltr'><strong><em>res</em></strong></span> <span class='ocrx_word' id='word_1_676' title='bbox 1247 4404 1614 4460; x_wconf 82' lang='lat' dir='ltr'><strong><em>Thessalorum</em></strong></span> <span class='ocrx_word' id='word_1_677' title='bbox 1636 4448 1651 4472; x_wconf 95' lang='lat'><strong><em>,</em></strong></span> <span class='ocrx_word' id='word_1_678' title='bbox 1683 4388 1945 4475; x_wconf 29' lang='lat' dir='ltr'><strong><em>quodcum</em></strong></span> 
     </span>
    </p>
   </div>
   <div class='ocr_carea' id='block_1_90' title="bbox 2047 4388 3653 4484">
    <p class='ocr_par' dir='ltr' id='par_1_90' title="bbox 2062 4396 3653 4479">
     <span class='ocr_line' id='line_1_90' title="bbox 2062 4396 3653 4479; baseline -0.001 -13"><span class='ocrx_word' id='word_1_679' title='bbox 2062 4410 2279 4476; x_wconf 84' lang='lat' dir='ltr'><strong><em>eruditi,</em></strong></span> <span class='ocrx_word' id='word_1_680' title='bbox 2315 4410 2387 4464; x_wconf 88' lang='lat' dir='ltr'><strong><em>ad</em></strong></span> <span class='ocrx_word' id='word_1_681' title='bbox 2435 4396 2551 4464; x_wconf 37' lang='lat' dir='ltr'><strong><em>rem.</em></strong></span> <span class='ocrx_word' id='word_1_682' title='bbox 2582 4426 2735 4463; x_wconf 87' lang='lat' dir='ltr'><strong><em>suam</em></strong></span> <span class='ocrx_word' id='word_1_683' title='bbox 2770 4409 3097 4479; x_wconf 75' lang='lat' dir='ltr'><strong><em>[nntiliarem</em></strong></span> <span class='ocrx_word' id='word_1_684' title='bbox 3125 4410 3443 4466; x_wconf 89' lang='lat' dir='ltr'><strong><em>incolumem</em></strong></span> <span class='ocrx_word' id='word_1_685' title='bbox 3467 4420 3653 4465; x_wconf 82' lang='lat' dir='ltr'><strong><em>tutan-</em></strong></span> 
     </span>
    </p>
   </div>
   <div class='ocr_carea' id='block_1_91' title="bbox 374 4496 1957 4570">
    <p class='ocr_par' dir='ltr' id='par_1_91' title="bbox 374 4496 1957 4570">
     <span class='ocr_line' id='line_1_91' title="bbox 374 4496 1957 4570; baseline -0.003 -15"><span class='ocrx_word' id='word_1_686' title='bbox 374 4514 579 4570; x_wconf 87' lang='lat' dir='ltr'><strong><em>semper</em></strong></span> <span class='ocrx_word' id='word_1_687' title='bbox 604 4498 784 4566; x_wconf 79' lang='lat' dir='ltr'><strong><em>inﬁda:</em></strong></span> <span class='ocrx_word' id='word_1_688' title='bbox 802 4498 1042 4552; x_wconf 85' lang='lat' dir='ltr'><strong><em>omnibus</em></strong></span> <span class='ocrx_word' id='word_1_689' title='bbox 1069 4508 1266 4552; x_wconf 84' lang='lat' dir='ltr'><strong><em>natura</em></strong></span> <span class='ocrx_word' id='word_1_690' title='bbox 1287 4497 1505 4568; x_wconf 87' lang='lat' dir='ltr'><strong><em>fuerint,</em></strong></span> <span class='ocrx_word' id='word_1_691' title='bbox 1536 4499 1769 4553; x_wconf 71' lang='lat' dir='ltr'><strong><em>maxime</em></strong></span> <span class='ocrx_word' id='word_1_692' title='bbox 1795 4496 1957 4551; x_wconf 86' lang='lat' dir='ltr'><strong><em>veluti</em></strong></span> 
     </span>
    </p>
   </div>
   <div class='ocr_carea' id='block_1_92' title="bbox 380 4588 1962 4662">
    <p class='ocr_par' dir='ltr' id='par_1_92' title="bbox 380 4588 1962 4662">
     <span class='ocr_line' id='line_1_92' title="bbox 380 4588 1962 4662; baseline -0.003 -15"><span class='ocrx_word' id='word_1_693' title='bbox 380 4602 557 4657; x_wconf 85' lang='lat' dir='ltr'><strong><em>erant,</em></strong></span> <span class='ocrx_word' id='word_1_694' title='bbox 583 4608 722 4646; x_wconf 87' lang='lat' dir='ltr'><strong><em>nunc</em></strong></span> <span class='ocrx_word' id='word_1_695' title='bbox 754 4602 918 4646; x_wconf 77' lang='lat' dir='ltr'><strong><em>etiam</em></strong></span> <span class='ocrx_word' id='word_1_696' title='bbox 942 4591 1031 4645; x_wconf 86' lang='lat' dir='ltr'><strong><em>isti</em></strong></span> <span class='ocrx_word' id='word_1_697' title='bbox 1050 4601 1193 4645; x_wconf 89' lang='lat' dir='ltr'><strong><em>sunt.</em></strong></span> <span class='ocrx_word' id='word_1_698' title='bbox 1216 4590 1360 4645; x_wconf 86' lang='lat' dir='ltr'><strong><em>Nam</em></strong></span> <span class='ocrx_word' id='word_1_699' title='bbox 1401 4588 1643 4662; x_wconf 87' lang='lat' dir='ltr'><strong><em>Pagasas</em></strong></span> <span class='ocrx_word' id='word_1_700' title='bbox 1678 4591 1744 4645; x_wconf 90' lang='lat' dir='ltr'><strong><em>ab</em></strong></span> <span class='ocrx_word' id='word_1_701' title='bbox 1773 4608 1831 4645; x_wconf 85' lang='lat' dir='ltr'><strong><em>eo</em></strong></span> <span class='ocrx_word' id='word_1_702' title='bbox 1878 4607 1962 4643; x_wconf 89' lang='lat' dir='ltr'><strong><em>re-</em></strong></span> 
     </span>
    </p>
   </div>
   <div class='ocr_carea' id='block_1_93' title="bbox 379 4682 1965 4755">
    <p class='ocr_par' dir='ltr' id='par_1_93' title="bbox 379 4682 1965 4755">
     <span class='ocr_line' id='line_1_93' title="bbox 379 4682 1965 4755; baseline 0 -16"><span class='ocrx_word' id='word_1_703' title='bbox 379 4692 556 4755; x_wconf 84' lang='lat' dir='ltr'><strong><em>petere</em></strong></span> <span class='ocrx_word' id='word_1_704' title='bbox 588 4685 877 4739; x_wconf 89' lang='lat' dir='ltr'><strong><em>decrevisse</em></strong></span> <span class='ocrx_word' id='word_1_705' title='bbox 917 4684 1189 4749; x_wconf 65' lang='lat' dir='ltr'><strong><em>diguntur,</em></strong></span> <span class='ocrx_word' id='word_1_706' title='bbox 1240 4695 1285 4736; x_wconf 90' lang='lat' dir='ltr'><strong><em>et</em></strong></span> <span class='ocrx_word' id='word_1_707' title='bbox 1326 4682 1657 4754; x_wconf 71' lang='lat' dir='ltr'><strong><em>Magnesiam</em></strong></span> <span class='ocrx_word' id='word_1_708' title='bbox 1709 4686 1965 4739; x_wconf 65' lang='lat' dir='ltr'><strong><em>manibus</em></strong></span> 
     </span>
    </p>
   </div>
   <div class='ocr_carea' id='block_1_94' title="bbox 381 4774 1966 4847">
    <p class='ocr_par' dir='ltr' id='par_1_94' title="bbox 381 4774 1966 4847">
     <span class='ocr_line' id='line_1_94' title="bbox 381 4774 1966 4847; baseline 0 -17"><span class='ocrx_word' id='word_1_709' title='bbox 381 4777 523 4847; x_wconf 85' lang='lat' dir='ltr'><strong><em>cingi</em></strong></span> <span class='ocrx_word' id='word_1_710' title='bbox 563 4776 969 4845; x_wconf 84' lang='lat' dir='ltr'><strong><em>prohibuerunt.</em></strong></span> <span class='ocrx_word' id='word_1_711' title='bbox 1012 4774 1268 4844; x_wconf 84' lang='lat' dir='ltr'><strong><em>Equidem</em></strong></span> <span class='ocrx_word' id='word_1_712' title='bbox 1315 4790 1380 4829; x_wconf 77' lang='lat' dir='ltr'><strong><em>es:</em></strong></span> <span class='ocrx_word' id='word_1_713' title='bbox 1414 4776 1731 4845; x_wconf 86' lang='lat' dir='ltr'><strong><em>quibusdam</em></strong></span> <span class='ocrx_word' id='word_1_714' title='bbox 1787 4777 1966 4831; x_wconf 89' lang='lat' dir='ltr'><strong><em>audivi</em></strong></span> 
     </span>
    </p>
   </div>
   <div class='ocr_carea' id='block_1_95' title="bbox 386 4863 1983 4936">
    <p class='ocr_par' dir='ltr' id='par_1_95' title="bbox 386 4863 1983 4936">
     <span class='ocr_line' id='line_1_95' title="bbox 386 4863 1983 4936; baseline -0.001 -14"><span class='ocrx_word' id='word_1_715' title='bbox 386 4885 473 4922; x_wconf 89' lang='lat' dir='ltr'><strong><em>eos</em></strong></span> <span class='ocrx_word' id='word_1_716' title='bbox 507 4884 611 4921; x_wconf 89' lang='lat' dir='ltr'><strong><em>non</em></strong></span> <span class='ocrx_word' id='word_1_717' title='bbox 636 4866 866 4936; x_wconf 85' lang='lat' dir='ltr'><strong><em>amplius</em></strong></span> <span class='ocrx_word' id='word_1_718' title='bbox 891 4867 1240 4935; x_wconf 85' lang='lat' dir='ltr'><strong><em>permissuros</em></strong></span> <span class='ocrx_word' id='word_1_719' title='bbox 1281 4874 1336 4918; x_wconf 90' lang='lat' dir='ltr'><strong><em>ut</em></strong></span> <span class='ocrx_word' id='word_1_720' title='bbox 1370 4863 1447 4919; x_wconf 85' lang='lat' dir='ltr'><strong><em>vel</em></strong></span> <span class='ocrx_word' id='word_1_721' title='bbox 1492 4866 1715 4936; x_wconf 86' lang='lat' dir='ltr'><strong><em>portorii</em></strong></span> <span class='ocrx_word' id='word_1_722' title='bbox 1742 4866 1825 4920; x_wconf 89' lang='lat' dir='ltr'><strong><em>vel</em></strong></span> <span class='ocrx_word' id='word_1_723' title='bbox 1863 4866 1983 4936; x_wconf 87' lang='lat' dir='ltr'><strong><em>fori</em></strong></span> 
     </span>
    </p>
   </div>
   <div class='ocr_carea' id='block_1_96' title="bbox 387 4957 1966 5030">
    <p class='ocr_par' dir='ltr' id='par_1_96' title="bbox 387 4957 1966 5030">
     <span class='ocr_line' id='line_1_96' title="bbox 387 4957 1966 5030; baseline -0.001 -15"><span class='ocrx_word' id='word_1_724' title='bbox 387 4960 622 5015; x_wconf 79' lang='lat' dir='ltr'><strong><em>redditus</em></strong></span> <span class='ocrx_word' id='word_1_725' title='bbox 649 4957 947 5030; x_wconf 69' lang='lat' dir='ltr'><strong><em>percipiat;</em></strong></span> <span class='ocrx_word' id='word_1_726' title='bbox 996 4973 1118 5011; x_wconf 90' lang='lat' dir='ltr'><strong><em>cum</em></strong></span> <span class='ocrx_word' id='word_1_727' title='bbox 1160 4958 1359 5012; x_wconf 84' lang='lat' dir='ltr'><strong><em>scilicet</em></strong></span> <span class='ocrx_word' id='word_1_728' title='bbox 1389 4972 1453 5011; x_wconf 78' lang='lat' dir='ltr'><strong><em>ea:</em></strong></span> <span class='ocrx_word' id='word_1_729' title='bbox 1486 4960 1548 5012; x_wconf 86' lang='lat' dir='ltr'><strong><em>iis</em></strong></span> <span class='ocrx_word' id='word_1_730' title='bbox 1590 4957 1966 5029; x_wconf 88' lang='lat' dir='ltr'><strong><em>rempublicam</em></strong></span> 
     </span>
    </p>
   </div>
   <div class='ocr_carea' id='block_1_97' title="bbox 387 5045 1969 5125">
    <p class='ocr_par' dir='ltr' id='par_1_97' title="bbox 387 5045 1969 5125">
     <span class='ocr_line' id='line_1_97' title="bbox 387 5045 1969 5125; baseline -0.001 -18"><span class='ocrx_word' id='word_1_731' title='bbox 387 5050 759 5108; x_wconf 85' lang='lat' dir='ltr'><strong><em>Thessalorum</em></strong></span> <span class='ocrx_word' id='word_1_732' title='bbox 798 5049 1169 5104; x_wconf 81' lang='lat' dir='ltr'><strong><em>administrari</em></strong></span> <span class='ocrx_word' id='word_1_733' title='bbox 1218 5057 1487 5125; x_wconf 73' lang='lat' dir='ltr'><strong><em>oporteat,</em></strong></span> <span class='ocrx_word' id='word_1_734' title='bbox 1554 5064 1659 5103; x_wconf 89' lang='lat' dir='ltr'><strong><em>non</em></strong></span> <span class='ocrx_word' id='word_1_735' title='bbox 1717 5045 1969 5121; x_wconf 84' lang='lat' dir='ltr'><strong><em>Philippo</em></strong></span> 
     </span>
    </p>
   </div>
   <div class='ocr_carea' id='block_1_98' title="bbox 389 5142 1970 5217">
    <p class='ocr_par' dir='ltr' id='par_1_98' title="bbox 389 5142 1970 5217">
     <span class='ocr_line' id='line_1_98' title="bbox 389 5142 1970 5217; baseline -0.002 -17"><span class='ocrx_word' id='word_1_736' title='bbox 389 5147 596 5217; x_wconf 83' lang='lat' dir='ltr'><strong><em>aliquid</em></strong></span> <span class='ocrx_word' id='word_1_737' title='bbox 633 5145 929 5217; x_wconf 89' lang='lat' dir='ltr'><strong><em>provenire.</em></strong></span> <span class='ocrx_word' id='word_1_738' title='bbox 959 5142 1157 5209; x_wconf 83' lang='lat' dir='ltr'><strong><em>Quibus</em></strong></span> <span class='ocrx_word' id='word_1_739' title='bbox 1188 5143 1426 5211; x_wconf 87' lang='lat' dir='ltr'><strong><em>pecuniis</em></strong></span> <span class='ocrx_word' id='word_1_740' title='bbox 1445 5146 1489 5197; x_wconf 87' lang='lat' dir='ltr'><strong><em>si</em></strong></span> <span class='ocrx_word' id='word_1_741' title='bbox 1510 5144 1750 5213; x_wconf 87' lang='lat' dir='ltr'><strong><em>privatus</em></strong></span> <span class='ocrx_word' id='word_1_742' title='bbox 1784 5144 1970 5214; x_wconf 68' lang='lat' dir='ltr'><strong><em>fuerit,</em></strong></span> 
     </span>
    </p>
   </div>
   <div class='ocr_carea' id='block_1_99' title="bbox 393 5234 1973 5310">
    <p class='ocr_par' dir='ltr' id='par_1_99' title="bbox 393 5234 1973 5310">
     <span class='ocr_line' id='line_1_99' title="bbox 393 5234 1973 5310; baseline -0.003 -15"><span class='ocrx_word' id='word_1_743' title='bbox 393 5241 448 5295; x_wconf 90' lang='lat' dir='ltr'><strong><em>in</em></strong></span> <span class='ocrx_word' id='word_1_744' title='bbox 499 5239 790 5294; x_wconf 74' lang='lat' dir='ltr'><strong><em>maximam</em></strong></span> <span class='ocrx_word' id='word_1_745' title='bbox 829 5237 1062 5310; x_wconf 89' lang='lat' dir='ltr'><strong><em>profecto</em></strong></span> <span class='ocrx_word' id='word_1_746' title='bbox 1095 5234 1274 5289; x_wconf 87' lang='lat' dir='ltr'><strong><em>alendi</em></strong></span> <span class='ocrx_word' id='word_1_747' title='bbox 1316 5234 1578 5291; x_wconf 77' lang='lat' dir='ltr'><strong><em>exercitus</em></strong></span> <span class='ocrx_word' id='word_1_748' title='bbox 1613 5235 1973 5305; x_wconf 72' lang='lat' dir='ltr'><strong><em>difﬁcultatem</em></strong></span> 
     </span>
    </p>
   </div>
   <div class='ocr_carea' id='block_1_100' title="bbox 392 5327 1977 5401">
    <p class='ocr_par' dir='ltr' id='par_1_100' title="bbox 392 5327 1977 5401">
     <span class='ocr_line' id='line_1_100' title="bbox 392 5327 1977 5401; baseline -0.003 -13"><span class='ocrx_word' id='word_1_749' title='bbox 392 5332 707 5388; x_wconf 86' lang='lat' dir='ltr'><strong><em>adducetur.</em></strong></span> <span class='ocrx_word' id='word_1_750' title='bbox 756 5330 996 5401; x_wconf 85' lang='lat' dir='ltr'><strong><em>Denique</em></strong></span> <span class='ocrx_word' id='word_1_751' title='bbox 1040 5327 1266 5384; x_wconf 77' lang='lat' dir='ltr'><strong><em>Pwones</em></strong></span> <span class='ocrx_word' id='word_1_752' title='bbox 1312 5337 1359 5383; x_wconf 91' lang='lat' dir='ltr'><strong><em>et</em></strong></span> <span class='ocrx_word' id='word_1_753' title='bbox 1419 5327 1645 5400; x_wconf 78' lang='lat' dir='ltr'><strong><em>Illyrici,</em></strong></span> <span class='ocrx_word' id='word_1_754' title='bbox 1696 5344 1757 5382; x_wconf 90' lang='lat' dir='ltr'><strong><em>ac</em></strong></span> <span class='ocrx_word' id='word_1_755' title='bbox 1799 5345 1977 5384; x_wconf 89' lang='lat' dir='ltr'><strong><em>omnes</em></strong></span> 
     </span>
    </p>
   </div>
   <div class='ocr_carea' id='block_1_101' title="bbox 393 5419 1978 5494">
    <p class='ocr_par' dir='ltr' id='par_1_101' title="bbox 393 5419 1978 5494">
     <span class='ocr_line' id='line_1_101' title="bbox 393 5419 1978 5494; baseline -0.004 -14"><span class='ocrx_word' id='word_1_756' title='bbox 393 5424 493 5481; x_wconf 87' lang='lat' dir='ltr'><strong><em>alii</em></strong></span> <span class='ocrx_word' id='word_1_757' title='bbox 521 5422 880 5494; x_wconf 85' lang='lat' dir='ltr'><strong><em>hujuscemodi</em></strong></span> <span class='ocrx_word' id='word_1_758' title='bbox 912 5422 1148 5476; x_wconf 82' lang='lat' dir='ltr'><strong><em>homines</em></strong></span> <span class='ocrx_word' id='word_1_759' title='bbox 1173 5421 1284 5475; x_wconf 87' lang='lat' dir='ltr'><strong><em>suis</em></strong></span> <span class='ocrx_word' id='word_1_760' title='bbox 1310 5420 1504 5489; x_wconf 86' lang='lat' dir='ltr'><strong><em>legibus</em></strong></span> <span class='ocrx_word' id='word_1_761' title='bbox 1528 5419 1629 5483; x_wconf 90' lang='lat' dir='ltr'><strong><em>uti,</em></strong></span> <span class='ocrx_word' id='word_1_762' title='bbox 1659 5420 1716 5474; x_wconf 91' lang='lat' dir='ltr'><strong><em>in</em></strong></span> <span class='ocrx_word' id='word_1_763' title='bbox 1740 5420 1978 5474; x_wconf 86' lang='lat' dir='ltr'><strong><em>libertate</em></strong></span> 
     </span>
    </p>
   </div>
   <div class='ocr_carea' id='block_1_102' title="bbox 395 5514 1977 5590">
    <p class='ocr_par' dir='ltr' id='par_1_102' title="bbox 395 5514 1977 5590">
     <span class='ocr_line' id='line_1_102' title="bbox 395 5514 1977 5590; baseline -0.004 -14"><span class='ocrx_word' id='word_1_764' title='bbox 395 5524 569 5577; x_wconf 79' lang='lat' dir='ltr'><strong><em>vicere</em></strong></span> <span class='ocrx_word' id='word_1_765' title='bbox 591 5519 834 5574; x_wconf 83' lang='lat' dir='ltr'><strong><em>libentius</em></strong></span> <span class='ocrx_word' id='word_1_766' title='bbox 871 5520 1034 5590; x_wconf 80' lang='lat' dir='ltr'><strong><em>quam</em></strong></span> <span class='ocrx_word' id='word_1_767' title='bbox 1059 5518 1271 5571; x_wconf 68' lang='lat' dir='ltr'><strong><em>servire.</em></strong></span> <span class='ocrx_word' id='word_1_768' title='bbox 1300 5514 1432 5571; x_wconf 89' lang='lat' dir='ltr'><strong><em>velle</em></strong></span> <span class='ocrx_word' id='word_1_769' title='bbox 1463 5516 1798 5569; x_wconf 76' lang='lat' dir='ltr'><strong><em>esistimandi</em></strong></span> <span class='ocrx_word' id='word_1_770' title='bbox 1835 5527 1977 5583; x_wconf 84' lang='lat' dir='ltr'><strong><em>sunt,</em></strong></span> 
     </span>
    </p>
   </div>
   <div class='ocr_carea' id='block_1_103' title="bbox 396 5597 1982 5685">
    <p class='ocr_par' dir='ltr' id='par_1_103' title="bbox 396 5597 1982 5685">
     <span class='ocr_line' id='line_1_103' title="bbox 396 5597 1982 5685; baseline -0.003 -20"><span class='ocrx_word' id='word_1_771' title='bbox 396 5614 592 5685; x_wconf 82' lang='lat' dir='ltr'><strong><em>quippe</em></strong></span> <span class='ocrx_word' id='word_1_772' title='bbox 624 5613 712 5683; x_wconf 84' lang='lat' dir='ltr'><strong><em>qui</em></strong></span> <span class='ocrx_word' id='word_1_773' title='bbox 736 5623 1009 5680; x_wconf 73' lang='lat' dir='ltr'><strong><em>nunquam</em></strong></span> <span class='ocrx_word' id='word_1_774' title='bbox 1040 5608 1199 5664; x_wconf 86' lang='lat' dir='ltr'><strong><em>alteri</em></strong></span> <span class='ocrx_word' id='word_1_775' title='bbox 1238 5623 1432 5679; x_wconf 82' lang='lat' dir='ltr'><strong><em>parere</em></strong></span> <span class='ocrx_word' id='word_1_776' title='bbox 1470 5597 1982 5662; x_wconf 44' lang='lat' dir='ltr'><strong><em>consueverunthc</em></strong></span> 
     </span>
    </p>
   </div>
   <div class='ocr_carea' id='block_1_104' title="bbox 397 5697 1982 5777">
    <p class='ocr_par' dir='ltr' id='par_1_104' title="bbox 397 5697 1982 5777">
     <span class='ocr_line' id='line_1_104' title="bbox 397 5697 1982 5777; baseline -0.005 -16"><span class='ocrx_word' id='word_1_777' title='bbox 397 5706 491 5762; x_wconf 86' lang='lat' dir='ltr'><strong><em>ille</em></strong></span> <span class='ocrx_word' id='word_1_778' title='bbox 518 5705 753 5777; x_wconf 85' lang='lat' dir='ltr'><strong><em>quidem,</em></strong></span> <span class='ocrx_word' id='word_1_779' title='bbox 786 5711 842 5757; x_wconf 87' lang='lat' dir='ltr'><strong><em>ut</em></strong></span> <span class='ocrx_word' id='word_1_780' title='bbox 866 5704 1039 5766; x_wconf 88' lang='lat' dir='ltr'><strong><em>aiunt,</em></strong></span> <span class='ocrx_word' id='word_1_781' title='bbox 1068 5699 1225 5756; x_wconf 81' lang='lat' dir='ltr'><strong><em>valde</em></strong></span> <span class='ocrx_word' id='word_1_782' title='bbox 1277 5698 1686 5754; x_wconf 89' lang='lat' dir='ltr'><strong><em>contumeliosus</em></strong></span> <span class='ocrx_word' id='word_1_783' title='bbox 1713 5706 1811 5765; x_wconf 89' lang='lat' dir='ltr'><strong><em>est,</em></strong></span> <span class='ocrx_word' id='word_1_784' title='bbox 1843 5697 1982 5761; x_wconf 89' lang='lat' dir='ltr'><strong><em>quod</em></strong></span> 
     </span>
    </p>
   </div>
   <div class='ocr_carea' id='block_1_105' title="bbox 674 5800 1388 5865">
    <p class='ocr_par' dir='ltr' id='par_1_105' title="bbox 674 5800 1388 5865">
     <span class='ocr_line' id='line_1_105' title="bbox 674 5800 1388 5865; baseline -0.008 0"><span class='ocrx_word' id='word_1_785' title='bbox 674 5805 955 5865; x_wconf 67' lang='grc' dir='ltr'><strong><em>Ρδτηυι.</em></strong></span> <span class='ocrx_word' id='word_1_786' title='bbox 987 5801 1099 5862; x_wconf 23' lang='lat' dir='ltr'><strong><em>Gtt.</em></strong></span> <span class='ocrx_word' id='word_1_787' title='bbox 1172 5800 1388 5863; x_wconf 78' lang='lat' dir='ltr'><strong><em>CLXI.</em></strong></span> 
     </span>
    </p>
   </div>
   <div class='ocr_carea' id='block_1_106' title="bbox 2066 4499 3651 4575">
    <p class='ocr_par' dir='ltr' id='par_1_106' title="bbox 2066 4499 3651 4575">
     <span class='ocr_line' id='line_1_106' title="bbox 2066 4499 3651 4575; baseline 0 -18"><span class='ocrx_word' id='word_1_788' title='bbox 2066 4502 2192 4557; x_wconf 86' lang='lat' dir='ltr'><strong><em>dam</em></strong></span> <span class='ocrx_word' id='word_1_789' title='bbox 2220 4499 2550 4571; x_wconf 83' lang='lat' dir='ltr'><strong><em>formidolosi</em></strong></span> <span class='ocrx_word' id='word_1_790' title='bbox 2579 4503 2815 4555; x_wconf 85' lang='lat' dir='ltr'><strong><em>custodes</em></strong></span> <span class='ocrx_word' id='word_1_791' title='bbox 2849 4502 3178 4573; x_wconf 69' lang='lat' dir='ltr'><strong><em>efﬁciantur;</em></strong></span> <span class='ocrx_word' id='word_1_792' title='bbox 3220 4503 3443 4575; x_wconf 85' lang='lat' dir='ltr'><strong><em>denique</em></strong></span> <span class='ocrx_word' id='word_1_793' title='bbox 3472 4513 3651 4557; x_wconf 51' lang='lat' dir='ltr'><strong><em>orato-</em></strong></span> 
     </span>
    </p>
   </div>
   <div class='ocr_carea' id='block_1_107' title="bbox 2065 4595 3654 4667">
    <p class='ocr_par' dir='ltr' id='par_1_107' title="bbox 2065 4595 3654 4667">
     <span class='ocr_line' id='line_1_107' title="bbox 2065 4595 3654 4667; baseline 0.002 -19"><span class='ocrx_word' id='word_1_794' title='bbox 2065 4610 2178 4660; x_wconf 77' lang='lat' dir='ltr'><strong><em>res,</em></strong></span> <span class='ocrx_word' id='word_1_795' title='bbox 2203 4602 2261 4647; x_wconf 87' lang='lat' dir='ltr'><strong><em>ut</em></strong></span> <span class='ocrx_word' id='word_1_796' title='bbox 2293 4601 2470 4648; x_wconf 84' lang='lat' dir='ltr'><strong><em>rerum</em></strong></span> <span class='ocrx_word' id='word_1_797' title='bbox 2497 4612 2529 4649; x_wconf 92' lang='lat' dir='ltr'><strong><em>a</em></strong></span> <span class='ocrx_word' id='word_1_798' title='bbox 2557 4611 2613 4648; x_wconf 89' lang='lat' dir='ltr'><strong><em>se</em></strong></span> <span class='ocrx_word' id='word_1_799' title='bbox 2637 4604 2906 4665; x_wconf 86' lang='lat' dir='ltr'><strong><em>gestarum</em></strong></span> <span class='ocrx_word' id='word_1_800' title='bbox 2938 4597 3177 4652; x_wconf 85' lang='lat' dir='ltr'><strong><em>rationes</em></strong></span> <span class='ocrx_word' id='word_1_801' title='bbox 3198 4595 3413 4667; x_wconf 80' lang='lat' dir='ltr'><strong><em>facilius</em></strong></span> <span class='ocrx_word' id='word_1_802' title='bbox 3433 4598 3654 4652; x_wconf 86' lang='lat' dir='ltr'><strong><em>reddere</em></strong></span> 
     </span>
    </p>
   </div>
   <div class='ocr_carea' id='block_1_108' title="bbox 2066 4677 3656 4762">
    <p class='ocr_par' dir='ltr' id='par_1_108' title="bbox 2066 4677 3656 4762">
     <span class='ocr_line' id='line_1_108' title="bbox 2066 4677 3656 4762; baseline 0.001 -20"><span class='ocrx_word' id='word_1_803' title='bbox 2066 4691 2288 4759; x_wconf 87' lang='lat' dir='ltr'><strong><em>possint.</em></strong></span> <span class='ocrx_word' id='word_1_804' title='bbox 2327 4687 2517 4758; x_wconf 85' lang='lat' dir='ltr'><strong><em>Qualis</em></strong></span> <span class='ocrx_word' id='word_1_805' title='bbox 2551 4689 2745 4743; x_wconf 87' lang='lat' dir='ltr'><strong><em>etenim</em></strong></span> <span class='ocrx_word' id='word_1_806' title='bbox 2780 4677 2961 4759; x_wconf 74' lang='lat' dir='ltr'><strong><em>fuerit</em></strong></span> <span class='ocrx_word' id='word_1_807' title='bbox 2997 4706 3175 4745; x_wconf 86' lang='lat' dir='ltr'><strong><em>rerum</em></strong></span> <span class='ocrx_word' id='word_1_808' title='bbox 3206 4704 3501 4746; x_wconf 85' lang='lat' dir='ltr'><strong><em>vestrarum</em></strong></span> <span class='ocrx_word' id='word_1_809' title='bbox 3528 4708 3656 4762; x_wconf 66' lang='lat' dir='ltr'><strong><em>cono</em></strong></span> 
     </span>
    </p>
   </div>
   <div class='ocr_carea' id='block_1_109' title="bbox 2068 4781 3655 4853">
    <p class='ocr_par' dir='ltr' id='par_1_109' title="bbox 2068 4781 3655 4853">
     <span class='ocr_line' id='line_1_109' title="bbox 2068 4781 3655 4853; baseline 0.002 -17"><span class='ocrx_word' id='word_1_810' title='bbox 2068 4782 2220 4848; x_wconf 88' lang='lat' dir='ltr'><strong><em>ditio,</em></strong></span> <span class='ocrx_word' id='word_1_811' title='bbox 2250 4781 2385 4836; x_wconf 91' lang='lat' dir='ltr'><strong><em>tales</em></strong></span> <span class='ocrx_word' id='word_1_812' title='bbox 2430 4784 2482 4835; x_wconf 89' lang='lat' dir='ltr'><strong><em>in</em></strong></span> <span class='ocrx_word' id='word_1_813' title='bbox 2517 4798 2600 4836; x_wconf 87' lang='lat' dir='ltr'><strong><em>eos</em></strong></span> <span class='ocrx_word' id='word_1_814' title='bbox 2620 4781 2828 4852; x_wconf 83' lang='lat' dir='ltr'><strong><em>judices</em></strong></span> <span class='ocrx_word' id='word_1_815' title='bbox 2856 4784 3024 4853; x_wconf 85' lang='lat' dir='ltr'><strong><em>futuri</em></strong></span> <span class='ocrx_word' id='word_1_816' title='bbox 3052 4786 3195 4838; x_wconf 88' lang='lat' dir='ltr'><strong><em>estis.</em></strong></span> <span class='ocrx_word' id='word_1_817' title='bbox 3233 4783 3483 4838; x_wconf 86' lang='lat' dir='ltr'><strong><em>Omnium</em></strong></span> <span class='ocrx_word' id='word_1_818' title='bbox 3531 4801 3655 4840; x_wconf 90' lang='lat' dir='ltr'><strong><em>vero</em></strong></span> 
     </span>
    </p>
   </div>
   <div class='ocr_carea' id='block_1_110' title="bbox 2066 4873 3344 4948">
    <p class='ocr_par' dir='ltr' id='par_1_110' title="bbox 2066 4873 3344 4948">
     <span class='ocr_line' id='line_1_110' title="bbox 2066 4873 3344 4948; baseline 0.002 -20"><span class='ocrx_word' id='word_1_819' title='bbox 2066 4875 2300 4944; x_wconf 87' lang='lat' dir='ltr'><strong><em>gratiam</em></strong></span> <span class='ocrx_word' id='word_1_820' title='bbox 2332 4873 2473 4929; x_wconf 89' lang='lat' dir='ltr'><strong><em>vobis</em></strong></span> <span class='ocrx_word' id='word_1_821' title='bbox 2512 4880 2638 4927; x_wconf 88' lang='lat' dir='ltr'><strong><em>bene</em></strong></span> <span class='ocrx_word' id='word_1_822' title='bbox 2659 4884 2707 4927; x_wconf 87' lang='lat' dir='ltr'><strong><em>et</em></strong></span> <span class='ocrx_word' id='word_1_823' title='bbox 2733 4874 2953 4943; x_wconf 80' lang='lat' dir='ltr'><strong><em>feliciter</em></strong></span> <span class='ocrx_word' id='word_1_824' title='bbox 2978 4878 3179 4931; x_wconf 86' lang='lat' dir='ltr'><strong><em>evenire</em></strong></span> <span class='ocrx_word' id='word_1_825' title='bbox 3203 4886 3344 4948; x_wconf 89' lang='lat' dir='ltr'><strong><em>opto.</em></strong></span> 
     </span>
    </p>
   </div>
   <div class='ocr_carea' id='block_1_111' title="bbox 2145 4965 3656 5038">
    <p class='ocr_par' dir='ltr' id='par_1_111' title="bbox 2145 4965 3656 5038">
     <span class='ocr_line' id='line_1_111' title="bbox 2145 4965 3656 5038; baseline 0.004 -18"><span class='ocrx_word' id='word_1_826' title='bbox 2145 4966 2258 5022; x_wconf 83' lang='lat' dir='ltr'><strong><em>lloc</em></strong></span> <span class='ocrx_word' id='word_1_827' title='bbox 2287 4976 2393 5035; x_wconf 87' lang='lat' dir='ltr'><strong><em>est,</em></strong></span> <span class='ocrx_word' id='word_1_828' title='bbox 2422 4966 2615 5038; x_wconf 76' lang='lat' dir='ltr'><strong><em>inclyti</em></strong></span> <span class='ocrx_word' id='word_1_829' title='bbox 2648 4965 2811 5022; x_wconf 72' lang='lat' dir='ltr'><strong><em>Italian</em></strong></span> <span class='ocrx_word' id='word_1_830' title='bbox 2842 4967 3145 5038; x_wconf 84' lang='lat' dir='ltr'><strong><em>principes,</em></strong></span> <span class='ocrx_word' id='word_1_831' title='bbox 3177 4976 3378 5028; x_wconf 83' lang='lat' dir='ltr'><strong><em>summi</em></strong></span> <span class='ocrx_word' id='word_1_832' title='bbox 3423 4977 3572 5033; x_wconf 79' lang='lat' dir='ltr'><strong><em>illius</em></strong></span> <span class='ocrx_word' id='word_1_833' title='bbox 3590 4994 3656 5034; x_wconf 74' lang='lat' dir='ltr'><strong><em>ac</em></strong></span> 
     </span>
    </p>
   </div>
   <div class='ocr_carea' id='block_1_112' title="bbox 2074 5056 3653 5131">
    <p class='ocr_par' dir='ltr' id='par_1_112' title="bbox 2074 5056 3653 5131">
     <span class='ocr_line' id='line_1_112' title="bbox 2074 5056 3653 5131; baseline 0.007 -19"><span class='ocrx_word' id='word_1_834' title='bbox 2074 5056 2470 5128; x_wconf 78' lang='lat' dir='ltr'><strong><em>sapientissimi</em></strong></span> <span class='ocrx_word' id='word_1_835' title='bbox 2534 5058 2640 5115; x_wconf 83' lang='lat' dir='ltr'><strong><em>viri</em></strong></span> <span class='ocrx_word' id='word_1_836' title='bbox 2699 5059 3091 5116; x_wconf 82' lang='lat' dir='ltr'><strong><em>Demosthenis</em></strong></span> <span class='ocrx_word' id='word_1_837' title='bbox 3145 5066 3481 5131; x_wconf 88' lang='lat' dir='ltr'><strong><em>consilium,</em></strong></span> <span class='ocrx_word' id='word_1_838' title='bbox 3539 5088 3653 5127; x_wconf 85' lang='lat' dir='ltr'><strong><em>non</em></strong></span> 
     </span>
    </p>
   </div>
   <div class='ocr_carea' id='block_1_113' title="bbox 2075 5149 3656 5231">
    <p class='ocr_par' dir='ltr' id='par_1_113' title="bbox 2075 5149 3656 5231">
     <span class='ocr_line' id='line_1_113' title="bbox 2075 5149 3656 5231; baseline 0.01 -27"><span class='ocrx_word' id='word_1_839' title='bbox 2075 5151 2315 5205; x_wconf 79' lang='lat' dir='ltr'><strong><em>alienum</em></strong></span> <span class='ocrx_word' id='word_1_840' title='bbox 2348 5169 2377 5204; x_wconf 76' lang='lat' dir='ltr'><strong><em>at</em></strong></span> <span class='ocrx_word' id='word_1_841' title='bbox 2418 5161 2648 5215; x_wconf 82' lang='lat' dir='ltr'><strong><em>nostro;</em></strong></span> <span class='ocrx_word' id='word_1_842' title='bbox 2688 5149 2805 5206; x_wconf 69' lang='lat' dir='ltr'><strong><em>haec</em></strong></span> <span class='ocrx_word' id='word_1_843' title='bbox 2857 5152 3008 5208; x_wconf 84' lang='lat' dir='ltr'><strong><em>illius</em></strong></span> <span class='ocrx_word' id='word_1_844' title='bbox 3058 5159 3331 5214; x_wconf 80' lang='lat' dir='ltr'><strong><em>sententia</em></strong></span> <span class='ocrx_word' id='word_1_845' title='bbox 3363 5176 3528 5231; x_wconf 79' lang='lat' dir='ltr'><strong><em>quam</em></strong></span> <span class='ocrx_word' id='word_1_846' title='bbox 3572 5166 3656 5219; x_wconf 81' lang='lat' dir='ltr'><strong><em>si-</em></strong></span> 
     </span>
    </p>
   </div>
   <div class='ocr_carea' id='block_1_114' title="bbox 2078 5241 3660 5313">
    <p class='ocr_par' dir='ltr' id='par_1_114' title="bbox 2078 5241 3660 5313">
     <span class='ocr_line' id='line_1_114' title="bbox 2078 5241 3660 5313; baseline 0.004 -16"><span class='ocrx_word' id='word_1_847' title='bbox 2078 5242 2305 5297; x_wconf 67' lang='lat' dir='ltr'><strong><em>millima</em></strong></span> <span class='ocrx_word' id='word_1_848' title='bbox 2332 5251 2567 5305; x_wconf 63' lang='lat' dir='ltr'><strong><em>nostras;</em></strong></span> <span class='ocrx_word' id='word_1_849' title='bbox 2593 5241 2706 5296; x_wconf 69' lang='lat' dir='ltr'><strong><em>hanc</em></strong></span> <span class='ocrx_word' id='word_1_850' title='bbox 2735 5241 3175 5301; x_wconf 77' lang='lat' dir='ltr'><strong><em>Atheniensibus</em></strong></span> <span class='ocrx_word' id='word_1_851' title='bbox 3194 5250 3368 5305; x_wconf 85' lang='lat' dir='ltr'><strong><em>solum</em></strong></span> <span class='ocrx_word' id='word_1_852' title='bbox 3392 5254 3660 5313; x_wconf 78' lang='lat' dir='ltr'><strong><em>adversus</em></strong></span> 
     </span>
    </p>
   </div>
   <div class='ocr_carea' id='block_1_115' title="bbox 2080 5329 3658 5413">
    <p class='ocr_par' dir='ltr' id='par_1_115' title="bbox 2080 5329 3658 5413">
     <span class='ocr_line' id='line_1_115' title="bbox 2080 5329 3658 5413; baseline 0.009 -28"><span class='ocrx_word' id='word_1_853' title='bbox 2080 5331 2392 5401; x_wconf 77' lang='lat' dir='ltr'><strong><em>Philippum</em></strong></span> <span class='ocrx_word' id='word_1_854' title='bbox 2414 5329 2787 5395; x_wconf 73' lang='lat' dir='ltr'><strong><em>Macedonem,</em></strong></span> <span class='ocrx_word' id='word_1_855' title='bbox 2808 5332 2903 5388; x_wconf 87' lang='lat' dir='ltr'><strong><em>sed</em></strong></span> <span class='ocrx_word' id='word_1_856' title='bbox 2940 5336 3196 5391; x_wconf 82' lang='lat' dir='ltr'><strong><em>omnibus</em></strong></span> <span class='ocrx_word' id='word_1_857' title='bbox 3220 5338 3386 5396; x_wconf 76' lang='lat' dir='ltr'><strong><em>Italis:</em></strong></span> <span class='ocrx_word' id='word_1_858' title='bbox 3417 5345 3658 5413; x_wconf 83' lang='lat' dir='ltr'><strong><em>populis,</em></strong></span> 
     </span>
    </p>
   </div>
   <div class='ocr_carea' id='block_1_116' title="bbox 2079 5420 3660 5508">
    <p class='ocr_par' dir='ltr' id='par_1_116' title="bbox 2079 5420 3660 5508">
     <span class='ocr_line' id='line_1_116' title="bbox 2079 5420 3660 5508; baseline 0.001 -32"><span class='ocrx_word' id='word_1_859' title='bbox 2079 5421 2175 5476; x_wconf 80' lang='lat' dir='ltr'><strong><em>sed</em></strong></span> <span class='ocrx_word' id='word_1_860' title='bbox 2222 5420 2498 5476; x_wconf 80' lang='lat' dir='ltr'><strong><em>universis</em></strong></span> <span class='ocrx_word' id='word_1_861' title='bbox 2544 5422 2878 5477; x_wconf 67' lang='lat' dir='ltr'><strong><em>Christianis</em></strong></span> <span class='ocrx_word' id='word_1_862' title='bbox 2928 5425 3192 5485; x_wconf 75' lang='lat' dir='ltr'><strong><em>adversus</em></strong></span> <span class='ocrx_word' id='word_1_863' title='bbox 3222 5431 3529 5489; x_wconf 83' lang='lat' dir='ltr'><strong><em>Turcorum</em></strong></span> <span class='ocrx_word' id='word_1_864' title='bbox 3570 5447 3660 5508; x_wconf 76' lang='lat' dir='ltr'><strong><em>ly-</em></strong></span> 
     </span>
    </p>
   </div>
   <div class='ocr_carea' id='block_1_117' title="bbox 2083 5514 3660 5584">
    <p class='ocr_par' dir='ltr' id='par_1_117' title="bbox 2083 5514 3660 5584">
     <span class='ocr_line' id='line_1_117' title="bbox 2083 5514 3660 5584; baseline 0.01 -17"><span class='ocrx_word' id='word_1_865' title='bbox 2083 5528 2341 5577; x_wconf 84' lang='lat' dir='ltr'><strong><em>rannum,</em></strong></span> <span class='ocrx_word' id='word_1_866' title='bbox 2400 5522 2603 5569; x_wconf 73' lang='lat' dir='ltr'><strong><em>nostra:</em></strong></span> <span class='ocrx_word' id='word_1_867' title='bbox 2645 5514 2925 5584; x_wconf 76' lang='lat' dir='ltr'><strong><em>religionis</em></strong></span> <span class='ocrx_word' id='word_1_868' title='bbox 2982 5522 3510 5581; x_wconf 83' lang='lat' dir='ltr'><strong><em>trttculentissimum</em></strong></span> <span class='ocrx_word' id='word_1_869' title='bbox 3558 5530 3660 5583; x_wconf 74' lang='lat' dir='ltr'><strong><em>llo-</em></strong></span> 
     </span>
    </p>
   </div>
   <div class='ocr_carea' id='block_1_118' title="bbox 2085 5606 3664 5682">
    <p class='ocr_par' dir='ltr' id='par_1_118' title="bbox 2085 5606 3664 5682">
     <span class='ocr_line' id='line_1_118' title="bbox 2085 5606 3664 5682; baseline 0.009 -19"><span class='ocrx_word' id='word_1_870' title='bbox 2085 5620 2243 5672; x_wconf 86' lang='lat' dir='ltr'><strong><em>stcm,</em></strong></span> <span class='ocrx_word' id='word_1_871' title='bbox 2278 5608 2576 5677; x_wconf 65' lang='lat' dir='ltr'><strong><em>praedicere</em></strong></span> <span class='ocrx_word' id='word_1_872' title='bbox 2620 5606 2736 5662; x_wconf 71' lang='lat' dir='ltr'><strong><em>lucc</em></strong></span> <span class='ocrx_word' id='word_1_873' title='bbox 2777 5624 3198 5682; x_wconf 83' lang='lat' dir='ltr'><strong><em>proponerequc</em></strong></span> <span class='ocrx_word' id='word_1_874' title='bbox 3250 5615 3487 5671; x_wconf 80' lang='lat' dir='ltr'><strong><em>videtur.</em></strong></span> <span class='ocrx_word' id='word_1_875' title='bbox 3519 5618 3664 5677; x_wconf 86' lang='lat' dir='ltr'><strong><em>Con-</em></strong></span> 
     </span>
    </p>
   </div>
   <div class='ocr_carea' id='block_1_119' title="bbox 2086 5700 3666 5776">
    <p class='ocr_par' dir='ltr' id='par_1_119' title="bbox 2086 5700 3666 5776">
     <span class='ocr_line' id='line_1_119' title="bbox 2086 5700 3666 5776; baseline 0.008 -20"><span class='ocrx_word' id='word_1_876' title='bbox 2086 5700 2276 5756; x_wconf 80' lang='lat' dir='ltr'><strong><em>ditioni</em></strong></span> <span class='ocrx_word' id='word_1_877' title='bbox 2317 5701 2601 5772; x_wconf 61' lang='lat' dir='ltr'><strong><em>praesentis</em></strong></span> <span class='ocrx_word' id='word_1_878' title='bbox 2633 5703 2931 5771; x_wconf 74' lang='lat' dir='ltr'><strong><em>temporis,</em></strong></span> <span class='ocrx_word' id='word_1_879' title='bbox 2966 5718 3087 5774; x_wconf 68' lang='lat' dir='ltr'><strong><em>qua</em></strong></span> <span class='ocrx_word' id='word_1_880' title='bbox 3126 5706 3369 5776; x_wconf 83' lang='lat' dir='ltr'><strong><em>loquitur</em></strong></span> <span class='ocrx_word' id='word_1_881' title='bbox 3394 5750 3409 5776; x_wconf 92' lang='lat'><strong><em>,</em></strong></span> <span class='ocrx_word' id='word_1_882' title='bbox 3447 5726 3666 5768; x_wconf 60' lang='lat' dir='ltr'><strong><em>accom-</em></strong></span> 
     </span>
    </p>
   </div>
   <div class='ocr_carea' id='block_1_120' title="bbox 3153 5798 3231 5862">
    <p class='ocr_par' dir='ltr' id='par_1_120' title="bbox 3153 5798 3231 5862">
     <span class='ocr_line' id='line_1_120' title="bbox 3153 5798 3231 5862; baseline 0.013 -1"><span class='ocrx_word' id='word_1_883' title='bbox 3153 5798 3231 5862; x_wconf 72' lang='grc'><strong><em>22</em></strong></span> 
     </span>
    </p>
   </div>
  </div>
