4064 6148
445 158 557 220 675

1374 150 1892 214 ΒΕΒΞΑΗῚΟΝῚΞ
1932 154 1995 219 S.
2042 158 2108 218 Η.
2152 159 2213 222 Ε.
2261 154 2733 219 CARDiNALlS

3592 147 3701 211 676

445 278 663 334 mndata
700 287 828 331 sunt
857 273 1038 328 omnia
1067 314 1080 338 ,
1117 281 1186 327 ct
1244 272 1309 328 ad
1360 272 1510 329 hunc
1558 288 1719 343 quem
1748 272 2029 330 cernimus
2053 292 2102 350 Α
2133 290 2477 346 opemsnam
2508 274 2805 343 implorare
2861 270 3016 336 Nam,
3060 276 3118 323 ut
3153 265 3407 338 praeclare
3438 266 3565 325 alibi
3600 267 3703 322 De—

448 384 631 425 rerttm
672 376 875 423 statum
903 364 1132 421 mirilice
1171 366 1466 435 quadrant.
1508 365 1818 438 Sequemur
1858 366 2026 437 igitur

445 459 582 516 tanti
636 459 737 514 viri
787 458 1104 519 consilium,
1164 456 1258 525 qui
1309 457 1523 529 cum_in
1556 456 1706 511 omni
1759 456 2027 513 doctrina:

446 569 665 625 genere,
685 562 799 605 tum
820 552 899 605 vel
925 550 1161 614 maxime
1192 550 1247 604 in
1273 548 1454 605 civilis
1473 549 1775 618 disciplina:
1796 550 2027 605 scientia

446 646 552 703 fuit
580 645 939 707 exercitatus,
998 653 1051 699 et
1100 646 1156 698 in
1200 643 1508 699 communis
1542 641 1719 699 hostis
1746 642 2025 699 excidium

441 740 818 810 insurgamus.
838 736 1153 793 Commune
1186 736 1572 793 existimemus
1611 735 1903 792 imminere
1935 753 2029 808 pe-

448 832 721 895 riculum;
744 844 1035 885 commune
1060 829 1265 886 bcilum
1282 829 1667 900 aggrediamur
1686 846 1793 886 non
1813 816 2029 901 ignave,

424 940 555 981 rnon
585 927 752 987 lente,
780 937 888 977 non
909 936 1091 993 parce,
1121 938 1228 976 non
1257 920 1478 984 utﬁeri,
1508 922 1734 978 cumxde
1772 940 1829 977 re
1852 924 2028 979 aliena

434 1024 712 1083 certatur,
764 1014 1080 1080 consuevit,
1118 1015 1586 1084 quemadmodum
1636 1016 1901 1070 hactenus
1947 1015 2029 1070 fa-

420 1119 597 1166 rctum
626 1120 740 1172 est;
760 1108 853 1164 sed
889 1107 1130 1172 fortiter,
1150 1107 1244 1163 sed
1277 1107 1553 1167 celeriter,
1574 1106 1668 1162 sed
1706 1108 2029 1173 liberaliter,

424 1204 542 1260 sed
587 1214 646 1260 ut
668 1203 782 1259 ﬂeri
813 1202 867 1257 in
901 1202 1124 1273 proprio
1153 1201 1472 1257 discrimine
1512 1214 1629 1255 mns
1655 1210 1758 1257 cst.
1796 1202 2047 1255 Tantum.

425 1298 683 1369 :quisque
732 1298 788 1351 in
844 1297 948 1351 hac
996 1309 1056 1350 rc
1100 1293 1365 1360 conferat,
1399 1292 1678 1364 principes
1702 1292 2027 1357 Christiani,

451 1402 718 1463 quantum
787 1405 886 1461 pro
939 1390 1120 1445 salute
1181 1388 1394 1458 imperii
1465 1387 1578 1451 sui,
1635 1390 1889 1458 quotiens
1942 1402 2034 1444 res

430 1484 654 1554 exegit,
695 1498 804 1540 non
831 1480 1103 1539 dubitavit
1141 1480 1448 1545 effundere,
1499 1488 1556 1536 et
1608 1487 1873 1552 quantum
1906 1480 2033 1546 dilie

435 1577 599 1646 genti
631 1577 841 1633 ratione
878 1576 1088 1644 habita,
1119 1576 1557 1646 uniuscujusque
1588 1573 1735 1630 vires
1769 1582 1831 1631 et
1865 1574 2033 1631 facul-

2133 368 2448 425 mosthcnes
2478 368 2678 438 inquit,
2722 378 2834 420 non
2878 360 3043 416 modo
3064 359 3359 424 136118.801!
3400 373 3470 415 ne
3492 359 3705 415 amicus

2130 464 2357 533 quidem
2392 462 2669 531 rogandus
2704 467 2810 523 est,
2845 464 2900 511 ut
2945 452 3266 510 dormitanti
3296 452 3556 523 cuiquam
3606 460 3709 507 aut

2131 557 2305 613 desidi
2361 554 2617 628 praesidio
2650 552 2741 609 sit.
2790 552 3088 608 Enimvero
3121 548 3167 606 si
3205 546 3345 614 haec,
3389 562 3511 618 quae
3562 547 3707 601 dixi-

2132 666 2275 716 mus,
2312 649 2595 711 faciemus,
2645 662 2755 702 non
2804 644 2968 703 modo
3016 643 3182 701 tutari
3217 657 3337 711 quae
3386 650 3709 711 supersunt.

2133 740 2227 795 sed
2290 740 2456 796 ctiam
2503 755 2625 810 quae
2672 736 2883 810 perdita
2938 745 3067 791 sunt
3119 747 3449 806 recuperare
3497 732 3708 790 cmlesti

2131 830 2392 902 prasidio
2423 830 2746 902 poterimus.
2776 826 3030 898 Alioquin
3063 840 3259 901 magno
3290 823 3594 881 discrimini
3623 839 3713 879 res

2134 925 2349 980 ltalicas
2386 938 2749 995 exponemus.
2780 919 2847 974 Et
2873 930 2932 975 ut
2965 935 3094 977 eum
3125 934 3189 979 ea
3222 917 3554 991 disiunctiva
3583 932 3713 972 (περ

2135 1020 2337 1074 tionem
2372 1020 2681 1080 terminem,
2712 1032 2822 1088 qua
2852 1014 3235 1086 superioribus
3279 1013 3494 1078 diebus,
3527 1010 3714 1066 audita

2136 1123 2251 1167 tum
2301 1112 2535 1181 primum
2568 1110 2848 1165 Chalcidis
2899 1108 3187 1165 obsidione
3216 1107 3274 1162 in
3313 1103 3598 1178 pontiﬁcio
3626 1119 3715 1161 sc-

2136 1216 2267 1260 natu
2298 1220 2427 1258 usus
2460 1202 2561 1268 fui,
2619 1212 2678 1257 ut
2717 1204 2897 1267 omnis
2936 1200 3109 1268 Italia,
3147 1197 3471 1270 compositis
3505 1212 3569 1253 ac
3618 1211 3717 1264 pa-

2136 1298 2273 1353 catis
2300 1297 2483 1363 rebus,
2527 1305 2582 1351 et
2614 1296 2764 1350 omni
2815 1295 3097 1350 simultate
3150 1293 3425 1363 deposita,
3468 1290 3714 1346 omnium

2136 1390 2349 1445 viribus
2401 1391 2455 1444 in
2506 1405 2673 1444 unum
2734 1388 2969 1453 collatis,
3020 1388 3132 1441 Deo
3176 1386 3305 1456 Opt.
3358 1384 3500 1441 Max.
3551 1382 3714 1443 duce.

2137 1482 2180 1538 Τ
2188 1497 2442 1537 urcorum
2479 1482 2623 1537 vires
2673 1488 2927 1537 conteret
2985 1490 3151 1549 atque
3204 1479 3501 1550 infringet;
3545 1484 3640 1531 aut
3670 1474 3717 1529 si

2138 1575 2286 1646 quod
2316 1573 2692 1647 duodeviginti
2716 1574 2827 1643 jam
2847 1574 3006 1629 annis
3025 1581 3149 1645 post
3164 1570 3407 1645 Byzantii
3438 1568 3718 1639 excidium

452 1680 595 1726 tates
620 1672 925 1741 patiuntur.
957 1668 1077 1724 Non
1109 1668 1273 1725 unius
1302 1667 1604 1725 alteriusve
1652 1669 1743 1725 hic
1766 1683 1906 1741 Opus
1925 1680 2030 1726 est.
2064 1652 2108 1708 Β
2134 1668 2343 1741 experti
2392 1680 2603 1733 sumus,
2649 1665 2901 1720 inanibus
2928 1664 3193 1720 duntaxat
3241 1661 3427 1717 verbis
3463 1676 3527 1719 ac
3564 1659 3724 1719 vanis

457 1765 679 1818 Hostem
698 1762 967 1817 habemus
987 1761 1369 1827 fortissimum,
1388 1761 1855 1831 potentissimum,
1881 1779 2033 1818 acer-

454 1859 683 1920 rimum,
717 1855 1027 1919 cervicibus
1073 1853 1273 1910 vestris
1312 1853 1717 1909 imminentem.
1753 1854 1901 1911 Satis
1945 1870 2038 1911 su-

459 1967 663 2022 perque
690 1950 891 2021 negotii
922 1947 1179 2003 omnibus
1208 1946 1374 2003 simul
1400 1948 1527 2002 erit.
1556 1945 1666 2002 Sed
1707 1962 1807 2003 nec
1835 1955 2041 2004 exterae

440 2045 897 2100 11hristianorum
926 2055 1118 2115 gentes
1152 2042 1308 2097 nobis
1342 2041 1598 2109 deerunt,
1651 2043 1781 2097 dum
1823 2057 1926 2099 nos
1961 2043 2041 2097 vi-

458 2140 639 2195 derint
686 2137 853 2197 nobis
886 2137 1021 2207 ipsis
1055 2153 1165 2192 non
1194 2136 1409 2193 deesse.
1443 2135 1714 2200 Aderuut,
1750 2134 2037 2202 favebunt,

448 2232 741 2302 suppetias
774 2230 969 2286 ferent.
986 2229 1179 2299 Neque
1205 2244 1307 2285 nos
1336 2227 1821 2286 deseretSalvator
1849 2239 2041 2284 noster

449 2323 714 2381 Christus
760 2324 955 2389 Jesns,
990 2324 1085 2379 sed
1141 2323 1329 2381 audiet
1379 2338 1483 2380 nos
1526 2332 1692 2394 atque
1740 2322 2039 2389 exaudiet,

451 2417 629 2474 .modo
662 2432 763 2473 nos
797 2417 999 2473 viderit
1032 2417 1195 2488 digne
1232 2431 1318 2483 ea,
1350 2430 1475 2488 qua:
1506 2415 1726 2485 decent,
1754 2415 2038 2485 facientes,

471 2554 790 2574 -ι-ι-η-

2139 1758 2996 1831 pollicitationibuslvacabimus,
3026 1757 3179 1814 brevi
3211 1755 3721 1826 temporeunivcrsa

2138 1852 2409 1912 ltalia.....
2436 1854 2530 1909 sed
2561 1867 2853 1924 compesce
2882 1851 3162 1916 labellum,
3189 1864 3292 1906 nec
3315 1849 3364 1904 id
3390 1848 3721 1920 exprimam,

2141 1946 2288 2019 quod
2335 1946 2527 2002 auditu
2559 1961 2782 2019 quoque
2808 1946 2989 2002 diruat
3018 1952 3184 2015 atque
3217 1943 3485 2001 horribile
3516 1954 3625 2000 ea.

2212 2040 2391 2109 Quare
2425 2049 2486 2097 ut
2518 2041 2837 2113 gravissima
2874 2038 3214 2097 declinemus
3242 2039 3504 2111 pericula,
3552 2045 3723 2109 atque

2146 2146 2388 2209 optatam
2410 2135 2695 2193 victoriam
2725 2151 3155 2210 consequamur,
3187 2151 3287 2192 vos
3313 2150 3528 2201 omnes,
3566 2133 3725 2205 prin-

2146 2230 2298 2298 cipes
2346 2229 2644 2301 populique
2686 2228 3007 2294 Christiani,
3039 2229 3277 2288 ut‘omni
3327 2228 3396 2286 ad
3449 2226 3505 2284 id
3537 2227 3728 2285 studio

2148 2324 2501 2391 incumbatis,
2534 2324 2757 2394 quantis
2785 2324 3036 2379 maximis
3062 2338 3285 2394 possunt
3329 2322 3609 2394 precibus,
3627 2336 3729 2377 oro

2149 2425 2314 2487 atque
2335 2416 2581 2474 obtestor
2613 2417 2712 2488 (1).
3298 2426 3301 2427 ⁷

812 2550 3713 2575 “ww—MM

465 2730 1728 2897 BESSARIONIS
1817 2732 1979 2893 s.
2054 2656 2234 2892 Β.
2317 2736 2501 2890 Ε.
2577 2733 3732 2895 CARDINALIS

1705 3033 2496 3153 EPISTOLE.

464 3522 825 3586 Bessarionis,
852 3522 1078 3590 episcopi
1131 3515 1338 3587 Sabini,
1390 3520 1687 3577 cardiaoiis
1735 3521 1940 3576 Nicani
1985 3541 2049 3578 ac

538 3594 862 3665 patriarcha
894 3591 1500 3665 Conatantinopalitaai,
1535 3595 1606 3648 ad
1645 3591 1877 3665 Paulum
1917 3610 2049 3665 pon-

534 3661 734 3734 it‘ﬁcem
765 3665 1084 3731 maximum,
1117 3664 1183 3716 de
1214 3678 1394 3718 errore
1424 3661 1704 3717 Paschalis
1738 3663 1842 3735 (2).

490 3772 493 3773 ⁷
528 3784 661 3842 Non
695 3782 925 3839 dubium
972 3790 1082 3845 est,
1116 3779 1437 3835 beatissime
1469 3779 1656 3841 Pater,
1704 3781 1758 3835 in
1796 3794 2050 3838 resurre-

464 3860 671 3938 ctionis
712 3875 983 3932 Paschate
1047 3872 1388 3930 celebrando
1450 3888 1698 3929 errorem
1750 3873 2049 3944 aliquando

460 3965 739 4022 committi
781 3983 794 4020 :
845 3978 1243 4035 nonnunquam
1271 3972 1395 4024 octo
1437 3962 1676 4029 dierum,
1704 3968 2049 4035 quandoque

464 4059 641 4115 unius
679 4056 891 4119 mensis
929 4064 985 4112 et
1017 4056 1277 4132 amplius,
1309 4068 1372 4112 ut
1411 4056 1517 4116 hoc
1557 4073 1705 4114 anno
1750 4057 1886 4115 ιιῖο
1917 4073 2051 4116 eve-

461 4150 623 4219 niet;
678 4152 781 4208 hoc
831 4161 1014 4208 tamen
1073 4164 1199 4213 raro
1258 4150 1481 4209 accidit.
1519 4151 1739 4211 Duabus
1770 4154 1839 4212 de
1868 4152 2053 4210 causis

466 4261 625 4302 error
668 4245 927 4312 exsistit;
985 4244 1159 4303 altera
1208 4259 1275 4303 ex
1330 4245 1728 4312 lunationibus,
1764 4248 1935 4305 altera
1983 4247 2051 4302 ab

458 4332 823 4411 aequinoctio.
857 4336 993 4393 Nam
1040 4337 1218 4397 sancti
1260 4338 1456 4396 Patres
1498 4339 1681 4398 nostri
1712 4340 1918 4397 Pascha
1956 4358 2054 4396 nov

396 4504 401 4508 ἡ
466 4443 648 4489 strum
670 4432 942 4489 celebrari
967 4431 1260 4511 voluerunt
1285 4436 1483 4504 primo,
1511 4443 1638 4504 post
1657 4435 2049 4505 mquinoctium

466 4523 640 4591 veris,
673 4521 942 4594 secundo,
971 4523 1653 4594 postquartumdecimum
1683 4525 1831 4587 diem
1864 4525 2053 4596 prima:

470 4617 615 4675 luna:
648 4626 771 4690 post
802 4597 1203 4687 acquinoctium
1248 4619 1477 4673 vernale
1505 4635 1520 4686 ;
1558 4619 1747 4684 tertio,
1780 4633 1894 4680 non
1924 4635 2051 4678 cum

467 4707 716 4775 Judteis;
774 4718 1013 4781 quarto,
1065 4709 1157 4769 die
1214 4711 1501 4768 Dominico
1557 4722 1683 4782 post
1734 4714 2048 4773 “deorum

467 4802 709 4861 Pascha.
757 4802 890 4870 Quae
931 4805 1117 4860 omnia
1169 4814 1229 4862 ut
1257 4806 1362 4861 rite
1420 4819 1713 4865 serventur
1750 4818 2054 4880 apertaque

469 4899 583 4953 sint
636 4908 693 4953 et
743 4900 963 4970 cngnita
1018 4898 1103 4954 vel
1149 4898 1216 4954 iis
1243 4899 1338 4969 qui
1380 4899 1624 4956 scicntia:
1664 4898 2058 4960 astronomicae

469 5008 583 5048 non
613 5000 745 5048 sunt
784 4993 971 5067 periti,
1000 4992 1242 5049 tabulam
1282 4993 1602 5063 quamdam,
1634 4996 1751 5051 sive
1780 5011 2053 5050 canottem

468 5084 786 5150 ediderunt,
832 5086 888 5139 in
934 5099 1046 5156 quo
1078 5084 1310 5155 singulis
1354 5083 1516 5139 annis
1565 5086 1845 5156 reperitur
1874 5090 2054 5157 prima

544 5205 621 5277 (l)
655 5205 966 5275 Deseriptor
993 5204 1111 5261 haec
1141 5204 1375 5262 addidit.

610 5298 826 5372 Lector,
852 5300 1115 5365 judicium
1150 5315 1324 5354 meum
1352 5302 1600 5372 requiris.

613 5373 707 5427 Hic
736 5371 1080 5425 Demosthene
1111 5387 1214 5425 non
1263 5374 1457 5438 minor,
1495 5371 1704 5428 Latinis

621 5442 778 5495 Haud
814 5454 887 5496 est
914 5442 1156 5512 inferior.
1184 5441 1324 5506 Quid
1354 5446 1508 5510 ipse?
1542 5443 1691 5510 Quod
1725 5455 1803 5498 tu.

627 5513 779 5569 Vivat
805 5513 1083 5569 Nestorea:
1104 5514 1231 5578 dies,
1260 5529 1533 5583 rogamus.

538 5608 610 5676 (‘2)
638 5607 852 5671 Zaretti,
893 5607 1115 5671 Cata'og.
1152 5607 1383 5659 bibliotit.
1431 5606 1482 5661 S.
1519 5607 1667 5659 Marci
1704 5609 1908 5674 Venet,
1942 5622 1993 5674 p.
2024 5610 2129 5661 l96.

2079 3421 2123 3480 ο
2159 3423 2282 3483 post
2329 3415 2723 3483 aequinoctium
2760 3415 3038 3487 oppositin
3069 3417 3304 3484 lunaris,
3341 3434 3457 3491 quo
3485 3430 3736 3493 tempore

2155 3508 2323 3563 debet
2350 3523 2471 3565 esse
2505 3510 2715 3565 Pascha
2753 3510 3094 3577 Iudaeorum,
3143 3528 3207 3571 ac
3254 3513 3372 3572 dies
3414 3518 3738 3587 septimana:

2156 3604 2210 3657 in
2250 3616 2414 3672 quem
2463 3602 2611 3659 cadit
2657 3605 2925 3676 ejusmodi
2971 3606 3116 3664 lunae
3145 3609 3440 3680 oppositio,
3474 3624 3539 3667 ac
3570 3610 3732 3668 dein-

2153 3710 2286 3764 ceps
2330 3694 2451 3751 dies
2482 3694 2824 3764 Dominicus,
2873 3713 2985 3769 quo
3030 3699 3240 3756 Pascha
3292 3711 3544 3779 nostrum
3593 3704 3739 3759 cclc-

2154 3787 2302 3842 brari
2345 3797 2583 3860 oportet,
2625 3791 2772 3860 quod
2810 3806 2913 3846 usu
2956 3793 3144 3849 evenit
3178 3786 3279 3867 per
3314 3795 3737 3855 calculationem

2157 3874 2224 3930 19
2276 3890 2549 3931 annorum
2601 3877 2924 3947 lunarium;
2976 3891 3191 3939 veteres
3250 3899 3377 3940 nam
3424 3889 3734 3945 astronomi

2157 3969 2344 4025 lunam
2369 3970 2436 4025 i9
2466 3986 2743 4028 annorum
2767 3974 2947 4041 spatio
2973 3974 3041 4032 ad
3076 3974 3219 4032 idem
3246 3978 3463 4051 signum
3493 3980 3736 4037 circnm-

2158 4064 2265 4135 agi,
2333 4066 2481 4121 unde
2525 4066 2765 4137 incepit,
2798 4069 3202 4126 existimarunt.
3239 4071 3443 4130 Nititur
3470 4085 3736 4147 praetcrea

2159 4158 2275 4211 haec
2300 4157 2485 4213 tabula
2513 4159 2775 4229 opinione
2806 4160 2896 4215 illa
2922 4160 2991 4216 de
3017 4163 3372 4233 aequinoctio,
3403 4167 3550 4239 quod
3584 4167 3735 4227 scili-
3766 4184 3769 4185 '

2156 4260 2245 4306 ‘cet
2285 4253 2511 4322 vernale
2546 4254 2936 4325 a'quinoctium
2978 4254 3084 4312 500
3132 4274 3405 4319 annorum
3440 4262 3732 4321 intervallo

2156 4344 2353 4400 eodem
2388 4345 2478 4402 die
2509 4348 2719 4416 mensis
2750 4345 2930 4405 Martii
2957 4350 3072 4406 ﬁeri
3105 4352 3476 4428 contingeret,
3498 4370 3732 4427 quorum

2158 4448 2416 4494 neutrum
2445 4455 2634 4496 verum
2667 4451 2774 4499 eat.
2802 4443 2914 4504 Nec
2941 4438 3123 4502 tamen
3156 4447 3494 4515 mirandum,
3516 4449 3565 4507 si
3599 4450 3733 4507 tanti

2158 4532 2261 4587 viri
2302 4534 2359 4587 in
2393 4535 2734 4608 ejnscemodi
2764 4553 2824 4593 re
2864 4539 3004 4610 lapsi
3033 4549 3201 4608 sunt;
3242 4556 3370 4597 nam
3396 4552 3453 4598 et
3478 4544 3524 4599 si
3556 4557 3735 4601 θεινο-

2160 4631 2307 4685 nnmi
2361 4641 2578 4688 veteres
2635 4649 2759 4690 eam
2805 4628 3119 4703 scientiam
3157 4640 3366 4709 Optime
3426 4642 3728 4714 tenuerint,

2162 4733 2344 4780 tamen
2374 4740 2483 4780 non
2510 4732 2815 4797 attigerunt
2848 4731 3136 4785 veritatem
3168 4746 3385 4789 omnem
3419 4743 3602 4789 IIIOUIS
3624 4750 3733 4790 (ἴω-

2161 4815 2336 4879 lestis,
2371 4833 2479 4874 non
2512 4834 2612 4874 sua
2639 4807 2861 4890 quidem
2891 4822 3203 4897 ignorantia
3232 4825 3470 4898 decepti,
3502 4829 3603 4883 sed
3640 4845 3732 4886 rc-

2162 4924 2280 4962 rum
2310 4909 2617 4965 ctelesdum
2654 4921 2846 4967 natura
2876 4916 3141 4985 superati.
3170 4907 3525 4975 Astronomia
3560 4918 3729 4981 enim,

2158 5013 2285 5054 cum
2316 5016 2425 5057 non
2476 5004 2637 5073 plane
2670 5006 2958 5060 veritatem
2994 4993 3345 5080 assequatur,
3378 5011 3476 5068 sed
3508 5011 3733 5083 propius

2161 5094 2411 5161 accedat,
2435 5106 2496 5150 ut
2524 5095 2836 5167 philosophi
2864 5096 3160 5168 afﬁrmant,
3195 5115 3306 5173 quo
3336 5101 3524 5174 plures
3544 5104 3733 5163 obser-
