4064 6148
449 259 556 321 679

1412 249 1914 312 BESSARID'NIS
1945 250 2003 310 S.
2033 250 2110 308 R.
2153 247 2218 310 Ε.
2261 247 2734 312 CARDINALIS

3614 237 3736 300 680

457 377 603 428 illius
626 381 679 426 et
709 373 884 428 sancti
913 373 1177 444 despotm,
1217 388 1322 425 non
1359 382 1440 426 est
1476 371 1638 442 hujus
1675 369 1778 423 luci
1816 386 1829 421 :
1862 382 2034 438 quare

2153 371 2244 440 μὲν
2297 372 2391 424 καὶ
2445 371 2590 440 ὑμᾶς
2646 369 2740 422 καὶ
2797 369 2924 431 τοὺς
2980 363 3442 426 αὖθεντοποὺλους
3495 361 3585 415 διὰ
3633 361 3738 430 τὴν

456 469 619 538 hujus
653 468 729 521 rei
763 469 977 521 veniam
1021 483 1050 520 a
1095 476 1144 522 te
1189 475 1336 536 pcto.
1371 463 1522 518 Scito
1555 470 1763 528 autem,
1799 459 2038 517 sanctis-

441 560 657 614 simum
693 574 911 628 papam,
951 557 1256 613 amicorum
1291 557 1658 625 quorumdam
1704 554 2040 608 auctoritate

457 660 513 704 ct
559 667 656 705 sua
709 651 884 719 ipsius
922 650 1301 706 benevolentia
1351 655 1712 717 commotum,
1756 645 2039 711 statuisse,

463 745 809 813 principibus
843 742 1124 797 mensibus
1150 741 1382 812 singulis
1417 755 1672 796 nummos
1700 753 1900 794 aureos
1931 747 2042 792 tre-

457 842 652 889 centos
683 837 940 905 pendere,
970 849 1111 905 quos
1139 834 1424 904 hucusque
1446 833 1611 888 beato
1629 828 1880 902 ‘despotze
1906 845 2043 902 pen-

456 925 643 982 debat.
678 927 806 981 Vult
837 939 1040 989 autem,
1077 942 1139 981 ac
1173 927 1417 982 decrevit
1451 926 1837 982 sanctissimus
1871 940 2034 995 papa,

459 1031 519 1076 ut
549 1021 771 1076 ducenti
805 1022 1015 1076 nummi
1041 1021 1273 1092 singulis
1302 1021 1582 1074 mensibus
1610 1020 1896 1088 aequaliter
1925 1018 2039 1074 dis-

461 1113 780 1170 tribuantur
826 1114 1006 1169 tribus
1058 1113 1366 1180 fratribus,
1421 1121 1482 1166 ut
1536 1112 1926 1182 impenduntur
1973 1110 2040 1164 ad

451 1208 688 1286 alendos
737 1207 886 1278 ipsos
917 1218 973 1263 et
1019 1221 1115 1262 sex
1154 1215 1436 1276 septemve
1482 1205 1826 1276 singulorum
1875 1204 2040 1258 mini-

457 1313 644 1367 stros;
687 1302 753 1355 ad
799 1301 1066 1357 emendos
1111 1309 1165 1357 et
1201 1300 1430 1355 alendos
1468 1307 1708 1370 quatuor
1752 1300 2040 1354 minimum

457 1412 652 1466 equos,
681 1396 748 1451 ad
787 1396 1168 1450 ministrorum
1201 1394 1476 1465 Stipendia
1511 1405 1568 1450 et
1601 1395 1912 1468 principum
1947 1410 2041 1450 ve-

461 1491 738 1553 stimenta,
781 1502 906 1557 quae
936 1487 1163 1557 pulchra
1193 1488 1304 1540 sint
1337 1501 1565 1542 necesse
1595 1496 1705 1551 est,
1748 1496 1804 1540 et
1846 1484 1914 1540 de
1943 1498 2042 1540 cu-

458 1584 636 1651 jusﬁs
677 1583 932 1651 portione
963 1579 1364 1650 aliquantulum
1416 1580 1812 1650 comparcitor,
1857 1588 1915 1634 ut
1942 1579 2040 1632 lia-

453 1675 654 1741 .beant,
688 1690 799 1744 quo
837 1685 1105 1738 utantur,.
1135 1667 1181 1730 si
1218 1674 1359 1729 forte
1393 1673 1447 1727 in
1484 1673 1737 1728 morbum
1793 1672 1876 1728 vel
1908 1673 2044 1727 alias

2149 465 2425 535 ἀφόρητον
2474 465 2652 533 λύπην
2691 463 2785 517 τοῦ
2834 462 3143 533 μακαρίτου
3191 460 3398 514 ἐκείνου
3443 457 3539 510 καὶ
3573 456 3736 524 ἁγίου

2149 555 2412 610 δεσπότου
2445 556 2547 610 οὐκ
2581 557 2696 608 ἐστι
2728 552 2825 610 τοῦ
2885 555 3154 621 παρόντος
3204 548 3398 620 καιροῦ
3425 563 3439 577 ⁸
3476 547 3561 602 διδ
3586 563 3736 616 nap-

2148 651 2446 720 αιτὴσομαι
2504 649 2663 702 τοῦτο
2709 647 2777 701 τὰ
2828 645 2944 699 νῦν.
2998 644 3245 700 Γίνωσκε
3276 642 3334 697 δέ
3377 641 3460 695 ὄτι
3493 641 3521 695 ό
3555 639 3735 708 ἀγιώο

2148 759 2313 806 τατος
2362 743 2598 806 πάππας
2632 741 2721 796 διὰ
2763 738 3172 812 παρακλήσεως
3206 738 3382 809 φίλων
3428 735 3592 790 τινῶν
3638 734 3736 786 καὶ

2148 839 2355 898 οἰκείας
2407 833 2760 898 καλοθελείας
2813 833 2970 898 ἔταξε
3020 832 3088 886 νὰ
3133 832 3249 903 δὶδῃ
3294 827 3430 883 κάθε
3485 829 3635 900 μῆνα
3665 826 3738 879 τὰ

2151 930 2556 984 αὐθεντόπουλα
2592 927 2833 982 bounds:
2881 926 3196 998 τριακόσια,
3240 923 3434 994 ὥσπερ
3471 921 3609 975 ἓδιδε
3637 921 3736 974 καὶ

2149 1015 2398 1094 τῴ¹ἀγίῳ
2433 1022 2694 1094 δεσπότῃ.
2728 1020 2886 1074 Θέλει
2924 1017 2983 1073 δέ
3014 1019 3110 1073 καὶ
3157 1016 3332 1090 ὁρίζει
3359 1019 3388 1070 ό
3428 1013 3737 1085 ἁγιώτετος

2151 1115 2385 1175 πάππας
2413 1114 2501 1168 ἵνα
2528 1116 2597 1166 τὰ
2631 1114 2730 1182 μὲν
2756 1111 3006 1166 διακόσια
3036 1110 3180 1166 κατὰ
3213 1112 3360 1180 μῆνα
3385 1109 3452 1162 νὰ
3478 1103 3617 1161 εἶναι
3642 1106 3739 1159 διὰ

2140 1209 2218 1262 τὰ
2257 1210 2385 1279 τρία
2419 1207 2647 1275 ἀδέλφια
2675 1205 2871 1274 ἐπίσης
2903 1203 3226 1272 ἁνέγκιστα,
3258 1202 3323 1255 va
3353 1201 3738 1266 ἐξώιάζωνται

2152 1305 2234 1367 εἰς
2262 1301 2470 1371 τροφὴν
2500 1300 2732 1353 ἐκείνων
2761 1299 2854 1351 καὶ
2905 1296 3212 1369 ἀνθρώπων
3247 1294 3582 1366 ὑποχειρίων
3637 1293 3736 1345 αὖ·

2151 1398 2260 1451 τῶν
2293 1393 2531 1465 μικρῶν,
2567 1393 2626 1459 ἐξ
2655 1393 2689 1463 ἦ
2724 1393 2865 1445 ἑπτὰ
2895 1389 2991 1444 τοῦ
3037 1391 3159 1444 καθ’
3192 1389 3332 1455 ἐνδς,
3376 1390 3468 1442 καὶ
3495 1389 3574 1450 εἰς
3597 1388 3736 1455 d70-

2153 1489 2256 1561 ρὰν
2300 1487 2396 1541 καὶ
2442 1485 2649 1557 τροφὴν
2686 1484 2899 1551 ἀλόγων
2947 1481 3230 1555 τεσσάρων
3287 1479 3348 1535 τὸ
3381 1477 3734 1549 ὀλιγώτερον,

2153 1584 2247 1636 καὶ
2293 1585 2376 1644 είς
2432 1580 2603 1650 ρόγαν
2650 1579 2758 1632 τῶν
2799 1577 2981 1632 αὐτῶν
3029 1576 3384 1648 ὑποχειρίων,
3439 1575 3518 1636 είς
3577 1573 3734 1624 ἐνδύ-

2155 1692 2307 1744 ματα
2369 1674 2478 1728 τῶν
2532 1669 3010 1734 αὐθεντοπούλων,
3067 1669 3131 1724 vs
3190 1664 3332 1722 εῖναι
3385 1667 3526 1722 καλὰ
3583 1664 3738 1718 ἐνδό-

462 1768 745 1838 angustins
797 1766 1116 1822 inciderint.
1152 1770 1329 1837 Atque
1380 1767 1497 1821 ba-e
1551 1766 1774 1838 quidem
1817 1766 2046 1821 omnino

2154 1787 2323 1839 ματα,
2363 1767 2460 1823 καὶ
2507 1766 2688 1821 κόπου
2740 1764 2808 1817 νὰ
2860 1761 3206 1834 περισσεύσῃ
3251 1763 3349 1816 καὶ
3393 1761 3614 1823 τίποτες
3645 1759 3736 1811 τὸν

465 1863 542 1914 ita
575 1860 718 1925 ﬁeri,
760 1875 862 1916 nec
898 1860 1015 1914 licri
1050 1859 1333 1930 quidpiam
1381 1858 1562 1924 aliter,
1601 1857 1778 1929 jubet.
1827 1857 2045 1929 Reliqui

466 1965 651 2008 autem
686 1963 909 2008 centum
945 1952 1153 2006 nummi
1188 1953 1338 2006 aurei
1377 1951 1720 2021 singulorum
1748 1951 2048 2014 mensium,

467 2042 552 2097 vel
594 2042 745 2097 mille
778 2049 836 2097 et
879 2041 1104 2096 ducenti
1141 2039 1310 2094 totius
1361 2038 1515 2104 anni,
1563 2038 1960 2110 impendantur
1992 2039 2048 2093 in

449 2133 737 2206 'stipcndia
789 2149 1080 2206 procerum
1129 2131 1342 2204 aliquot
1395 2141 1450 2188 et
1492 2132 1781 2189 hominum
1824 2133 2049 2205 elegan-

467 2231 631 2296 tium,
653 2229 746 2300 qui
770 2244 894 2284 cum
922 2225 1269 2299 principibus
1290 2225 1482 2282 vivant
1503 2236 1559 2282 et
1587 2227 2049 2285 consuetudinem

453 2323 726 2386 habeant,
759 2321 827 2376 iis
853 2321 1096 2377 serviant
1123 2329 1181 2374 et
1207 2335 1305 2375 eos
1333 2319 1672 2376 custodiant.
1702 2318 1925 2377 Certior
1951 2335 2056 2376 au-

469 2430 573 2472 tem
612 2417 788 2471 factus
836 2411 1221 2471 sanctissimus
1268 2428 1431 2484 papa,
1479 2425 1616 2491 quot
1658 2415 1763 2471 huc
1810 2413 2052 2470 advene-

467 2509 597 2574 riut,
641 2508 869 2562 miratus
913 2516 1001 2562 est
1043 2515 1099 2561 et
1143 2505 1532 2562 subirascitur.
1577 2505 1635 2562 Si
1684 2507 1832 2562 enim
1878 2508 2055 2562 beata:

387 2593 394 2608 '
468 2603 747 2657 memoria:
793 2599 1118 2670 principem,
1167 2600 1330 2655 talem
1391 2600 1575 2655 virum
1613 2599 1797 2656 mirati
1839 2611 1968 2658 sunt
1997 2613 2054 2658 et

467 2698 882 2765 vituperaruut,
923 2695 1071 2765 quod
1119 2703 1198 2750 tot
1246 2696 1355 2749 liuc
1384 2695 1669 2752 ministros
1698 2695 2052 2762 adduxisset,

469 2802 612 2856 quos
660 2787 893 2856 pecunia
925 2796 982 2841 et
1028 2785 1364 2840 liberali-tate
1411 2786 1591 2840 aliena
1640 2796 2056 2843 sustentaturus

480 2891 648 2947 esset,
685 2892 894 2952 quanto
941 2881 1114 2952 magis
1158 2894 1327 2943 nunc,
1389 2894 1512 2935 cum
1564 2879 1657 2935 alii
1707 2881 1895 2950 plures
1949 2880 2058 2935 huc

469 2971 866 3041 immigrarint,
896 2970 1240 3042 principibus
1266 2968 1573 3040 praesertim
1608 2969 1797 3039 pueris
1821 2977 1877 3025 et
1901 2966 2058 3023 orbis

469 3066 908 3121 succensendum
951 3074 1058 3130 est,
1098 3065 1193 3135 qui
1241 3079 1342 3118 nec
1388 3062 1678 3133 dignitate,
1705 3077 1810 3119 nec
1849 3062 2051 3128 titulis,

476 3171 579 3212 nec
618 3156 760 3212 fama
794 3155 1006 3212 nobiles
1037 3164 1165 3210 sunt
1194 3156 1207 3209 ί
1242 3170 1345 3210 nec
1377 3154 1445 3210 iis
1494 3155 1815 3211 irascuntur
1846 3155 2050 3224 solum,

469 3250 565 3304 sed
602 3258 790 3304 vetant
818 3250 1010 3316 etiam,
1037 3249 1120 3303 vel
1151 3265 1319 3303 unum
1353 3250 1665 3305 teruncium
1696 3264 1861 3318 supra
1888 3263 2054 3318 pecu-

470 3344 616 3400 niam
654 3344 935 3398 decretam
981 3342 1245 3412 impendi,
1280 3341 1725 3411 mandaruntque
1761 3342 1896 3397 mihi
1930 3358 2050 3396 mo-

468 3453 683 3501 nerem,
720 3447 779 3491 ut
825 3445 1087 3491 accurate
1137 3435 1253 3490 [nec
1310 3435 1507 3490 fierent
1557 3449 1697 3491 neve
1749 3434 2051 3506 quidquam

459 3534 880 3596 immutaretur,
915 3529 1382 3599 quemadmodum
1411 3527 1548 3582 alias
1574 3526 1778 3583 factum
1803 3538 1889 3585 est
1917 3543 2055 3582 non-

468 3641 772 3695 nunquam.
801 3624 984 3692 Quare
1029 3636 1253 3678 necesse
1297 3630 1402 3688 est,
1439 3621 1522 3676 vir
1553 3621 1918 3685 nobilissime,
1953 3621 2051 3677 tibi

466 3730 521 3772 et
552 3719 834 3788 Critopulo
869 3717 1084 3771 medico
1114 3716 1177 3771 V.
1205 3715 1289 3771 Cl.
1322 3730 1474 3769 nunc
1501 3714 1726 3784 quidem
1758 3729 1907 3768 cura;
1938 3715 2054 3770 sint

470 3828 560 3868 res
595 3812 912 3883 principum
943 3831 955 3864 :
989 3819 1156 3881 atque
1183 3808 1453 3880 eligemus
1489 3822 1590 3862 nos
1636 3819 1922 3878 praeterea,
1956 3807 2052 3877 qui

468 3921 564 3961 eas
593 3903 946 3960 administret
973 3912 1027 3957 et
1062 3911 1286 3956 strenue
1315 3907 1491 3973 regat.
1536 3899 1747 3955 Deinde
1781 3899 2052 3970 singulari

469 4000 562 4052 hic
603 3997 834 4052 consilio
883 3994 1312 4060 deliberabitur,
1355 3993 1450 4064 qui
1491 3993 1648 4049 locus
1677 3993 1957 4048 domicilio
1987 3993 2054 4049 iis

467 4088 832 4160 assignandus
853 4088 942 4146 sit.
965 4091 1038 4142 Ac
1057 4095 1323 4156 quantum
1358 4085 1581 4156 quidem
1599 4086 1784 4140 statim
1808 4086 2051 4162 discerni

470 4191 673 4252 potest,
716 4180 953 4234 maxime
999 4193 1141 4250 opus
1175 4189 1324 4246 sunt,
1371 4194 1608 4248 quorum
1653 4179 1846 4235 deesse
1890 4193 2054 4235 nemo

472 4278 696 4345 poterit,
729 4274 968 4343 primum
999 4271 1270 4336 medicus,
1303 4270 1506 4325 deinde
1530 4270 1787 4341 magister
1805 4270 2048 4336 Graecus,

473 4381 587 4422 tum
622 4370 879 4437 magister
912 4364 1164 4431 Latinus,
1200 4373 1480 4434 postremo
1516 4363 1811 4434 interpres.
1858 4363 1920 4417 lli
1955 4365 2053 4433 igi-

2150 1860 2279 1915 καθ’
2319 1861 2435 1924 ἕνα,
2493 1859 2580 1912 διὰ
2613 1859 2678 1933 νὰ
2724 1855 3040 1929 βοηθηθῶσι
3082 1857 3261 1908 κάπου
3314 1857 3395 1917 είς
3445 1850 3734 1908 ἀσθένειάν

2149 1973 2274 2020 τους
2302 1954 2335 2027 ἢ
2366 1956 2446 2018 είς
2478 1952 2647 2023 ἄλλην
2682 1953 2952 2021 ἀνάγκην.
2995 1950 3103 2003 Καὶ
3130 1949 3291 2003 τοῦτο
3325 1948 3468 2002 θέλει
3501 1950 3568 2001 νά
3597 1949 3730 2018 γένῃ

2153 2051 2212 2116 ἐξ
2245 2048 2511 2115 ἅπαντος,
2540 2048 2731 2102 καὶ’νὰ
2759 2046 2929 2118 μηδὲν
2954 2045 3088 2120 γένῃ
3119 2043 3345 2108 ἀλλέως.
3370 2044 3452 2098 Τὰ
3481 2044 3538 2096 δὲ
3568 2043 3734 2096 λοιπὰ

2152 2141 2351 2198 ἐκατδν
2385 2141 2630 2198 δουκάτα
2660 2140 2752 2194 τδν
2781 2139 2930 2209 μῆνα
2968 2138 3139 2209 ἡγουν
3173 2135 3326 2207 χίλια
3358 2136 3454 2190 καὶ
3484 2136 3731 2189 διακόσια

2154 2238 2244 2292 τὸν
2278 2236 2471 2308 χρόνον
2501 2235 2568 2290 νᾶ
2598 2235 2986 2303 ἐξώιάζωνται
3027 2231 3109 2297 εἷς
3140 2247 3294 2294 τινας
3325 2229 3598 2300 ἄρχοντας
3636 2229 3730 2282 καὶ

2155 2331 2301 2387 καλὰ
2358 2329 2650 2402 πρόσωπα,
2688 2326 2824 2382 ὀποῦ
2855 2328 2931 2379 .νά
2979 2321 3125 2389 εἶναι
3183 2324 3517 2396 μετ’-αὑτῶν
3567 2323 3636 2377 νὰ
3666 2323 3733 2376 τὰ

2151 2423 2441 2480 δουλεύουν
2472 2421 2567 2476 καὶ
2619 2421 2686 2475 νὰ
2719 2421 2787 2474 τὰ
2825 2418 3260 2492 συντροφιάξουν
3307 2418 3402 2470 καὶ
3434 2417 3501 2469 vd.
3531 2416 3602 2471 τὰ
3634 2434 3732 2486 φυ-

2155 2518 2466 2572 λάττουσιν.
2536 2502 2805 2578 Ἀκούσας
2852 2515 2909 2567 δέ
2971 2516 3000 2566 ό
3037 2511 3344 2582 ἀγιὼτατος
3399 2511 3634 2574 πάππας
3675 2511 3734 2564 τό

2157 2611 2316 2663 πόσοι
2349 2605 2491 2663 εἶναι
2523 2607 2717 2672 αὑτοῦ,
2757 2606 3182 2678 ὐπερεθαύμασε
3218 2606 3309 2658 καὶ
3333 2603 3737 2673 καταγινώσκε-

2157 2701 2249 2758 ταί
2284 2718 2390 2772 μας
2417 2718 2432 2730 ·
2466 2700 2561 2754 καὶ
2599 2699 2707 2771 γὰρ
2752 2698 2848 2751 ἐὰν
2889 2697 2970 2761 είς
3002 2695 3096 2750 τὸν
3134 2686 3402 2765 αὐθέντην
3439 2695 3534 2748 τὸν
3565 2698 3737 2764 μακα-

2161 2794 2418 2865 ρισμένον
2449 2794 2654 2847 ἐκεῖνον
2685 2789 2934 2845 τοιοῦτον
2963 2789 3254 2862 ἄνθρωπον
3276 2787 3590 2858 ἐθαύμαζον
3617 2789 3736 2852 πῶς

2158 2883 2307 2956 εἶχεν
2361 2884 2464 2939 ἐδὼ
2494 2885 2686 2947 τόσους
2719 2882 2814 2936 καὶ
2860 2882 3236 2953 ἐκατηγόρονν
3270 2880 3360 2934 τὸν
3389 2880 3474 2934 ὅτι
3514 2880 3594 2943 είς
3637 2883 3738 2950 τὴν

2163 2979 2431 3047 ξενιτείαν
2462 2978 2528 3031 νὰ
2552 2977 2730 3049 τρέφῃ
2760 2978 2951 3037 τόσους
2980 2975 3049 3046 μὲ
3083 2977 3212 3042 ξένα
3241 2973 3484 3028 δουκάτα
3522 2975 3616 3027 καὶ
3649 2973 3736 3038 ξέ-

2159 3089 2254 3135 νας
2303 3070 2544 3133 ἐλπίδας,
2579 3070 2733 3139 πόσῳ
2789 3067 2992 3139 μᾶλλον
3041 3064 3212 3136 τὼρα,
3263 3064 3400 3120 ὀποῦ
3435 3061 3602 3138 ἦλθον
3638 3067 3732 3119 καὶ

2155 3165 2305 3223 ἄλλοι
2340 3163 2650 3233 πλειότεροι
2699 3162 2854 3232 παρὰ
2909 3158 3045 3214 ότι-οὖ
3077 3155 3218 3232 ἦσαν
3263 3158 3388 3225 ἐδὼ,
3423 3148 3736 3228 καταγινώ-

2157 3259 2382 3321 σκοντες
2418 3271 2529 3310 των
2557 3256 2653 3309 καὶ
2679 3251 3060 3325 κατηγοροῦσί
3091 3269 3220 3318 των,
3253 3251 3351 3306 καὶ
3386 3252 3625 3322 μάλιστα
3651 3254 3730 3315 sl;

2156 3346 2572 3404 αὑθεντόπουλα
2625 3343 2722 3399 νέα
2768 3345 2863 3398 καὶ
2895 3343 3129 3416 ὀρφανὰ,
3161 3342 3296 3397 ὀποῦ
3345 3342 3472 3398 οὔτε
3518 3344 3737 3413 ἀξίωμα

2154 3441 2280 3495 οὔτε
2311 3440 2482 3508 ὄνομα
2505 3435 2630 3492 οὔτε
2668 3437 2861 3508 φήμην
2891 3433 3105 3507 ἔχουσι,
3133 3433 3245 3491 Καὶ
3272 3435 3330 3490 οὗ
3375 3438 3539 3508 μόνον
3565 3454 3734 3490 κατα·

2154 3531 2490 3604 γινώσκουσί
2518 3548 2669 3594 τους,
2705 3529 2824 3584 ἀλλ’
2847 3529 2970 3583 οὐδὲ
3005 3529 3294 3601 βούλονται
3321 3532 3399 3584 γὰν
3433 3529 3728 3595 ἐξοδιάζω·

2157 3644 2244 3680 σιν
2287 3627 2387 3680 ἕνα
2441 3625 2696 3698 τορνέσιν
2738 3622 2925 3689 πλέον,
2976 3625 3075 3677 καὶ
3115 3624 3365 3689 ἄμποτες
3396 3623 3506 3694 μᾶς
3537 3623 3736 3689 ἔταξαν

2154 3720 2221 3774 vi
2247 3717 2307 3772 τὸ
2337 3717 2622 3787 φυλάξουσι
2660 3717 2889 3781 τελείως
2932 3717 3028 3770 καὶ
3061 3717 3127 3770 νὰ
3167 3717 3336 3788 μηδὲν
3379 3717 3736 3789 μεταὸληθῶ·

2156 3831 2262 3879 σιν,
2308 3811 2499 3881 ὥσπερ
2545 3811 2814 3881 ἐποίησαν
2867 3810 2966 3864 καὶ
3015 3809 3232 3865 ἄλλοτε.
3288 3811 3370 3864 Δι’
3405 3810 3540 3863 αὐτὸ
3594 3808 3734 3863 εἶναι

2161 3909 2325 3981 χρεία
2374 3908 2438 3962 νὰ
2476 3907 2740 3978 φροντίζῃ
2768 3907 2802 3976 ἡ
2831 3904 3082 3973 εὐγένειά
3110 3922 3206 3958 σου
3254 3905 3393 3976 μετὰ
3420 3904 3516 3958 τοῦ
3541 3906 3737 3981 ἀρχόν-

2153 4019 2246 4054 του
2275 4000 2370 4053 τοῦ
2420 3997 2802 4069 Κριτοπούλου
2848 3997 2942 4050 τοῦ
2977 3995 3166 4068 ίατροῦ
3201 3996 3385 4063 τοῦτο,
3417 3996 3552 4050 όποῦ
3597 3999 3736 4050 uti

2153 4094 2215 4148 τὸ
2249 4093 2423 4164 παρὸν
2468 4091 2621 4162 ἔχετε
2663 4091 2766 4162 τὴν
2819 4089 3079 4160 φροντίδα
3121 4089 3235 4144 τῶν
3269 4089 3732 4145 αὖθεντοποόλων.

2164 4186 2680 4259 Ἐπαναστήσωμεν
2737 4184 2822 4248 τίς
2873 4183 2940 4238 νὰ
2995 4183 3063 4237 τὰ
3100 4182 3300 4255 διοικῇ,
3362 4181 3396 4255 ἢ
3447 4183 3531 4246 τίς
3593 4180 3735 4236 εἶναι

2155 4281 2455 4349 ἀναγκαῖος
2485 4279 2551 4331 να
2604 4277 2880 4350 κρατηθῇ.
2927 4276 3039 4331 Καὶ
3088 4276 3231 4347 μετᾶ
3284 4276 3463 4330 ταῦτα
3517 4276 3734 4330 θέλουσι

2157 4373 2424 4443 μερισθῆν
2460 4371 2598 4442 μετὰ
2628 4370 2827 4442 βουλῆς
2857 4370 3041 4441 ἐδικῆς
3077 4351 3184 4441 ita;
3211 4370 3291 4434 είς
3325 4369 3567 4435 ἐκείνους
3595 4369 3730 4422 όποῦ

470 4472 561 4515 tur
589 4460 751 4530 plane
796 4459 1096 4514 necessarii
1130 4466 1280 4522 sunt,
1334 4465 1394 4511 et
1427 4457 1655 4510 omnino
1692 4455 1885 4511 deesse
1935 4473 2044 4511 non

2156 4463 2404 4517 θέλουσιν
2452 4462 2781 4533 ἀπομένειν.
2843 4460 3047 4533 Ἐμένα
3098 4461 3231 4530 γοῦν
3300 4464 3731 4533 προηγουμένως

473 4561 727 4622 possunt.
765 4551 1038 4606 Praeterea
1067 4564 1206 4618 opus
1238 4557 1326 4604 est
1361 4562 1472 4603 uno
1504 4546 1586 4602 vel
1623 4546 1841 4602 duobus
1870 4564 2050 4603 sacer—

466 4643 694 4699 dotibus
755 4641 988 4708 Latinis,
1042 4641 1138 4712 qui
1193 4649 1466 4711 perpetuo
1520 4647 1721 4694 canant
1770 4639 2048 4710 liturgiam

468 4736 741 4790 Latinam.
767 4732 986 4788 Etenim
1021 4747 1222 4804 pueros
1247 4731 1443 4785 Latino
1478 4745 1629 4785 more
1661 4730 1851 4785 vivere
1883 4744 2050 4798 opor-

465 4838 568 4890 t‘et,
588 4825 645 4878 id
688 4825 832 4893 quod
867 4825 1033 4878 etiam
1067 4823 1184 4892 ipse
1220 4833 1377 4890 pater
1408 4836 1601 4875 eorum
1632 4822 1828 4875 voluit.
1861 4819 2048 4891 Itaque

465 4918 566 4988 qui
621 4931 718 4972 eos
766 4917 1186 4972 comitabuntur
1238 4930 1518 4984 proceres,
1561 4913 1779 4972 videant
1823 4928 2050 4969 necesse

470 5022 578 5076 est,
613 5025 682 5063 ne
742 5011 1025 5079 principes
1077 5025 1142 5064 ex
1204 5009 1452 5064 Ecclesia
1504 5007 1781 5078 secedant
1822 5017 2051 5077 propter

473 5103 1055 5157 commemorationem
1082 5116 1259 5174 papae,
1279 5100 1747 5171 quemadmodum
1776 5099 1830 5154 in
1854 5100 2052 5154 itinere

480 5197 684 5248 factiun
721 5204 824 5248 est.
869 5196 1005 5250 Nam
1055 5195 1102 5250 si
1146 5211 1211 5250 ex
1258 5193 1509 5250 Ecclesia
1557 5194 1841 5259 secedant,
1887 5208 1983 5248 eos
2019 5209 2050 5248 e

477 5287 707 5340 Francia
735 5301 956 5356 quoque
981 5288 1245 5343 secedere
1280 5295 1521 5358 oportet.
1561 5285 1736 5341 Nemo
1768 5265 1919 5342 enim
1953 5287 2051 5340 bo-

477 5379 680 5442 minem
725 5379 940 5445 tolerat,
993 5381 1087 5448 qui
1125 5395 1182 5434 se
1233 5380 1463 5450 impium
1505 5390 1560 5435 et
1601 5381 1919 5435 baeretieum
1955 5397 2052 5453 ap-

477 5471 646 5543 pellet
683 5477 737 5525 et
770 5470 1061 5525 manifesto
1111 5471 1302 5542 fugiat.
1340 5471 1524 5539 Quare
1573 5473 1630 5532 ii,
1673 5487 1815 5541 quos
1860 5486 2054 5527 neces~

475 5563 652 5617 sarios
679 5577 799 5619 esse
832 5564 1151 5628 dixi,suum
1183 5565 1471 5633 judicanto
1501 5579 1716 5630 curare,
1743 5575 1802 5618 ut
1825 5563 1898 5618 ita
1931 5563 2049 5619 ﬁat.

476 5653 744 5711 Prmterea
798 5656 922 5712 volo
984 5667 1040 5712 et
1091 5659 1200 5712 illis
1251 5657 1624 5723 commendo,
1682 5665 1744 5710 ut
1795 5656 2042 5723 videant,

477 5760 738 5818 quantum
767 5751 1113 5822 relinquatur
1140 5751 1207 5808 de
1237 5749 1460 5808 llorcuis
1496 5750 1642 5808 mille
1680 5759 1737 5807 et
1768 5749 2046 5806 ducentis.

2155 4556 2404 4626 φαίνεταί
2438 4572 2506 4626 με
2532 4555 2608 4619 ὡς
2637 4554 3076 4623 ἀναγκαιότατον
3107 4553 3244 4607 ὀποῦ
3286 4552 3374 4608 δὲν
3399 4555 3647 4625 ἡμπορεῖ
3672 4557 3735 4607 νὰ

2152 4647 2337 4722 λείψῃ,
2400 4649 2622 4719 πρῶτον
2671 4650 2700 4702 ό
2761 4646 2975 4718 ἰατρὸς,
3030 4645 3287 4718 δεύτερον
3338 4649 3368 4702 ό
3411 4646 3736 4708 διδάσκαλος

2154 4735 2381 4812 Ἕλλην,
2424 4740 2616 4813 τρίτον
2659 4740 2687 4795 ό
2732 4739 3056 4803 διδάσκαλος
3104 4739 3356 4806 Λατίνος,
3405 4741 3673 4812 τέταρτον
3705 4741 3730 4791 ό

2152 4835 2534 4905 δραγουμάνος
2559 4851 2574 4866 ·
2623 4826 2771 4886 οὗτοι
2817 4831 2950 4900 γοῦν
2991 4834 3151 4900 eicit.
3186 4834 3606 4903 ἁναγκαιότατοι
3640 4836 3733 4889 καὶ

2153 4928 2241 4982 δὲν
2291 4929 2540 4997 ἠμπορεί
2592 4925 2658 4980 νὰ
2694 4926 2972 4993 λείψωσιν.
3009 4925 3134 4980 Ἔτι
3178 4926 3234 4980 δὲ
3279 4928 3377 4980 καὶ
3429 4921 3511 4989 εἷς
3559 4927 3595 5000 ἢ
3645 4927 3731 4981 δύ)

2154 5019 2446 5084 παππάδες
2503 5021 2723 5072 Λατῖνοι
2757 5016 2896 5070 εἶναι
2931 5019 3350 5087 ἀναγκαιότατοι
3391 5019 3484 5073 διὰ
3506 5020 3574 5074 νὰ
3605 5021 3734 5090 ψάλ-

2153 5111 2288 5163 λωσι
2342 5108 2698 5179 λειτουργίαν
2752 5107 3054 5175 Λατινικὴν
3105 5107 3368 5179 συνεχῶς.
3414 5105 3571 5165 Εἶναι
3623 5111 3729 5180 ’γὰρ

2154 5201 2315 5273 χρεία
2345 5202 2411 5254 νὰ
2447 5199 2582 5265 ζῶσι
2622 5202 2690 5252 τὰ
2738 5200 2928 5252 παιδία
2976 5199 3306 5266 Λατινικῶς,
3339 5199 3532 5274 ὥσπερ
3573 5202 3730 5255 ἐϐού-

2155 5292 2277 5344 λετο
2307 5293 2403 5345 καὶ
2426 5293 2455 5344 ὁ
2492 5294 2906 5362 μακαρισμένος
2939 5295 3120 5365 πατήρ
3151 5311 3283 5348 των.
3325 5296 3434 5349 Καὶ
3456 5297 3507 5349 oi
3541 5294 3707 5367 ἄρχον

2154 5402 2242 5446 τες
2269 5383 2404 5437 όποῦ
2438 5384 2685 5438 θέλουσιν
2710 5382 2889 5440 εἷσθαι
2939 5385 3058 5457 μετ’
3089 5387 3358 5454 ἐκείνους,
3398 5385 3541 5442 εἷναι
3576 5388 3731 5459 χρεία

2157 5477 2223 5529 vi
2274 5476 2618 5548 προσέχωσιν
2673 5479 2751 5542 είς
2781 5477 2961 5545 τοῦτο,
3007 5480 3074 5533 νὰ
3104 5480 3273 5551 μηδὲν
3319 5481 3597 5552 φεύγωσιν
3628 5482 3731 5535 ἀπὸ

2155 5569 2254 5637 τὴν
2290 5569 2590 5639 ἐκκλησίαν
2613 5569 2702 5622 διὰ
2729 5569 2789 5621 τὸ
2826 5571 3172 5639 μνημόσυνον
3202 5571 3298 5626 τοῦ
3330 5574 3554 5638 πάππα,
3584 5571 3732 5626 ὥσὰν

2158 5660 2219 5712 τὸ
2249 5659 2515 5731 ἐποίησαν
2571 5663 2651 5725 είς
2689 5661 2788 5732 τὴν
2841 5664 3081 5732 στράταν
3123 5663 3261 5718 όποῦ
3293 5665 3552 5736 ῆρχεσθε,
3601 5666 3731 5719 διότι

2158 5752 2225 5808 ἂν
2270 5752 2548 5823 φεύγωσιν
2605 5757 2709 5810 ἀπὸ
2768 5756 2866 5826 τὴν
2907 5758 3223 5826 ἐκκλησίαν,
3276 5757 3426 5813 εἶναι
3480 5765 3638 5824 γε-εῗα
3673 5763 3734 5812 vi
