4064 6148
290 220 378 285 701

1345 211 1724 273 BlBLlOTl-l
1738 208 1895 269 80έὲ
1924 208 2407 271 CATALOGUS.

3302 182 3351 189 ”
3449 198 3560 264 702

289 348 512 406 corpora
536 332 802 402 contegit,
833 332 998 387 etiam
1035 329 1258 385 nomina
1300 325 1866 396 obrueret.Quamvis
1901 330 1935 384 Λ
1970 320 2101 376 dum
2131 337 2215 376 est
2240 321 2521 377 civitatem
2555 328 2817 386 vestram,
2852 316 2999 388 quod
3034 325 3312 387 optamus,
3350 315 3404 371 in
3434 316 3560 374 dies

290 438 464 485 autem
500 427 630 483 huic
657 430 736 482 rei
774 436 887 483 toto
911 425 1099 481 attimo
1130 440 1351 494 semper
1380 424 1755 487 incubuerim,
1780 439 1867 478 ar-

290 523 523 579 dentiori
568 532 750 576 tamen
805 520 991 579 studio
1023 530 1151 590 post
1204 518 1430 574 Graecia:
1478 517 1779 578 excidium.
1812 526 1869 572 et

286 615 593 673 deﬂendam
653 612 899 685 Byzantii
940 613 1341 684 captivitatem,
1388 614 1445 667 in
1477 610 1869 683 perquirendis

292 710 442 765 libris
472 708 678 766 Graecis
735 718 943 762 omnes
971 721 1122 761 meas
1161 706 1332 767 vires.
1364 719 1586 760 ontnem
1641 718 1867 774 operam

290 818 620 875 omnemque
682 800 1000 857 facultatem
1044 797 1489 869 indusuiamque
1528 796 1868 869 consumpsi.

292 898 531 955 Verebar
562 898 711 952 enim
746 906 802 951 et
844 893 1328 950 vehementissime
1359 890 1726 947 formidabam
1748 929 1764 957 ,
1799 906 1870 946 ne

291 1007 412 1048 cum
444 992 662 1047 caeteris
688 989 855 1045 rebus
880 997 959 1043 tot
985 986 1433 1042 excellentissimi
1464 985 1693 1051 viri,tot
1715 1000 1869 1041 sum-

292 1100 505 1141 morum
540 1084 787 1140 virorum
816 1082 1051 1137 sudores
1089 1093 1256 1151 atque
1290 1079 1513 1151 vigiliae,
1548 1090 1631 1135 tot
1656 1079 1869 1135 lumina

287 1176 439 1233 cibis
472 1185 632 1232 terra!
666 1176 1117 1247 periclitareutur
1154 1186 1322 1244 atque
1373 1174 1637 1244 perirent,
1679 1188 1872 1244 quem-

290 1268 585 1325 admodum
615 1269 785 1326 etiatn
815 1267 1095 1341 superiori
1129 1279 1379 1339 tempore
1434 1277 1641 1323 tantam
1691 1268 1873 1339 jactu-

290 1362 697 1430 ramfecimus,
726 1371 787 1418 ut
820 1377 891 1418 ex
921 1363 1177 1418 ducentis
1207 1363 1402 1434 viginti
1433 1362 1681 1417 millibus
1707 1361 1874 1417 libro-

294 1472 459 1524 rum,
521 1470 663 1527 quos
739 1457 1071 1513 Plutarchus
1138 1457 1316 1513 refert
1385 1457 1442 1512 in
1533 1455 1872 1511 bibliotheca

290 1551 677 1621 Apauneorum
710 1548 903 1615 fuisse,
935 1550 1024 1604 vix
1072 1549 1223 1605 mille
1261 1559 1423 1605 aetate
1459 1558 1647 1605 nostra
1680 1563 1875 1620 super-

292 1644 426 1700 sint.
454 1642 652 1699 Couati
678 1652 865 1698 autem
904 1658 1123 1714 sumus,
1145 1652 1420 1717 quantum
1446 1644 1501 1698 in
1550 1631 1872 1707 nobis'fuit,

292 1753 403 1791 non
434 1746 545 1792 tam
582 1737 783 1793 multos
812 1752 978 1809 quam
1016 1737 1257 1808 optimos
1298 1737 1470 1794 libros
1498 1736 1786 1808 colligere,
1820 1747 1877 1792 et

291 1830 907 1902 singulorumoperum
932 1829 1148 1901 singula
1185 1831 1489 1897 volumina,
1528 1830 1721 1902 sicque
1740 1845 1879 1884 cun-

288 1934 378 1981 cta
426 1926 545 1979 fere
594 1925 909 1996 sapientum
970 1923 1289 1980 Graecorum
1342 1939 1531 1994 opera,
1570 1926 1877 1997 praesertim

291 2030 415 2087 qu:
455 2030 579 2071 rara
634 2024 797 2072 erant
853 2015 1197 2085 inventuque
1248 2014 1516 2081 difﬁcilia,
1571 2017 1875 2090 coegimus.

290 2109 567 2163 Czeterum
603 2122 729 2162 cum
774 2108 879 2164 hoc
928 2124 1075 2179 serpe
1106 2118 1288 2163 mente
1318 2120 1647 2179 repeterem,
1685 2126 1879 2183 parum

292 2203 581 2258 desiderio
635 2214 767 2257 meo
818 2198 1466 2269 satisfecissevidebar,
1513 2204 1619 2258 nisi
1676 2205 1884 2273 pariter

297 2295 679 2363 providerem,
714 2302 777 2347 ut
816 2294 971 2358 libri,
1012 2308 1155 2365 quos
1190 2302 1343 2347 tanto
1393 2294 1578 2349 studio
1609 2304 1664 2349 et
1692 2296 1885 2354 labore

293 2387 604 2457 coegerim,
637 2401 727 2442 me
757 2386 889 2441 vivo
926 2389 1003 2442 ita
1033 2388 1468 2452 collocarentur,
1500 2397 1560 2441 ut
1589 2388 1754 2443 etiam
1790 2388 1885 2445 de-

295 2480 494 2536 functo
542 2479 800 2551 dissipari
836 2489 934 2535 aut
980 2480 1213 2536 alienari
1254 2496 1363 2535 non
1420 2491 1666 2551 possent,
1702 2484 1797 2539 sed
1829 2485 1885 2538 in

296 2574 423 2631 loco
446 2573 637 2646 aliquo
669 2584 788 2629 tuto
823 2573 988 2629 simul
1020 2578 1084 2629 ac
1116 2575 1407 2631 commodo
1438 2575 1504 2630 ad
1536 2589 1886 2639 communem

296 2666 621 2735 hominum,
652 2676 762 2724 tam
796 2667 1121 2725 Grmcorutu
1159 2685 1321 2739 quam
1350 2668 1700 2736 Latinorum,
1735 2671 1890 2727 utili-

302 2768 478 2815 tatem
514 2768 893 2816 servarentur.
932 2758 1045 2815 lloc
1071 2761 1240 2831 igitur
1264 2761 1527 2834 cogitanti
1560 2762 1720 2826 mihi,
1748 2762 1892 2825 mulo

302 2862 503 2923 tasque
554 2852 727 2907 Italiae
786 2852 954 2909 urbes
985 2853 1173 2908 animo
1225 2854 1493 2919 volventi,
1544 2856 1658 2911 Sola
1708 2862 1890 2911 vestra

301 2946 517 3019 inclyta
550 2956 716 3017 atque
752 2946 1093 3018 amplissima
1145 2945 1343 3003 civitas
1380 2948 1647 3013 occurrit,
1689 2948 1748 3004 in
1786 2964 1893 3021 qua

1972 415 2148 486 magis
2190 422 2248 469 et
2303 412 2451 469 vires
2506 420 2562 468 et
2613 426 2815 466 nomen
2851 423 3306 482 propagaturam.
3349 409 3562 466 Dehinc

1972 503 2349 577 intelligebam
2380 504 2594 559 nullum
2631 504 2816 559 locum
2853 520 2881 558 a
2917 518 3005 561 me
3038 503 3166 574 eligi
3213 518 3377 576 posse
3401 500 3561 560 com-

1973 596 2284 666 modiorem
2336 616 2399 655 ac
2428 600 2634 655 nostris
2683 598 2990 670 praesertim
3040 598 3563 668 hominibusaptio-

1972 708 2116 748 rem.
2147 677 2284 748 Cum
2315 692 2465 747 enim
2497 691 2551 747 in
2589 692 2873 747 civitatem
2925 700 3168 746 vestram
3218 704 3415 747 omnes
3446 690 3562 745 fere

1972 786 2144 841 totius
2183 784 2337 841 orbis
2365 784 2621 859 nationes
2656 784 2896 839 maxime
2928 782 3239 850 confluant,
3273 792 3391 837 tum
3420 798 3565 855 prae-

1972 879 2135 950 cipue
2158 877 2358 945 Graaci,
2392 878 2489 948 qui
2511 894 2541 933 e
2580 878 2697 933 suis
2736 877 3044 949 provinciis
3076 876 3297 949 navigio
3323 878 3562 933 venien-

1975 980 2080 1036 tes,
2131 971 2378 1029 Venetiis
2429 972 2665 1044 primum
2714 971 3110 1028 descendunt:
3150 986 3215 1026 ea
3266 965 3563 1041 propterea

1974 1066 2265 1121 vobiscum
2306 1065 2720 1122 necessitudine
2760 1065 3027 1129 devincti,
3079 1072 3141 1122 ut
3199 1064 3269 1119 ad
3318 1076 3562 1119 vestram

1975 1156 2190 1229 appulsi
2229 1158 2447 1221 urbem,
2481 1160 2639 1224 quasi
2688 1158 2923 1213 alterum
2959 1157 3287 1231 Byzantium
3327 1154 3566 1210 introire

1974 1250 2293 1306 videantur.
2331 1252 2463 1305 Post
2496 1250 2617 1305 lucc
2667 1250 2949 1322 quomodo
2984 1246 3190 1320 poterit
3222 1246 3329 1302 hoc
3359 1248 3565 1303 benefl-

1974 1343 2122 1400 cium
2154 1359 2191 1399 a~
2226 1343 2387 1400 nobis
2414 1344 2709 1401 honestius
2739 1346 2933 1405 locari,
2966 1356 3133 1413 quam
3164 1339 3310 1416 apud
3341 1356 3438 1396 cos
3467 1338 3572 1395 bo-

1978 1440 2156 1494 mines
2197 1439 2402 1508 quibus
2440 1453 2544 1510 ego
2592 1439 2782 1493 multis
2817 1454 3010 1493 eorum
3047 1436 3102 1493 in
3148 1452 3235 1493 me
3279 1434 3570 1491 beneﬂciis

1976 1531 2269 1586 devinctus
2297 1531 2714 1601 obstrictusque
2754 1546 2933 1586 essent
2962 1548 2978 1593 ;
3010 1541 3066 1585 et
3092 1530 3157 1585 in
3207 1544 3273 1587 ea
3321 1527 3567 1595 civitate,

1977 1640 2143 1696 quant
2172 1625 2326 1690 mihi,
2353 1624 2645 1696 subjugata
2669 1626 2900 1689 Glaucia,
2924 1640 3021 1695 pro
3047 1624 3227 1695 patria
3251 1623 3569 1695 elegissmu,

1909 1706 1949 1760 Β
1978 1718 2116 1773 etin
2147 1734 2311 1789 quam
2347 1720 2559 1773 accitus
2591 1735 2621 1773 a
2646 1719 2801 1773 vobis
2819 1727 2982 1789 atque
3002 1718 3570 1773 honorificentissime

1972 1804 2244 1884 receptus
2266 1812 2514 1868 fuissem.
2543 1813 2734 1885 Itaque
2770 1812 3030 1868 conscius
3061 1813 3412 1868 mortalitatis
3434 1828 3572 1867 meae

1983 1916 2040 1963 et
2074 1908 2549 1977 ingravescentem
2576 1908 2689 1977 jam
2721 1916 2939 1962 aetatem
2980 1906 3342 1976 diversOSque
3365 1904 3573 1975 quibus

1984 1999 2279 2072 atlligituur
2310 2002 2561 2063 morbos,
2592 2009 2650 2054 et
2682 2008 2884 2053 ca-tera
2923 2012 3045 2068 qua:
3085 1999 3312 2053 evenire
3348 2008 3574 2067 possent

1984 2097 2593 2160 considerans,'0tmtes
2635 2095 2806 2150 libros
2863 2110 3016 2149 meos
3053 2096 3342 2162 utriusque
3378 2093 3575 2163 lingua:

1987 2190 2377 2246 Sacratissimte
2418 2188 2519 2242 :edi
2554 2189 2700 2243 beati
2732 2187 2899 2243 Marci
2940 2202 3133 2242 vestrm
3166 2186 3388 2258 inclyta:
3434 2187 3575 2240 civi-

1990 2280 2121 2334 tatis
2149 2278 2315 2343 dono,
2354 2279 2481 2335 dedi
2532 2288 2698 2350 atque
2753 2279 2959 2349 dicavi,
3011 2280 3260 2333 sentiens
3292 2277 3454 2333 talem
3491 2292 3577 2331 me

1989 2372 2236 2427 animant
2281 2380 2341 2427 et
2368 2372 2711 2429 excellentiae
2748 2383 2947 2429 vestra
2982 2382 3036 2428 et
3073 2370 3401 2442 gratitudiui
3442 2386 3579 2425 mea:

1990 2474 2048 2521 et
2069 2479 2236 2536 quam
2258 2465 2396 2520 mihi
2422 2480 2778 2521 communem
2811 2474 2931 2521 esse
2953 2463 3233 2526 voluistis.
3268 2464 3461 2535 patria:
3486 2466 3578 2518 de-

1993 2559 2205 2624 buissc,
2253 2567 2429 2614 utvos
2460 2574 2524 2613 ac
2569 2559 2731 2615 liberi
2767 2559 3089 2632 posterique
3130 2561 3322 2626 vestri,
3363 2560 3461 2630 qui
3492 2574 3580 2615 tne

1994 2654 2199 2709 virtute
2230 2669 2295 2709 ac
2320 2654 2589 2725 sapientia
2622 2651 2827 2719 vestra,
2851 2654 3162 2733 multisque
3186 2654 3241 2709 in
3287 2669 3373 2709 me
3406 2654 3580 2709 beue-
3678 2682 3681 2683 ν

1998 2747 2139 2804 llciis
2187 2747 2497 2811 addictum,
2550 2748 2801 2803 deditum
2852 2749 3297 2819 obstrictumque
3342 2748 3583 2815 habetis,

1999 2841 2249 2899 haeredes
2282 2841 2537 2897 laborum
2574 2857 2851 2908 meorum,
2885 2844 3106 2901 fructus
3131 2841 3335 2899 uberis
3366 2842 3588 2899 diutur-

1999 2950 2213 3007 nosquc
2250 2935 2521 3006 capiatis;
2567 2935 2772 2992 deinde
2802 2938 2990 2993 cancri
3040 2934 3135 3007 qui
3171 2935 3441 2993 bonarum
3474 2937 3589 2991 dis-

300 3039 532 3097 nnimus
561 3054 719 3095 meus
751 3041 898 3096 ontui
941 3057 1009 3097 ex
1042 3044 1677 3114 partevconquiesceret.
1711 3044 1884 3100 Primo

2002 3028 2335 3100 ciplinarum
2395 3027 2633 3084 studiosi
2678 3039 2865 3092 erunt,
2913 3037 3098 3083 vestra
3136 3043 3304 3083 causa
3344 3027 3586 3099 capiant.

296 3131 457 3187 enim
500 3146 612 3187 non
658 3132 937 3200 videbam,
986 3148 1151 3204 quam
1206 3135 1389 3191 locum
1421 3136 1627 3212 eligepe
1673 3152 1891 3210 possem
1948 3120 1966 3124 Ἦ
2002 3121 2353 3194 Quapropter
2376 3130 2436 3179 et
2474 3120 2834 3177 donationem
2887 3121 3087 3193 ipsam,
3120 3132 3178 3177 ει
3202 3122 3470 3177 librorum
3504 3123 3589 3175 ίΙΙ⁹

304 3226 602 3293 tutiorem,
640 3240 807 3296 quam
829 3240 956 3282 eum
983 3227 1077 3299 qui
1118 3227 1380 3303 aequitate
1402 3230 1640 3301 regitur,
1676 3230 1894 3303 legibus

307 3324 561 3383 tenetur,
613 3316 669 3371 in
708 3318 923 3373 unitate
978 3334 1045 3377 ae
1082 3320 1353 3390 sapientia
1392 3322 1757 3393 gubernatur,
1800 3324 1893 3379 ubi

306 3410 497 3488 virtps
514 3410 894 3480 continentia,
921 3400 1233 3483 gravitatis,
1265 3415 1520 3485 justiti:e,
1555 3413 1681 3472 ﬁdei
1717 3416 1897 3473 domi-

305 3498 508 3553 cilium
535 3507 619 3553 est
656 3515 671 3563 ;
709 3500 799 3555 ubi
832 3501 1151 3571 imperium,
1184 3515 1244 3558 ut
1283 3506 1587 3561 maximum
1618 3516 1703 3562 est
1732 3517 1898 3578 atque

308 3590 744 3662 amplissimum,
774 3594 849 3648 ita
896 3597 1167 3667 aequabile
1195 3612 1259 3653 ac
1290 3599 1639 3655 moderatum
1666 3617 1683 3669 ;
1727 3602 1899 3656 animi

311 3685 372 3740 in
427 3686 774 3744 consulendo
821 3689 1011 3759 liberi,
1068 3691 1206 3747 nulli
1238 3692 1484 3762 libidini,
1514 3694 1653 3750 nulli
1699 3696 1903 3752 delicto

312 3779 590 3845 obnoxii;
623 3778 929 3851 prudentes
960 3781 1178 3853 imperii
1210 3782 1427 3837 clavum
1453 3791 1664 3847 tenent,
1693 3792 1750 3839 ct
1772 3783 1900 3838 boni

313 3871 487 3929 malis
532 3884 953 3945 praponuntur,
993 3892 1059 3931 ac
1094 3876 1440 3947 privatorum
1478 3878 1902 3933 commodorum

312 3961 508 4026 obliti,
548 3972 722 4018 t0tum
754 3980 958 4037 corpus
986 3968 1305 4037 reipublica:
1339 3969 1587 4023 unanimi
1631 3984 1903 4026 consensu

310 4068 373 4116 et
402 4050 623 4114 summa
657 4059 973 4133 integritate
999 4073 1315 4133 procurant.
1340 4064 1417 4120 Ex
1447 4066 1652 4132 quibus
1679 4080 1906 4135 sperau-

2004 3213 2210 3281 dicem,
2258 3220 2316 3269 et
2356 3213 2641 3288 pontificis
2674 3214 2899 3269 maximi
2934 3215 3219 3270 decretum
3271 3213 3339 3269 ad
3381 3227 3592 3270 vestras

2003 3309 2363 3381 excellentius
2406 3308 2700 3372 mittimus,
2738 3318 3028 3379 precantes
3064 3309 3233 3363 Deum
3301 3319 3362 3364 ut
3410 3309 3599 3379 reipu-

2006 3405 2165 3461 blicae
2215 3413 2419 3460 vestrm
2466 3402 2654 3459 omnia
2711 3404 2874 3471 bene,
2921 3403 3161 3461 feliciter
3219 3419 3595 3475 prosperrquc

2007 3500 2289 3564 eveniant,
2328 3508 2386 3555 et
2414 3512 2605 3569 pacem
2636 3496 2863 3563 habeat,
2900 3498 3384 3571 tranquillitatem,
3419 3498 3594 3553 otium

2011 3593 2484 3664 concordiamque
2554 3603 2907 3665 perpetuam.
2966 3590 3198 3649 Valeant
3255 3591 3599 3649 excellentiae

2014 3696 2209 3741 vestrm
2236 3685 2495 3740 feliciter.
2585 3699 2591 3703 '

2079 3778 2330 3847 Viterbii,
2359 3790 2414 3834 tv
2468 3776 2611 3835 Non.
2649 3778 2839 3835 Maias.

2846 3877 3170 3946 BESSARION,

2233 3973 2553 4041 cardinalis,
2574 3972 2888 4044 patriarcha
2923 3973 3592 4043 Constantinopolitanus,

2293 4066 2534 4124 basilicae
2582 4066 2643 4122 Β.
2677 4067 2848 4122 Marci
2880 4065 3126 4121 Venetiis
3157 4066 3383 4125 dicavit.

389 4320 712 4391 CatalOgnm
735 4317 811 4391 tu)
848 4320 1194 4377 bibliothecae
1214 4320 1559 4379 Bessarionis
1578 4322 2067 4396 prtestantissimus
2098 4322 2158 4380 Β.
2194 4319 2636 4378 Moutfaueonius
2669 4319 2879 4376 dudum
2910 4320 3160 4375 exhibuit
3195 4321 3250 4377 in
3282 4337 3381 4379 sua
3407 4319 3604 4379 Biblio-

314 4418 477 4472 theca
532 4416 967 4472 bibliothecarum
1018 4420 1259 4476 codicum
1290 4436 1417 4475 ωδε.
1450 4419 1558 4475 Sed
1597 4434 1725 4474 cum
1757 4419 1873 4488 ipse
1898 4419 2046 4475 hunc
2078 4417 2397 4489 Catalogum
2432 4415 2859 4471 luculentiorcm
2897 4426 2955 4469 et
2986 4413 3322 4472 exactiorem
3366 4431 3434 4472 ex
3479 4416 3607 4473 flic-

311 4512 585 4566 caritiana
621 4508 953 4566 bibliotheca
1006 4519 1255 4581 erutum,
1300 4523 1357 4568 et
1395 4513 1523 4584 ipsi,
1556 4526 1617 4567 ut
1657 4514 1905 4578 videtur,
1943 4528 2115 4585 prope
2169 4511 2482 4568 Bcssarioni
2528 4509 2827 4580 σύγχρθνσν
2862 4508 3117 4573 habeam,
3169 4524 3284 4564 non
3330 4508 3603 4581 ingratam

316 4620 445 4658 rein
475 4605 717 4666 eruditis
751 4621 839 4664 ttte
871 4604 1152 4663 facturum
1182 4607 1448 4674 arbitror,
1479 4608 1526 4665 si
1559 4607 1718 4665 illum
1754 4609 1847 4665 hic
1887 4610 2091 4665 iterum
2129 4608 2334 4681 publici
2368 4606 2510 4680 juris
2542 4606 2764 4662 faciam.
2802 4604 2900 4660 Est
2930 4620 3063 4659 vero
3087 4604 3182 4674 qui
3215 4604 3494 4675 sequitur.

314 4727 934 4810 Tabulalibrorum‘,
974 4733 1101 4810 tam
1137 4728 1503 4810 Graecorum
1537 4746 1724 4810 quam
1770 4730 2157 4803 Latinorum,
2193 4744 2354 4809 quos
2402 4722 2963 4810 reveremlissimus
3011 4725 3070 4810 in
3123 4722 3370 4810 Christo
3424 4723 3601 4810 Pater

406 4807 715 4891 dominus
750 4807 1454 4891 cardinalisﬁicmnus,
1499 4804 1950 4891 accpiScOpus
1990 4804 2395 4891 Albanénsis,
2435 4813 2605 4891 dono
2633 4808 2806 4891 dedit
2836 4804 3349 4891 serenissimoet
3393 4804 3601 4891 excel-

413 4886 767 4969 lentissimo
799 4888 1046 4969 __duceli
1108 4888 1512 4951 Venetiarum
1556 4882 1887 4952 dominio:
1931 4892 2039 4969 qui
2088 4890 2398 4953 reconditi
2436 4890 2649 4969 (prout
2681 4889 2878 4969 Roma
2919 4882 3598 4969 trausmissi__i'ueraut)

413 4963 490 5049 in
540 4965 747 5049 capsis
789 4965 962 5049 XXX
1006 4972 1434 5049 commendati
1480 4972 1662 5031 fuere
1710 4962 2064 5049 magniﬁcis
2106 4979 2166 5032 et
2218 4962 2545 5047 generosis
2577 4968 2853 5030 dominis
2884 4962 3424 5049 procuratoribus
3454 4964 3607 5024 tedis

417 5045 557 5107 Divi
613 5042 834 5129 Marci,
863 5048 1173 5129 tantisper
1207 5052 1415 5128 quoad
1472 5042 1915 5113 instruatur'et
1953 5042 2295 5113 exornetur
2347 5050 2573 5113 domus
2605 5050 2847 5126 aliqua,
2882 5042 3343 5129 bibliothecte,
3383 5045 3448 5129 in
3481 5060 3605 5129 qua

413 5126 638 5268 repobni
676 5124 912 5214 debent
962 5122 1078 5208 pro
1108 5122 1432 5190 communi
1476 5132 1865 5193 studentium
1914 5133 2218 5207 utilitate,
2271 5148 2342 5192 ac
2394 5130 2628 5191 decore
2683 5122 2744 5188 ei
2792 5132 3170 5187 ornamento
3208 5122 3381 5186 urbis
3418 5124 3605 5203 hujus

413 5216 550 5266 cete
601 5220 874 5268 errtmee.

412 5216 874 5268 (εειθῡθιτιωω.

319 5336 394 5393 In
434 5353 597 5407 capsa
635 5336 1071 5415 signatn_A_sunt
1101 5340 1302 5415 codices
1345 5340 1420 5403 lii,
1452 5358 1677 5409 quorum
1718 5342 1919 5397 inscri-

2031 5351 2147 5397 tum
2180 5338 2382 5396 librum
2417 5338 2701 5411 cujusdam
2730 5337 2983 5393 alterius.
3022 5335 3288 5402 Deinceps
3316 5333 3610 5405 Simplicii,

569 5409 774 5479 ptiohes
802 5411 887 5463 hic
920 5409 1066 5480 infra
1103 5412 1381 5467 adnotata:
1408 5415 1678 5467 videntur.

2030 5433 2087 5488 iu
2123 5433 2492 5505 pergamenis,
2524 5438 2690 5487 etest
2729 5429 2869 5484 liber
2896 5428 3151 5500 pulcher.

2105 5526 2333 5597 Physica
2382 5523 2655 5596 ejusdem,
2687 5520 3191 5591 cumexpositionc
3225 5517 3517 5590 Simplicii,
3558 5520 3615 5578 in

2036 5618 2407 5691 pergamcuis.

2116 5712 2434 5783 Simplicius
2474 5728 2528 5767 tu
2564 5709 2989 5782 praedicamcnta
3016 5707 3331 5765 Aristotelis
3369 5724 3383 5761 :
3418 5723 3485 5764 ac
3514 5721 3617 5762 cu-

398 5827 486 5901 (a)
511 5828 658 5884 locu.
681 5830 839 5896 Lami,
866 5828 1065 5888 Delicitz
1099 5828 1434 5893 Erudilorum,
1460 5838 1563 5883 tam
1605 5830 1682 5896 lx,
1714 5832 1985 5885 Florentiae
2017 5832 2153 5885 1710.

405 5520 585 5581 Totus
614 5520 941 5580 Aristoteles
972 5533 1172 5595 praeter
1205 5524 1461 5596 logicum,
1488 5526 1543 5581 in
1580 5522 1927 5596 pcrgameuis

323 5623 391 5675 et
421 5632 628 5673 novus.

406 5706 644 5781 Physica
675 5707 924 5782 ejusdem
955 5724 1079 5766 cum
1099 5711 1439 5781 expositione
1472 5725 1643 5783 usque
1670 5710 1736 5768 ad
1760 5727 1915 5784 quar-
