4108 6142
526 221 642 289 705

597 328 872 390 Chronica
902 334 1214 407 cujusdam,
1253 335 1306 390 in
1345 339 1587 410 papyris.

598 427 986 483 Demosthenis
1011 429 1294 484 orationes
1327 445 1543 496 omnes,
1578 430 1631 483 in
1664 429 2033 500 pergamenis.

593 517 889 576 Strabonis
928 518 997 572 ab
1046 536 1096 574 χι
1139 535 1312 590 usque
1361 522 1429 575 ad
1483 520 1671 586 tinem,
1710 537 1836 578 cum
1883 521 2111 577 adnota-

524 613 774 668 tionibus
804 612 1063 678 Gemisti,
1093 613 1147 668 in
1171 614 1418 685 papyris.

601 706 880 762 Plutarchi
930 706 1192 776 parallcla
1241 708 1463 772 omnia,
1505 709 1650 765 liber
1685 706 2112 780 pulcherrimus.

599 800 864 858 Isocratis
899 803 1181 858 orationes
1211 817 1325 866 ut,
1360 810 1417 858 et
1449 801 1690 874 Dionysii
1723 802 1791 858 de
1825 803 2112 858 nominum

522 890 958 962 compositione.

599 980 818 1053 Syriani
856 982 1159 1054 Sophistm,
1181 992 1239 1040 et
1267 983 1498 1039 aliorum
1527 983 1582 1038 in
1603 981 1901 1038 nonnullas
1932 992 2114 1052 partes

525 1076 863 1142 Rhetoricaa,
905 1079 962 1133 in
995 1078 1369 1149 pergamenis.

598 1164 817 1221 Libanii
848 1167 1303 1235 declamationes,
1331 1169 1386 1223 in
1418 1169 1661 1242 papyris.

601 1257 778 1330 Lysim
826 1259 1112 1315 orationes
1145 1275 1270 1314 nix
1301 1261 1632 1333 ;-D_ionysii,
1681 1263 1755 1320 De
1796 1267 2115 1321 charactere

525 1349 734 1422 Lysiae;
759 1350 975 1424 Gorgia:
1002 1353 1058 1408 in
1089 1353 1308 1421 laudem
1338 1353 1580 1410 Helenae.
2095 1400 2100 1405 .

600 1442 984 1500 Aladamantis
1023 1445 1307 1502 orationes
1341 1448 1461 1502 duae
1490 1463 1505 1513 ;
1541 1447 1888 1504 Antisthenis
1915 1449 2120 1505 oratio-

529 1550 630 1590 nes
655 1536 779 1592 dua:
803 1555 818 1607 ;
848 1538 1108 1602 Demadis
1137 1541 1315 1595 oratio
1349 1557 1480 1595 una.
2003 1605 2005 1608 ,

599 1630 850 1700 Agathia:
895 1629 1158 1690 historiae.
1185 1632 1434 1703 quinque
1468 1632 1646 1699 libris,
1690 1645 1745 1690 et
1775 1635 1846 1693 de
1881 1636 2118 1692 nomini-

527 1721 634 1778 bus
668 1734 724 1777 et
758 1723 1054 1779 ordinibus
1081 1725 1462 1795 antiquorum.

600 1815 941 1888 Theognidis
965 1825 1184 1888 poetae;
1213 1818 1534 1895 Phocylidis
1561 1841 1574 1891 ;
1607 1824 1774 1880 Aurci
1803 1838 1995 1879 versus
2024 1822 2120 1895 Py-

531 1907 776 1980 thagora:
800 1923 818 1974 ;
842 1908 1056 1964 Moschi
1088 1911 1281 1967 Siculi.

601 2002 787 2058 Musaei
837 2003 983 2059 Hero
1044 2014 1099 2060 et
1152 2005 1422 2072 Leander,
1470 2007 1716 2080 Dionysii
1768 2008 1999 2080 Longini
2053 2007 2122 2063 de

539 2098 924 2168 magnitudine
955 2101 1251 2165 orationis,
1285 2100 1339 2154 in
1376 2101 1746 2173 pergamenis,
1771 2113 1880 2158 etc.

598 2189 891 2246 Naucratis
920 2191 1174 2246 convivia
1201 2191 1328 2247 libri
1365 2204 1510 2261 octo,
1547 2194 1603 2247 in
1636 2193 2010 2264 pergamcnis.

600 2281 944 2355 Thucydidis
979 2285 1236 2354 historia,
1281 2286 1335 2340 in
1373 2289 1615 2358 papyris.

586 2444 652 2501 In
673 2440 832 2518 capsa
853 2447 1068 2519 signata
1149 2460 1280 2523 sunt
1309 2449 1432 2523 libri
1453 2450 1598 2518 infra
1625 2453 1809 2521 scripti
1826 2451 2075 2523 ponderis

1115 2521 1378 2576 librarum
1407 2522 1536 2577 240.

605 2659 796 2715 Dionis
827 2659 1213 2734 Chrysostomi
1245 2664 1526 2718 orationes
1560 2661 1858 2734 octoginta,
1901 2662 1956 2717 in
1997 2671 2108 2732 per.

528 2753 798 2826 gamenis.

610 2845 857 2917 Dionysii
915 2844 1347 2911 Halicarnassei,
1412 2845 1684 2900 Demetrii
1743 2843 2121 2907 Phalcrensis,

531 2941 858 3008 Alexandri,
912 2939 1220 3008 Menandri,
1278 2939 1560 3003 Aristidis,
1603 2938 1866 3008 .Apsinis,
1918 2936 2125 2992 Honita

530 3046 816 3091 oratorum
850 3033 1024 3090 multa
1053 3043 1110 3089 et
1147 3031 1410 3103 praeclara
1442 3031 1511 3086 de
1547 3035 1762 3087 ratione
1783 3028 2030 3084 dicendi.

604 3130 897 3186 Urationes
928 3126 1169 3195 Libanii,
1199 3128 1254 3183 in
1290 3127 1536 3197 papyris.

605 3219 867 3289 Epistolas
895 3218 1182 3290 cujusdam
1216 3216 1501 3274 Michaelis
1526 3214 1752 3279 ϐιώτω,
1787 3216 1843 3268 in
1878 3215 2122 3286 papyris.

603 3313 821 3369 Libanii
852 3313 1316 3387 Declamationes,
1345 3311 1398 3365 in
1430 3308 1811 3381 pergamenis.

607 3407 823 3464 Libanii
857 3407 1140 3478 Epistolw,
1169 3407 1225 3460 in
1256 3403 1499 3476 papyris.

608 3502 872 3569 Quaedam
907 3515 1077 3571 opera
1111 3499 1418 3564 Aristidis;
1454 3492 1669 3552 Proculi
1705 3498 1975 3553 naturalis
2008 3496 2129 3552 ele-

538 3590 840 3660 mentatio;
901 3592 1098 3663 legalia
1158 3592 1411 3662 quadam
1473 3591 1690 3646 Alcinoi
1745 3595 1812 3650 de
1874 3591 2128 3663 dogmate

538 3690 805 3757 Platonis,
839 3691 894 3744 in
928 3689 1176 3761 papyris.

610 3777 875 3841 Aristidis
905 3784 1215 3848 orationes,
1252 3781 1306 3835 in
1341 3781 1712 3852 pergamenis.

608 3877 800 3933 Dionis
823 3876 1195 3932 Romanarum
1225 3871 1589 3930 historiarum
1625 3889 1655 3927 a
1691 3881 1816 3926 :le
1853 3872 1920 3927 ad
1956 3872 2133 3950 quin-

537 3974 920 4046 quagesimum
960 3986 1136 4042 usque
1168 3983 1395 4035 nonum,
1429 3966 1484 4024 in
1517 3970 1893 4039 pergamcnis.

610 4067 880 4124 Aristidis
905 4067 1216 4129 orationes,
1252 4063 1306 4118 in
1333 4064 1580 4135 papyris.

611 4159 917 4222 Rhetorica
964 4161 1352 4232 Hermogenis,
1384 4157 1751 4214 Arithmetica
1783 4152 2157 4223 Nicomachi,-

546 4259 876 4317 Geometria:
903 4256 1028 4318 libri
1065 4271 1180 4319 sex,
1213 4265 1268 4310 et
1293 4253 1578 4310 Geodacsia
1611 4257 1664 4309 in
1696 4253 1941 4327 papyris.

611 4347 908 4404 Rhetorica
942 4345 1333 4418 Hermogenis,
1366 4349 1421 4401 in
1458 4345 1704 4416 papyris.

1977 221 2383 284 El’ISTOLI’E.

2143 355 2186 412 Α
2289 333 2621 402 (ἶιεοῐηράἰς,
2650 325 2705 389 in
2739 333 2980 405 papyris,
3014 341 3069 388 et

3695 211 3804 278 706

2293 428 2570 484 Ptolemaei
2635 425 3046 500 Quadripartita
3113 441 3238 482 cum
3294 422 3673 496 expositione,
3742 432 3802 478 et

2221 516 2393 575 multa
2425 522 2530 575 alia
2561 520 2614 574 in
2648 520 3079 587 Astronomiam,
3108 520 3161 574 in
3189 516 3562 589 pergamenis.
3601 579 3606 582 _

2217 654 2281 710 in
2325 637 2487 724 cbpsa
2525 654 2739 724 signata
2758 653 2800 711 G
2823 655 3068 723 ponderis
3095 653 3354 708 librarum
3385 652 3491 708 240
3519 661 3644 708 sunt
3684 653 3804 708 libri

2816 726 2959 796 infra
2994 729 3204 794 scripti.

2289 834 2635 898 Geometrica
2691 840 2958 904 Euclidis,
2992 851 3049 896 et
3084 839 3218 896 Data
3249 841 3524 909 ejusdem,
3575 839 3801 910 Sphaara

2220 935 2539 997 Theodosii,
2575 935 2913 1005 Apparentia
2956 945 3014 990 et
3045 935 3325 991 Catholica
3389 934 3658 997 Euclidis,
3688 934 3802 989 Lo-

2219 1029 2338 1101 gica
2370 1027 2642 1093 Barlaam,
2686 1037 2744 1082 et
2792 1028 3093 1097 Almagesti
3133 1028 3440 1092 Ptolomaei,
3470 1025 3526 1082 in
3562 1028 3805 1100 papyris.

2289 1122 2640 1190 Almagestus
2673 1116 2946 1177 Ptolemaei
2996 1136 3122 1176 cum
3157 1122 3501 1193 expositione
3535 1121 3802 1186 Theonis,

2219 1213 2364 1269 liber
2392 1215 2691 1284 pretiosus.
2723 1215 2778 1269 in
2813 1216 3054 1288 papyris.

2291 1302 2611 1358 Geometria
2657 1301 2928 1370 Euclidis,
2977 1311 3035 1359 et
3082 1303 3319 1358 aliorum
3365 1304 3668 1361 multorum
3708 1319 3807 1360 au-

2222 1404 2442 1452 ctorum
2475 1413 2706 1452 numero
2735 1412 2867 1450 xvm
2898 1397 3240 1454 theoremata
3272 1399 3632 1470 geometrica,
3664 1399 3808 1456 liber

2221 1491 2526 1560 pretiosus,
2567 1491 2621 1545 in
2650 1493 2893 1562 papyris.
3090 1567 3094 1570 ν

2293 1583 2535 1640 Albacus
2565 1581 2777 1650 Graece,
2832 1582 3143 1651 Gcodaesia,
3195 1582 3394 1640 tabulae
3423 1583 3676 1651 Persicae,
3725 1595 3809 1640 ta-

2225 1678 2373 1735 bula:
2423 1675 2688 1742 Theonis,
2736 1675 2958 1732 Proculi
3007 1675 3063 1731 in
3117 1677 3546 1732 Astronomiam.
3578 1678 3812 1746 Quadri-

2227 1773 2427 1843 partita
2458 1769 2763 1837 Ptolentazi,
2810 1779 2866 1828 et
2901 1770 3008 1825 alia
3057 1768 3112 1824 in
3158 1770 3592 1837 Astronomiam,
3626 1773 3679 1827 in
3713 1789 3810 1845 pa-

2226 1868 2398 1938 pyris.

2295 1960 2476 2030 Magni
2532 1958 2852 2030 Logothetat
2896 1958 2953 2014 in
3004 1957 3442 2026 Astronomiam,
3477 1958 3530 2014 in
3577 1975 3808 2031 papyro,

2225 2052 2370 2108 liber
2404 2068 2571 2108 unus.
3562 2063 3564 2065 '

2297 2146 2504 2203 Nasica
2542 2145 2825 2201 Ptolemaei
2855 2161 2982 2202 cum
3019 2143 3367 2216 expositione
3399 2143 3709 2214 Laurentii,
3753 2149 3808 2204 in

2246 2253 2458 2294 )aDVTO.

2246 2255 2296 2293 ia
2378 2253 2458 2294 ro.

2227 2256 2247 2310 1
2299 2249 2523 2388 ’Ἦὼυιω
2573 2330 2854 2389 Ptolemaei
2901 2333 2956 2388 in
3011 2331 3402 2404 compendium
3443 2330 3701 2399 redactae,
3755 2334 3810 2388 in

2196 2485 2204 2494 .
2229 2437 2462 2496 βίσωνος

2297 2518 2559 2586 Quazdam
2596 2518 2796 2575 tabulae
2829 2511 3189 2592 Astrologica:
3213 2533 3386 2591 parvo
3415 2518 3717 2587 volumine,
3757 2519 3814 2575 in

2227 2616 2603 2685 pergamenis.
3486 2682 3487 2685 η

2297 2707 2658 2763 Arithmetica
2679 2708 3032 2773 Nicomachi;
3067 2709 3217 2764 Arati
3248 2707 3635 2772 Phanomena,
3660 2705 3820 2763 Cleo-

2229 2799 2427 2862 medis.
2460 2809 2519 2855 et
2540 2816 2633 2856 sex
2661 2800 2787 2855 libri
2813 2801 3166 2864 Gcomctrize,
3197 2803 3247 2855 in
3277 2799 3526 2872 papyris.

2299 2892 2668 2949 Arithmetica
2719 2893 3042 2950 Nicomachi
3095 2894 3440 2964 Phil050phi,
3477 2894 3531 2949 in
3577 2893 3815 2965 papyris.

2302 2986 2619 3042 Cleomedis
2647 3002 2773 3040 cum
2809 2988 3180 3057 expositione,
3207 2996 3263 3043 et
3293 2987 3656 3044 Arithmetica
3689 3003 3820 3046 cum

2152 3085 2198 3142 (ζ
2227 3078 2577 3148 expositione
2607 3079 2924 3150 Philoponi,
2959 3081 3012 3132 in
3040 3080 3284 3150 papyris.

2262 3171 2633 3240 .Clcomedis,
2668 3183 2726 3228 et
2749 3172 3110 3228 Arithmetiea
3144 3173 3438 3246 Diophanti
3468 3173 3589 3231 libri
3621 3191 3715 3234 sex
3757 3177 3809 3234 in

2269 3279 2459 3320 anvro.

2269 3280 2294 3317 a
2376 3280 2459 3320 ro.

2229 3280 2263 3335 Ρ
2301 3280 2467 3415 [ζωι-
2497 3358 2692 3430 legalis
2742 3360 3136 3432 compendium
3183 3360 3568 3433 Armenopoli,
3609 3362 3665 3418 in
3716 3377 3816 3436 pa-

2309 3463 2406 3508 rts.
3112 3463 3114 3466 ’

2309 3469 2406 3508 ris.

2231 3468 2470 3605 pyLiber
2498 3550 2687 3621 legalis
2712 3551 2769 3605 in
2805 3550 3190 3622 alphabetum,
3220 3536 3280 3605 in
3311 3548 3681 3621 pergamenis.

2304 3640 2535 3707 Similis,
2570 3643 2622 3694 in
2660 3644 3038 3712 pergamenis,
3066 3650 3124 3696 ot

2305 3735 2535 3799 Similis,
2573 3736 2628 3788 in
2664 3735 3038 3804 pergamenis.

2233 3869 2298 3923 In
2333 3886 2494 3940 capsa
2534 3871 2744 3941 signata
2771 3867 2817 3922 Η
2841 3868 3087 3937 ponderis
3121 3868 3381 3941 librarum
3410 3867 3518 3925 9.30
3547 3876 3672 3924 sunt
3703 3869 3822 3926 libri

2827 3941 2975 4010 infra
3004 3939 3216 4010 scripti.

2307 4053 2559 4125 Epitoma
2609 4069 2678 4109 ιι
2734 4053 3012 4110 librorum
3067 4057 3250 4126 legum
3294 4071 3391 4127 per
3441 4057 3820 4128 alphabetum,

2237 4151 2292 4204 in
2326 4150 2693 4219 pergamcnis.

2309 4240 2690 4296 Institutiones
2718 4240 2939 4308 Graecae,
2973 4241 3027 4295 in
3066 4243 3434 4313 pergamenis.

2307 4334 2474 4391 Liber
2501 4336 2716 4405 legalis,
2754 4334 3108 4405 Compllatio,
3133 4345 3190 4392 et
3217 4337 3619 4396 collectaneum
3654 4344 3822 4401 trium

612 4441 1001 4496 Demosthenis
1041 4449 1324 4494 orationes
1372 4437 1796 4509 quinquaginta,
1848 4447 1906 4492 et
1954 4438 2131 4508 epita-
2162 4453 2211 4514 υ
2243 4433 2670 4500 imperatorum.
2705 4431 2758 4483 in
2787 4431 3030 4502 papyris.

543 4531 672 4602 phia
705 4522 904 4604 Lysias,
943 4533 999 4586 in
1036 4533 1283 4602 papyris.

618 4624 1008 4680 Demosthenis
1040 4626 1323 4678 orationes
1348 4638 1486 4689 nn,
1523 4624 1793 4695 prommia
1837 4622 2133 4679 conciona-

545 4722 708 4786 toria,
743 4719 830 4774 vel
852 4719 1237 4790 demegorica,
1291 4727 1347 4772 et
1380 4717 1642 4787 Epistula:
1674 4733 1794 4783 sex,
1839 4717 1893 4771 in
1937 4733 2134 4788 pergas

545 4814 744 4869 menis.

614 4907 862 4963 Euclidis
889 4904 1225 4973 Geometria,
1267 4906 1326 4961 in
1356 4905 1598 4977 papyris.

614 5000 930 5056 Cleomedis
970 4983 1169 5054 tabula:
1193 4998 1433 5053 Ριξτεὶοω
1465 5016 1481 5065 ;
1515 4998 1817 5055 Erisocinzn
1857 4992 2135 5052 Arithmc-

553 5098 676 5163 lica,
711 5107 767 5153 et
799 5097 1073 5168 imagines
1104 5094 1450 5150 Philostrati.

619 5183 784 5245 Liber
814 5190 868 5244 in
892 5205 1005 5245 ouo
1027 5187 1464 5259 suntjudicialia
1490 5189 1798 5260 complura,
1828 5189 1886 5244 in
1915 5190 2138 5262 papyris

550 5284 699 5339 corio
728 5283 926 5340 rubet).

621 5377 776 5433 Alter
806 5377 1027 5441 similis,
1059 5378 1214 5433 corio
1247 5379 1426 5451 nigro.

624 5464 859 5538 Tabulae.
882 5465 1116 5545 Persica:
1143 5487 1157 5539 ;
1190 5482 1242 5527 et
1275 5471 1578 5544 descriptio
1611 5468 1908 5528 Astrolabii
1951 5469 2008 5525 in
2044 5485 2142 5540 pa-

559 5567 724 5639 pyris.

629 5660 908 5717 Ptolemzci
939 5659 1244 5731 Almegisti,
1269 5661 1324 5715 in
1354 5659 1723 5731 pergamcnis.

624 5753 910 5821 Ptolemaei
939 5751 1312 5826 Gcographia,
1345 5753 1398 5807 in
1434 5752 1804 5826 pergamenis.

802 5856 1080 5919 ΡΑτΒοι..
1112 5860 1230 5920 Gn.
1290 5854 1434 5915 CLX
1452 5854 1495 5914 Ι.

2311 4521 2567 4578 Meletius
2597 4523 2664 4578 de
2701 4531 2898 4578 natura
2934 4525 3206 4593 hominis,
3242 4527 3298 4580 in
3336 4531 3582 4602 papyris.

2301 4617 2398 4692 _De
2429 4631 2563 4672 cura
2594 4631 2862 4686 equorum
2900 4619 3202 4675 multorum
3249 4627 3563 4690 auctorum,
3594 4621 3649 4680 in
3697 4639 3822 4694 per-

2240 4713 2511 4782 gamenis.

2312 4807 2390 4862 De
2439 4807 2703 4862 varietate
2771 4817 2828 4863 et
2873 4807 3076 4863 virtute
3127 4808 3556 4878 elementorum,
3605 4811 3660 4866 in
3725 4828 3824 4884 pa-

2240 4915 2411 4970 pyris,

2321 4994 2670 5048 Dioscorides
2705 4993 2757 5048 in
2791 4993 3144 5064 medicinam,
3181 5007 3236 5047 tn
3275 4997 3643 5068 pergamenis.

2310 5089 2547 5145 Oribasii
2577 5088 2633 5142 in
2669 5088 3022 5152 medicinam,
3050 5088 3104 5142 in
3137 5089 3360 5159 papyris
3391 5089 3519 5147 libri
3552 5100 3816 5162 quatuor,

2239 5193 2298 5239 et
2357 5174 2428 5238 de
2482 5181 2821 5250 agricultura
2875 5180 3221 5237 diversorum
3261 5190 3575 5253 auctorum,
3630 5186 3687 5240 in
3733 5201 3852 5256 pa-y

2242 5277 2412 5350 pyris.

2313 5367 2560 5439 Actuarii
2590 5367 2658 5423 de
2694 5365 2887 5433 urinis,
2927 5366 2982 5422 in
3011 5367 3253 5438 papyris.

2313 5456 2465 5518 Pauli
2491 5459 2737 5534 Egimus;
2761 5460 2983 5529 medici,
3023 5463 3077 5515 in
3112 5463 3480 5531 pergamenis.

2317 5555 2546 5612 Eusebii
2580 5556 2647 5609 de
2676 5554 3026 5609 Constantini
3066 5554 3208 5621 Vita,
3247 5555 3303 5611 in
3341 5556 3584 5628 papyris,

2319 5646 2524 5720 Legum
2576 5649 2854 5718 epitoma,
2915 5659 2968 5705 et
3026 5646 3279 5706 Cauoncs
3323 5650 3717 5722 conciliorum,
3765 5651 3827 5707 in

2245 5746 2616 5822 pergamenis.

3310 5836 3390 5898 23
