4108 6142
380 233 482 301 ἨΙ
1346 223 1854 285 ΒΕΞΒΑΠΙΟΝΒ
1894 224 1952 285 S.

2064 273 2069 286 .
2119 224 2176 284 E.
2235 221 2692 283 :‘ARDINALIS
3539 215 3657 283 ἾῙΞ

453 341 829 417 Clit-ysostonti
860 339 1130 410 expositio
1165 338 1216 392 in
1254 338 1487 410 primam
1521 338 1585 392 ad
1620 338 1961 402 Corinthios,
1995 340 2044 400 Α
2143 337 2470 392 Psalterium
2507 352 2630 392 cum
2665 335 3012 407 expositione
3049 333 3412 403 Theodoreti,
3449 334 3501 390 in
3526 352 3656 408 per-

381 444 435 496 in
476 435 840 511 pergatnenis.
2071 435 2338 504 gamenia.

450 531 636 587 Sancti
669 526 856 582 Basilii
891 523 1141 587 Moralia‘,
1183 522 1236 576 in
1273 521 1644 592 pergmncnis.
2145 522 2311 578 Vetus
2357 521 2795 590 Testamentum,
2838 520 3071 578 Genesis
3103 534 3277 579 nsuue
3325 516 3392 572 ad
3433 518 3652 586 Esther,

448 621 700 694 Gregorii
734 618 1068 676 Nazianzeni
1121 615 1414 671 Orationes
1446 614 1680 669 diversa!
1703 654 1716 679 ,
1751 614 1802 668 iit
1841 629 1964 685 pcr-
2069 614 2124 670 in
2165 615 2534 687 pergamenis.

378 718 643 789 gamenis.
1847 768 1849 771 ,
2143 710 2392 776 Quatuor
2435 709 2732 781 Evangelia
2764 725 2888 764 cum
2921 709 3389 780 expositionibus,
3432 707 3484 761 in
3532 720 3656 775 per-

447 807 692 880 Gregorii
719 805 1048 862 Nazianzeni
1079 800 1392 866 Orationes,
1432 801 1483 854 in
1525 799 1766 871 papyris.
2069 804 2335 876 gamenis.

445 900 829 974 Cbrysostomi
879 899 934 954 in
959 895 1320 958 Psalterium,
1356 905 1411 950 et
1457 895 1706 966 ejusdem
1744 893 1816 946 De
1849 891 1962 946 vir-

378 998 628 1071 ginitate,
662 1008 718 1050 et
743 994 863 1048 alia:
892 991 1176 1047 orationes
1205 990 1471 1062 pulchrae,
1508 989 1560 1043 in
1593 987 1961 1058 pergamenis.

447 1089 632 1147 Sancti
659 1085 906 1156 Gregorii
937 1084 1271 1141 Nazianzeni
1307 1083 1594 1138 orationes
1632 1097 1803 1135 xxvnt
1836 1095 1960 1133 cum

377 1175 828 1255 expositionc,'in
859 1182 1099 1250 papyris.
2149 1171 2400 1240 Procopii
2435 1169 2708 1239 expositio
2741 1183 2910 1238 super
2943 1166 3162 1230 Isaiam,
3198 1166 3248 1218 in
3285 1161 3657 1235 pergamcnis.

2141 1265 2328 1316 Sancti
2379 1261 2616 1332 Ephrem
2678 1261 2864 1314 multa!
2904 1258 3198 1315 Orationes
3248 1256 3316 1310 de
3375 1259 3489 1308 vita
3544 1272 3661 1308 mo-

2070 1355 2299 1420 nastica,
2340 1355 2391 1408 in
2425 1356 2789 1423 pergamenis.

2139 1448 2480 1503 Theodoreti
2510 1449 2565 1502 in
2596 1445 2876 1516 Epistolas
2909 1445 3087 1505 Pauli,
3118 1445 3170 1499 in
3209 1441 3579 1512 pergamenis.

2143 1540 2530 1610 Expositiones
2566 1540 2621 1593 in
2652 1539 2827 1594 libros
2855 1537 3171 1592 Salomonis
3211 1545 3266 1590 et
3288 1535 3414 1600 Job,
3446 1535 3502 1588 in
3531 1550 3659 1605 per-

2069 962 2132 1019 In
2168 980 2334 1034 capsa
2374 963 2588 1035 signata
2635 962 2832 1087 [insunt
2864 961 3162 1087 libtgsgtfra
3201 959 3388 1031 scripti
3412 958 3660 1030 ponderis

2679 1053 2691 1086 ί
2733 1050 2916 1087 rarum
3059 1072 3074 1087 ο

2679 1050 2859 1087 wraru
2868 1051 2916 1086 ut
2946 1050 3074 1087 Ζῢυ.

449 1321 511 1376 In
543 1336 708 1389 capsa
743 1318 960 1390 signata
992 1318 1079 1390 ᾼΑ
1118 1315 1364 1382 ponderis
1411 1315 1668 1369 librarum
1699 1315 1805 1369 230
1841 1324 1962 1368 sunt

898 1389 1018 1441 libri
1051 1391 1197 1459 infra
1226 1390 1435 1458 scripti.

443 1507 823 1582 Chrysostomi
848 1506 1250 1572 Hexaemeron,
1283 1503 1336 1557 in
1375 1502 1742 1572 pergamenis.

443 1600 821 1674 Chrysostomi
871 1597 1250 1655 Hexaemeron
1281 1597 1456 1668 prima
1490 1609 1639 1666 pars,
1676 1595 1729 1649 in
1767 1609 1964 1666 perga-

510 1649 821 1700 :.'.----_-—--
873 1649 1165 1655 —~v——v*—--~'-
1188 1649 1248 1652 -—‘
1281 1649 1416 1668 I'"’”
1490 1649 1508 1666 I
1550 1649 1555 1650 '
1623 1649 1639 1663 ’
1767 1649 1785 1665 ³
1820 1649 1827 1650 “
1872 1649 1901 1666 υ
2070 1649 2336 1705 gamel’tts.

376 1705 574 1836 "’csmsf
912 1783 921 1791 _
983 1797 993 1808 ν
1068 1791 1071 1794 ή
1363 1779 1375 1792 ,
1757 1778 1768 1789 .
1996 1716 2040 1776 Β
2140 1729 2418 1784 Climacus
2472 1743 2596 1783 cum
2645 1727 2998 1798 expositione
3053 1723 3183 1780 Elia:
3240 1723 3544 1790 Cretensis,
3599 1721 3656 1774 in

484 1794 676 1836 anctus
696 1779 995 1836 GI'CROI'IUb
1024 1779 1327 1836 stsenus.
1365 1797 1416 1833 tn
1451 1794 1819 1836 nercaments.
2249 1823 2259 1834 .

484 1785 676 1837 auctus
696 1779 995 1852 Gregorius
1024 1779 1327 1852 Nyssenus,
1363 1779 1416 1833 in
1451 1779 1819 1850 pergamenis.

529 1892 539 1894 ~
595 1890 613 1894 λ
655 1876 689 1894 ⁵⁸
736 1875 779 1894 ιτ
808 1875 966 1894 ν-ι-νλ
1013 1891 1085 1894 --.
1117 1883 1191 1894 .-,
1233 1874 1559 1894 ,μη-ληεηω
1628 1875 1678 1894 ε*
1713 1868 1932 1894 _A_._-_g_
2301 1860 2315 1875 _

442 1876 691 1949 Gregorii
736 1875 967 1947 Nysscni
1006 1883 1198 1928 contra
1233 1874 1588 1938 Eunomium,
1628 1875 1682 1927 in
1711 1868 1954 1944 papyris.

442 1970 829 2042 Hetaph‘rastte
860 1971 1066 2023 tnensis
1094 1965 1464 2036 Septembris,
1495 1967 1548 2020 in
1585 1965 1954 2036 pergainenis.

443 2066 774 2130 Sanctorum
808 2062 1089 2122 Dorothei,
1129 2060 1300 2123 Isaia},
1333 2059 1522 2127 Marci,
1555 2069 1611 2114 ct
1647 2059 1854 2130 Dialogi
1890 2058 1957 2112 de

373 2160 481 2214 vita
522 2158 850 2222 monastica,
883 2157 934 2210 in
973 2155 1345 2226 pergamenis.

441 2251 628 2308 Sancti
684 2249 793 2305 Nili
857 2251 1137 2305 orationes
1191 2247 1424 2302 diversa:
1476 2257 1531 2301 et
1591 2246 1846 2317 optimae,
1897 2245 1953 2301 in

367 2346 737 2418 pergatnenis.
1487 2338 1491 2341 ’

441 2438 628 2495 Sancti
673 2437 919 2509 Ephrem
951 2439 1231 2512 orationes
1278 2433 1345 2491 de
1377 2433 1686 2490 monastica
1732 2432 1864 2498 vita,
1900 2433 1952 2486 in

368 2531 715 2602 pergamcnis

439 2624 768 2679 Sanctorum
803 2622 1024 2678 Patrum
1059 2622 1193 2677 Vitae
1224 2637 1322 2692 per
1341 2622 1695 2677 Theodorum
1727 2618 1854 2693 Cyri
1885 2618 1952 2672 ad

367 2717 674 2776 Palladith
712 2716 985 2784 clausum,
1037 2725 1096 2773 et
1138 2716 1206 2772 de
1239 2711 1710 2794 Brachmanispin
1760 2729 1952 2784 perga-

365 2810 568 2866 menis.

2139 1916 2264 1984 Job,
2311 1914 2634 1979 Proverbia,
2683 1912 3084 1978 Ecclesiastes,
3131 1910 3362 1967 Cantica
3416 1909 3657 1963 cantico-

2067 2029 2210 2080 rum,
2243 2009 2523 2082 Sapientia
2556 2010 2887 2077 Salomonis,
2919 2010 3082 2066 Jesus
3100 2009 3317 2073 Sirach,
3344 2008 3654 2078 Prophetae,

2055 2109 2286 2174 Tobias,
2335 2107 2548 2172 Judith,
2584 2101 3026 2160 Macbabznorum
3104 2105 3228 2160 libri
3283 2114 3419 2172 tres,
3459 2113 3516 2158 et
3558 2103 3654 2159 Jo-

2065 2203 2222 2274 sephi
2259 2202 2404 2272 quod
2442 2200 2584 2256 ratio
2617 2200 2686 2265 sit
2728 2200 3068 2256 moderatrix
3111 2199 3414 2254 allectuum
3449 2198 3652 2262 animi,

2065 2296 2123 2352 in
2157 2292 2528 2365 pcrgamenis.

2141 2387 2508 2444 Ecclesiastes
2532 2394 2589 2440 et
2612 2383 2838 2440 Cantica
2864 2395 2991 2437 cum
3036 2381 3406 2453 expositione,
3442 2383 3494 2436 in
3522 2397 3649 2452 per-

2062 2481 2337 2552 gamenis.

2137 2575 2456 2638 Proverbia,
2495 2573 2859 2630 Ecclesiastes
2892 2579 2950 2627 et
2999 2572 3225 2627 Cantica
3271 2585 3398 2626 cum
3430 2570 3654 2641 exposi-

2067 2669 2240 2734 tione,
2268 2667 2549 2724 etlustini
2575 2668 2644 2722 de
2674 2666 2804 2722 Fide
2831 2663 3143 2730 Catholica,
3182 2675 3237 2721 et
3260 2662 3436 2720 sancti
3469 2665 3654 2720 Basilii

2063 2763 2209 2833 quod
2261 2778 2372 2817 non
2421 2763 2493 2816 sit
2540 2760 2686 2817 idem
2743 2758 3053 2815 substantia
3101 2768 3158 2814 et
3203 2759 3540 2831 bypostasis,
3597 2760 3658 2814 in

438 2901 720 2958 Erimacbi
757 2909 812 2956 et
843 2901 982 2965 Isac,‘
1013 2899 1067 2956 in
1099 2901 1475 2972 pergamcnis.
2495 2959 2618 2972 mm
2673 2945 3014 2972 “magna”
3069 2944 3341 2972 quum",
3412 2946 3423 2972 ε

439 2944 720 2958 -............
757 2944 812 2956 ν.
846 2944 977 2965 .....-,
1013 2944 1067 2956 ...
1099 2944 1475 2972 ,ωε-...νην
2349 2948 2355 2956 .
2848 2945 2857 2957 .
2893 2945 2903 2956 .
3329 2945 3341 2958 .
3412 2946 3423 2958 .

439 2995 772 3050 Sanctorum
812 2993 1038 3069 Patrum
1085 3005 1390 3048 memoratu
1438 2993 1630 3064 digna.
1675 2991 1730 3047 in
1762 3007 1955 3064 perga-
2063 2947 2460 3109 gagﬁigr‘"m
2494 2959 2623 2999 cum
2671 2956 3016 3016 εινοειιιοηθ
3067 2944 3366 3018 Zysabem.
3411 2963 3467 3000 ω
3519 2961 3650 3018 Ρθτ·

367 3090 571 3146 menis.

436 3105 675 3240 agitems
703 3182 938 3248 Marcus,
968 3180 1021 3236 in
1057 3183 1425 3253 pergantenis.
1982 3100 2027 3160 ο
2069 3131 2760 3253 Λέῗῖίυὲῗξῖῗξξωί
2780 3133 3161 3253 ξῗῘ-θὲῗῖῖῐξιο
3229 3133 3517 3191 vo“Mille
3545 3150 3656 3190 C0-

2069 3239 2266 3299 operto
2307 3243 2432 3281 cum
2468 3228 2670 3294 serico,
2706 3227 2761 3282 in
2793 3228 3165 3298 pergamenis.

367 3321 432 3378 In
468 3337 632 3391 capsa
659 3322 874 3392 signata
899 3319 932 3375 9
960 3320 1212 3404 ponderis
1242 3317 1509 3404 librarum
1541 3316 1645 3372 230
1673 3325 1797 3372 sunt
1824 3315 1954 3371 libri
2132 3319 2374 3382 Melissa,
2402 3317 2709 3375 Cassianus
2757 3328 2814 3374 et
2852 3319 3144 3386 Maximus,
3185 3322 3242 3376 in
3275 3325 3650 3393 pergamenis.

965 3394 1106 3463 ίηῙΤα
1147 3394 1351 3459 εενίρίίι
2136 3415 2383 3482 Quatuor
2429 3414 2728 3500 Evangelia
2777 3430 2947 3484 parvo
2986 3417 3298 3483 volumine,
3345 3417 3401 3471 in
3453 3432 3652 3488 perga-

442 3510 772 3568 Psalteriutn
805 3525 933 3564 cum
966 3506 1407 3578 expositionibus
1449 3503 1812 3574 plurimorum
1847 3502 1950 3557 (Ιο-
2067 3507 2269 3562 menis.

365 3618 586 3662 ctorum
621 3605 915 3675 Optimum,
947 3604 1000 3656 in
1044 3600 1409 3672 pergainenis.
2083 3621 2089 3627 υ
2133 3599 2533 3663 Octateucbus,
2568 3601 2776 3672 Regum
2827 3601 2954 3657 libri
3001 3607 3263 3674 quatu’or,
3312 3602 3656 3660 Maenaliam-

447 3700 612 3754 Vetus
671 3697 1127 3763 Testamentum,
1194 3695 1424 3750 Genesis
1484 3693 1587 3762 Vl,
1648 3709 1820 3765 usque
1883 3692 1950 3746 ad
2065 3708 2188 3748 rum
2226 3693 2352 3748 libri
2391 3693 2525 3758 duo,
2563 3696 2616 3750 in
2660 3698 3031 3767 pergamcnis.

369 3792 620 3860 Επόηιηι,
660 3795 711 3846 in
743 3790 1110 3862 pergantenis.

440 3959 508 4013 Et
544 3971 672 4012 ecce
704 3955 1001 4026 Catalogus
1045 3953 1136 4008 ille
1169 3951 1514 4007 Bibliotheca:
1553 3951 1912 4018 Bcssarionia,
1966 3957 2060 4023 qui
2106 3953 2161 4007 in
2202 3951 2546 4011 Bibliotheca
2582 3954 2950 4013 Riccardiana
2991 3971 3315 4015 asservatur
3359 3959 3549 4016 Pluteo
3589 3959 3650 4017 S.

365 4055 549 4109 ordine
582 4052 637 4109 ll
660 4054 808 4106 itum.
841 4060 896 4105 et
926 4063 1090 4119 quem
1127 4064 1236 4103 non
1265 4046 1370 4101 alia
1402 4048 1471 4101 do
1507 4062 1676 4100 causa
1712 4046 2113 4101 luculentiorem
2159 4057 2206 4100 et
2238 4049 2588 4113 exactiorem,
2613 4065 2777 4119 quam
2813 4051 2878 4111 is,
2909 4066 3075 4120 quem
3106 4033 3167 4106 Β..
3206 4052 3654 4108 Montl'auconius

367 4147 628 4219 vulgavit,
660 4146 798 4207 dixi,
827 4159 992 4215 quam
1019 4141 1148 4214 quia
1184 4152 1240 4196 et
1276 4140 1624 4212 synchronos
1662 4137 2006 4206 Bessarioni,
2045 4147 2108 4193 ut
2137 4139 2324 4207 innui,
2361 4154 2486 4195 esse
2521 4140 2741 4197 videtur
2766 4158 2782 4207 ;
2810 4150 2865 4197 et
2905 4145 2950 4198 is
2987 4159 3154 4212 quem
3204 4145 3340 4198 dum
3382 4144 3557 4198 libros
3592 4145 3649 4197 in

366 4241 546 4314 emptis
574 4239 911 4296 collocarent
965 4236 1377 4291 concinnarnnt
1413 4233 1517 4297 illi,
1569 4232 1665 4302 qui
1706 4231 1835 4286 huic
1877 4230 2104 4311 negotio
2140 4240 2415 4301 praeerant
2450 4251 2465 4286 :
2496 4233 2570 4287 ita
2612 4241 2670 4286 ut
2720 4247 2832 4288 non
2868 4234 2943 4289 sit
2983 4233 3379 4303 dubitandum,
3414 4236 3548 4306 quin
3592 4232 3648 4289 bi

365 4337 514 4399 libri,
561 4336 656 4406 qui
687 4341 1076 4396 recensentur,
1109 4329 1190 4384 illi
1226 4329 1328 4399 ipsi
1358 4331 1494 4391 sint,
1530 4343 1670 4396 quos
1701 4325 1927 4382 Venetis
1955 4325 2212 4381 Bessario
2245 4327 2492 4381 donavit.
2545 4325 2734 4393 Certe,
2767 4343 2929 4399 quem
2965 4328 3421 4386 Montfauconius
3449 4331 3649 4396 edidit,

365 4451 474 4490 non
502 4434 606 4489 hoc
635 4432 872 4503 simplici
911 4440 967 4486 et
1005 4431 1367 4484 tumultuario
1399 4427 1625 4498 adgestu
1663 4427 2008 4495 compositus
2039 4436 2146 4492 est,
2181 4428 2277 4480 sed
2313 4425 2621 4481 secundum
2652 4427 3060 4481 elementorum
3095 4427 3350 4482 ordinem
3384 4445 3398 4482 ε
3433 4444 3500 4483 ex
3536 4444 3648 4500 quo

364 4532 510 4585 forte
545 4530 724 4588 multo
771 4527 1051 4598 posterior
1084 4540 1207 4578 esse
1253 4523 1618 4591 intelligatur.
1655 4519 1733 4575 llli
1769 4530 1979 4588 autem,
2029 4522 2237 4592 quibus
2285 4529 2464 4588 vacat,
2513 4530 2814 4591 utrumque
2844 4521 3170 4592 Catalogum
3207 4522 3464 4578 conferre
3497 4537 3656 4594 pote-

345 4640 518 4692 runt,
550 4637 716 4697 atque
739 4627 814 4680 ita
843 4636 1178 4695 cognoscere
1211 4635 1280 4673 an
1313 4634 1508 4674 omnes
1544 4618 1624 4672 illi
1653 4618 1758 4688 ipsi
1797 4619 1922 4672 libri
1954 4620 2158 4673 servati
2191 4619 2343 4686 sint;
2378 4633 2447 4672 an
2474 4618 2567 4671 alii
2595 4617 2796 4672 deinde
2827 4617 3040 4673 fuerint
3067 4618 3266 4678 additi,
3310 4634 3380 4672 an
3409 4606 3518 4675 ulla
3541 4624 3653 4678 alia

364 4721 682 4779 ditlerentia
714 4716 862 4775 inter
911 4734 1010 4774 eos
1058 4708 1392 4771 intercedat.
1443 4710 1746 4782 Catalogus
1788 4723 1963 4780 certe,
1996 4727 2161 4783 quem
2196 4714 2314 4780 ipse
2344 4713 2542 4783 prodo,
2571 4714 2639 4766 ab
2671 4713 2896 4767 homine
2949 4712 3133 4766 minus
3184 4715 3366 4784 perito
3408 4722 3654 4788 scriptus

364 4819 610 4882 videtur,
643 4823 700 4868 et
735 4811 965 4883 quidem
991 4809 1208 4888 Graeco.
1242 4807 1296 4858 id
1329 4805 1478 4875 quod
1509 4803 1874 4872 evincit/ipsa
1904 4805 2220 4860 Graecarum
2255 4805 2526 4860 vocalium
2566 4805 2996 4876 pronuntiatio;
3027 4815 3084 4861 et
3118 4808 3308 4867 minus
3337 4810 3651 4867 litterarum

366 4903 975 4969 ωιίηδωωεωάίιο,
1009 4900 1159 4970 quod
1191 4895 1621 4968 orthographica
1662 4895 1862 4948 menda
1910 4905 2197 4967 arguunt;
2233 4906 2288 4950 et
2317 4897 2484 4966 paulo
2509 4896 2832 4963 indoctiori,
2861 4898 3007 4963 quod
3041 4899 3334 4957 nominum
3360 4905 3652 4975 corruptio

367 5007 586 5082 passiva
623 5005 993 5059 demonstrat.
1026 4995 1140 5052 Nos
1183 5003 1364 5048 tamen
1403 4993 1668 5062 pleraque
1701 4991 1926 5054 menda,
1958 4991 2140 5060 quoad
2189 4990 2307 5044 ﬁeri
2352 4992 2556 5060 potuit,
2594 4991 2991 5059 substulimus,
3017 5001 3074 5047 et
3104 4993 3172 5047 ad
3207 4996 3651 5054 emendatiorem

360 5099 721 5170 scriptionem
779 5093 1113 5163 redegimus,
1157 5089 1284 5142 licet
1317 5087 1486 5140 multa
1517 5086 1721 5138 intacta
1757 5083 2174 5154 reliquerimus,
2215 5084 2312 5138 ubi
2354 5100 2553 5140 sensus
2584 5101 2650 5140 ex
2682 5102 2853 5156 pravo
2883 5087 3052 5141 etiam
3086 5087 3273 5158 positu
3309 5089 3651 5161 deprehendi

366 5198 716 5266 aliquatenus
751 5194 989 5260 poterat.
1038 5183 1318 5241 Caeterum
1364 5183 1420 5235 in
1454 5180 1561 5235 hoc
1593 5177 1855 5250 Catalogo
1892 5179 2221 5251 perlegenda
2258 5180 2526 5236 nonnulla
2559 5180 2878 5250 observavi,
2913 5196 3036 5251 qua:
3077 5181 3169 5238 hic
3202 5197 3498 5242 recensere
3541 5186 3645 5242 Le-

367 5291 505 5346 ctori
540 5285 764 5342 erudito
794 5286 1072 5353 ingratum
1103 5295 1214 5333 non
1248 5276 1440 5343 fuerit,
1478 5287 1533 5332 et
1573 5287 1704 5332 sunt
1727 5291 1851 5346 qum
1888 5286 2220 5345 sequuntur.

436 5452 624 5548 Causa,
651 5444 1232 5548 A.:Iott_nrtes-lialicus
1267 5447 1319 5500 in
1355 5443 1630 5515 Lngicam,
1672 5453 1720 5498 et
1759 5443 1948 5548 Topica
1985 5494 2027 5548 Β
2054 5443 2366 5548 discipulus
2394 5443 2520 5509 fuit,
2560 5444 2719 5514 cujus
2749 5459 2972 5516 quoque
3020 5453 3202 5500 exstat
3237 5442 3519 5501 Methodtu
3564 5464 3650 5521 ay.

369 5546 690 5601 Aristotelis.
731 5542 872 5596 Phil.
901 5541 1156 5595 Labbeus
1184 5547 1584 5594 commemmat
1614 5547 1826 5593 tantum
1852 5537 1954 5590 ltu-
1987 5537 2021 5548 '
2065 5539 2285 5607 noptica-
2305 5540 2609 5592 rhetorices.

362 5643 451 5710 jus
475 5637 934 5692 commentarium
960 5636 1015 5688 in
1041 5633 1242 5687 librum
1276 5633 1412 5702 Περὶ
1436 5631 1768 5702 ipim-retu;
1797 5629 1954 5684 Lam-
2133 5631 2300 5686 Caesa
2355 5647 2548 5686 EADEH.
2607 5630 2921 5686 Erotemata
2979 5631 3462 5703 Pt‘ocltoprodomi;
3495 5633 3654 5704 cuius

374 5735 565 5790 Decius
598 5747 752 5801 vero,
794 5731 964 5786 alium
994 5729 1048 5784 in
1081 5727 1307 5800 Tepit-a.
1343 5727 1443 5782 llic
1479 5725 1759 5780 Michaelis
1788 5723 1953 5781 Pselli
2067 5725 2234 5780 multa
2276 5725 2398 5780 alia,
2428 5742 2617 5796 opera,
2673 5739 2726 5782 et
2775 5727 3027 5800 qua-dam
3080 5729 3212 5784 alias
3262 5727 3466 5798 ignota,
3501 5740 3654 5782 cotu-
