4064 6148
450 308 560 365 759
1575 320 1976 382 GEOllGlUS
2020 322 2633 385 'l‘ltAl'EZUNTlUS.
3601 315 3710 377 τεῦ·

528 416 617 468 30.
659 416 910 488 Dialogus
938 423 996 473 de
1035 422 1161 476 ("illc
1194 422 1276 492 (t).

533 507 697 561 Addit
721 510 1022 572 Gesncrus.
1059 516 1148 582 3|,
1179 517 1248 570 De
1271 517 1452 571 divina
1487 519 1786 575 substantia
1821 525 2109 579 secundum
2135 525 2431 580 Aristotelis
2462 526 2785 580 doctrinam.

523 594 615 651 32.
653 601 727 653 De
762 605 979 657 veritate
1005 605 1130 672 ﬁdei
1171 605 1516 667 Christianae.

524 691 613 745 33.
676 693 944 764 Epistolas
993 701 1045 753 in
1115 699 1383 756 Psalmum
1445 721 1571 760 sLtv
1636 724 1864 777 quorum
1926 709 2169 778 quadam
2222 719 2434 764 exstant
2492 710 2720 765 Venetit's
2744 709 2816 764 ad
2848 708 2908 764 S.
2945 706 3423 773 Antoniquua:
3453 703 3702 774 quamvis

455 785 646 840 Latina
707 789 1034 859 habeantur,
1099 795 1291 852 nullus
1341 806 1520 854 tamen
1559 799 1771 862 dubito.
1800 802 2147 872 potissimam
2186 819 2379 859 eorum
2417 814 2621 874 partem
2641 803 2827 860 Graece
2850 802 3018 857 etiam
3050 802 3119 856 ab
3143 800 3334 856 eodem
3369 799 3538 854 luisse
3568 812 3706 851 con-

455 879 737 948 seriptam,
795 893 854 937 ut
900 884 1067 950 infra,
1123 887 1254 944 dum
1303 891 1422 962 ejus
1455 902 1721 949 tractatus
1749 895 1972 951 Gracos
2001 897 2475 962 enumerabimus,
2509 898 2727 952 abunde
2759 895 2986 968 patebit.
3020 896 3095 948 Eo
3121 909 3360 964 namque
3387 907 3503 946 aevo
3541 889 3692 943 cele-

460 971 586 1027 bres
636 975 690 1028 in
759 989 993 1048 utraque
1047 981 1356 1038 litteratura
1389 985 1517 1050 viri,
1549 997 1604 1042 et
1642 987 1696 1042 in
1740 989 2028 1058 utriusque
2058 990 2390 1060 eloquentia:
2415 991 2672 1045 facultate
2704 990 2917 1051 eximii.
2949 999 3008 1043 ut
3036 989 3327 1056 utriusque
3361 985 3554 1057 primis
3589 1000 3691 1037 na-

457 1064 702 1165 tionibus
750 1071 1152 1139 satisfacerent,
1216 1077 1557 1150 gloriamque
1605 1081 1732 1137 sibi'
1764 1098 1830 1137 cs
1883 1093 2116 1152 utraque
2165 1085 2352 1154 lingua
2381 1102 2564 1140 veram
2593 1095 2902 1156 captarent,
2939 1101 3001 1140 ac
3042 1083 3294 1142 solidam.
3327 1081 3473 1150 quod
3505 1077 3694 1133 Graece

457 1163 609 1248 prius
665 1163 1026 1231 scripserant,
1085 1168 1277 1226 Latine
1334 1176 1678 1241 postmodum
1716 1177 2101 1238 enuntiabant,
2123 1176 2480 1247 vicissimque
2509 1177 2718 1246 Graece,
2757 1177 2902 1248 quod
2940 1177 3156 1231 Latine.
3187 1172 3403 1229 Dictum
3439 1185 3700 1238 compro-

454 1245 585 1304 bant
620 1252 1045 1324 Trapezuntius,
1082 1262 1339 1318 Bessario
1364 1265 1681 1331 eardinalis,
1715 1266 2042 1322 Theodorus
2070 1266 2238 1333 Gaza,
2271 1245 2670 1340 Argi'ropulus,
2695 1245 2748 1326 et
2774 1245 2906 1325 alii.

523 1346 610 1400 3i.
642 1348 899 1408 Carmina
930 1357 1095 1410 etiam
1125 1357 1314 1413 Latina
1347 1375 1454 1414 non
1488 1358 1782 1416 infeliciter
1807 1363 2182 1432 composuisse
2207 1363 2380 1416 habeo
2409 1377 2474 1416 ex
2507 1361 2727 1435 Gyraldi
2753 1362 2969 1434 dialogo
2994 1379 3035 1427 ι,
3065 1362 3134 1417 de
3163 1361 3340 1432 poetis
3373 1359 3458 1416 sui
3494 1369 3705 1426 tenipo—

456 1439 550 1492 ris.
585 1441 734 1498 Docti
755 1443 1017 1516 plerique,
1053 1449 1335 1520 Ceorgium
1367 1469 1560 1516 meum,
1604 1454 1860 1522 fatentur,
1887 1472 2063 1510 versus
2089 1457 2466 1525 composuisse,
2497 1457 2636 1526 quod
2663 1455 2748 1511 uel
2773 1455 2959 1528 palam
2974 1470 3288 1528 ragnoscere
3317 1454 3531 1523 potestis
3556 1468 3617 1504 ea:
3639 1452 3706 1504 iis

453 1555 571 1602 qua:
623 1542 687 1595 de
752 1540 979 1614 Orpheo,
1033 1546 1252 1614 Musam,
1281 1548 1435 1614 Lino,
1466 1559 1515 1604 et
1546 1551 1667 1606 aliis
1696 1551 1937 1624 pluribus
1966 1550 2161 1608 Grecis
2191 1553 2356 1623 poetis
2379 1553 2433 1606 in
2464 1551 2717 1607 Latinum
2746 1554 3002 1607 convertit
3031 1551 3175 1623 apud
3214 1549 3500 1605 Eusebium
3530 1545 3700 1601 Pam-

455 1636 606 1704 pltili.

527 1731 615 1785 35.
646 1732 721 1788 Ex
756 1734 822 1790 iis
848 1752 1006 1803 vero,
1041 1756 1163 1811 quae
1189 1739 1376 1798 Graece
1431 1743 1769 1814 composuit,
1810 1742 2054 1813 Epistola
2087 1743 2157 1797 ad
2182 1742 2443 1799 Joannem
2481 1741 2866 1813 Palaeologum,
2895 1743 3262 1798 Romanorum
3299 1740 3698 1808 imperatorem.

459 1845 566 1896 qua
634 1846 759 1886 eum
809 1833 1137 1892 cohortatur
1183 1847 1244 1892 ut
1270 1840 1324 1892 in
1354 1839 1563 1895 italiam
1600 1840 1666 1896 ad
1700 1841 1970 1913 synodum
2009 1839 2087 1908 (ιι)
2120 1842 2364 1911 naviget,
2420 1839 2716 1894 concilium
2768 1839 3090 1902 Basiliense,
3119 1851 3244 1891 eum
3273 1835 3341 1887 ab
3367 1832 3695 1888 auctoritate

458 1924 688 1980 Romani
742 1928 1018 1996 pontiﬁcis
1066 1931 1382 1997 desciverit,
1419 1934 1806 2004 parvipendat,
1833 1952 1934 1991 nec
1970 1935 2035 1989 ad
2072 1934 2206 1990 illud
2233 1935 2476 1988 animum
2501 1933 2774 1995 advertat,
2804 1932 2949 1988 edita
2985 1941 3072 1985 est
3099 1931 3169 1998 (υ)
3201 1928 3386 1983 Graece
3413 1938 3469 1983 et
3499 1926 3694 1981 Latine

455 2028 582 2068 cum
631 2017 958 2086 Simocatta,
987 2029 1042 2075 et
1065 2021 1336 2076 Phrantza
1365 2039 1394 2076 a
1423 2023 1627 2079 Jacobo
1659 2025 1906 2080 Pontano
1927 2023 2248 2096 lngolstadii
2280 2023 2423 2096 apud
2453 2023 2720 2078 Adamum
2755 2022 3064 2077 Sartorium
3100 2018 3256 2084 1640,
3283 2021 3337 2074 in
3369 2019 3425 2076 4.
3458 2019 3703 2074 [labetur

457 2125 562 2164 ms.
615 2110 672 2166 in
725 2110 1060 2169 bibliotheca
1087 2116 1234 2179 regis
1260 2116 1544 2170 Gallorum
1587 2117 1687 2184 (π).
1721 2115 2006 2179 Bavarica,
2046 2118 2390 2187 Augustalis,
2413 2117 2713 2181 Vaticana;
2747 2126 2973 2185 eratque
3014 2115 3156 2186 apud
3185 2114 3488 2169 Antonium
3521 2115 3699 2183 Augu-

456 2205 661 2259 stinum
717 2207 822 2262 sub
881 2207 987 2262 hoc
1049 2207 1230 2273 titulo,
1287 2206 1499 2282 Georgii
1541 2209 1880 2283 Trapezuntii
1905 2213 2135 2279 defensio
2163 2213 2324 2266 missa
2357 2212 2426 2265 ad
2461 2213 2835 2281 imperatorem
2859 2209 3158 2264 Romanum
3185 2207 3462 2263 Joannem
3482 2209 3689 2263 Palato-

457 2299 660 2368 legum.
729 2300 800 2354 De
857 2302 1194 2373 navigatione
1237 2303 1352 2369 eius
1386 2306 1440 2357 in
1476 2304 1716 2372 Italiam,
1751 2306 1876 2362 cod.
1931 2306 2051 2361 l60.
2099 2304 2177 2360 Ex
2232 2305 2395 2361 dictis
2421 2316 2600 2360 tamen
2633 2321 2793 2361 error
2838 2304 3124 2359 manifeste
3154 2303 3608 2374 deprehenditur.
3635 2304 3698 2358 Et

458 2392 598 2446 forte
632 2411 740 2449 non
774 2395 921 2448 aliud
963 2404 1068 2462 est,
1104 2398 1250 2467 quod
1284 2399 1336 2454 in
1365 2399 1684 2472 Augustana
1718 2415 2101 2458 conservatur.
2151 2402 2318 2458 Index
2348 2401 2762 2471 manuscriptus
2805 2401 3016 2472 Georgii
3072 2398 3418 2470 Trapezuntii
3449 2411 3701 2470 autogra-

457 2494 641 2562 plmm.
668 2500 724 2544 ut
755 2493 959 2548 videtur
984 2494 1048 2546 de
1091 2493 1338 2550 Manuale
1371 2514 1511 2564 rege.

527 2587 616 2642 56.
653 2587 842 2643 Graeca
882 2606 1014 2646 vero
1043 2592 1247 2647 inedita
1283 2603 1433 2657 sunt,
1466 2593 1760 2662 Εἰσαγωγὴ
1799 2596 1878 2657 εἰς
1900 2595 1995 2663 τὴν
2024 2612 2128 2664 μεγ

2097 2596 2268 2666 γάλην
2303 2595 2394 2648 τοῦ
2422 2595 2752 2663 Πτολεμαίου
2789 2594 3064 2662 σύνταξιν.
3110 2593 3444 2650 Introductio
3478 2593 3534 2645 in
3562 2600 3701 2659 mag’

459 2700 586 2735 nam
629 2682 901 2740 Ptolemtci
946 2690 1410 2756 constructionem,
1471 2689 1526 2746 in
1579 2691 1834 2746 biblioth.
1868 2695 2204 2762 Augustam.
2249 2703 2304 2747 et
2328 2691 2569 2747 Scoriaci
2605 2695 2897 2750 catholica.
2933 2691 3152 2761 (Allat.)
3185 2692 3258 2747 De
3285 2691 3410 2746 cod.
3435 2687 3698 2743 Escorial.

464 2779 516 2831 V.
575 2779 756 2834 Pluer.
817 2780 1072 2835 ltinerar.
1131 2799 1222 2851 per
1279 2783 1503 2852 llispan.
1545 2787 1747 2864 p.170.
1787 2785 1970 2841 lodice
1991 2785 2234 2841 Gottlob.
2271 2782 2450 2836 Kranz
2482 2787 2532 2837 in
2560 2785 2897 2840 Memorabil.
2929 2785 3062 2839 bibl.
3093 2785 3246 2856 publ.
3304 2784 3704 2839 Elisabethanm

457 2873 778 2929 Wratislau.
838 2873 877 2928 f.
911 2876 1350 2945 llehdigerianae,
1385 2893 1440 2947 p.
1469 2880 1536 2933 85
1562 2898 1576 2946 ;
1605 2891 1729 2933 sunt
1765 2882 1819 2933 in
1852 2881 1938 2934 illa
1973 2880 2106 2935 bibl.
2143 2896 2272 2933 mss.
2310 2879 2594 2934 Ptolemaei
2631 2881 3003 2949 Almagestum
3053 2888 3111 2934 et
3134 2879 3548 2950 quadripartitze
3579 2896 3708 2934 con-

461 2967 784 3021 Strurtionis
846 2985 1008 3036 Opus,
1063 2979 1226 3036 atque
1248 2969 1467 3039 Georgii
1502 2971 1732 3041 Trapez.
1771 2973 1823 3026 in
1864 2972 2214 3028 Ptolemaeum
2261 2980 2402 3027 notae
2429 2982 2485 3026 et
2518 2969 2839 3026 Theoricam
2882 2971 3339 3041 planetarunt..-—
3365 2968 3507 3024 Add.
3545 2987 3702 3042 supra

461 3060 524 3112 ad
557 3077 610 3113 n.
643 3059 696 3125 8,
731 3071 782 3116 et
815 3059 1022 3115 Zenum
1055 3065 1090 3115 Ι.
1127 3078 1175 3116 c.
1212 3080 1266 3132 p.
1306 3063 1391 3118 l3.
1422 3063 1630 3133 (Harl.)

533 3155 623 3210 37.
683 3156 762 3210 Ad
816 3155 1032 3210 Esaiam
1086 3159 1439 3216 monachum.
1474 3159 1659 3214 Utrum
1718 3171 1913 3214 natura
1949 3161 2168 3216 consilio
2197 3173 2346 3232 agat,
2375 3161 2439 3215 El
2471 3159 2633 3229 φύσις
2657 3157 3000 3226 βουλεύεται,
3030 3158 3291 3228 epistola.
3325 3157 3614 3213 Mediolani
3651 3159 3712 3212 in

461 3247 794 3302 bibliotheca
832 3252 1214 3305 Ambrosiana.
1269 3251 1398 3306 Eam
1429 3251 1618 3329 Latine
1664 3253 2063 3322 interpretatus
2120 3263 2202 3309 est
2235 3255 2484 3308 Bessario
2519 3250 2928 3308 cardinalislib.
2961 3251 2994 3303 4
3043 3250 3145 3321 (y),
3175 3250 3440 3305 adversus
3495 3251 3700 3305 calora-

461 3341 733 3394 niatoretn
789 3343 1054 3404 Platonis,
1097 3352 1287 3397 contra
1325 3360 1490 3414 quam
1529 3353 1582 3399 et
1625 3345 1870 3414 scripsit.
1931 3348 1989 3400 P.
2032 3347 2066 3416 Ἰ

2099 3349 2269 3416 τήσω,
2313 3342 2358 3401 ὦ
2389 3347 2510 3416 φίλε
2575 3345 2795 3407 'Hoaia,
2828 3341 3035 3412 γράψαι.
3099 3361 3182 3397 σοι
3232 3343 3307 3407 ὡς
3337 3338 3447 3396 οἶόν
3506 3361 3565 3396 τε
3620 3343 3704 3397 διὰ

465 3433 735 3502 βραχέων.
790 3435 896 3490 Sed
938 3451 1062 3490 cum
1109 3451 1311 3491 nomen
1367 3438 1612 3492 auctoris
1659 3437 1709 3490 in
1768 3440 2048 3494 nonnullis
2098 3440 2383 3494 codicibus
2439 3439 2832 3507 confundatur,
2892 3439 3047 3494 multi
3076 3452 3310 3508 namque
3335 3436 3700 3504 libelliillius,

464 3527 736 3581 Naturam
785 3527 1013 3597 alicujus
1058 3532 1234 3598 gratia
1286 3531 1466 3583 omnia
1523 3545 1699 3600 agerc.
1729 3539 2010 3600 parentem
2058 3531 2410 3586 Theodorum
2438 3530 2660 3596 Gazam,
2697 3531 2853 3585 multi
2882 3530 3262 3585 Bessarionem
3293 3519 3524 3596 faciunt,
3557 3530 3700 3584 unde

461 3642 618 3680 error
652 3627 952 3692 irrepserit,
981 3641 1047 3678 es
1072 3625 1266 3678 eodem
1300 3625 1621 3680 Bessarione
1652 3625 1750 3680 lib.
1785 3641 1861 3685 vt.
1901 3639 2017 3694 cap.
2054 3625 2086 3677 5
2107 3665 2122 3686 ,
2174 3624 2545 3680 addiscamus.
2581 3624 2715 3679 Cum
2747 3626 2894 3679 enim
2925 3625 3170 3678 Bessario
3200 3623 3254 3678 in
3275 3624 3390 3679 hoc
3415 3639 3709 3696 argumen-

463 3732 577 3792 tum
633 3720 874 3773 breviter
919 3718 1168 3787 quaedam
1231 3717 1297 3772 ad
1337 3717 1710 3772 ‘Theodorum
1750 3719 2184 3786 perscripsisset,
2228 3719 2498 3789 Georgius
2520 3718 2947 3789 Trapezuntius,
2977 3717 3083 3774 illis
3111 3718 3388 3788 perlectis,
3418 3728 3478 3773 ut
3525 3720 3706 3774 odium

461 3821 609 3890 quod
671 3820 724 3873 in
797 3817 1200 3880 Bessarionem,
1249 3818 1316 3871 ab
1375 3832 1444 3871 eo
1492 3826 1739 3886 tempore
1771 3832 1882 3886 quo
1911 3820 1959 3872 ei
1989 3817 2340 3875 Theodorum
2375 3819 2428 3873 in
2452 3818 2706 3873 doctrina
2755 3827 3150 3888 prasposuerat,
3207 3829 3564 3887 conceperat,
3607 3820 3673 3872 ali

463 3914 684 3986 quando
747 3927 984 3982 pareret.
1039 3914 1300 3967 adversus
1357 3929 1419 3966 ea
1468 3911 1711 3980 scripsit.
1767 3911 1873 3966 Sed
1925 3920 1984 3967 ut
2041 3915 2330 3970 honestius
2377 3915 2753 3969 Bessarionem
2799 3915 3110 3984 impeteret,
3150 3912 3309 3966 Inxit
3340 3928 3399 3969 se
3450 3914 3706 3984 ignorare

463 4012 717 4082 quisnam
745 4011 864 4079 ejus
891 4011 1062 4066 libelli
1089 4020 1282 4066 auctor
1304 4018 1474 4068 esset.
1515 4019 1568 4063 et
1595 4009 1896 4070 Theodori,
1933 4025 2039 4065 non
2069 4010 2411 4065 Bessarionis
2436 4009 2861 4079 disputationem
2893 4009 3039 4064 illam
3076 4025 3220 4073 esse.
3241 4025 3411 4080 seque
3425 4011 3710 4068 Theodoro

464 4109 847 4164 contradicere.
882 4107 1185 4162 simulavit.
1226 4103 1462 4160 Ostendit
1490 4114 1766 4172 prrsterea,
1801 4104 1997 4159 scribit
2025 4104 2298 4167 Bessario,
2331 4105 2683 4160 Athanasium
2716 4105 2897 4174 fuisse.
2923 4106 3014 4176 qui
3047 4107 3158 4160 lucc
3177 4109 3378 4177 scripta
3405 4111 3452 4163 ei
3481 4112 3711 4165 tradide-

467 4214 577 4266 rat,
629 4220 744 4256 cum
804 4210 980 4254 tamen
1032 4200 1226 4262 Isaias,
1285 4217 1387 4252 non
1442 4201 1764 4253 Athanasius
1794 4200 1996 4270 fuisset.
2030 4196 2185 4253 Solus
2213 4202 2350 4254 enim
2383 4201 2558 4254 lsaica
2588 4200 2785 4270 scripta
2819 4218 2850 4253 a
2882 4201 3026 4254 nobis
3056 4201 3338 4256 habuerat.
3386 4201 3485 4258 Hic
3510 4213 3708 4269 tamen,

467 4303 618 4368 quasi
648 4307 827 4352 nostra
860 4296 1156 4357 interesset,
1182 4311 1213 4346 a
1244 4310 1344 4362 quo
1379 4310 1440 4346 ea
1465 4297 1768 4358 accepisset,
1804 4292 2079 4362 epistolam
2101 4294 2170 4346 ad
2225 4310 2316 4346 nos
2355 4293 2590 4360 scripsit,
2617 4309 2725 4363 qua
2755 4293 2987 4372 oblatum
3012 4294 3114 4347 sibi
3148 4293 3217 4348 ab
3231 4294 3530 4351 Athanasio
3558 4298 3713 4369 fuisse

474 4395 784 4469 opusculum
839 4391 1181 4465 signiﬁcavit.
1242 4391 1432 4445 Plures
1458 4408 1590 4462 ergo
1621 4392 1688 4445 de
1717 4391 1910 4446 eodem
1943 4401 2272 4462 argumento
2303 4388 2706 4460 Trapezuntius
2733 4387 2996 4460 epistolas
3026 4386 3273 4458 dederat,
3297 4389 3501 4460 quibus
3533 4393 3714 4449 Bessa-

473 4548 571 4601 cit.
607 4561 658 4610 p.
703 4543 786 4601 l9.
822 4559 876 4595 n.
917 4543 1035 4615 37.]
1087 4543 1152 4615 de
1179 4543 1405 4598 Guariui
1437 4543 1710 4597 invectiva
1746 4543 1800 4615 in
1835 4543 2044 4610 Trape-
2075 4590 2078 4600 λ

1616 4543 1710 4596 .iva
1746 4543 1800 4615 in
1835 4543 2044 4610 Trape-
2075 4546 2114 4600 A
2147 4549 2202 4595 et
2229 4539 2436 4615 Zenu_m
2467 4540 2503 4595 Ι.
2534 4555 2664 4615 c._p.
2698 4540 2787 4605 19,
2816 4537 3221 4615 ιιηξῖ-..-ωανω

471 4606 742 4672 nuntium.
794 4630 954 4676 quam
1009 4606 1230 4682 scripsit
1255 4616 1356 4669 sub
1395 4616 1614 4668 nomine
1641 4613 1871 4668 Andreae
1905 4606 2043 4679 Aga—
2222 4613 2302 4681 (u)
2365 4606 2741 4682 Florentinam
2772 4626 2826 4666 a.
2883 4611 3051 4682 ">48,
3071 4619 3192 4680 post
3223 4606 3531 4682 Basileeuse
3563 4612 3715 4666 habi-

473 4691 643 4740 sonis.
700 4685 908 4752 (Fabr.)
968 4686 1026 4740 In
1093 4680 1215 4740 cod.
1249 4685 1368 4739 Lat.
1405 4686 1630 4738 Tanrin.
1667 4683 1793 4737 60L
1824 4684 1918 4738 fol.
1952 4685 2040 4738 38.
2149 4680 2378 4754 tum'a.
2430 4682 2556 4754 1451
2607 4681 2714 4754 [vel
2778 4680 3057 4754 βοείαις-τιὰ
3105 4681 3308 4735 concil.
3339 4680 3710 4749 Ferrariense,

473 4758 538 4814 G.
597 4751 825 4824 Trapez.
881 4756 1101 4809 Littera!
1149 4756 1216 4809 ad
1270 4757 1587 4810 Leonellum
1637 4755 1957 4816 Estensem‘,
1988 4756 2043 4807 in
2149 4753 2331 4807 indice
2363 4753 2557 4814 Hodio,
2589 4751 2628 4807 l2
2662 4769 2712 4807 c.
2744 4751 2990 4875 p..ll8.1

474 4831 672 4875 niuibus
697 4830 763 4875 de
805 4824 1034 4875 Gnarini
1071 4826 1124 4875 in
1152 4841 1210 4875 se
1241 4827 1545 4875 maledictis
1575 4825 1933 4875 conqueritur
1955 4843 1968 4875 :
1989 4836 2047 4875 et
2218 4827 2291 4875 lvi
2319 4823 2508 4875 Graece
2536 4833 2714 4875 exstat
2744 4825 2817 4875 ibi
2849 4840 2902 4875 ι).
2929 4826 2960 4875 5

474 4831 672 4895 quibus
697 4820 763 4881 de
805 4824 1034 4879 Guarini
1071 4826 1124 4880 in
1152 4841 1210 4881 se
1241 4827 1545 4879 maledictis
1575 4825 1933 4895 conqueritur
1955 4843 1968 4889 ;
1989 4836 2047 4878 et
2218 4827 2291 4892 (υ)
2319 4823 2508 4895 Graece
2536 4833 2714 4878 exstat
2744 4820 2818 4895 ibi
2848 4840 2902 4892 p.
2929 4820 3068 4895 517;
3102 4820 3562 4895 Latine._p._325.

477 4893 571 4962 fol.
599 4898 691 4959 40,
723 4897 900 4966 ejusd.
939 4896 1358 4950 Rhetoricorum
1392 4911 1618 4966 suorum
1661 4893 2045 4966 apologia_ad-
2155 4895 2300 4966 “(43)
2354 4893 2536 4966 Paris.
2594 4895 2665 4966 in
2708 4893 2844 4966 bibl.
2901 4894 3056 4962 pub].
3087 4895 3252 4966 codd.
3282 4893 3444 4956 1516,
3480 4911 3540 4950 n.
3581 4895 3634 4960 5,
3663 4906 3720 4951 et

474 4985 666 5023 versus
708 4963 1035 5027 Charinum,
1082 4967 1378 5022 Veronens.
1453 4965 1512 5019 V.
1576 4963 1709 5019 Cat.
1727 4966 1886 5019 codd.
1925 4964 2044 5019 Lat.
2149 4963 2311 5018 2965.
2347 4995 2418 5004 ——
2449 4965 2523 5019 De
2571 4965 2694 5020 eod.
2747 4964 2942 5017 Barar.
2994 4965 3110 5034 (qui
3163 4972 3485 5034 numeratur
3529 4966 3622 5028 27,
3669 4968 3719 5021 et

479 5039 641 5093 Taur.
674 5055 727 5104 p.
756 5039 877 5091 160.
908 5037 1118 5103 ll-larl.)
1535 5044 1540 5051 ·

2151 5035 2258 5088 inc.
2283 5035 2395 5104 οὐχ
2421 5035 2503 5087 ὅτι
2532 5053 2590 5088 σε
2620 5037 2804 5106 κατᾲο)
2839 5050 2890 5088 v.
2920 5035 2992 5088 cl.
3039 5033 3234 5106 ’Hardt
3266 5033 3322 5106 in
3353 5035 3561 5090 Aretini
3587 5035 3716 5106 Beg-

553 5112 614 5179 (t)
670 5109 878 5162 llodius
927 5108 964 5179 l.
1017 5123 1068 5179 c.
1109 5123 1158 5175 p.
1196 5108 1298 5163 179
1331 5125 1344 5162 :
1377 5126 1392 5157 ι
1432 5106 1748 5179 Orationes,
1781 5107 1881 5169 ait.
1910 5121 2048 5179 quas
2151 5106 2362 5179 trtigen,
2391 5116 2583 5179 etes».
2619 5105 2777 5168 1803,
2809 5115 2966 5179 _pa_r_t._
3013 5121 3088 5170 tv,
3116 5119 3172 5179 ρ.
3218 5105 3284 5158 l6
3329 5119 3411 5179 sq.
3449 5135 3518 5179 -_—
3557 5105 3717 5179 rem-

478 5174 872 5235 commemorat
934 5174 1295 5235 Trithemius.
1348 5189 1402 5233 et
1464 5178 1714 5246 Dialogus
1772 5179 1834 5231 de
1899 5176 2005 5242 ﬁde
2031 5216 2046 5237 ,
2155 5175 2238 5228 tiis
2265 5177 2317 5227 in
2353 5175 2486 5229 bibl.
2521 5176 2685 5230 Marc.
2719 5176 2842 5229 cod.
2873 5174 3080 5246 589,}.
3109 5174 3227 5230 Cat.
3253 5174 3415 5246 codd.
3439 5175 3535 5230 Gr.
3557 5177 3716 5231 Marc.

481 5262 664 5304 utrum
717 5265 778 5301 ea
825 5248 1013 5302 Graece
1059 5262 1154 5300 aut
1175 5249 1366 5303 Latine
1413 5244 1718 5312 conscripta
1765 5247 1900 5311 sint,
1941 5262 2049 5300 non
2155 5262 2209 5313 p.
2268 5246 2392 5300 309.
2454 5247 2594 5299 Add.
2649 5261 2814 5314 supra
2841 5245 2949 5298 vol.
2983 5244 3121 5311 Vlll,
3153 5261 3276 5316 pag.
3303 5245 3371 5299 76
3425 5262 3512 5314 sq.
3541 5259 3596 5301 et
3625 5247 3718 5302 Ze-

481 5322 613 5374 satis
665 5320 858 5384 liquet.
917 5318 1197 5383 Dialogum
1259 5331 1441 5372 autem
1493 5319 1566 5371 De
1604 5319 1726 5386 ﬁde,
1751 5318 2053 5372 verisimile
2157 5331 2285 5369 num
2336 5318 2374 5370 Ι.
2429 5332 2478 5369 c.
2508 5332 2626 5386 pag.
2657 5316 2742 5380 l5,
2781 5331 2834 5368 ιι.
2865 5316 2957 5375 21.
3007 5315 3264 5385 idemque
3311 5332 3367 5368 ιι.
3394 5318 3500 5381 22;
3545 5319 3718 5384 suspi-

483 5401 589 5457 est,
619 5390 872 5444 eumdem
910 5402 1031 5442 esse
1061 5405 1182 5441 cmn
1241 5390 1542 5443 assertione
1571 5389 1698 5442 ﬁdei
1726 5389 2054 5444 Christianae
2154 5398 2328 5447 eatur,
2366 5387 2434 5439 ab
2464 5387 2552 5439 illa
2584 5387 2816 5455 epistola
2846 5387 2988 5439 haud
3024 5386 3302 5441 diversum
3331 5401 3453 5442 esse
3507 5387 3713 5441 Protre-

483 5470 673 5513 contra
727 5459 952 5513 Tureas.
1017 5477 1034 5509 ι
1086 5458 1270 5512 Zenus
1323 5459 1361 5513 l.
1427 5475 1475 5512 c.
1508 5475 1561 5513 υ.
1602 5460 1671 5513 ‘25
1701 5477 1782 5513 sn.
1812 5474 1867 5513 η.
1895 5459 1964 5513 52
1999 5467 2054 5512 et
2156 5457 2352 5513 nticum
2411 5459 2478 5508 ad
2519 5456 2575 5510 Ι.
2602 5458 2851 5513 imperat.
2905 5455 3136 5510 Gra’cor.
3173 5472 3336 5513 auem
3365 5457 3636 5513 Labbeus.
3667 5475 3713 5513 ιι.

855 5475 952 5513 tas.
1017 5477 1034 5509 ι
1091 5474 1270 5512 bellus
1323 5474 1361 5513 ι,
1427 5475 1475 5512 C.
1508 5475 1561 5513 υ.
1602 5474 1671 5513 ’Ζῧ
1701 5477 1782 5513 sn.
1812 5474 1867 5513 η,
1895 5474 1964 5513 δι’.
1999 5474 2054 5512 οι
2156 5474 2352 5513 nucum
2411 5474 2477 5508 αα
2519 5474 2575 5510 J.
2602 5474 2851 5513 imperat.
2905 5474 3136 5510 ιιι-ωεστ.
3173 5474 3336 5513 auem
3365 5474 3636 5513 ιλειυυθυι.
3667 5475 3717 5513 ι).

483 5470 673 5515 contra
727 5467 952 5513 'l‘ureas.
1017 5477 1034 5509 ι
1086 5467 1270 5512 lenus
1323 5467 1361 5513 l.
1427 5475 1475 5512 c.
1508 5475 1561 5525 p.
1602 5467 1671 5513 25
1701 5477 1782 5529 sq.
1812 5474 1867 5513 η.
1895 5467 1964 5513 52
1999 5467 2054 5512 et

489 5532 575 5594 5e,
599 5529 1007 5591 animadvertit,
1038 5528 1067 5583 s
1098 5530 1380 5584 Gomneno
1425 5528 1753 5598 Papadopol.
1789 5530 1856 5583 de
1887 5530 2055 5599 Gym-

2156 5467 2352 5524 pttcum
2411 5467 2477 5508 ad
2519 5467 2575 5510 .t.
2602 5467 2851 5521 imperat.
2905 5467 3136 5510 (ές-ωεστ.
3173 5472 3336 5526 quem
3365 5467 3636 5522 Labheus,
3667 5475 3717 5528 p.

2157 5526 2247 5599 δξξ,
2296 5537 2512 5599 esstare
2570 5528 2795 5598 scripsit
2841 5528 2899 5582 in
2961 5527 3087 5583 cod.
3150 5527 3323 5582 Paris.
3384 5528 3520 5598 Reg.
3586 5529 3721 5584 ηιξ»

490 5601 644 5655 nasio
689 5599 971 5658 Patavino.
1031 5611 1166 5655 tom.
1227 5600 1293 5661 ll,
1361 5615 1416 5668 p.
1459 5595 1868 5663 181;Gesnero
1891 5595 2050 5662 duce,
2160 5595 2370 5665 (Πανί.)

491 5675 659 5724 citare
705 5671 903 5737 Georg.
961 5668 1190 5740 Trapez.
1265 5671 1338 5722 De
1364 5667 1486 5735 ﬁde
1521 5679 1567 5720 et
1595 5670 1901 5722 substantia
1941 5671 2052 5740 Dei,
2168 5736 2181 5740 Δ
2231 5669 2306 5737 (ῃ)
2352 5667 2480 5740 Lib.
2556 5685 2632 5735 vi,
2677 5669 2765 5726 ed.
2793 5668 2913 5726 Ald.
2953 5678 3091 5726 teste
3121 5670 3406 5726 Boernero
3435 5669 3472 5724 l.
3509 5685 3560 5726 c.
3602 5685 3716 5740 pag.

497 5740 780 5792 secundum
835 5736 1130 5794 Aristotelis
1186 5740 1504 5802 doctrinam,
1562 5749 1725 5807 atque
1765 5754 1955 5807 opusc.
1984 5739 2057 5791 De
2161 5736 2267 5792 ll‘J’
2318 5739 2518 5808 (Πανί.)

501 5811 693 5862 virtute
747 5809 869 5876 ﬁdei
919 5809 1256 5863 Christianae.
1310 5808 1448 5862 Add.
1512 5810 1673 5878 paulo
1705 5819 1844 5881 post,
1881 5827 1932 5864 ιι.
1965 5811 2052 5874 42,
