4064 6148
500 266 606 332 767
1676 264 2010 327 GEORGII
2050 264 2581 326 TRAPEZUNTII
3651 268 3761 331 768

500 384 813 443 hominum,
844 386 953 433 tam
988 376 1302 434 Grecorum
1339 394 1500 448 quam
1521 376 1865 446 Latinorum,
1899 380 1992 449 qui
2033 376 2102 433 ad
2140 377 2282 434 hanc
2317 391 2596 433 musarum
2628 377 2814 435 sedem
2848 380 3045 450 quovis
3080 378 3168 436 die
3201 394 3419 451 semper
3452 381 3759 454 conspicie-

498 475 687 531 batur.
721 472 1110 530 Verumtamen
1165 474 1365 527 summi
1400 472 1527 537 viri,
1564 483 1620 526 ct
1662 471 1979 526 communis
2004 468 2320 526 Grtecornm
2369 471 2623 526 exsulum
2666 472 2905 542 patroni,
2947 471 3192 527 animum
3218 473 3377 543 plane
3437 472 3605 529 rebus
3643 476 3761 530 suis

504 567 857 633 abalienavit,
885 582 1008 622 cum
1054 566 1255 622 librum
1292 565 1557 622 edidisset
1594 565 1819 635 plenum
1867 563 2195 636 probrorum
2254 572 2421 634 atque
2474 566 2962 632 contumeliarum,
3018 567 3220 636 quibus
3267 566 3512 624 Platonis
3560 567 3764 623 famam

502 666 803 730 lacerabat,
839 674 916 730 ut,
947 664 1205 735 depressa
1240 666 1374 719 tanti
1416 664 1679 734 sapientis
1707 663 2063 729 auctoritate,
2096 662 2403 725 Aristoteli,
2429 664 2588 735 cujus
2611 677 2733 718 sese
2763 663 3030 719 asseclam
3057 663 3438 733 proﬁtebatur,
3487 671 3763 723 assereret

510 760 901 833 principatum.
926 758 1065 813 Cum
1094 768 1277 815 autem
1309 759 1596 814 Bessarion
1638 758 2029 827 philosophum
2060 772 2226 829 quem
2259 758 2315 812 in
2347 757 2527 812 oculis
2558 757 2791 820 ferebat,
2822 757 3090 813 conviciis
3118 756 3263 813 illius
3285 756 3563 837 proscindi
3584 742 3765 813 intel-

504 853 723 925 ligeret,
774 856 854 910 rei
900 863 1079 909 motus
1124 854 1470 925 indignitate,
1513 855 1683 908 libros
1721 852 1933 922 aliquot
1968 867 2067 922 pro
2120 851 2451 906 vindicanda
2500 850 2746 907 Platonis
2771 852 2946 923 gloria
2975 853 3244 907 adversus
3296 850 3754 907 calumniatorem

512 950 631 1019 ejus
661 964 822 1019 quem
881 950 1099 1004 vocavit
1156 947 1612 1018 Trapezuntium,
1641 946 1885 1017 scripsit.
1916 944 2072 1013 Quos
2103 944 2325 1015 quidem
2367 944 2530 1015 plane
2570 945 2819 1015 egregios
2858 954 2915 999 et
2950 952 3009 998 ut
3040 945 3091 999 in
3117 952 3303 999 nostra
3334 945 3402 998 de
3444 942 3767 999 Bessarione

510 1046 755 1100 diximus
806 1044 1297 1109 commentatione,
1350 1058 1567 1100 onmem
1617 1044 1864 1098 Platonis
1902 1043 2237 1106 doctrinam,
2277 1041 2473 1096 limato
2524 1039 2935 1096 commentandi
2982 1053 3204 1110 genere,
3267 1037 3585 1109 complexos
3642 1053 3767 1093 cum

514 1158 729 1207 omnes,
770 1143 974 1214 quibus
1024 1143 1141 1197 haec
1164 1142 1391 1197 ﬂorebat
1416 1153 1574 1207 aetas,
1604 1140 1810 1196 eruditi
1837 1139 2221 1195 collaudarent
2247 1137 2469 1203 eximie,
2493 1146 2551 1192 et
2582 1136 3063 1192 vehementissime
3094 1136 3545 1208 comprobarent,
3577 1148 3774 1205 graves

507 1232 911 1303 'l'rapczuntius
945 1235 1270 1289 temeritatis
1299 1218 1419 1289 suae:
1444 1249 1635 1303 pcenas
1662 1232 1837 1298 dedit,
1867 1241 1923 1287 et
1958 1232 2192 1303 publica
2222 1233 2443 1289 invidiae
2469 1233 2730 1290 incendio
2756 1232 3133 1305 conflagravit.

575 1331 863 1401 Georgius,
898 1340 1187 1402 postquam
1235 1330 1302 1385 in'
1326 1331 1535 1393 odium,
1581 1329 1947 1385 oﬂensionem
1985 1330 2261 1401 pontiﬁcis
2316 1330 2608 1396 inciderat,
2660 1331 2943 1403 Neapolim
2984 1347 3105 1388 sese
3149 1331 3408 1393 contulit,
3451 1328 3765 1401 perfugium

506 1424 787 1495 prabente
818 1426 1121 1493 Alphonso,
1154 1409 1497 1496 Arragonum
1523 1425 1946 1495 Siculorumque
1976 1440 2123 1494 rege,
2148 1425 2241 1495 qui
2263 1424 2527 1480 doctrina
2549 1440 2713 1496 quam
2738 1430 2981 1489 amabat,
3005 1426 3191 1482 studio
3214 1424 3541 1479 conciliatus
3569 1423 3773 1484 exsuli,

507 1518 656 1588 ejus,
691 1519 745 1572 in
783 1517 943 1572 ﬁdem
966 1517 1389 1587 clientelamque
1429 1517 1659 1588 recepti,
1697 1518 1937 1589 inopiam
1974 1518 2311 1589 perbenigne
2358 1518 2693 1584 sublevavit,
2749 1529 2809 1576 et
2854 1521 3087 1575 honesto
3132 1518 3438 1573 constituto
3488 1515 3767 1587 stipendio

508 1611 686 1680 ipsum
718 1619 773 1666 et
830 1610 1092 1667 familiam
1150 1626 1369 1666 omnem
1417 1612 1553 1666 aluit
1604 1626 1669 1667 ac
1720 1613 2074 1667 sustentavit.
2129 1609 2425 1668 Francisco
2464 1612 2752 1683 Philelpbo
2796 1613 2941 1683 apud
2972 1611 3258 1668 Nicolaum
3286 1608 3605 1680 pontiﬁcem
3670 1622 3775 1677 pro

512 1708 634 1777 ipso
673 1707 1049 1764 intercedente
1072 1747 1088 1771 ,
1121 1706 1350 1761 Romam
1382 1708 1509 1763 inde
1547 1705 1815 1761 redeundi
1846 1707 1898 1760 ei
1933 1707 2073 1762 facta
2100 1717 2185 1762 est
2221 1717 2481 1776 potestas.

582 1800 743 1854 Anno
795 1802 979 1857 saeculi
1010 1804 1188 1873 quinti
1219 1801 1416 1858 decimi
1463 1802 1659 1871 quinto
1690 1810 1746 1855 et
1793 1800 2159 1871 sexagesimo,
2194 1799 2601 1870 Trapezuntius
2630 1803 2685 1857 in
2731 1802 2947 1859 Cretam
2999 1800 3235 1871 indeque
3271 1796 3590 1871 Byzantium
3645 1793 3773 1852 navi

512 1894 792 1959 profectus
831 1905 919 1951 est
949 1904 1006 1951 et
1037 1897 1263 1968 trajectu
1304 1896 1439 1949 mari
1472 1894 1703 1948 Romam
1742 1904 2045 1958 revertens,
2076 1894 2195 1965 ejus
2227 1893 2439 1949 itineris
2464 1895 2677 1967 insigne
2717 1896 2902 1965 posuit
2931 1901 3368 1949 monumentum.
3408 1890 3606 1945 Paucis
3627 1890 3775 1943 enim

510 1992 795 2046 mensibus
828 2002 957 2047 ante
993 2009 1167 2063 quam
1208 1992 1418 2047 Novam
1451 1991 1601 2044 illam
1646 1990 1873 2044 Romam
1915 1989 2099 2052 iniret,
2138 2005 2188 2042 tv
2218 1988 2488 2045 Kalendas
2512 1990 2705 2045 lunias
2737 1990 2791 2044 in
2822 1988 2915 2044 illa
2956 1988 3091 2043 urbe
3120 1985 3341 2058 juvenis
3389 1984 3639 2055 quidam,
3686 1982 3778 2038 cui

508 2098 710 2139 nomen
747 2087 981 2143 Andreae
1009 2098 1150 2154 erat,
1181 2087 1358 2157 patria
1392 2086 1594 2147 Chius,
1633 2084 1986 2139 acerbissimo
2017 2086 2295 2138 cruciatus
2327 2099 2525 2153 genere
2556 2082 2810 2149 affectus,
2843 2082 3168 2143 necabatur,
3199 2083 3345 2147 quod
3382 2094 3417 2132 a
3460 2077 3778 2134 Christiana

510 2182 780 2252 religione
809 2182 876 2236 ad
903 2179 1454 2236 Muhammedismum
1483 2179 1788 2235 desciscere
1816 2178 2004 2232 nollet.
2029 2175 2183 2243 Quod
2214 2176 2307 2231 ubi
2340 2176 2745 2247 Trapezuntitts
2765 2192 2796 2232 a
2817 2177 3002 2232 nautis
3024 2174 3339 2248 Byzantinis
3370 2174 3600 2229 relatum
3629 2187 3783 2230 acce-

517 2280 715 2349 pleSCl,
744 2278 1031 2345 ipsumque
1064 2282 1251 2343 postea
1283 2273 1527 2326 hominis
1563 2269 1839 2325 interfecti
1866 2284 2068 2338 corpus
2105 2268 2379 2339 integrum
2404 2269 2587 2325 adhuc
2618 2280 2672 2326 et
2704 2269 3086 2340 incorruptum
3129 2260 3333 2323 cum
3366 2270 3777 2340 conspexisset.

507 2374 811 2436 cruciatus,
853 2388 993 2443 quos
1046 2374 1159 2435 ille,
1209 2370 1349 2425 nihil
1384 2377 1588 2424 mutata
1635 2383 1759 2439 erga
1810 2367 2156 2422 Servatorem
2198 2369 2466 2437 optimum
2520 2368 2646 2433 fide,
2694 2382 3018 2437 summaque
3068 2366 3401 2433 constantia,
3453 2367 3781 2439 pertulerat,

507 2472 679 2526 redux
714 2470 905 2531 factus,
947 2468 999 2521 in
1029 2476 1348 2537 pcrpetnatn
1392 2466 1467 2520 rei
1504 2474 1667 2534 gesta:
1708 2463 2056 2527 memoriam,
2081 2460 2282 2517 litteris
2317 2463 2682 2534 consignavit.

579 2568 993 2638 Ingravescente
1044 2576 1221 2630 actate,
1272 2563 1472 2617 accidit
1507 2562 1897 2631 Trapezuntio,
1960 2560 2108 2630 quod
2149 2559 2338 2616 multis
2380 2562 2702 2618 clarissimis
2738 2560 2889 2625 viris,
2924 2577 2988 2617 ex
3042 2561 3243 2633 priscis
3278 2560 3515 2617 maxime
3551 2560 3784 2626 Orbilio,

507 2663 714 2722 celebri
748 2662 1105 2732 grammatico
1135 2660 1399 2724 Messalae,
1430 2676 1648 2714 summo
1678 2658 1881 2714 oratori
1914 2667 1972 2712 et
2008 2658 2463 2726 praestantissimo
2489 2660 2565 2714 illi
2588 2660 2870 2730 sophistae,
2900 2659 3249 2733 Hermogeni,
3293 2668 3374 2723 ut,
3410 2659 3553 2714 facta
3581 2673 3787 2714 memo-

511 2760 610 2812 ria-
640 2758 874 2827 jactura,
920 2758 1252 2817 litterarum,
1327 2755 1609 2825 ipsiusque
1673 2753 1913 2808 nominis
1968 2752 2051 2808 sui
2090 2753 2313 2823 penitus
2366 2754 2806 2809 oblivisceretur.
2842 2754 2961 2809 Etsi
3004 2756 3058 2810 in
3098 2765 3337 2809 mentem
3376 2753 3552 2815 venit,
3587 2755 3791 2809 subve-

508 2850 645 2916 reri,
683 2866 752 2905 ne
779 2850 924 2921 quod
953 2849 1111 2905 Gaza:
1138 2846 1363 2905 evenire
1390 2846 1787 2915 comperimus,
1817 2846 1953 2899 vitio
1987 2844 2292 2905 memoriae,
2313 2842 2549 2915 Georgio
2577 2846 2887 2912 tribuatur;
2910 2854 3042 2901 sunt
3071 2857 3275 2909 tamen,
3301 2847 3394 2917 qui
3418 2848 3789 2915 contendunt,

506 2958 695 3001 senem
730 2953 999 3009 nostrum,
1033 2958 1159 2997 cum
1214 2958 1312 3013 pro
1353 2942 1557 3009 ingenii
1591 2953 1693 2993 suo
1734 2937 2109 3002 monimentis,
2151 2951 2250 3007 spe
2294 2937 2536 3008 ingentis
2592 2941 2827 3008 prtemii,
2868 2956 3084 2996 summo
3124 2941 3369 3010 pontiﬁci
3420 2944 3787 3014 nuncupatis,

507 3042 579 3099 ab
614 3038 718 3094 hoc
748 3038 895 3094 soios
922 3047 1147 3093 centum
1200 3052 1455 3092 nummos
1489 3050 1690 3089 aureos
1734 3035 2060 3103 accepisset,
2089 3032 2307 3102 ingrato
2334 3032 2495 3088 istius
2536 3036 2721 3089 animo
2747 3035 3043 3101 offensum,
3095 3036 3244 3093 illico
3274 3051 3471 3092 aurum
3510 3052 3579 3098 ex
3611 3048 3787 3108 ponte

506 3138 654 3196 Elia
686 3141 741 3195 in
772 3138 1019 3195 Tiberim
1049 3137 1341 3209 ahjecisse,
1374 3144 1433 3190 et
1457 3134 1620 3189 simul
1654 3130 2131 3202 indignabundum
2169 3131 2373 3188 dixisse
2407 3147 2422 3184 :
2455 3128 2677 3188 Periere
2707 3131 2945 3199 labores,
2992 3142 3183 3205 pereat
3225 3144 3283 3191 et
3327 3150 3523 3193 eorum
3577 3135 3793 3207 ingrata

511 3250 756 3303 merces;
793 3235 1102 3305 aﬂ'ectoquc
1138 3249 1259 3288 eam
1282 3234 1353 3289 ob
1381 3247 1494 3287 rem
1535 3231 1721 3287 animo
1754 3232 1808 3286 in
1841 3231 2121 3287 miseriam
2152 3229 2312 3285 istam
2345 3230 2631 3286 incidisse.

580 3334 660 3389 Ita
679 3348 809 3389 vero
838 3333 1259 3403 Trapezuntius,
1292 3333 1465 3386 fracto
1491 3330 1657 3384 animi
1694 3330 1892 3385 robore
1918 3329 2340 3398 elanguescens,
2366 3343 2432 3381 eo
2454 3328 2779 3383 calamitatis
2810 3327 3188 3401 redigebatur,
3217 3339 3277 3385 ut
3298 3331 3558 3387 omnibus
3589 3344 3795 3404 repue-

507 3421 727 3483 I’ascere
754 3428 1057 3481 videretur.
1087 3423 1241 3496 Stepe
1266 3425 1630 3495 multumque,
1663 3438 1790 3478 cum
1824 3420 2009 3478 Romae
2047 3420 2116 3475 ad
2147 3422 2321 3478 tndem
2359 3422 2616 3478 Minervae
2673 3423 2967 3490 habitaret,
3019 3425 3169 3480 solus
3196 3440 3295 3495 per
3324 3429 3519 3480 urbem
3562 3424 3794 3483 sordido

507 3532 567 3577 et
596 3523 787 3578 attrito
820 3523 1039 3593 palliolo
1082 3522 1316 3577 amictus
1354 3520 1781 3592 geniculatoque
1831 3519 2083 3589 scipione
2128 3519 2223 3590 qui
2269 3519 2580 3574 vacillantis
2631 3518 2834 3588 gradus
2866 3520 3191 3586 sustineret,
3226 3520 3447 3579 innixus
3477 3520 3795 3578 inambula-

510 3616 609 3670 vit.
636 3614 879 3671 Tandem
941 3631 1093 3681 vero,
1144 3614 1335 3671 multis
1400 3614 1701 3685 arduisque
1751 3615 2076 3685 perfunctus
2138 3613 2408 3671 molestiis
2439 3625 2519 3685 _ct
2578 3615 3001 3681 certaminibus,
3031 3633 3208 3674 annos
3252 3621 3550 3689 nonaginta
3604 3628 3794 3684 natus,

509 3722 666 3770 sexto
688 3721 745 3769 et
778 3714 1113 3783 octogesimo
1130 3713 1309 3783 quinti
1352 3711 1554 3767 decimi
1582 3712 1765 3767 steculi
1790 3726 1957 3774 anno,
1984 3711 2288 3781 acquievit.
2633 3722 2640 3729 ‘

580 3809 769 3882 Neque
805 3812 1110 3881 ingenium,
1140 3825 1241 3864 nec
1268 3809 1597 3877 doctrinam,
1639 3820 1739 3864 nec
1778 3809 2046 3874 studium,
2078 3809 2518 3879 industriamque
2546 3807 2602 3864 in
2636 3796 3006 3880 Trapezuntio
3038 3809 3321 3877 desidero;
3348 3824 3588 3879 agnoseo
3611 3821 3796 3865 tamen

510 3904 718 3976 aliquid
742 3899 885 3975 quod
918 3905 973 3959 in
1006 3901 1258 3958 Cretensi
1294 3918 1490 3974 parum
1526 3910 1718 3957 miror.
1750 3904 1923 3959 Vetus
1959 3912 2046 3958 est
2075 3903 2299 3959 verbum
2322 3904 2466 3974 quod
2497 3902 2637 3958 dixit
2666 3902 3023 3974 Epimenides
3044 3914 3099 3959 et
3147 3905 3217 3960 ab
3261 3908 3367 3959 hoc
3395 3908 3621 3976 repetiit
3666 3907 3787 3976 ipse

510 3994 736 4051 divinus
776 3996 1020 4065 gentium
1081 3995 1297 4062 doctor,
1356 3998 1573 4067 Κρῆτες
1606 3997 1697 4051 ἀεὶ
1745 3996 1977 4066 ψεῦσται
2013 4014 2115 4055 am

2189 3997 2234 4052 λ.
2268 3996 2383 4051 Etsi
2415 3996 2819 4067 Trapezuntius
2852 4009 2976 4054 ortu
3034 3997 3311 4053 Cretensis
3343 3997 3454 4053 dici
3504 3998 3794 4057 Cretensis

514 4093 717 4157 noluit,
761 4093 984 4158 malum,
1022 4091 1169 4162 quod
1224 4091 1328 4147 Lil.
1381 4092 1651 4168 Gyra'dus
1696 4091 1961 4162 cpinatur
2012 4100 2071 4148 et
2110 4093 2469 4147 inveteratam
2529 4092 2723 4162 patrias
2776 4094 2976 4149 famam
3006 4109 3116 4149 non
3151 4109 3344 4164 parum
3374 4095 3626 4166 veritus;
3670 4112 3799 4151 eam

513 4192 739 4250 nomine
788 4200 995 4258 tamen,
1036 4206 1215 4262 neque
1250 4192 1552 4261 ingenium,
1604 4205 1706 4246 nec
1762 4207 1942 4246 mores
1976 4188 2234 4260 deposuit
2279 4191 2438 4246 facile
2472 4207 2487 4257 ;
2524 4191 2697 4255 vafer,
2730 4191 2775 4246 si
2809 4192 2940 4262 qutd
2975 4193 3189 4262 judico,
3236 4192 3528 4262 subdolus,
3560 4206 3619 4250 et
3651 4212 3780 4251 cum

516 4288 753 4343 alterius
778 4286 1050 4343 dedecore
1078 4288 1298 4343 decoris
1319 4300 1601 4359 appetens,
1622 4287 1961 4344 lacessendis
1984 4288 2131 4356 aliis,
2160 4288 2337 4358 iisque
2370 4288 2628 4354 summis,
2654 4298 2963 4360 promptus,
2985 4290 3189 4346 nimius
3221 4291 3330 4357 sui,
3349 4307 3543 4362 parcus
3560 4293 3796 4350 aliorum

514 4384 839 4450 admirator,
876 4393 1073 4438 cuncta
1106 4384 1269 4439 modo
1299 4399 1513 4439 summa
1544 4396 1805 4454 expertus
1837 4386 1982 4439 ultra
2016 4386 2184 4439 vires.

588 4472 789 4529 Filium
820 4474 1044 4544 reliquit
1074 4474 1348 4530 Andream
1378 4475 1830 4547 Trapezuntium,
1862 4477 1960 4531 sed
1990 4475 2241 4530 doctrina
2285 4484 2440 4546 patre
2474 4476 2634 4547 longe
2665 4475 3003 4531 inferiorem.
3048 4476 3104 4533 Id
3127 4472 3272 4549 quod
3313 4477 3476 4537 facile
3523 4483 3791 4537 omnibus

516 4568 775 4641 apparuit
821 4582 945 4621 cum
978 4568 1154 4638 patris
1200 4569 1287 4624 sui
1334 4569 1801 4624 existimationem
1848 4571 1968 4639 ipso
2014 4569 2196 4625 adhuc
2236 4571 2539 4641 superstite
2589 4551 2856 4625 adversus
2890 4570 3241 4627 Theodorum
3290 4571 3491 4630 Gazam
3532 4576 3794 4632 tuendam

516 4661 867 4733 suscepisset.
892 4662 1081 4732 Neque
1107 4663 1253 4717 enim
1293 4660 1459 4729 Gaza,
1506 4662 2007 4719 transmarinorutn
2038 4661 2349 4729 hominum,
2380 4662 2476 4732 qui
2518 4679 2549 4716 e
2582 4662 2791 4718 Graecia
2833 4664 3218 4735 profugerant,
3264 4664 3647 4737 doctissimus,
3695 4673 3798 4724 tui-

517 4761 627 4817 seri
661 4761 893 4829 hujusce
914 4758 1220 4813 adversarii
1252 4759 1488 4828 scriptis
1510 4761 1721 4814 moveri
1749 4774 1807 4814 se
1833 4774 2031 4829 passus
2062 4766 2169 4824 est,
2205 4758 2303 4813 sed
2336 4758 2486 4812 illius
2506 4758 2792 4813 libidinem
2826 4759 3158 4815 criminandi
3184 4763 3405 4830 penitus
3433 4766 3793 4836 contempsit.

536 4856 764 4909 Andrea
792 4853 925 4918 ﬁlia,
965 4862 1102 4909 teste
1129 4852 1310 4918 Jovio,
1340 4853 1607 4908 collocata
1634 4864 1721 4909 est
1752 4854 1951 4908 Fausto
1983 4850 2334 4923 Magdalenae,
2366 4852 2637 4918 Romano,
2675 4861 2849 4921 poetae
2892 4852 3100 4922 lepido,
3134 4854 3232 4924 qui
3258 4855 3531 4925 elegantia
3564 4861 3767 4929 ingenii

519 4952 690 5005 Leoni
728 4951 801 5016 X,
828 4951 895 5004 R.
926 4949 986 5004 P.
1029 4950 1362 5019 percbarus,
1409 4951 1476 5004 de
1499 4948 1718 5021 Georgii
1762 4948 2042 5018 prosoceri
2075 4948 2326 5002 doctrina
2350 4956 2405 5002 ct
2439 4948 2620 5002 litium
2652 4948 2955 5003 acerbitate
2987 4949 3159 5005 multa
3188 4965 3419 5007 narrare
3455 4925 3653 5009 solitus
3688 4925 3795 5015 est:

524 5045 781 5100 niiserum
811 5054 995 5098 autem
1023 5042 1145 5097 vita:
1172 5044 1381 5098 exitum
1407 5044 1620 5111 habuit,
1646 5044 1701 5099 in
1730 5046 2146 5117 expugnatione
2181 5044 2357 5107 urbis,
2393 5058 2541 5097 anno
2560 5044 2746 5099 saaculi
2766 5047 2901 5100 sexti
2936 5044 3137 5101 decimi
3171 5048 3410 5118 septimo
3437 5060 3495 5104 et
3531 5049 3793 5108 vicesimo

520 5139 966 5196 contrucidatus.

589 5261 815 5331 Ignotus
848 5263 1070 5333 quidam
1094 5274 1288 5321 auctor
1320 5264 1651 5337 ἐπιταφίους
1704 5267 1806 5323 bos
1871 5268 1924 5321 in
1972 5267 2410 5337 Trapezuntium
2469 5288 2667 5329 versus
2706 5274 2947 5344 scripsit,
2985 5286 3126 5343 quos
3165 5270 3367 5327 Bovius
3416 5269 3597 5343 elogio
3627 5269 3798 5343 ipsius

522 5360 809 5435 subjunxit
838 5378 853 5417 ε

556 5454 560 5459 '
1580 5436 1623 5508 f]
1632 5454 1694 5491 ac
1716 5454 1853 5491 urna
1883 5435 2231 5508 Trapezuntii
2253 5439 2532 5507 quiescunt

1571 5507 1781 5581 Georgii
1809 5524 1950 5581 ossa,
1986 5507 2180 5581 parum
2207 5509 2312 5561 diis
2347 5511 2529 5581 amici,

1570 5578 1720 5651 quod
1746 5580 1857 5631 acri
1892 5590 1940 5632 et
1972 5578 2199 5633 nimium
2239 5582 2454 5647 procaci
2482 5580 2665 5651 lingua

1577 5648 1873 5715 Platonem,
1900 5652 2101 5720 superis
2125 5666 2331 5724 parem,
2362 5648 2565 5719 petivit.
