4044 6154
474 300 534 367 Π
548 303 577 368 ι.

1666 287 1995 349 GEORGH
2030 280 2551 346 TRAPEZUNTH

3645 273 3753 339 772

468 426 660 469 omnes
716 408 770 466 in
828 408 1106 474 erunibus,
1142 421 1326 477 neque
1359 419 1453 461 eas
1488 402 1820 466 dividentes,
1880 410 2061 468 neque

2173 397 2389 463 στάσεις
2412 440 2426 464 ,
2465 399 2581 468 ἤτοι
2618 396 2746 469 τρία
2783 394 3051 466 πρόσωπα
3087 390 3183 447 ὅλα
3219 391 3277 445 ὲν
3311 388 3449 451 ὅλοις
3486 385 3754 457 γνωρίζο-

468 503 870 563 confundentes
902 501 1274 573 agnoscimus.
1300 497 1503 553 Earum
1538 511 1670 551 vero
1700 489 2051 561 unam,quod

466 595 741 669 principio
770 603 977 659 careat,
1013 591 1241 646 alteram
1271 587 1655 661 generatione,
1684 584 1899 641 tertiam
1922 597 2050 653 pro-

2159 510 2281 564 μεν,
2313 491 2436 549 οὔτε
2468 492 2782 562 τέμνοντες,
2821 488 2945 543 οὔτε
2986 487 3331 557 συγχέοντες.
3364 480 3551 535 Ταῦτα
3584 478 3665 545 δὲ,
3698 477 3755 529 τὸ

2162 584 2261 657 μὲν
2288 584 2366 657 τῷ
2395 585 2640 656 ἀνάρχῳ,
2672 584 2733 636 τὸ
2762 583 2819 637 δὲ
2852 585 2915 652 τῇ
2950 582 3225 651 γεννήσει,
3257 577 3317 630 τὸ
3349 574 3405 629 δὲ
3437 576 3503 644 τῇ
3540 570 3755 641 προόδῳ

468 667 749 765 pressione
804 686 1195 759 distinguimus
1245 691 1339 748 ;et
1398 694 1780 737 asseveramus
1849 676 2052 731 Filium

2169 678 2547 750 5ιακρίνομεν,
2582 679 2676 732 καὶ
2705 674 3120 748 ὁμολογοῦμεν,
3154 675 3248 725 τὸν
3282 670 3382 741 μὲν
3413 667 3543 721 Υιδν
3575 667 3756 736 ἀφρά-

468 781 930 849 inenarrabiliter,
962 788 1011 835 et
1060 778 1130 833 ab
1173 786 1384 833 aeterno
1413 790 1478 830 ex
1520 774 1680 829 Patre
1722 772 1887 843 gigni,
1935 768 2057 839 Spi-

469 881 640 936 ritum
669 886 920 933 sanetum
953 890 1020 929 ex
1053 873 1213 928 Patre
1242 886 1339 942 per
1363 868 1561 925 Filium
1596 865 1900 939 procedere
1925 880 1938 927 ;
1963 878 2058 933 per

470 971 866 1047 praepositione
919 983 1100 1039 neque
1150 962 1633 1020 instrumentalem
1691 959 2053 1019 relationem,

469 1082 651 1141 neque
681 1064 936 1127 loealem,
973 1077 1152 1131 neque
1184 1056 1625 1120 ministerialetn,
1655 1066 1835 1124 neque
1862 1050 2053 1116 aliam,

470 1174 635 1229 quam
668 1154 939 1229 quispiam
974 1151 1389 1221 excogitaverit,
1424 1146 1726 1210 indicante,
1758 1160 1936 1215 neque
1980 1154 2058 1196 te-

473 1265 621 1304 mere
652 1246 887 1319 prolata,
924 1251 980 1299 et
1018 1240 1085 1296 ad
1128 1238 1331 1295 nudam
1374 1236 1699 1292 relationem
1739 1232 2057 1303 signiﬁcan-

471 1342 622 1407 dam,
675 1329 776 1395 σου]
819 1335 992 1393 solam
1045 1333 1351 1389 naturalem
1404 1338 1460 1385 et
1509 1326 1885 1390 essentialc-m,
1934 1339 2056 1394 quae

472 1432 683 1487 scilicet
741 1426 1043 1485 secundum
1079 1438 1299 1480 causam
1326 1430 1448 1485 est,
1478 1425 1968 1479 commonstrante,
2002 1422 2058 1469 et

474 1541 758 1599 perquam
809 1522 1049 1592 Spiritus
1089 1534 1231 1575 unus
1260 1517 1461 1573 divina:
1514 1513 1731 1571 Triadis
1765 1511 2059 1584 progredi-

475 1633 585 1687 tur,
622 1627 684 1676 ut
718 1619 811 1687 sit,
863 1617 919 1671 in
964 1614 1188 1686 propria
1224 1609 1529 1684 ltypostasi.
1566 1607 1703 1663 Aliis
1742 1622 1875 1679 ergo
1908 1621 2057 1661 com-

474 1715 739 1781 muniter,
758 1721 809 1767 et
835 1727 866 1765 a
893 1709 1051 1765 nobis
1074 1707 1214 1761 inter
1233 1719 1334 1759 nos
1356 1702 1522 1759 veluti
1540 1700 1707 1757 certis
1734 1698 2056 1771 suppositis.

475 1812 543 1867 de
571 1824 681 1881 quo
712 1772 993 1878 postremo
1018 1802 1139 1858 loco
1163 1798 1334 1855 locuti
1374 1810 1569 1853 sumus
1590 1834 1606 1861 ,
1641 1808 1823 1849 sermo
1856 1792 2059 1847 liabea-
2090 1772 2137 1834 Β

477 1914 592 1959 tur.
618 1898 789 1971 quue
825 1905 885 1952 ut
917 1902 1065 1951 recte
1107 1891 1577 1950 demonstremus,
1617 1893 1747 1942 ante
1787 1884 1894 1943 alia
1923 1883 2063 1940 ordo

478 2000 537 2054 in
573 1992 777 2052 divinis
810 2007 839 2045 ιι
875 1988 1045 2045 nobis
1069 1982 1507 2043 considerandus
1555 1988 1671 2046 est;
1704 1977 1965 2047 deinceps
1994 1975 2061 2030 ad

477 2089 533 2144 id
566 2082 934 2144 conducentia
976 2087 1296 2137 sanctorum
1331 2074 1513 2141 dicta;
1557 2083 1670 2129 tum
1709 2071 1931 2127 demum
1966 2070 2065 2127 ab-

478 2179 670 2244 surda,
706 2192 828 2249 qum
853 2191 923 2232 ex
953 2181 1189 2243 utraque
1225 2167 1499 2227 sententia
1534 2166 1815 2222 oriuntur.

548 2274 608 2330 3.
642 2271 710 2328 Et
741 2271 994 2328 ordinem
1027 2266 1253 2339 quidem
1286 2265 1341 2319 in
1370 2262 1573 2319 divinis
1602 2277 1749 2327 esse,
1772 2270 1919 2333 patet
1946 2277 2067 2316 om-

476 2370 666 2434 nibus,
722 2361 1027 2421 dummodo
1060 2360 1181 2416 sani
1224 2365 1373 2424 sunt,
1426 2356 1557 2412 licet
1602 2353 1778 2412 Graeci
1818 2354 1923 2425 ipsi
1983 2352 2066 2409 di-

477 2471 826 2535 rumpantur.
849 2457 1098 2512 Primum
1128 2450 1376 2526 quidem,
1394 2450 1541 2523 quod
1569 2464 1733 2507 omne
1770 2449 2065 2520 pulchrum

477 2568 644 2631 atque
691 2555 899 2611 bonum
948 2550 1007 2607 in
1057 2549 1166 2606 Deo
1210 2548 1434 2619 proprie
1473 2553 1531 2603 et
1577 2544 1861 2619 primario,
1893 2552 1950 2599 et
1981 2557 2069 2599 se-

474 2651 723 2710 cundum
775 2647 1018 2717 seipsum
1054 2650 1139 2697 est
1171 2658 1186 2708 ;
1226 2640 1497 2696 bonorum
1552 2648 1735 2693 autem
1764 2638 1904 2693 ordo
1932 2648 2019 2692 est
2048 2652 2065 2703 ;

477 2745 676 2802 deinde
706 2744 759 2799 in
792 2739 943 2797 omni
978 2734 1375 2801 multitudine;
1409 2730 1822 2787 multitudinem
1879 2740 2065 2785 autem

476 2856 639 2907 voco,
671 2837 816 2909 quod
872 2847 1043 2905 supra
1100 2844 1271 2885 unum
1328 2836 1425 2883 aut
1466 2824 1578 2881 duo
1606 2834 1712 2888 est,
1746 2831 1843 2880 aut
1871 2822 2069 2880 coniu-

479 2936 693 2991 sionem
743 2928 1129 2987 indiseretam,
1163 2931 1257 2978 aut
1307 2920 1563 2976 ordinem
1622 2933 1652 2974 a
1708 2918 1921 2974 ratione
1957 2933 2067 2973 non

480 3029 721 3085 alienum
761 3037 884 3079 esse
914 3032 1141 3075 necesse
1187 3022 1295 3073 est.
1337 3015 1514 3085 Supra
1553 3010 1692 3067 duas
1719 3025 1854 3066 vero
1899 3008 2071 3081 hypo-

480 3134 657 3179 stases
690 3119 841 3175 Deus
858 3108 968 3179 est.
1005 3113 1101 3169 Est
1130 3108 1300 3182 igitur
1323 3108 1463 3165 ordo
1509 3109 1564 3163 in
1604 3105 1716 3161 Deo
1754 3106 1841 3160 bis
1893 3106 2068 3177 hypo-

2152 791 2303 838 orwc;
2338 773 2434 826 καὶ
2467 773 2707 836 αἰωνίως
2743 770 3041 841 γεννᾶσθαι
3079 772 3141 821 ἐκ
3176 765 3270 820 τοῦ
3308 762 3565 834 Πατρδς,
3602 760 3665 812 τὸ
3700 759 3754 811 δὲ

2159 864 2315 937 ἅγιον
2348 866 2575 937 Πνεῦμα
2606 866 2671 919 ἐκ
2701 864 2915 936 Πατρὸς
2943 862 3009 915 δι’
3038 860 3171 915 Υἰοῦ
3200 853 3625 929 ἐκπορεύεσθαι,
3659 851 3752 918 τῆς

2161 960 2258 1013 διὰ
2288 957 2412 1013 οὔτε
2444 958 2749 1030 ὀργανικὴν
2780 975 2905 1012 τινα
2937 959 3147 1027 σχέσιν,
3182 953 3304 1007 οὔτε
3338 950 3596 1021 τοπικὴν,
3630 946 3752 1000 οὕτε

2162 1051 2505 1124 ὑπουργικὴν
2527 1092 2542 1116 ,
2579 1050 2692 1105 οὔτ’
2719 1051 2890 1120 ἄλλην
2924 1048 3142 1103 οἱανοῦν
3177 1045 3389 1117 οἰηθείη
3424 1060 3509 1106 τις
3553 1058 3754 1111 σημαι-

2162 1145 2383 1217 νούσης,
2414 1144 2536 1198 οῦτε
2571 1146 2749 1216 μάτην
2775 1145 3040 1215 κειμένης
3068 1142 3164 1195 καὶ
3196 1140 3331 1210 πρὸς
3360 1136 3521 1208 ψιλὴ-,ι
3552 1136 3754 1205 ἀναφο-

2164 1242 2299 1310 ρὰν,
2334 1240 2472 1295 ἀλλὰ
2519 1241 2690 1309 μόνην
2725 1238 3086 1310 παριστώσης
3124 1235 3220 1305 τὴν
3258 1233 3497 1304 φυσικὴν
3534 1229 3630 1283 καὶ
3668 1228 3756 1279 οὐ·

2164 1333 2329 1403 σιώδς
2349 1373 2365 1396 ,
2399 1335 2497 1405 τὴν
2530 1334 2654 1387 κατ’
2678 1334 2849 1386 αἴτιον
2877 1331 3122 1403 δηλονότι
3143 1373 3156 1396 ,
3186 1330 3250 1383 δι’
3278 1324 3343 1392 ἦς
3374 1327 3435 1380 τὸ
3472 1323 3696 1392 Πνεῦμα
3726 1323 3751 1372 ὁ

2162 1422 2243 1492 εἷς
2276 1427 2375 1496 τῆς
2413 1428 2642 1501 Τριάδος
2680 1428 2929 1498 πρόεισιν
2963 1429 3043 1491 εἷς
3079 1427 3136 1480 τὸ
3172 1420 3308 1478 εἶναι
3346 1426 3402 1476 ἐν
3440 1422 3582 1491 ίδικῇ
3623 1420 3751 1472 dum

2164 1526 2374 1577 στάσει.
2405 1523 2528 1576 Τῶν
2556 1522 2688 1593 γοῦν
2717 1523 2895 1576 ἄλλων
2928 1521 3366 1591 ύποτεθειμένων
3398 1516 3598 1571 κοινῶν
3630 1514 3748 1583 ἐμοί

2162 1635 2219 1672 τε
2243 1618 2339 1672 καὶ
2366 1617 2452 1671 σοὶ
2482 1620 2609 1688 περὶ
2631 1616 2722 1671 τοῦ
2754 1617 2983 1687 ὕστερον
3007 1615 3291 1687 λεχθέντος
3318 1615 3345 1666 ὀ
3375 1613 3553 1679 λόγος.
3579 1609 3749 1663 Τοῦτο

2162 1711 2219 1765 δὲ
2252 1713 2298 1765 εί
2330 1710 2620 1781 μέλλοιμεν
2646 1710 2830 1773 καλῶς
2862 1710 3056 1777 δεῖξαι,
3086 1710 3168 1762 δεῖ
3203 1706 3415 1779 πρῶτον
3446 1707 3547 1774 μὲν
3576 1702 3674 1773 τὴν
3701 1704 3757 1755 ὲν

2166 1809 2279 1872 τοῖς
2320 1806 2485 1869 Θείοις
2521 1806 2675 1872 τάξιν
2712 1807 2938 1860 σκοπεῖν
2960 1845 2974 1870 ,
3012 1798 3133 1857 εἶτα
3174 1804 3269 1857 καὶ
3303 1800 3403 1863 τὰς
3439 1799 3547 1853 τῶν
3583 1798 3757 1867 ἁγίων

2169 1902 2307 1974 πρὸς
2338 1899 2498 1955 τοῦτο
2531 1899 2807 1970 φερούσας
2846 1902 3032 1971 ῥήσεις
3054 1937 3070 1961 ,
3107 1899 3203 1950 καὶ
3239 1896 3309 1950 τά
3345 1898 3409 1949 ἐκ
3442 1894 3536 1949 τοῦ
3571 1892 3757 1947 ἑκατέ-

2168 2012 2267 2067 ρου
2301 1994 2500 2066 μέρους
2535 1992 3050 2062 συναναφσιινόμενα
3081 1991 3279 2045 ἄτοπα.

2240 2275 2311 2337 γ’.
2339 2269 2461 2322 Ὀτι
2508 2268 2607 2339 μὲν
2646 2264 2740 2322 οἷν
2781 2267 2931 2333 τάξις
2974 2268 3032 2323 ὲν
3071 2269 3184 2332 τοῖς
3232 2267 3609 2332 θείοις,παντί
3656 2285 3752 2322 που

2167 2363 2328 2436 δῆλον
2362 2363 2439 2434 τῷ
2480 2362 2605 2417 νοῦν
2639 2362 2851 2433 ἔχοντι,
2887 2362 2992 2416 κᾶν
3030 2362 3257 2432 Γραικοὶ
3298 2362 3751 2434 διαρῤἠγνιινται.

2170 2458 2395 2528 Πρῶτον
2432 2457 2566 2525 μὲν,
2604 2456 2685 2510 ὅτι
2722 2457 2831 2509 πᾶν
2865 2455 3032 2510 καλὸν
3065 2456 3159 2507 καὶ
3194 2454 3399 2523 ἀγαθὸν
3432 2458 3489 2509 ὲν
3524 2455 3603 2525 τῷ
3639 2456 3753 2523 Θεῷ

2170 2552 2375 2621 κυρίως
2412 2548 2505 2602 καὶ
2542 2548 2775 2621 πρώτως
2810 2549 2904 2602 καὶ
2938 2546 3062 2601 καθ’
3084 2548 3216 2602 αὐτὸ
3236 2592 3250 2615 ,
3282 2549 3388 2602 τῶν
3424 2549 3603 2602 καλῶν
3635 2548 3692 2602 δὲ
3720 2550 3751 2618 ἡ

2168 2644 2323 2709 τάξις
2349 2659 2362 2673 ·
2409 2639 2530 2696 εἶτα
2574 2644 2632 2694 ὲν
2680 2642 2844 2696 παντὶ
2891 2641 3116 2712 πλήθειο
3168 2641 3374 2709 πλῆθος
3415 2642 3472 2695 δὲ
3514 2641 3659 2710 λέγω
3700 2642 3756 2694 τὸ

2175 2737 2317 2805 ὑπὲρ
2354 2735 2560 2804 μονάδα.
2590 2735 2621 2806 ἦ
2654 2735 2822 2789 δυάδα.
2854 2735 2913 2789 ὃν
2935 2778 2947 2801 ,
2983 2737 3014 2805 ἢ
3048 2733 3311 2807 σύγχυσιν
3344 2736 3569 2803 ἄλογον,
3600 2738 3635 2805 ἢ
3664 2735 3759 2788 τά·

2171 2828 2254 2895 ειν
2284 2827 2508 2895 εὔλογον
2539 2823 2679 2882 εἶναι
2710 2829 3029 2897 ἀναγκαῖον.
3074 2826 3249 2897 ’Υπὲρ
3279 2827 3447 2881 δυάδα
3479 2827 3537 2881 δὲ
3568 2831 3594 2882 ὀ
3625 2827 3756 2890 Θεος

2172 2924 2292 2983 ταῖς
2322 2920 2715 2975 ύποστάσισιν.
2745 2922 2937 2974 Ἔστιν
2965 2920 3073 2992 ἄρα
3098 2920 3249 2986 τάξις
3278 2923 3398 2985 ταῖς
3429 2921 3755 2975 ὑποστάσεσι

2170 3013 2250 3085 τῷ
2292 3014 2433 3083 Θεῷ.
2473 3014 2547 3069 03
2589 3014 2701 3085 γὰρ
2741 3013 3006 3084 σύγχυσις
3047 3016 3203 3070 ἔσται
3252 3018 3310 3069 ὲν
3343 3019 3410 3086 τῇ
3444 3016 3659 3087 Τριάδι.
3694 3018 3755 3085 τῇ

2175 3112 2270 3163 καὶ
2313 3110 2383 3161 τὰ
2425 3106 2559 3162 ἄλλα
2602 3110 2682 3172 εἰς
2727 3107 2883 3173 τάξιν
2923 3110 3133 3180 ἀγούσῃ
3178 3111 3321 3163 κατὰ
3366 3110 3467 3180 τὴν
3511 3107 3760 3179 θεολόγον

480 3214 759 3278 staslbos;
794 3224 969 3280 neque
995 3206 1141 3262 enim
1176 3202 1431 3271 conlusio
1460 3202 1570 3257 erit
1597 3201 1653 3255 iu
1688 3199 1906 3264 Triade,
1946 3214 2065 3267 ιιιιαι

2175 3204 2383 3273 φωιήν.
2408 3202 2510 3255 Ἦν
2545 3203 2654 3271 γὰρ
2683 3199 2815 3257 Πᾶν⁴
2841 3200 3085 3271 δώρημα
3112 3201 3344 3255 τέλειον
3370 3201 3607 3263 ἄνωθέν
3631 3202 3759 3257 ἐστι

480 3308 694 3378 reliqua
750 3301 938 3359 omnia
995 3301 1049 3354 in
1082 3296 1334 3353 ordinem
1380 3294 1548 3367 cogit,
1592 3302 1653 3347 ut
1684 3293 2068 3361 theologorum

480 3415 645 3459 voces
667 3398 939 3454 intonant.
969 3392 1221 3456 Etenim,
1252 3390 1301 3445 si
1344 3387 1514 3446 Omne
1546 3389 1745 3443 donum
1777 3392 2069 3457 perlectum

478 3498 756 3549 desursum
794 3498 872 3543 es:
898 3484 1214 3541 descendens
1241 3482 1257 3515 ¹
1284 3499 1300 3550 ;
1326 3497 1427 3538 nec
1453 3492 1536 3537 est
1556 3481 1610 3536 in
1638 3481 1911 3537 creaturis
1941 3495 2071 3551 pro-

478 3588 708 3642 bitatem
734 3580 1118 3654 pmseferens,
1151 3576 1299 3648 quod
1330 3589 1440 3631 non
1491 3574 1620 3631 inde
1648 3582 1889 3636 emanat,
1916 3590 2071 3644 pror-

476 3696 575 3736 sus
598 3674 971 3737 necessarium
1002 3681 1085 3727 est
1101 3685 1224 3727 eam
1250 3684 1373 3740 qua:
1396 3678 1451 3724 et
1470 3668 1791 3739 angelorum
1814 3667 2065 3733 ordines,

477 3782 536 3829 et
574 3770 763 3827 mundi
800 3766 1045 3825 universi
1084 3763 1508 3837 dispositionem
1547 3763 1742 3819 ordine
1780 3760 2068 3817 exornavit

477 3864 757 3927 'l‘riadem,
799 3862 993 3917 ordine
1024 3859 1078 3913 iu
1110 3858 1289 3928 seipsa
1339 3855 1744 3915 interstinctam
1775 3872 1920 3911 esse.
1956 3854 2068 3910 Ad-

477 3957 595 4012 luec
623 3956 841 4011 Triadis
893 3952 1068 4025 ipsius
1097 3967 1301 4008 nomen
1331 3950 1582 4008 ordinem
1613 3950 1815 4021 signat,
1847 3956 1904 4004 et
1947 3947 2066 4003 lieri

474 4052 691 4120 nequit,
727 4060 787 4105 ut
849 4046 1010 4103 Triae
1048 4061 1181 4101 vere
1238 4054 1295 4102 et
1331 4044 1512 4116 reipsa
1559 4044 1795 4109 dicatur,
1830 4042 1936 4098 nisi
1976 4059 2065 4098 re-

473 4140 737 4197 lationem
788 4138 891 4195 tria
954 4136 1047 4193 illa
1095 4135 1244 4192 inter
1273 4149 1331 4192 se
1366 4135 1641 4190 habeant:
1686 4147 1814 4188 nam
1839 4134 1881 4188 si
1938 4133 2065 4203 quis

476 4239 587 4289 duo
632 4232 1007 4305 supposuerit,
1042 4246 1164 4302 qua:
1195 4229 1464 4286 relatione
1496 4230 1639 4285 inter
1688 4244 1747 4284 se
1783 4243 1891 4283 non
1925 4225 2065 4283 refe‘

476 4337 695 4392 rantur,
748 4335 913 4381 erunt
963 4324 1195 4381 duoilta
1241 4338 1491 4394 prorsus,
1546 4334 1747 4378 etnon
1804 4321 2064 4377 dualitas.

476 4420 633 4487 Quod
662 4422 706 4474 si
744 4420 847 4474 tria
868 4427 1018 4483 sunt,
1044 4432 1169 4486 qua;
1196 4424 1610 4486 supponuntur,
1637 4416 1684 4472 si
1716 4415 2067 4486 unumquod-

2175 3293 2563 3360 καταϐαῖνον,
2607 3294 2701 3347 καὶ
2738 3295 2842 3348 οὐκ
2886 3294 3036 3348 ἔστιν
3075 3295 3232 3349 οὐδὲν
3273 3295 3515 3369 χρηστὸν
3556 3297 3613 3348 ὲν
3650 3299 3759 3357 τοῖς

2175 3390 2491 3458 πείσμασιν⁷
2523 3386 2550 3439 ὂ
2585 3386 2660 3459 μὴ
2690 3387 2901 3441 ὲκεῖΊεν
2928 3388 3077 3458 ἥκει,
3107 3389 3321 3459 ἀνάγκη
3354 3390 3504 3441 πᾶσα
3534 3388 3632 3460 τὴν
3663 3388 3758 3442 καὶ

2174 3482 2422 3552 ἀγγέλων
2461 3482 2743 3552 τάγματα,
2784 3482 2881 3535 καὶ
2923 3482 3135 3553 κόσμου
3180 3482 3379 3547 παντὸς
3421 3481 3573 3560 θέσιν
3610 3482 3759 3549 τάξει

2174 3580 2538 3651 κοσμήσασαν
2574 3578 2780 3650 Τριάδα
2812 3577 3071 3650 τετάχθαι
3138 3579 3196 3631 έν
3229 3578 3422 3647 ἑαυτῇ.
3457 3578 3602 3649 Προς
3637 3577 3758 3632 τού·

2171 3690 2287 3737 τοις
2318 3674 2417 3727 καὶ
2445 3673 2507 3725 τὸ
2537 3675 2633 3743 τῆς
2662 3670 2880 3745 τριάδος
2913 3671 3084 3741 ὄνομα
3111 3670 3264 3740 τάξιν
3295 3670 3449 3742 δηλοῖ
3468 3713 3482 3737 ,
3516 3674 3611 3726 καὶ
3641 3672 3761 3727 ἁδί-

2171 3783 2332 3822 νατον
2357 3766 2553 3837 τριάδα
2580 3765 2769 3834 λέγειν
2794 3764 3009 3836 ἀληθῶς
3038 3767 3133 3820 καὶ
3159 3766 3591 3836 πραγματικῶς,
3612 3766 3661 3818 εἰ
3692 3766 3760 3836 μὴ

2171 3859 2358 3930 σχέσιν
2399 3858 2536 3930 πρὸς
2582 3857 2791 3930 ἄλληλα
2836 3858 2950 3930 ἔχει
2990 3857 3059 3911 τὰ
3104 3858 3253 3929 τρία.
3296 3855 3364 3912 Et
3404 3875 3488 3921 τις
3527 3859 3637 3931 γὰρ
3676 3858 3763 3911 δύο

2170 3954 2292 4008 τινὰ
2330 3952 2561 4022 ύποθείη
2584 3992 2597 4017 ,
2635 3950 2713 4023 μὴ
2748 3952 2935 4022 σχέσιν
2969 3951 3160 4025 ἔχοντα
3198 3951 3333 4024 πρὸς
3373 3951 3582 4023 ἄλληλα
3616 3954 3760 4006 οἱαν-

2169 4043 2265 4098 οῦν
2286 4086 2301 4112 ,
2331 4045 2527 4109 δύο,οῦ
2558 4043 2689 4105 δυὰς
2711 4082 2725 4107 ,
2756 4042 2933 4099 ἔσται.
2972 4044 3035 4097 ει
3069 4043 3123 4097 δὲ
3159 4043 3287 4115 τρία
3319 4044 3405 4114 εἴη
3442 4044 3508 4098 τά
3541 4043 3759 4097 timaret.

2174 4157 2332 4213 μενα,
2362 4141 2409 4193 εί
2442 4143 2541 4209 μὲν
2567 4139 2801 4194 ἕκαστον
2832 4138 2971 4209 πρὸς
2998 4139 3067 4193 τά
3089 4138 3254 4191 λοιπὰ
3279 4137 3373 4192 δύο
3404 4139 3592 4210 σχέσιν
3622 4138 3749 4209 ἔχει,

2172 4233 2330 4305 τριὰς
2370 4232 2526 4285 ἔσται
2551 4248 2566 4262 ·
2604 4232 2655 4283 εί
2691 4231 2747 4285 δὲ
2792 4231 2899 4302 μὴ,
2936 4232 3085 4301 τρία.
3123 4230 3184 4284 Εἰ
3220 4231 3329 4301 ἄρα
3364 4230 3477 4301 ἔχει
3512 4233 3540 4283 ὁ
3578 4229 3758 4300 Πατὴρ

2172 4326 2309 4395 πρὸς
2346 4325 2436 4379 τὸν
2475 4327 2601 4379 Υίὸν
2637 4327 2731 4381 καὶ
2764 4325 2823 4377 τὸ
2862 4324 3087 4395 Πνεῦμα
3119 4324 3217 4395 τὴν
3251 4325 3373 4379 κατ’
3396 4326 3580 4379 αἰτίαν
3612 4342 3757 4393 φυσι-

2174 4420 2275 4491 κὴν
2313 4420 2501 4490 σχέσιν
2527 4435 2542 4449 ο
2582 4420 2611 4473 δ
2653 4419 2710 4472 δὲ
2749 4418 2879 4481 Tib;
2921 4420 3061 4487 πρὸς
3103 4416 3202 4487 μὲν
3236 4418 3331 4470 τὸν
3369 4418 3592 4490 Πατέρα
3634 4419 3761 4491 ἔχει9

478 4529 588 4581 que
626 4512 696 4567 ad
730 4512 939 4582 reliqua
974 4512 1078 4566 tria
1126 4510 1448 4566 relationem
1500 4511 1688 4575 habet,
1717 4511 1823 4565 erit
1855 4510 2015 4565 Trias
2046 4527 2063 4577 ;

2174 4513 2257 4567 ὅτι
2287 4513 2346 4578 ἐξ
2377 4511 2569 4577 αὑτοῦ,
2598 4513 2736 4585 πρὸς
2766 4510 2825 4565 δὲ
2849 4513 2910 4563 τὸ
2942 4510 3169 4582 Πνεῦμα
3199 4511 3477 4582 οὐδεμίαν,
3509 4511 3631 4567 οὕτε
3662 4512 3757 4584 μὴν

477 4608 561 4661 sin
609 4607 813 4671 minus,
868 4606 993 4661 tria.
1055 4604 1227 4676 igitur
1275 4605 1321 4659 si
1376 4604 1538 4659 Pater
1595 4618 1724 4673 erga
1758 4604 1977 4667 Filium,
2014 4613 2069 4661 et

476 4715 607 4770 erga
640 4697 907 4769 Spiritum
939 4707 1191 4752 sanctum
1230 4697 1555 4753 relationem
1588 4699 1918 4766 naturalem,
1944 4714 2065 4753 eam

478 4808 699 4863 nempe.
720 4807 843 4863 quat
874 4790 1180 4847 secundum
1210 4806 1430 4847 causam
1461 4800 1566 4855 est,
1590 4791 1868 4862 possidet:
1896 4789 2071 4847 Filius

476 4900 613 4939 vero
639 4899 769 4956 erga
796 4886 1039 4947 Patrem,
1073 4885 1222 4955 quod
1244 4901 1309 4939 es
1343 4900 1412 4940 eo
1443 4894 1550 4949 est,
1575 4885 1670 4940 sed
1699 4885 1768 4941 ad
1794 4887 2066 4956 Spiritum

479 4978 707 5044 nullam,
758 4993 940 5049 neque
992 4978 1236 5048 Spiritus
1283 4994 1413 5051 erga
1446 4978 1669 5048 Filium,
1704 4989 1799 5034 aut
1831 4980 2067 5036 dualitas

480 5070 673 5137 fuerit,
729 5080 825 5125 aut
869 5082 984 5127 tres
1025 5071 1127 5139 dii,
1176 5071 1284 5126 beu
1336 5088 1451 5127 rem
1494 5074 1735 5141 ineptam
1765 5084 1933 5144 atque
1972 5076 2068 5130 ab—

482 5160 744 5216 surdam!
775 5172 831 5217 et
858 5178 967 5217 non
999 5161 1244 5217 Trinitas
1277 5164 1458 5230 Deus;
1508 5179 1674 5233 quam
1724 5164 2065 5235 impietatem

2175 4608 2236 4661 τὸ
2285 4606 2512 4675 Πνεῦμα
2556 4612 2697 4675 πρὸς
2735 4606 2827 4660 τὸν
2873 4605 3025 4671 Υίὺν,
3067 4605 3100 4676 ἢ
3146 4605 3278 4668 δυὰς
3322 4604 3501 4671 ἔσται,
3547 4607 3580 4678 ἥ
3622 4609 3757 4677 τρεῖς

2177 4697 2392 4752 ἔσονται
2419 4699 2566 4764 Θεοὶ,
2592 4698 2695 4765 φεῦ
2725 4697 2822 4768 τῆς
2849 4698 3108 4760 ἁτοπίαςί
3143 4700 3238 4751 καὶ
3264 4699 3325 4751 οὐ
3357 4698 3529 4771 Τριάς
3556 4700 3585 4753 δ
3612 4699 3751 4761 θεὸς.

2184 4792 2287 4845 Ἦν
2328 4792 2391 4862 δὴ
2437 4791 2695 4847 ἀσέϐειαν
2734 4792 3000 4861 φεύγουσι
3044 4795 3157 4855 τοῖς
3198 4790 3545 4857 διδασκάλοις
3592 4790 3755 4852 καλῶς

2180 4886 2400 4955 λέγεται
2426 4928 2441 4952 ,
2476 4888 2569 4939 καὶ
2602 4888 2723 4949 ταῖς
2768 4887 2973 4949 κοιναῖς
3006 4886 3118 4940 τῶν
3153 4886 3505 4957 Χριστιανῶν
3539 4888 3755 4947 ἐννοίαις

2182 4982 2535 5048 πιστεύεται,
2567 4982 2793 5054 ἔχεσθαι
2822 4982 3071 5055 ἀλλήλων
3100 4984 3199 5047 τάς
3234 4982 3388 5047 θεάς
3418 4983 3753 5045 ὑποστάσεις.

2183 5077 2253 5130 '0
2276 5081 2386 5143 τοῖς
2415 5078 2665 5149 Γραικοῖς
2692 5077 2943 5148 οὐδαμῶς
2968 5077 3222 5142 σώζεται.
3244 5078 3411 5132 Ὥστε
3439 5080 3707 5132 κινδυν-ύε
3734 5096 3755 5125 ν

2156 5170 2377 5233 ,αὐτοὺς
2406 5170 2504 5239 τῆς
2537 5170 2614 5232 εἰς
2646 5169 2853 5239 Τριάδα
2884 5169 3123 5233 πίστεως
3152 5172 3504 5225 ἀποπίπτειν.

482 5260 675 5314 sedula
755 5259 1076 5331 provisione
1139 5261 1485 5317 declinantes
1550 5264 1807 5318 doctores
1860 5266 2067 5334 optime
2105 5266 2467 5333 aﬂirmarunt,
2536 5281 2592 5324 et
2620 5270 3011 5325 communibus
3070 5268 3513 5325 Christianorum
3547 5270 3751 5338 opinio-

484 5354 648 5409 nibus
696 5356 968 5422 creditur,
1014 5356 1236 5413 dirinas
1314 5358 1641 5431 ltypostases
1707 5361 1937 5415 alteram
1985 5363 2144 5417 alteri
2187 5365 2494 5431 adhaerere,
2529 5366 2675 5437 quod
2700 5367 2843 5436 apud
2873 5364 3091 5423 ercos
3116 5366 3275 5437 plane
3302 5369 3639 5437 antiquatum
3661 5376 3750 5432 est,

486 5448 679 5519 utinm
712 5460 1001 5505 versentur
1022 5452 1077 5505 in
1109 5452 1380 5521 periculo.
1402 5470 1468 5507 ne
1494 5453 1564 5509 de
1588 5453 1694 5509 ﬁde
1716 5456 1771 5509 in
1802 5454 2073 5512 Trinitate
2112 5459 2399 5516 decidant.

558 5539 615 5593 4.
649 5539 882 5605 Quodsi
932 5542 1195 5610 dixerint,
1252 5544 1452 5601 Filium
1502 5547 2073 5607 consubstantiaiitate

486 5632 809 5690 relationem
842 5634 1045 5694 habere
1097 5653 1225 5711 erga
1278 5636 1566 5709 Spiritum,
1606 5650 1811 5699 temere
1844 5642 1909 5696 itl-
1939 5659 2064 5713 pro«-

568 5820 583 5849 ⁸
623 5818 741 5875 Jac.
784 5838 823 5885 ι,
861 5820 945 5874 Π.

2252 5555 2313 5606 δ’.
2364 5556 2420 5607 ΕΞ
2457 5554 2512 5607 δὲ
2548 5553 2794 5621 λέγοιεν,
2831 5554 2907 5615 ὡς
2947 5556 3061 5625 ἔχοι
3098 5557 3284 5627 σχέσιν
3316 5557 3342 5608 ὁ
3380 5553 3667 5628 Υἱὸςπρὸς
3698 5554 3749 5608 si

2176 5645 2398 5716 Πνεῦμα
2446 5648 2511 5717 τῇ
2569 5646 2989 5717 ὁμοουσιότητι,
3025 5648 3125 5700 οὐκ
3179 5649 3476 5717 ἀναγκαῖος
3512 5650 3542 5703 δ
3577 5648 3749 5718 λόγος,
