4044 6154
456 262 571 330 ἿἿ5

1652 264 1977 327 GEORGII
2018 265 2533 332 TBAPEZUNTI‘I

3619 262 3722 329 T16

464 392 649 457 itaque
670 399 735 439 ex
768 382 924 439 Patre
949 398 1071 439 cum
1096 381 1167 438 sit
1195 380 1453 453 Spiritus,
1488 383 1799 439 necessario
1827 366 2036 438 estse-

2158 383 2395 447 τιθέντας
2427 383 2560 438 Υἱοῦ
2590 384 2646 437 τὸ
2704 383 2933 453 Πνεῦμα
2966 376 3189 455 φέύγειν
3214 384 3287 449 ὡς
3316 384 3568 448 ἀσεϐεἶς;
3597 385 3721 456 Τρί-

465 480 681 538 cundus
704 495 733 533 a
756 475 913 531 Filio.

533 664 585 721 6.
628 663 795 734 idque
826 662 954 717 novi
977 658 1289 717 Graecorum
1318 658 1553 731 theologi
1574 673 1681 715 non
1710 659 2038 724 abnuentes,

463 772 497 811 o
551 753 860 811 inscitiam!
894 754 961 810 de
996 753 1299 823 prolatione
1341 750 1394 807 in
1435 752 1630 807 ordine
1664 740 1975 808 sermonem
2010 766 2041 806 a

462 856 655 905 saneto
685 847 888 903 factum
920 859 1043 901 esse
1071 843 1314 898 tradunt.
1350 844 1417 899 At
1446 858 1577 899 vero
1604 846 1705 899 hoc
1733 843 1962 913 impium
1988 851 2044 899 et

463 955 694 1013 prorsus
734 940 1002 995 absonum
1045 952 1193 1002 esse,
1229 951 1337 991 non
1384 936 1488 992 erit
1529 935 1748 991 dillicile
1811 937 2043 1013 demon-

464 1012 663 1088 strare.
722 1030 827 1087 Sed
880 1028 1037 1100 prius
1088 1026 1337 1082 ordinem
1364 1025 1640 1097 duplicem
1669 1042 1794 1083 esse
1855 1012 2046 1082 obser-

464 1126 707 1180 vandum
740 1134 858 1189 est;
896 1122 1130 1176 alterum
1154 1159 1170 1185 ,
1199 1120 1293 1191 qui
1328 1119 1381 1173 in
1416 1134 1475 1173 re
1517 1134 1626 1173 non
1668 1129 1773 1185 est,
1805 1118 1899 1173 sed
1946 1134 2044 1173 co-

464 1219 730 1292 gitatione
785 1214 1183 1271 considerantis
1249 1210 1556 1280 eﬂlngitnr;
1616 1210 1891 1278 alterum,
1948 1210 2045 1279 qui

468 1328 658 1383 reapse
698 1319 803 1375 est,
848 1318 902 1364 et
953 1308 1294 1369 verissimus,
1337 1321 1444 1359 non
1485 1303 1555 1357 ab
1592 1304 1698 1358 alio
1751 1304 2044 1370 conﬁctas,

464 1407 562 1461 sed
612 1406 665 1461 in
699 1406 863 1461 rebus
906 1402 1038 1472 ipsis
1075 1416 1195 1456 esse
1247 1400 1647 1453 consideratus.
1690 1398 1759 1452 Et
1815 1397 1884 1452 de
1940 1397 2047 1454 hoc

466 1508 718 1555 sanctum
749 1500 909 1552 verba
952 1495 1173 1554 iecisse.
1199 1502 1364 1562 patet.
1412 1490 1679 1555 Primum,
1708 1490 1854 1561 quod
1888 1490 2045 1554 ordo,

466 1592 559 1661 qui
594 1606 661 1645 ex
712 1587 1075 1659 dispositione
1126 1583 1410 1638 hominum
1453 1583 1531 1648 lit,
1559 1581 1647 1652 pie
1684 1596 1902 1651 quoque
1942 1580 2045 1635 im-

467 1685 667 1739 mutari
703 1680 924 1753 poterit,
958 1693 1081 1733 cum
1118 1678 1189 1731 sit
1223 1675 1476 1729 humana:
1501 1674 1879 1745 intelligentia:
1896 1688 2048 1728 com-

2150 494 2237 530 τον
2265 478 2375 548 ἄρα
2402 479 2463 531 τὸ
2498 476 2718 549 Πνεῦμα.
2752 482 2814 531 ὲκ
2843 477 2937 532 τοῦ
2970 478 3182 550 Πατρὺς
3210 477 3298 544 ὅν,
3331 477 3585 550 δεύτερον
3613 478 3723 531 ἐστι

2150 568 2242 622 τοῦ
2275 568 2406 621 Υἱοῦ
2441 568 2560 622 κατ’
2586 569 2852 639 ἀνάγκην.
2943 615 2965 629 ._

2222 667 2298 725 9'.
2342 659 2516 715 Τοῦτο
2557 661 2612 715 δὲ
2656 664 2704 715 οἱ
2745 662 2851 715 τῶν
2894 661 3147 732 Γραικῶν
3189 658 3582 730 ὁμολογοῦντες
3624 660 3724 713 νέοι

2151 751 2430 822 θεολόγοι,
2469 751 2513 806 ὣ
2555 754 2653 823 τῆς
2702 755 3013 823 άμαθείαςι
3063 755 3191 824 περὶ
3230 754 3331 823 τῆς
3373 754 3434 807 ὲν
3475 754 3726 823 προφορᾷ

2148 844 2355 911 τάξεως
2395 848 2527 915 φασι
2566 844 2641 915 τῷ
2678 844 2819 914 ἁγίῳ
2853 845 3106 913 γενέσθαι
3138 846 3229 898 τὸν
3260 846 3437 914 λόγον.
3474 847 3549 900 Τὸ
3582 846 3628 899 δ’
3648 847 3724 899 ὅτι

2149 936 2347 999 ἀσεϐὲς
2382 937 2475 990 καὶ
2508 935 2772 990 ἀδύνατον
2804 937 2867 990 οὐ
2902 935 3137 1005 χαλεπὸν
3164 936 3358 1004 δεῖξαι.
3401 936 3566 991 Ἀλλά
3600 939 3728 1007 πρό-

2148 1045 2306 1099 τερον
2342 1027 2537 1098 διπλῆν
2572 1021 2713 1080 εἶναι
2746 1030 2845 1098 τὴν
2880 1026 3034 1095 τάξιν
3067 1028 3265 1081 ειδέναι
3301 1028 3415 1095 δεῖ,
3454 1028 3554 1100 μία
3595 1029 3691 1098 μὲν
3712 1071 3725 1094 ,

2148 1120 2273 1192 ἥτις
2304 1119 2383 1191 τῷ
2429 1120 2526 1190 μὲν
2564 1118 2851 1191 πράγματι
2893 1118 2956 1174 οὐ
2998 1120 3298 1191 πρόσεστι,
3336 1119 3635 1173 πλάττεται
3672 1120 3727 1172 δὲ

2148 1213 2359 1285 διανοίᾳ
2403 1210 2499 1266 τοῦ
2552 1212 2988 1283 στοχαζομένου,
3041 1211 3176 1282 μίαν
3224 1212 3282 1264 δὲ
3334 1211 3729 1282 πραγματικὴν

2149 1305 2527 1378 ἀληθεστάτην
2548 1348 2564 1372 ,
2595 1306 2655 1359 οὐ
2691 1304 3072 1377 πλαττομένην
3103 1307 3252 1375 παρά
3282 1322 3426 1369 τινος
3449 1346 3466 1371 ,
3498 1304 3616 1358 ἀλλ’
3644 1306 3729 1380 iv:-

2150 1399 2535 1470 Θεωρουμένην
2572 1400 2683 1463 τοῖς
2727 1399 3068 1470 πράγμασιν.
3100 1397 3226 1454 Ὀτι
3268 1396 3323 1451 δὲ
3366 1397 3497 1470 περὶ
3530 1394 3728 1465 ταύτης

2148 1492 2229 1563 τῷ
2261 1492 2401 1563 ἁγίῳ
2432 1493 2460 1545 δ
2490 1492 2644 1561 λόγος
2679 1492 2861 1563 δῆλονο
2894 1491 3114 1563 Πρῶτον
3147 1493 3264 1561 μὲν,
3296 1492 3377 1546 ὅτι
3408 1492 3441 1563 ἠ
3474 1490 3618 1546 κατὰ
3646 1488 3731 1542 δέἱ

2153 1601 2237 1637 σιν
2268 1585 2420 1651 τάξις
2455 1588 2551 1637 καὶ
2584 1585 3005 1639 ὲναλλάττεσθαι
3036 1584 3218 1657 δύνητ’
3244 1586 3311 1638 ἂν
3343 1583 3605 1650 εὐσεϐῶς,
3638 1582 3730 1637 άνο

2153 1677 2431 1748 Optauit-qq
2461 1674 2597 1733 οὖσα
2625 1678 2864 1742 διανοίας
2893 1676 3207 1748 ἑφεύρημα.
3246 1677 3462 1747 Ἐκείνη
3490 1677 3571 1741 δὲ,
3603 1678 3731 1746 περὶ

467 1791 759 1834 mentum:
808 1784 866 1829 at
922 1774 1009 1829 ille
1047 1772 1116 1827 de
1166 1786 1273 1841 quo
1304 1768 1616 1840 Theologus
1667 1768 1885 1823 locutus
1935 1779 2043 1834 est,

2243 1770 2319 1842 τῷ
2347 1741 2582 1843 θεολόγῳ
2608 1772 2637 1823 ὀ
2663 1741 2968 1841 16‘30;,05;¢
3000 1741 3312 1841 ἐπιδέχεται
3345 1741 3563 1840 κίντισιν
3586 1741 3731 1822 οἱαν-

466 1869 674 1924 nullatn
729 1866 814 1922 sui
867 1862 1224 1920 mutationem
1282 1860 1545 1915 admittit.
1612 1858 1745 1913 Nam
1800 1859 2046 1930 fugiendi

466 1973 614 2030 sunt,
655 1961 749 2032 qui
791 1961 1103 2023 immutant,
1153 1965 1409 2024 tanquam
1458 1952 1791 2023 apertissimi
1825 1952 2049 2021 pietatis

467 2060 675 2112 hostes.
710 2055 979 2110 Praeterea
1042 2048 1329 2108 Trinitatis
1361 2060 1647 2111 arcanum,
1675 2059 1785 2099 non
1822 2045 1876 2099 in
1913 2044 2045 2099 sim-

467 2150 703 2223 plicibus
746 2146 954 2211 verbis,
1008 2153 1062 2198 et
1117 2141 1283 2198 nudis
1343 2138 1710 2194 relationibus
1767 2138 2047 2207 subsistit,

466 2244 560 2299 sed
602 2240 808 2310 reipsa,
840 2247 897 2292 et
947 2248 1075 2289 vere
1113 2231 1355 2285 Trinitas
1402 2238 1506 2282 est.
1543 2227 1607 2281 Et
1642 2243 1748 2281 non
1774 2225 1899 2297 quia
1948 2240 2050 2280 nos

467 2337 523 2392 iu
584 2332 911 2388 Trinitatem
958 2326 1255 2389 credimus,
1297 2329 1590 2393 propterea
1638 2317 1900 2382 Trinitas,
1952 2313 2049 2371 sed

465 2427 593 2500 quia
627 2423 871 2479 Trinitas
917 2430 1039 2485 est;
1081 2417 1205 2472 ideo
1231 2430 1330 2470 nos
1357 2415 1412 2468 in
1444 2412 1771 2467 Trinitatem
1808 2408 2048 2465 credidi-

466 2537 610 2584 mus,
643 2527 700 2575 et
729 2514 989 2588 baptizati
1019 2525 1229 2567 sumus.
1272 2510 1454 2577 Quare
1484 2503 1821 2562 censendum
1856 2510 1964 2566 est,
1995 2502 2049 2557 in

467 2615 667 2673 Triade
705 2611 954 2670 ordinem
982 2622 1088 2662 non
1119 2619 1239 2660 esse
1290 2600 1590 2658 secundum
1648 2606 1893 2653 nostram
1936 2595 2052 2652 dis-

470 2711 842 2785 positionem:
887 2711 1036 2759 esset
1075 2699 1224 2755 enim
1280 2696 1529 2752 omnium
1595 2690 2050 2748 absurdissimum

468 2783 523 2863 in
576 2812 774 2860 nostrte
808 2795 1159 2870 cogitationis
1198 2793 1418 2847 iuventa
1458 2788 1708 2845 credere.
1742 2785 1848 2841 Sed
1903 2783 2050 2856 quod

466 2899 604 2954 ordo
638 2899 692 2950 iu
739 2893 1014 2949 Triuitate
1044 2896 1153 2951 est,
1194 2885 1320 2941 ideo
1378 2883 1468 2937 ille
1518 2881 1844 2937 statuendus
1887 2876 2050 2933 simul

466 3005 630 3065 atque
676 2984 984 3045 credendus
1016 2991 1129 3047 est;
1180 2987 1237 3034 et
1266 2986 1330 3031 ut
1381 2974 1556 3031 (ἔτωοί
1599 2971 1873 3037 dicerent,
1925 2983 2054 3039 pro-

465 3087 604 3157 spici
651 3082 901 3139 ordinem
959 3076 1016 3131 in
1052 3075 1209 3129 Patre
1244 3079 1297 3126 et
1344 3067 1504 3131 Filio,
1545 3082 1656 3121 non
1687 3073 1915 3137 prOpter
1948 3077 2052 3117 no-

466 3186 677 3237 minttm
708 3174 1050 3236 relationem,
1087 3169 1181 3223 sed
1239 3176 1461 3236 propter
1521 3178 1704 3218 rerum
1740 3160 2047 3230 veritatem,

469 3272 861 3345 pratintelleeta
892 3280 1058 3321 causa
1093 3261 1351 3317 naturali.
1385 3259 1541 3327 Item,
1571 3255 2050 3326 Quemadmodum

468 3368 645 3424 Patris
688 3379 818 3434 erga
881 3357 1145 3430 Spiritum
1201 3356 1527 3409 relationem
1577 3365 1698 3408 esse
1748 3349 2050 3415 credimus,

456 3464 599 3516 licet
646 3456 865 3511 nomina
904 3453 1049 3507 inter
1080 3466 1141 3507 se
1186 3464 1295 3503 non
1337 3445 1670 3507 referantur,
1717 3445 1790 3499 ita
1827 3459 2056 3513 prorsus

462 3558 635 3610 debet
664 3567 786 3609 esse
815 3563 870 3605 et
910 3547 1030 3603 Filii
1087 3544 1282 3601 relatio
1317 3559 1443 3613 erga
1491 3542 1778 3612 Spiritum.
1816 3538 1969 3605 Quod
2008 3537 2053 3593 si

469 3650 522 3704 id
579 3662 688 3703 non
726 3654 833 3709 est,
868 3655 1045 3712 neque
1092 3654 1218 3694 vere
1252 3640 1450 3693 tertius
1496 3637 1604 3691 erit
1657 3633 1922 3706 Spiritus,
1958 3630 2053 3686 sed

470 3750 679 3795 tantum
714 3736 999 3792 nominum
1052 3734 1319 3803 positione
1362 3731 1664 3785 collocatus
1707 3747 1720 3782 :
1757 3720 1967 3783 Etenim
2011 3726 2056 3781 si

469 3834 837 3906 productorem
875 3827 1261 3900 appellabimus
1298 3823 1537 3885 Patrem.
1570 3831 1632 3877 ut
1661 3822 1841 3892 inquit
1871 3818 2050 3885 Nilus,

470 3927 796 3984 Trinitatem
830 3924 1123 3991 abrogans,
1152 3928 1209 3973 et
1237 3916 1574 3973 .Grrecorum
1623 3914 1909 3985 theologus
1941 3921 2055 3968 ter-

435 4008 602 4087 tus,
635 4018 803 4073 Filius
837 4015 999 4069 veluti
1029 4028 1127 4084 per
1143 4010 1459 4080 productum
1488 4023 1514 4061 ε
1535 4008 1895 4079 producente;
1918 4004 2059 4072 quod

455 4115 516 4168 αἱ
546 4112 781 4173 Patrem,
818 4108 1004 4162 tertius
1032 4106 1130 4159 erit
1160 4100 1416 4175 Spiritus,
1447 4111 1703 4171 tanquam
1733 4116 1826 4171 per
1854 4096 2059 4153 Filium

470 4224 536 4262 ea:
581 4205 769 4259 Patre.
833 4201 996 4255 Vides
1024 4198 1179 4255 hunc
1232 4196 1378 4252 inter
1424 4193 1623 4250 Filium
1687 4203 1744 4249 et
1789 4192 2057 4265 Spiritum

476 4300 681 4355 nullam
713 4297 1070 4363 interponere
1095 4287 1459 4345 relationem?
1487 4277 1607 4343 Hoc
1633 4289 1796 4342 modo
1827 4291 1946 4341 duae
1973 4286 2058 4342 hae

475 4397 794 4463 hypostases
844 4382 1266 4440 confunduntur
1310 4382 1380 4437 ab
1412 4381 1532 4451 ipso
1558 4388 1616 4435 et
1660 4380 1837 4452 pietas
1876 4379 2055 4449 palam

2150 1863 2263 1918 οὖν.
2291 1865 2577 1917 Φευκταϊοι
2605 1864 2715 1935 γὰρ
2745 1865 2792 1917 oi
2827 1858 3265 1927 ivalm‘trowsg,
3292 1862 3366 1928 ὡς
3395 1862 3643 1934 φανερῶς
3668 1866 3731 1933 τῇ

2151 1958 2403 2031 εὐσεϐείᾳ
2441 1960 2761 2028 μαχόμενοι.
2793 1960 3026 2013 Ἔπειτα
3059 1959 3114 2013 δὲ
3148 1959 3245 2013 καὶ
3277 1958 3337 2011 τὸ
3370 1962 3471 2028 τῇς
3502 1957 3730 2028 Τριάδος

2156 2054 2455 2124 μυστήριον
2485 2052 2585 2106 οὐκ
2618 2053 2675 2105 ὲν
2704 2051 2880 2123 ψιλοῖς
2911 2053 3141 2122 ὀνόμασι
3160 2094 3175 2118 ,
3209 2050 3305 2104 καὶ
3335 2051 3570 2121 γυμναῖς
3602 2050 3735 2104 ἀνα-

2154 2148 2346 2217 φοραίς
2379 2146 2492 2216 ἔχει
2520 2144 2580 2198 τδ
2610 2142 2774 2212 εἶναι,
2804 2145 2937 2199 ἀλλὰ
2967 2145 3045 2216 τῷ
3076 2146 3363 2217 πράγματι
3393 2144 3585 2217 Τριὰς,
3614 2144 3735 2215 ἦτοι

2154 2239 2373 2308 ἀληθῶς
2402 2239 2591 2311 Τριάς.
2627 2238 2763 2295 Οὐδὲ
2797 2240 2872 2309 τῷ
2906 2239 3055 2309 ἡμᾶς
3084 2239 3167 2295 είς
3198 2240 3406 2310 Τριάδα
3439 2237 3733 2303 πιστεύειν,

2151 2334 2237 2389 διὰ
2271 2332 2430 2387 τοῦτο
2464 2330 2671 2404 Τριὰς,
2717 2332 2834 2386 ἀλλ’
2862 2333 2943 2385 ὅτι
2978 2332 3147 2403 Τριὰς
3192 2332 3645 2403 πεπιστεύκαμεν
3677 2350 3733 2386 τε
3799 2388 3803 2392 ,

2154 2429 2236 2493 είς
2272 2428 2513 2497 Τριάδα,
2557 2428 2653 2481 καὶ
2697 2427 3132 2499 βεϐαπτίσμεθα.
3179 2429 3290 2482 Καὶ
3324 2428 3423 2499 τὴν
3456 2429 3514 2481 ὲν
3550 2426 3738 2499 Τριάδι

2153 2524 2264 2598 ἄρα
2289 2524 2441 2590 τάξιν
2469 2524 2532 2578 οὑ
2562 2524 2708 2579 κατὰ
2736 2525 2837 2596 τὴν
2866 2524 3139 2596 ἡμετέραν
3167 2524 3318 2579 θέσιν
3342 2519 3486 2580 εἶναι
3517 2542 3739 2578 πιστευ-

2153 2618 2294 2671 τέον.
2343 2611 2579 2670 Πάντων
2611 2618 2719 2686 γὰρ
2762 2616 2828 2671 ἂν
2874 2613 2941 2687 ἦν
2985 2615 3356 2682 ἀτοπώτατον,
3403 2618 3483 2680 εἰς
3523 2616 3596 2672 τά
3639 2616 3736 2687 τῆς

2157 2709 2435 2780 ἡμετέρας
2460 2708 2701 2772 διανοίας
2725 2707 3078 2779 ἐξευρήματα
3098 2709 3401 2767 πιστεύειν.
3419 2709 3581 2763 Ἀλλὰ
3604 2708 3737 2764 διότι

2156 2805 2310 2871 τάξις
2344 2805 2609 2874 πρόσεστι
2642 2805 2708 2875 τῇ
2744 2802 2976 2875 Τριάδι,
3012 2803 3207 2858 τούτου
3245 2802 3410 2876 χάριν
3444 2794 3617 2872 αὐτὴν
3652 2804 3737 2857 δε-

2156 2899 2278 2953 τέον
2299 2896 2416 2969 ἅμα
2438 2897 2532 2950 καὶ
2555 2896 2873 2951 πιστευτέον
2892 2911 2909 2930 ο
2935 2896 3029 2951 καὶ
3052 2895 3244 2969 ὥσπερ
3264 2895 3329 2950 ἂν
3351 2895 3558 2951 είποιεν
3578 2895 3739 2968 Γραιι

2158 2991 2247 3047 κοὶ
2289 2989 2714 3061 ἐπιθεωρεῖσθαι
2744 2990 2842 3061 τὴν
2876 2988 3031 3056 τάξιν
3068 2992 3124 3043 ἐν
3163 2991 3338 3061 Πατρὶ
3377 2989 3474 3042 καὶ
3517 2988 3634 3061 Υίῷ
3673 2990 3733 3043 οὐ

2081 3110 2126 3169 c
2159 3084 2246 3138 ea
2277 3085 2376 3155 τὴν
2405 3084 2514 3138 τῶν
2545 3084 2827 3153 ὀνομάτων
2862 3083 3141 3155 ἀναφορὰν
3162 3123 3177 3150 ,
3208 3083 3347 3138 ἀλλὰ
3379 3083 3467 3138 διὰ
3495 3082 3597 3156 τὴν
3627 3082 3734 3137 τῶν

2158 3170 2504 3249 πραγμάὲων
2546 3176 2846 3249 ἀλήθειαν,
2893 3178 3381 3248 προοεωρουμένου
3424 3176 3517 3230 τοῦ
3560 3176 3733 3237 αίτίου

2155 3272 2335 3343 φύσει.
2359 3271 2468 3327 Καὶ
2487 3271 2647 3326 πάλιν
2661 3284 2677 3299 ⁸
2702 3271 2914 3342 Ὠσπερ
2932 3270 3025 3324 τοῦ
3049 3271 3257 3342 Πατρὸς
3275 3271 3415 3342 πρὶς
3432 3269 3493 3323 τὸ
3511 3268 3736 3341 Πνεῦμα

2160 3365 2345 3436 σχέσιν
2369 3360 2507 3418 εἶναι
2533 3363 2888 3435 πιστεύομεν,
2914 3365 3093 3418 καίτοι
3117 3381 3176 3433 γε
3206 3364 3310 3417 τῶν
3336 3364 3619 3433 ὀνομάτων
3642 3364 3739 3417 οὐκ

2157 3458 2580 3529 ἀναφερομένων
2611 3456 2746 3529 πρὸς
2773 3456 2981 3528 ἄλληλα
3002 3474 3017 3489 ο
3044 3455 3191 3511 οὕτω
3214 3456 3298 3511 δεῖ
3321 3458 3413 3511 καὶ
3446 3456 3575 3510 Υιοῦ
3603 3456 3741 3528 πρὸς

2157 3552 2218 3605 tr?)
2247 3550 2472 3623 Πνεῦμα
2503 3534 2689 3620 σχέσιν
2718 3546 2858 3603 εἶναι
2888 3550 3126 3613 πάντως.
3161 3552 3221 3603 Ei
3251 3550 3309 3605 δὲ
3342 3550 3440 3623 μὴ,
3469 3552 3530 3604 οὐ
3559 3551 3742 3622 τρίτον

2160 3645 2376 3717 ἀληθῶς
2403 3645 2461 3698 τὸ
2493 3643 2716 3715 Πνεῦμα
2735 3683 2751 3709 ,
2780 3644 2914 3699 ἀλλὰ
2945 3644 3086 3718 μόνῃ
3114 3646 3177 3716 τῇ
3206 3643 3315 3697 τῶν
3340 3644 3623 3715 ὀνομάτων
3650 3645 3740 3699 0&-

2161 3754 2245 3792 σει
2283 3741 2605 3808 φερόμενον.
2645 3734 2715 3791 El
2751 3736 2868 3807 μὲν
2902 3737 3011 3807 γὰρ
3050 3737 3350 3805 προϐολέα
3388 3739 3743 3809 καλέσωμεν

2159 3830 2269 3883 τὸν
2308 3828 2570 3899 Πατέρα,
2618 3828 2690 3892 ὥς
2731 3846 2863 3899 φησι
2903 3828 3125 3895 Νεῖλος,
3166 3829 3195 3882 δ
3235 3830 3334 3902 τὴν
3375 3832 3581 3902 Τριάδα
3621 3831 3744 3887 ἀθε-

2160 3919 2291 3988 τῶν,
2320 3923 2416 3974 καὶ
2444 3922 2472 3973 ὁ
2497 3922 2607 3974 τῶν
2637 3919 2891 3993 Γραικῶν
2918 3919 3172 3991 θεολόγος
3198 3922 3398 3993 τρίτος,
3427 3926 3461 3977 ὁ
3501 3924 3638 3991 Υἱὸς
3664 3925 3743 3993 ὡς

2159 4012 2261 4067 διὰ
2301 4011 2407 4066 τοῦ
2447 4013 2873 4083 προϐλήματος
2914 4013 2982 4068 ἐκ
3018 4014 3129 4068 τοῦ
3172 4014 3550 4084 προϐολέως,
3588 4019 3641 4071 ει
3678 4018 3744 4071 δὲ

2161 4103 2401 4175 Πατέρα
2421 4144 2437 4167 ,
2473 4105 2677 4174 τρίτον
2711 4105 2779 4159 τὸ
2816 4103 3062 4174 Πνεῦμα
3082 4148 3099 4173 ,
3131 4106 3215 4172 ὡς
3244 4104 3323 4161 δι’
3356 4107 3496 4163 Υιοῦ
3528 4111 3597 4165 ἐκ
3630 4112 3741 4164 Πα-

2157 4191 2323 4265 τρός.
2363 4197 2592 4262 Βλέπεις
2636 4200 2752 4263 πῶς
2790 4201 3050 4271 οὐδεμίαν
3089 4198 3229 4257 εἶναι
3267 4202 3523 4274 βοῦλεται
3564 4204 3741 4273 σχέσιν

2163 4288 2296 4343 Υἱοῦ
2335 4292 2428 4343 καὶ
2464 4290 2822 4361 Πνεῦματοςς
2857 4292 3042 4356 Οὕτως
3075 4294 3132 4349 ai
3162 4294 3257 4349 δύο
3287 4294 3615 4358 ὑποστάσεις
3646 4297 3745 4349 at)-

2162 4398 2253 4436 ται
2296 4381 2622 4456 συγχέονται
2661 4382 2811 4455 αὑτῷ
2855 4370 3111 4461 φανερῶς
3155 4387 3453 4460 μαχομένῳ
3486 4390 3553 4459 τῇ
3595 4388 3745 4441 εὐσε-

473 4490 847 4553 oppugnatur.
900 4476 994 4546 Est
1042 4475 1212 4548 igitur
1237 4473 1375 4529 ordo
1406 4475 1551 4530 inter
1600 4476 1929 4545 hypostases
1958 4489 2052 4529 na-

2165 4470 2531 4546 6siq..'Eattv
2581 4474 2691 4545 ἄρα
2737 4476 2887 4541 τάξις
2935 4476 3366 4551 auunculi;
3418 4481 3743 4536 ὑποστάσεσι

477 4587 624 4641 tura,
673 4587 780 4627 non
823 4570 1106 4626 hominum
1137 4566 1430 4639 positione,
1490 4576 1549 4622 et
1593 4567 1766 4622 Filius
1814 4582 1921 4621 non
1974 4575 2063 4621 est

477 4664 755 4722 secundus
782 4678 811 4718 a
840 4661 1069 4734 Spiritu.
1113 4659 1269 4714 Esset
1301 4659 1447 4713 enim
1482 4660 1677 4714 tertius
1722 4658 1765 4714 a‘
1789 4659 1969 4727 Patre,
2004 4668 2070 4715 et‘

476 4760 758 4834 diceretur
806 4752 1124 4826 dependere
1154 4768 1220 4808 ex
1260 4752 1493 4821 Spiritu,
1525 4762 1580 4807 et
1616 4752 1789 4808 Filius
1821 4750 2059 4823 Spiritus

480 4859 916 4921 nuncuparetur,
951 4847 1099 4918 quod
1132 4860 1235 4902 nec
1268 4846 1371 4917 ipsi
1404 4848 1681 4900 daemones
1710 4862 2063 4903 asseverave-

480 4946 612 5001 rint.
634 4943 832 4999 Totum
860 4942 1011 4998 enim
1046 4941 1361 5011 oppositqu
1390 4938 1690 4993 aﬂirmatur
1713 4949 1766 4995 et
1790 4940 2060 5007 creditur,

476 5035 746 5105 Spiritum
794 5033 1061 5104 Spiritum
1096 5029 1218 5085 Filii
1250 5043 1396 5093 esse,
1427 5040 1484 5084 et
1514 5030 1592 5084 illi
1642 5030 1926 5086 adhaerere
1948 5072 1965 5095 ,
1995 5031 2066 5086 ab

438 5132 447 5199 f
481 5144 661 5199 eoque
708 5128 1044 5198 dependere,
1077 5133 1135 5181 et
1173 5126 1263 5180 sie
1301 5124 1533 5180 verbum
1580 5123 1723 5190 Filii,
1773 5132 1827 5178 et
1880 5138 1947 5179 ex
1997 5138 2064 5181 eo

477 5217 866 5293 progrediens.

556 5310 613 5366 7.
644 5309 772 5365 llaec
809 5323 933 5364 cum
965 5308 1041 5363 ita
1070 5321 1129 5362 se
1165 5306 1435 5369 habeant,
1466 5306 1720 5377 sequitur
1750 5304 2066 5363 necessario

474 5418 554 5457 ex
586 5402 753 5457 Patre
780 5411 837 5455 et
858 5416 923 5455 ex
954 5398 993 5453 F
999 5400 1113 5462 ilio,
1150 5399 1267 5453 sive
1316 5414 1414 5467 per
1443 5397 1640 5453 Filium
1686 5398 2065 5454 exsistentiam

489 5494 694 5547 habere
744 5490 1005 5561 Spiritum
1065 5502 1339 5546 sanctum.
1409 5490 1602 5559 Neque
1659 5490 1808 5543 enim
1870 5489 2069 5545 modus

476 5586 627 5641 alius
653 5578 946 5655 excogitari
982 5592 1187 5654 potest,
1223 5583 1317 5653 qui
1367 5583 1571 5637 divinis
1604 5582 1856 5651 personis
1884 5591 2065 5653 aptus,

487 5686 656 5744 atque
705 5676 1097 5730 accommodus
1131 5674 1224 5728 sit.
1252 5674 1372 5740 Quo
1402 5684 1459 5728 et
1504 5674 1753 5729 ordinem
1786 5676 1953 5728 rebus
2011 5676 2065 5729 in

482 5767 624 5836 ipsis
653 5767 1016 5834 servabimus,
1058 5767 1420 5822 etdoetorum
1459 5766 1603 5820 dicta
1632 5780 1943 5835 sequi-mur,
1971 5767 2065 5837 qui

2168 4568 2367 4638 φύσει,
2399 4569 2460 4621 οὐ
2496 4565 2645 4624 θέσει
2681 4569 2963 4642 παροῦσα,
2999 4573 3097 4627 καὶ
3123 4573 3186 4627 οὐ
3216 4573 3534 4647 δευτερεύει
3566 4576 3596 4630 6
3625 4575 3742 4638 Υἱὸς

2167 4662 2263 4717 τοῦ
2296 4661 2637 4733 Πνεύματος.
2664 4657 2774 4717 Ἦν
2806 4664 2915 4736 γὰρ
2945 4663 3012 4719 ἂν
3040 4665 3224 4738 τρίτος
3252 4668 3363 4722 άπὸ
3393 4666 3484 4722 τοῦ
3518 4669 3741 4739 Πατρδς,

2168 4756 2265 4810 καὶ
2314 4753 2648 4826 ἐξηρτῆσθαι
2701 4757 2921 4829 ἐλέγετο
2968 4755 3064 4812 τοῦ
3118 4758 3468 4830 Πνεύματος,
3518 4761 3615 4815 καὶ
3656 4758 3741 4814 τοῦ

2173 4845 2493 4914 Πνεύματος
2530 4839 2655 4910 Tib;
2688 4840 3007 4917 ὠνομάζετο
3027 4889 3041 4912 ,
3075 4849 3214 4920 ὅπερ
3242 4848 3353 4903 οὐδ’
3378 4848 3444 4903 ἂν
3477 4852 3527 4905 οἱ
3561 4851 3743 4922 δαίμο-

2170 4952 2259 4998 νες
2297 4936 2527 4992 είποιεν.
2563 4935 2892 4992 Τοῦναντίον
2928 4940 3027 5010 μὲν
3060 4940 3170 5010 γὰρ
3211 4939 3361 4996 ἅπαν
3393 4942 3491 4996 καὶ
3532 4941 3742 5011 λέγεται

2170 5026 2269 5081 καὶ
2309 5028 2632 5081 πιστεύεται
2673 5027 2734 5082 τὸ
2782 5028 3006 5098 Πνεῦμα
3072 5028 3298 5100 Πνεῦμα
3340 5028 3435 5084 τοῦ
3480 5029 3612 5085 1⁸ῑοῦ
3653 5031 3742 5084 καὶ

2169 5116 2406 5190 ἔχεσθαι·
2430 5119 2597 5173 αὐτοῦ
2631 5120 2730 5174 καὶ
2762 5121 3031 5192 ἑξῆφθαι,
3070 5122 3165 5175 καὶ
3202 5122 3345 5176 οὕτω
3380 5123 3533 5193 ῥῆμα
3576 5122 3738 5187 Υίοῦ,

2170 5212 2267 5265 καὶ
2300 5212 2489 5283 προῖὺν
2520 5212 2580 5277 ἐξ
2608 5212 2800 5269 αὐτοῦ.
2976 5239 2980 5242 ⁴

2243 5304 2309 5369 ζ’.
2350 5305 2570 5359 Τούτων
2604 5304 2779 5370 οὕτως
2813 5306 3069 5377 ἑχόντων,
3103 5307 3315 5380 ἀνάγκη
3353 5311 3506 5363 πᾶσα
3539 5311 3603 5363 ἐκ
3637 5310 3739 5363 Πα-
3779 5338 3781 5341 ι

2172 5398 2299 5467 τρὸς
2341 5400 2434 5451 καὶ
2476 5396 2607 5450 Υἱοῦ
2628 5438 2644 5464 ,
2684 5399 2803 5471 ἦτοι
2843 5398 2912 5453 δι’
2942 5400 3070 5453 Υἱοῦ
3098 5403 3259 5471 ’ἔχειν
3290 5402 3389 5472 τὴν
3422 5402 3656 5474 ὕπαρξιν
3688 5404 3742 5455 to

2172 5490 2399 5562 Πνεῦμα
2430 5492 2489 5544 τὸ
2522 5492 2699 5560 ἅγιον.
2730 5492 2809 5549 Οὐ
2839 5495 2947 5565 γάρ
2976 5495 3124 5548 ἐστιν
3155 5497 3399 5567 ἐξευρεῖν
3425 5499 3630 5568 τρόπον
3658 5498 3741 5553 άλ-

2172 5583 2265 5634 λον
2309 5585 2419 5644 τοῖς
2462 5580 2627 5645 Θείοις
2673 5573 3066 5654 ἁρμόζοντα,ᾦ
3110 5587 3205 5639 καὶ
3245 5587 3344 5658 τὴν
3382 5587 3535 5653 τάξιν
3574 5591 3742 5659 πράγσ

2175 5692 2312 5745 μασι
2361 5666 2675 5747 προσοῦσαν
2720 5675 3053 5749 φυλάξομεν,
3085 5681 3179 5731 καὶ
3208 5683 3329 5744 ask
3359 5680 3469 5735 τῶν
3497 5683 3741 5735 διδασχάο

2174 5768 2281 5820 λων
2314 5769 2755 5841 ἀκολουθήσομεν
2822 5772 3073 5841 ρήσεσιν.
3114 5773 3308 5827 οῗτινετ
3342 5775 3648 5847 bellandi;
3679 5773 3741 5827 δι’
