4102 6144
438 270 555 336 τ179

1637 282 1963 345 GEORGII
2005 282 2521 345 ΤΙὶΛΡΕΖυΝΤΙΙ

3599 274 3709 342 ’780

436 385 857 451 similitudinem
887 399 1083 445 notans
1107 390 1186 444 nil
1214 389 1521 448 conducere
1559 392 1874 449 Latinorum
1901 394 2017 464 opi-

2126 395 2372 466 ἒνέχεται
2420 398 2487 467 τῇ
2540 394 2651 448 τῶν
2700 389 2973 459 Λατίνων,
3001 392 3152 465 δόξῃ,
3204 389 3721 465 προκαταρκτσηκῶς,

440 478 739 551 ιιίοιιίηιιιιί
772 480 939 536 veluti
972 498 1000 537 a
1034 483 1298 553 primario
1332 484 1603 555 principio
1625 496 1680 542 et
1729 487 1951 558 origine
1986 503 2017 542 a

2123 489 2393 558 λεγόντων
2422 490 2483 542 τὸ
2516 486 2742 559 Πνεῦμα
2771 489 2836 542 ἐκ
2866 485 2961 542 τοῦ
2996 486 3238 567 Πατρδς,
3271 485 3368 537 καὶ
3395 484 3495 555 οὐχ
3526 479 3709 546 οὕτως

439 567 600 625 Patre
622 584 746 625 esse
769 571 1039 642 Spiritum
1088 585 1362 641 asserunt,
1415 592 1519 631 nec
1566 592 1635 631 eo
1686 577 1806 647 ipso
1856 576 2020 633 modo

437 677 503 719 ex
536 663 697 720 Filio.
738 664 1049 721 Similitudo
1082 666 1352 739 siquidem
1379 670 1481 724 hoc
1510 669 1562 723 in
1596 669 1742 736 loco,
1772 679 1830 726 ut
1853 669 2016 725 etiam

436 772 502 811 ea
534 772 657 827 quae
689 757 760 813 ab
795 759 917 815 aliis
942 758 1224 828 dicuntur,
1260 762 1349 816 hic
1379 761 1627 829 afferam,
1663 777 1773 818 non
1804 761 1871 817 ad
1904 777 2018 817 no-

440 861 509 905 ta:
532 853 665 905 dum
695 851 942 916 modum,
978 853 1075 908 sed
1120 870 1365 919 causam,
1390 870 1456 909 ex
1491 871 1596 926 qua
1628 865 1734 915 est.
1770 855 2017 912 desumi-

439 955 547 997 tur.
580 944 737 1011 Quod
766 945 813 999 si
837 945 905 1000 ad
936 947 1232 1002 notandum
1283 948 1505 1004 modum
1525 990 1540 1015 ,
1572 951 1779 1020 optime
1809 949 2015 1005 dictum

436 1046 543 1100 est,
582 1038 833 1109 procedit
860 1040 1054 1095 enim:
1072 1038 1232 1098 Patre
1261 1057 1360 1111 per
1388 1040 1610 1110 Filium,
1639 1052 1696 1099 et
1716 1043 2018 1099 similitudo

440 1129 779 1187 exsistentiae
808 1132 1031 1189 modum
1072 1134 1316 1204 respicit,
1350 1135 1497 1205 quod
1531 1150 1597 1199 ex
1642 1146 1877 1206 utroque
1920 1151 2020 1206 per

440 1227 664 1282 modum
697 1230 1067 1298 processionis
1092 1239 1195 1298 est,
1233 1246 1343 1288 non
1392 1231 1631 1303 primum
1686 1244 1743 1287 et
1776 1232 2018 1303 origina-

440 1322 583 1375 rinm
616 1321 969 1393 principium.
1011 1322 1128 1379 Non
1166 1340 1316 1379 enim
1358 1325 1499 1379 alius
1534 1326 1869 1383 exsistentiz
1901 1340 2017 1382 mo-

437 1414 543 1467 dus
594 1423 697 1481 est,
730 1430 851 1470 esse
887 1432 985 1487 per
1015 1416 1235 1473 modum
1267 1418 1524 1490 principii
1571 1420 1843 1490 primarii,
1874 1421 2018 1479 alius

442 1521 541 1575 per
571 1506 703 1561 illud
734 1523 840 1563 non
880 1523 1001 1564 esse
1024 1550 1039 1573 ,
1073 1508 1171 1564 sed
1197 1524 1340 1565 unus
1368 1521 1424 1565 et
1454 1510 1622 1568 idem.
1664 1511 1722 1566 Id
1755 1510 1902 1567 enim
1930 1511 2016 1566 in-

443 1601 563 1654 nuit
594 1598 725 1655 illud
757 1616 856 1670 per
883 1599 1105 1655 modum
1134 1601 1380 1671 primarii
1409 1601 1694 1673 principii.
1727 1601 1882 1669 Quod
1909 1618 2016 1658 una

422 1706 565 1771 cum
598 1690 669 1745 sit
701 1690 1027 1762 productiva
1070 1692 1304 1749 facultas
1332 1694 1406 1749 'ln
1463 1694 1625 1751 Patre
1654 1705 1708 1751 et
1743 1696 1902 1764 Filio,
1948 1716 2016 1756 ex

445 1782 605 1840 Patre
635 1794 913 1856 acceptam
948 1787 1114 1843 liabet
1150 1786 1344 1856 Filius,
1377 1791 1524 1845 unde
1552 1802 1607 1846 et
1643 1807 1764 1848 esse
1795 1794 2015 1866 accipit.

447 1876 515 1933 Et
562 1877 1025 1948 quemadmodum
1076 1883 1121 1936 si
1181 1882 1304 1950 quis
1360 1882 1600 1937 divinam
1654 1895 1903 1940 naturam
1950 1886 2018 1942 ad

445 1971 667 2026 modum
691 1971 938 2043 primarii
971 1973 1231 2046 principii
1264 1974 1316 2029 in
1339 1974 1498 2031 Patre
1530 1974 1756 2046 intelligi
1786 1976 2019 2043 diceret,

444 2082 562 2122 rem
597 2081 824 2137 prorsus
850 2068 1214 2123 necessariam
1243 2069 1625 2139 pronuntiaret
1665 2085 1680 2123 :
1712 2070 1840 2126 inde
1871 2072 2020 2126 enim

443 2176 565 2215 eam
618 2158 782 2217 habet
810 2170 867 2216 et
898 2158 1067 2217 Filius
1095 2170 1152 2217 et
1197 2160 1437 2232 Spiritus
1461 2171 1719 2231 sanctus;
1753 2174 1807 2218 at
1864 2148 2021 2221 δεπε-

446 2263 659 2309 rentem
691 2262 982 2324 propterea
1019 2261 1269 2308 naturam
1301 2255 1614 2325 concipere,
1650 2256 1768 2312 ﬁeri
1807 2259 2020 2329 nequit,

443 2348 577 2415 quin
625 2347 962 2415 oppositum,
998 2346 1304 2402 absolutam
1340 2348 1599 2404 unionem
1626 2391 1641 2414 ,
1673 2350 1821 2421 quod
1853 2367 2018 2420 quam

444 2438 607 2494 habet
643 2438 824 2507 Pater,
854 2453 974 2494 eam
1023 2441 1391 2495 communicat
1427 2439 1603 2497 Filio:
1636 2444 1752 2513 pari
1805 2444 2019 2500 ratione

445 2549 544 2605 per
577 2532 797 2587 modum
820 2532 1067 2602 primarii
1095 2533 1372 2603 principii,
1398 2536 1523 2588 dum
1556 2535 1761 2591 dicitur
1780 2534 2020 2606 Spiritus

442 2628 743 2700 procedere
771 2643 837 2682 ex
868 2627 1051 2691 Patre,
1086 2642 1192 2682 non
1224 2643 1379 2697 aeque
1423 2642 1557 2682 vero
1589 2644 1657 2684 ex
1700 2628 1864 2695 Filio,
1900 2630 2024 2685 nul-

438 2723 553 2777 lum
576 2721 867 2776 discrimen
905 2720 1052 2776 modi
1085 2721 1415 2776 exsistentia:
1449 2720 1637 2787 infert,
1668 2723 1804 2778 dum
1846 2724 2019 2779 utitur

440 2816 535 2870 illo
566 2815 635 2873 ad
679 2813 901 2870 modum
934 2813 1181 2885 primarii
1232 2813 1509 2884 principii,
1552 2814 1646 2870 sed
1676 2816 2014 2886 oppositum,

438 2908 720 2975 unionem,
757 2917 815 2963 ut
845 2908 915 2963 sit
948 2908 1088 2962 idem
1119 2922 1212 2978 per
1241 2908 1421 2962 omnia
1452 2908 1669 2963 modus.
1702 2909 1919 2964 Etenim
1972 2911 2017 2966 si

436 3000 661 3056 exhibet
685 3000 1062 3071 productivam
1090 2999 1403 3053 facultatetn
1449 2998 1587 3055 Filio
1622 2999 1781 3055 Pater
1812 3001 2018 3073 absque

436 3092 730 3167 principio,
761 3093 880 3164 ipsc
904 3107 1024 3147 eam
1057 3092 1266 3147 habens
1293 3133 1308 3156 .
1351 3093 1495 3164 quod
1530 3093 1625 3147 illo
1661 3110 1757 3164 per
1791 3096 2013 3150 modum

437 3186 687 3258 primarii
734 3186 993 3257 principii
1042 3184 1336 3250 indicatur,
1370 3185 1723 3242 manifestum
1773 3196 2020 3250 remanet

434 3281 585 3339 illam
638 3279 887 3335 eamdem
944 3294 1176 3334 numero
1219 3279 1618 3345 exltibiturnm,
1649 3296 1758 3350 qua
1805 3295 1872 3334 ex
1899 3279 2019 3351 ipso

439 3373 681 3443 Spiritus
738 3373 1111 3445 pregreditur.
1143 3372 1359 3428 Nullius
1392 3360 1576 3443 itaque
1621 3373 1845 3429 absurdi
1891 3389 2018 3430 rcus

434 3467 569 3533 erit,
628 3467 722 3538 qui
758 3466 1058 3522 asseruerit
1088 3481 1151 3522 ea
1202 3467 1414 3522 ratione
1468 3467 1735 3537 Spiritum
1788 3482 1911 3523 esse
1949 3484 2015 3525 ex

434 3560 598 3628 Filio,
630 3576 742 3631 qua
790 3571 875 3616 est
904 3577 971 3616 ex
1024 3560 1206 3627 Patre,
1245 3577 1370 3617 cum
1429 3561 1629 3617 modus
1681 3562 2017 3619 cxsistemia:

434 3655 530 3709 ille
554 3669 651 3726 per
683 3652 907 3711 modum
936 3652 1183 3722 primarii
1219 3652 1477 3724 principii
1507 3653 1710 3709 nullam
1745 3653 2011 3709 differen-

435 3752 590 3815 tiam,
626 3749 720 3806 sed
758 3748 943 3820 potius
994 3748 1261 3805 unitatem
1291 3747 1568 3803 admittat.
1604 3746 1774 3817 idque
1821 3762 2012 3803 verum

434 3858 580 3908 esse,
612 3843 965 3897 manifestum
1020 3843 1129 3898 erit
1152 3858 1220 3897 ex
1253 3841 1620 3912 oppositione.
1658 3840 1792 3896 Nam
1820 3842 1867 3896 si
1901 3841 2015 3912 pri—

435 3937 671 3991 marium
702 3934 1036 4006 principium
1067 3933 1207 3989 Filio
1239 3950 1460 4005 quoque
1486 3932 1877 3997 concedamus,
1908 3931 2011 3988 ha-

437 4032 592 4088 bebit
627 4031 761 4085 illud
810 4030 928 4102 ipse
966 4028 1174 4098 absque
1201 4026 1498 4098 principio,
1530 4035 1586 4083 et
1612 4041 1725 4082 non
1757 4042 1789 4082 a
1827 4026 2010 4086 Patre.

2047 3140 2089 3199 (Ξ

2120 582 2185 637 ἑκ
2208 584 2302 637 τοῦ
2333 581 2493 638 Υἰοῦ.
2528 581 2593 634 Ἡ
2621 580 2732 652 γὰρ
2762 581 3024 653 ὁμοίωσις
3051 578 3290 634 ἐνταῦθα
3312 576 3390 649 τῷ
3419 577 3587 648 ἁγίῳ,
3617 577 3706 630 ἵνα

2120 677 2216 731 καὶ
2248 677 2312 731 τὸ
2352 676 2485 747 παρ’
2506 675 2683 731 ἄλλων
2716 674 3011 744 λεγόμενον
3043 673 3204 739 λέξω.
3234 672 3298 726 οὐ
3336 671 3472 742 πρὸς
3506 670 3573 725 sb
3604 670 3705 723 dm

2120 766 2285 838 εἶναι,
2315 771 2449 826 ἀλλὰ
2476 770 2614 842 πρὸς
2636 771 2696 823 τὸ
2720 770 2845 824 ὅθεν
2871 767 3153 839 εἴληπται.
3183 766 3247 821 Ei
3272 766 3329 820 δὲ
3358 766 3452 819 καὶ
3479 766 3618 836 πρὸς
3642 765 3705 817 τὸ

2118 863 2250 931 ὡδὶ,
2284 869 2378 917 καὶ
2406 864 2565 917 τοῦτο
2595 861 2801 925 καλῶς.
2838 857 3232 933 Ἐκπορεῦεται
3262 857 3371 929 γὰρ
3399 856 3556 927 παρὰ
3585 858 3704 911 Πα-

2117 955 2247 1027 τρὸς
2281 954 2347 1008 δι’
2370 954 2527 1017 Υίοῦ,
2563 955 2657 1009 καὶ
2693 955 2724 1025 ἡ
2762 952 3028 1025 ὁμοίωσις
3064 950 3205 1019 πρὸς
3236 949 3328 1003 τὸν
3360 948 3566 1019 τρόπον
3598 946 3705 1017 τῆς

2120 1047 2410 1119 ὑπάρξεως
2436 1048 2496 1101 τὺ
2523 1042 3017 1118 πωκαταρκτικῶς
3042 1042 3140 1096 τοῦ
3173 1042 3271 1114 μὴ,
3300 1038 3415 1095 ἀλλ’
3436 1034 3521 1105 εἷς
3552 1042 3648 1095 καὶ
3673 1043 3704 1094 6

2119 1141 2303 1205 αὑτός.
2341 1139 2513 1195 Τοῦτο
2554 1138 2665 1211 γὰρ
2704 1140 2865 1210 μόνον
2904 1137 3158 1207 βούλεται
3193 1134 3258 1189 sb
3294 1140 3704 1205 προκαταρκτι-

2119 1239 2255 1303 κῶς,
2289 1239 2371 1294 ὅτι
2410 1239 2539 1311 μιᾶς
2575 1235 2746 1308 οὔσης
2778 1236 2878 1305 τῆς
2915 1233 3289 1306 προόλητικῆς
3324 1231 3610 1301 δυνάμεως
3644 1230 3703 1282 ἐν

2118 1331 2298 1401 Πατρὶ
2326 1331 2422 1385 καὶ
2454 1330 2589 1399 Υίῷ,
2622 1331 2687 1384 ἐκ
2713 1329 2809 1382 τοῦ
2844 1329 3061 1397 Πατρδς
3090 1328 3204 1398 ἔχει
3232 1326 3438 1397 ταύτην
3464 1322 3646 1378 λαϐὼν
3674 1326 3702 1377 6

2118 1422 2282 1489 Υἱὸς,
2314 1421 2435 1476 ὅθεν
2465 1423 2558 1476 καὶ
2588 1421 2650 1475 τὸ
2678 1415 2841 1476 εἶναι.
2874 1421 2984 1475 Καὶ
3009 1420 3200 1491 ὥσπερ
3230 1419 3284 1472 cl
3308 1436 3393 1480 τις
3421 1417 3572 1487 λέγει
3601 1417 3702 1487 τὴν

2122 1516 2273 1569 θείαν
2300 1514 2464 1584 φύσιν
2491 1513 2984 1585 προκαταρκτικῶς
3016 1512 3114 1566 καὶ
3141 1510 3436 1583 ἀρχοειδῶς
3462 1508 3702 1562 νοεῖσθαι

2122 1609 2179 1660 ὲν
2205 1606 2281 1676 τῷ
2310 1608 2504 1677 Πατρὶ,
2534 1608 2767 1678 πρᾶγμα
2791 1606 2940 1673 λέγει
2968 1606 3144 1674 πάντη
3171 1604 3491 1670 ἀναγκαῖον.
3530 1600 3706 1654 Ἐκεῖ-

2123 1698 2213 1750 Θεν
2237 1695 2344 1777 γᾴρ
2372 1697 2483 1768 ἔχει
2506 1695 2711 1767 ταύτην
2737 1697 2764 1749 6
2791 1695 2918 1759 Υἱὸς
2946 1695 3042 1749 καὶ
3065 1692 3126 1748 τὸ
3153 1694 3398 1763 Πνεῦμα.
3426 1690 3702 1761 Διαφορὰν

2120 1790 2179 1844 δὲ
2212 1788 2427 1859 φύσεως
2457 1788 2545 1842 διὰ
2574 1788 2733 1842 τοῦτο
2761 1788 2953 1859 νοῆσαι
2987 1788 3283 1850 ἀδύνατον,
3312 1784 3627 1838 τούναντίον
3658 1782 3704 1836 6‘

2124 1884 2272 1939 ἅπαν
2310 1884 2565 1953 ἑνότητα,
2603 1885 2686 1937 ὅτι
2723 1883 2790 1954 ἢν
2824 1882 2940 1952 ἔχει
2974 1882 3140 1952 φύσιν
3171 1884 3201 1935 ό
3239 1879 3461 1951 Πατὴρ,
3493 1876 3703 1945 ταύτην

2119 1977 2304 2030 δίδωσι
2351 1977 2429 2047 τῷ
2478 1976 2615 2048 Υἰῷ.
2661 1975 2819 2031 Οὕτω
2864 1976 3360 2048 προκαταρκτικῶς
3407 1974 3701 2042 λεγόμενον

2122 2068 2520 2141 ἐκπορεύεσθαι
2546 2071 2608 2123 τὸ
2639 2070 2865 2140 Πνεῦμα
2891 2073 2956 2124 ὲκ
2982 2070 3079 2125 τοῦ
3110 2068 3347 2142 Πατρδς,
3378 2068 3453 2138 μὴ
3479 2064 3625 2120 οὕτω
3648 2066 3704 2118 δὲ

2122 2164 2185 2216 ὲκ
2230 2161 2325 2216 τοῦ
2376 2160 2549 2228 Υἱοῦ,
2594 2162 2856 2233 οὐδεμίαν
2901 2163 3168 2234 διαφορὰν
3214 2159 3311 2216 τοῦ
3354 2161 3560 2232 τρόπον
3602 2161 3704 2227 τῆς

2128 2256 2416 2329 ὑπάρξεως
2460 2256 2644 2311 δίδωσι
2672 2258 2815 2311 νοεῖν
2856 2256 2934 2327 τῷ
2988 2254 3515 2328 προκαταρκτικῶς,
3548 2254 3707 2307 τούν-

2122 2351 2303 2405 αντίον
2329 2351 2383 2404 δὲ
2414 2348 2667 2422 ἑνότητα.
2691 2348 2847 2404 ἀπ’
2868 2344 3011 2404 εἶναι
3036 2350 3128 2404 τὸν
3156 2349 3323 2403 αὐτὸν
3350 2346 3494 2403 κατὰ
3525 2347 3705 2401 πάντα

2120 2443 2348 2511 τρόπον.
2386 2440 2448 2495 El
2489 2441 2600 2513 γὰρ
2642 2441 2827 2496 δίδωσι
2861 2440 2961 2513 τὴν
2996 2438 3370 2512 προϐλητικὴν
3408 2437 3643 2507 δύναμιν
3678 2438 3707 2487 6

2123 2534 2312 2605 Πατὴρ
2347 2533 2422 2605 τῷ
2462 2533 2579 2605 Υἱῷ
2620 2534 2907 2606 ἀνάρχως,
2943 2534 3106 2600 αὐτὸς
3144 2534 3317 2604 αὐτὴν
3350 2531 3528 2603 ἔχων,
3566 2532 3704 2601 ὅπερ

2123 2628 2200 2697 τῷ
2230 2628 2725 2699 προκαταρκτικῶς
2754 2626 3035 2700 δηλοῦται,
3064 2626 3333 2698 πρόδηλον
3362 2626 3447 2680 ὅτι
3476 2622 3575 2694 τὴν
3609 2622 3705 2675 αὺ-

2120 2722 2220 2793 τὴν
2248 2722 2461 2791 ἐκείνην
2488 2720 2649 2775 δώσει
2676 2722 2753 2791 τῷ
2781 2719 3033 2793 ἀριθμῷ,
3124 2720 3183 2785 ἐξ
3210 2720 3376 2773 αὑτοῦ
3405 2704 3619 2789 πρόεισι
3646 2717 3709 2771 τὸ

2122 2814 2371 2885 Πνεῦμα.
2404 2814 2516 2867 Οὐκ
2548 2814 2796 2885 ὲνέχεται
2825 2816 2933 2885 ἄρα
2962 2814 3191 2886 οὐδεμιᾷ
3220 2813 3420 2881 ἀτοπία
3450 2814 3478 2865 6
3506 2809 3703 2880 λέγων,

2120 2907 2293 2972 οὕτως
2322 2901 2464 2961 εἶναι
2489 2908 2552 2961 τὸ
2576 2896 2803 2978 Πνεῦμα
2831 2911 2894 2961 ἐκ
2920 2908 3015 2963 τοῦ
3044 2907 3199 2975 Υίοῦ,
3223 2905 3413 2976 ὥσπερ
3435 2907 3531 2961 καὶ
3558 2908 3708 2976 παρᾶ

2102 3000 2217 3068 ,τοῦ
2248 3002 2488 3073 Πατρὸς,
2516 3002 2610 3054 τοῦ
2643 3002 2848 3073 τρόπου
2878 3000 2980 3073 τῆς
3009 3000 3302 3073 ὑπάρξεως
3329 3000 3391 3054 οὐ
3418 3000 3705 3071 διισταμέ-

2121 3113 2213 3150 νου
2236 3137 2250 3161 ,
2285 3095 2403 3151 ἀλλ’
2430 3095 2728 3167 ἑνουμὲνου
2764 3094 2844 3167 τῷ
2888 3094 3399 3168 προκαταρκτικῶς.
3435 3094 3612 3150 Τοῦτο
3654 3095 3705 3149 δ’

2121 3191 2204 3245 ὅτι
2241 3189 2446 3263 ἀληθὲς
2485 3189 2644 3261 δῆλον
2688 3191 2781 3244 καὶ
2829 3193 2892 3245 ix
2936 3189 3034 3262 τῆς
3078 3188 3441 3260 ἀντιφάσεως.
3490 3189 3552 3244 El
3590 3189 3704 3261 γὰρ

2119 3284 2366 3355 δώσομεν
2396 3284 2491 3337 καὶ
2522 3284 2599 3354 τῷ
2634 3282 2748 3354 Υἱῷ
2777 3282 3375 3354 τὺηπροκαταρκτικῶς
3397 3324 3414 3349 ,
3446 3282 3702 3354 ἀνάρκως

2118 3377 2232 3442 ἕξει
2261 3375 2418 3431 τοῦτο
2452 3377 2547 3430 καὶ
2579 3378 2640 3429 οὐ
2680 3377 2830 3447 παρὰ
2860 3376 2954 3431 τοῦ
2989 3377 3225 3447 Πατρός.
3255 3376 3371 3432 Οὐκ
3402 3377 3512 3449 ἄρα
3544 3377 3701 3431 ἔσται

2120 3470 2250 3525 αὐτὸ
2276 3469 2456 3537 τοῦτο,
2482 3470 2621 3540 ὅπερ
2646 3471 2674 3524 6
2702 3468 2893 3543 Πατὴρ
2917 3469 3053 3540 ἔχει.
3080 3469 3349 3539 Διάφορον
3372 3468 3501 3540 ἄρα.
3535 3468 3701 3524 Ἀλλά

2116 3564 2180 3617 τὸ
2220 3564 2714 3636 προκαταρκτικῶς
2750 3562 2900 3634 μόνῳ
2956 3563 3038 3632 τῷ
3073 3564 3248 3634 Πατρὶ
3281 3562 3512 3625 δίδοται.
3546 3563 3707 3636 Ἔχει

2120 3655 2257 3725 ἄρα,
2288 3655 2543 3719 κοινωνὸς
2572 3654 2650 3709 ὢν
2683 3656 2907 3709 πάντων
2936 3654 3048 3709 τῶν
3066 3654 3171 3709 ’τοῦ
3203 3655 3416 3727 Πατρδς
3445 3656 3701 3726 ἀγαθῶν,

2119 3747 2327 3813 uti-rb,
2361 3750 2458 3802 καὶ
2489 3749 2550 3802 οῦ
2585 3747 2842 3821 διάφορος
2875 3749 2903 3802 6
2936 3747 3088 3811 Υἱός.
3124 3748 3201 3802 Τὸ
3230 3749 3556 3819 προχεῖσθαι
3592 3748 3701 3820 ἄρα

2119 3840 2271 3910 παρὰ
2303 3839 2398 3897 τοῦ
2449 3840 2575 3895 Υἰοῦ
2612 3843 2670 3897 τὸ
2712 3841 2940 3914 Πνεῦμα
2979 3843 3039 3897 οὐ
3075 3842 3146 3897 τὰ
3191 3844 3532 3913 χαρίσματα,
3566 3842 3705 3897 ἀλλά

2117 3934 2218 4005 τὴν
2237 3934 2533 3990 ὑπόστασιν
2551 3936 2762 3990 ἐκεῖθεν
2780 3932 3096 4009 εἶναιὸηλοῖ
3115 3936 3491 4010 ικπορευτῶς,
3509 3935 3661 3991 ὥσπε
3669 3954 3702 4009 ρ

2117 4030 2213 4083 καὶ
2244 4030 2395 4101 παρὰ
2426 4029 2521 4084 τοῦ
2556 4030 2795 4103 Πατρός.

434 4129 552 4186 Non
588 4130 696 4184 erit
728 4128 893 4199 igitur
919 4126 1051 4183 illud
1086 4128 1290 4198 ipsum,
1314 4125 1460 4193 quod
1484 4123 1646 4179 Pater
1705 4125 1891 4181 habet.
1942 4123 2084 4197 Ergo
2125 4126 2425 4183 diversum.
2478 4127 2588 4183 Sed
2643 4128 2970 4200 primarium
3017 4127 3351 4199 principium
3399 4127 3501 4185 soli
3552 4126 3703 4185 Patri

430 4225 777 4282 ceneeditur.
803 4224 977 4282 Habet
1007 4222 1195 4296 igitur,
1227 4237 1352 4277 cum
1378 4220 1624 4277 omnium
1650 4232 2004 4293 paternorum
2048 4223 2320 4279 bonorum
2382 4225 2656 4295 particeps
2726 4224 2817 4291 sit,
2883 4222 3016 4279 illud
3064 4223 3210 4280 idem
3254 4223 3451 4291 Filius,
3479 4233 3537 4281 et
3589 4241 3701 4281 non

431 4323 733 4378 diversum.
791 4318 1012 4378 Eﬂ’undi
1078 4320 1266 4391 itaque
1322 4335 1355 4374 a
1388 4319 1529 4375 Filio
1576 4319 1839 4391 Spiritum
1896 4335 2008 4377 non
2046 4320 2217 4389 dona,
2276 4322 2374 4380 sed
2404 4321 2742 4399 ltypostasim
2774 4320 2902 4379 inde
2960 4336 3084 4378 esse
3113 4321 3319 4377 indicat
3351 4337 3451 4393 per
3477 4325 3700 4387 modum

432 4416 831 4488 proccssionis,
852 4414 1315 4489 quemadmodum
1367 4426 1423 4473 et
1452 4432 1482 4471 a
1514 4416 1696 4473 Patre.

503 4516 558 4569 9.
590 4510 817 4582 Magnus
852 4524 1074 4582 quoque
1100 4508 1334 4569 Basilius
1362 4524 1439 4565 ex.
1463 4509 1575 4566 Deo
1596 4510 1864 4581 Spiritum
1890 4526 2013 4569 esse

2189 4506 2255 4564 θ’.
2299 4507 2363 4564 '0
2394 4509 2453 4563 δὲ
2490 4508 2664 4580 μέγας
2696 4507 2979 4573 Emathio;
3011 4508 3076 4563 τὸ
3112 4508 3212 4580 μὲν
3244 4509 3309 4564 ὲκ
3341 4508 3436 4563 τοῦ
3470 4508 3608 4564 Θεοῦ
3639 4513 3699 4565 ab

432 4608 596 4677 plane
624 4614 926 4675 aperteque
948 4601 1188 4671 asseruit
1214 4620 1229 4656 :
1278 4601 1584 4673 Apostolus,
1614 4604 1711 4668 ait,
1748 4602 2014 4672 Spiritum

432 4700 631 4761 dicens,
665 4695 763 4767 qui
785 4710 849 4749 es
895 4693 1005 4749 Deo
1033 4702 1132 4761 ut,
1170 4703 1221 4748 et
1247 4709 1342 4765 per
1375 4690 1581 4748 Filium
1625 4711 1888 4767 apparere
1916 4714 2015 4761 pa-

435 4792 544 4845 lam
581 4790 731 4860 facit,
770 4786 896 4845 Filii
941 4785 1202 4859 Spiritum
1240 4785 1395 4845 illum
1426 4789 1729 4845 nominans.
1764 4787 1832 4845 Et
1869 4789 2017 4846 hunc

434 4898 655 4955 quoque
688 4881 754 4937 de
776 4880 1117 4953 Spiritu,qui
1138 4881 1193 4936 in
1215 4881 1492 4952 hypostasi
1510 4890 1614 4948 est,
1627 4883 1793 4937 verba
1812 4883 2013 4950 faccre,

437 4977 565 5032 inde
591 4974 885 5031 manifesto
909 4973 1211 5041 evincitur,
1252 4973 1403 5043 quod
1441 4973 1631 5029 nullus
1651 4974 1717 5030 ad
1768 4975 1873 5029 hoc
1912 4976 2015 5030 aevi

435 5086 501 5125 cx
535 5067 859 5124 doctoribus
909 5065 1029 5123 Filii
1079 5063 1343 5136 Spiritum
1390 5065 1555 5129 dona,
1584 5075 1680 5121 aut
1709 5067 1777 5120 ad
1807 5081 1930 5137 nos.
1961 5052 2018 5122 et

439 5168 493 5221 in
553 5177 799 5233 tempore
840 5175 1195 5233 progressu-tn
1242 5160 1546 5218 secundum
1578 5162 1896 5231 appellavit.
1931 5160 2017 5215 Ab

434 5268 648 5314 aeterno
671 5256 821 5311 enim
848 5254 1087 5322 Spiritus
1146 5253 1267 5313 Filti
1300 5251 1543 5323 Spiritus
1561 5264 1663 5309 est.
1697 5253 2019 5325 Propterea-

436 5368 547 5421 quc
576 5352 762 5422 lingua
797 5364 1024 5419 prorsus
1052 5363 1243 5409 aurea,
1286 5346 1513 5406 bomilia
1547 5346 1616 5404 de
1654 5346 1859 5419 Spiritu
1886 5363 2016 5405 san-

440 5459 529 5501 cto
564 5465 578 5499 :
614 5444 820 5516 Ipsam,
851 5443 947 5509 ait,
980 5440 1205 5512 intelligi
1243 5439 1474 5511 Spiritu:
1515 5443 1867 5514 hypoatasim,
1901 5459 2018 5498 cum

438 5540 673 5611 Spiritus.
704 5535 852 5602 Filii,
882 5535 963 5589 vel
992 5536 1249 5597 ueritatis,
1287 5535 1366 5588 uel
1400 5534 1591 5590 Christi
1624 5535 1845 5590 dicitur.’
1878 5536 2021 5593 illud

2119 4603 2345 4673 Πνεῦμα
2392 4597 2538 4657 εἶναι
2584 4602 2796 4674 τρανῶς
2844 4601 3157 4674 ἐκήρυξεν)
3200 4601 3260 4657 Ὁ
3300 4602 3698 4670 Ἀπόστολος,

2119 4701 2273 4765 φησι,
2301 4696 2369 4750 τὸ
2394 4693 2639 4766 Πνεῦμα
2662 4695 2859 4766 λέγων
2880 4695 2945 4751 τὸ
2971 4694 3046 4751 ἐκ.
3064 4694 3177 4751 τοῦ
3202 4694 3377 4762 Θεοῦ,
3403 4696 3505 4752 καὶ
3530 4702 3600 4752 τὸ
3624 4696 3702 4751 δι’

2127 4790 2265 4845 Υιοῦ
2296 4787 2626 4860 πεφηνέναι
2657 4788 2854 4859 σαφὲς
2882 4790 3240 4858 πεποίηκεν,
3281 4790 3421 4847 rio?)
3454 4792 3702 4858 Πνεῦμα

2120 4884 2429 4954 ὀνομάσας
2459 4883 2630 4939 αὐτό.
2662 4884 2785 4940 Ὀτι
2818 4882 2875 4938 δι
2907 4884 3033 4958 περὶ
3062 4882 3159 4939 τοῦ
3190 4885 3251 4938 ὲν
3280 4884 3577 4940 ὑποστάσει
3608 4888 3701 4940 καὶ

2118 4979 2273 5043 οὗτος
2300 4978 2448 5047 λέγει
2478 4977 2795 5047 Πνεύματος
2819 4977 3031 5031 ἐκεῖθεν
3051 4976 3232 5049 δῆλον,
3258 4978 3342 5033 ὅτι
3367 4977 3543 5041 οὐδείς
3570 4995 3705 5033 ποτε

2122 5072 2285 5144 μέχρι
2316 5073 2410 5125 καὶ
2437 5072 2680 5142 σήμερον
2710 5070 2820 5125 τῶν
2845 5070 3184 5127 διδασκάλων
3214 5069 3348 5125 Υίοῦ
3379 5070 3606 5142 Πνεῦμα
3631 5073 3701 5126 τὰ

2121 5168 2462 5238 χαρίσματα,
2489 5165 2523 5235 ἢ
2554 5167 2652 5235 τὴν
2680 5164 2817 5233 πρὸς
2846 5166 2993 5235 ἡμᾶς
3023 5166 3119 5219 καὶ
3149 5165 3210 5218 ιν
3235 5164 3411 5237 χρόνῳ
3438 5164 3701 5233 δευτέραν

2121 5261 2348 5330 πρόοδον
2383 5254 2624 5330 apum.
2661 5256 2906 5320 Διωνίως
2941 5257 3051 5327 γὰρ
3088 5256 3147 5313 τδ
3183 5258 3410 5329 Πνεῦμα
3473 5259 3701 5330 Πνεῦμα

2120 5352 2274 5406 Υίοῦ.
2301 5352 2401 5405 Διὰ
2428 5350 2587 5404 τοῦτο
2612 5350 2709 5405 καὶ
2735 5350 2769 5420 ὴ
2798 5349 3113 5422 πάγχρυσος
3140 5349 3364 5420 γλῶσσα
3388 5351 3448 5404 ιν
3471 5353 3539 5423 τῇ
3568 5353 3700 5421 περὶ

2118 5446 2211 5500 τοῦ
2263 5444 2420 5513 ἁγίου
2472 5442 2791 5513 Πνεῦματος
2840 5442 3051 5515 ὁμιλίᾳ,
3090 5444 3335 5514 Ἀὐτὴν,
3384 5445 3539 5517 φησι,
3589 5445 3699 5499 τοῦ

2119 5540 2467 5608 Πνεύματος
2528 5534 2865 5605 δηλοῦσθαι
2928 5539 3046 5607 τὴν
3101 5539 3490 5606 ὑπόστασιν,
3550 5540 3702 5598 ὅταν

439 5642 708 5704 pra-terea
760 5630 949 5699 .magis
1000 5643 1064 5682 ac
1093 5628 1264 5699 magis
1311 5627 1705 5684 attendendum
1732 5640 1838 5694 est,
1892 5630 2017 5687 idco

2122 5630 2368 5701 Πνεῦμα
2416 5630 2577 5697 Υίοῦ,
2617 5631 2655 5700 ἣ
2696 5631 3003 5700 ἀληθείας,
3042 5632 3082 5701 ἢ
3124 5632 3387 5702 Χριστοῦ
3426 5633 3694 5705 λέγηται,

442 5726 722 5796 Spiritum.
745 5720 869 5780 Filii
921 5720 991 5777 ab
1046 5720 1311 5789 Apostolo
1353 5721 1560 5775 dictum
1591 5722 1905 5776 divinorum
1933 5740 2018 5778 ar-

445 5831 708 5877 canorum
746 5816 1015 5886 intcrprcs
1064 5814 1280 5883 asserit,
1311 5813 1455 5884 quod
1495 5829 1590 5883 per
1621 5813 1822 5873 Filium
1869 5830 2018 5871 com-

2134 5725 2358 5798 Ἐκείνῳ
2388 5724 2445 5779 δὲ
2482 5726 2575 5779 καὶ
2609 5726 2749 5780 πάνυ
2784 5726 3146 5797 προσεκτέον,
3180 5726 3265 5780 ὅτι
3302 5727 3435 5781 rid-3
3472 5727 3695 5797 Πνεῦμα

2122 5818 2309 5873 τούτου
2343 5819 2501 5892 χάριν
2532 5819 2786 5892 εἰρῆσθαι
2820 5819 2897 5890 τῷ
2936 5820 3275 5893 Ἀποστὸλῳ,
3312 5824 3479 5894 tpqc‘v
3510 5824 3536 5876 6
3558 5822 3693 5879 0:6-
