4102 6144
458 233 566 296 787

1661 226 1985 313 Cnoson
2027 251 2545 319 TRAPEZUNTII

3649 261 3757 328 788

459 355 679 425 poscis?
708 354 1179 432 Pmpriusitaque
1214 361 1455 435 Spiritus
1486 367 1611 424 Filii
1643 380 1748 437 est,
1804 371 1954 442 quod
1978 387 2051 429 ex

2174 373 2386 442 Πνεῦμα
2418 374 2511 428 τοῦ
2553 373 2720 440 Υίοῦ,
2753 374 2834 428 ὅτι
2868 374 2927 441 ἐξ
2961 374 3127 429 αὑτοῦ
3149 419 3163 443 ,
3194 374 3269 442 ὡς
3305 374 3400 431 καὶ
3437 376 3567 447 παρ’
3594 379 3756 449 ἡμῶν

460 449 581 519 ipso
602 458 709 515 est,
730 451 899 507 veluti
927 461 983 509 et
1004 454 1150 525 apud
1175 472 1272 513 nos
1295 460 1552 530 proprius
1575 473 1763 520 noster
1795 465 2046 537 spiritus.

458 542 594 596 Nam
619 545 664 598 si
692 559 760 599 ex
778 560 846 600 eo
873 561 981 601 non
1012 558 1181 616 esset,
1226 567 1405 623 neque
1434 564 1580 610 esset
1619 557 1875 629 proprius
1902 576 1918 627 ;
1951 558 2051 616 sed

460 635 722 705 proprius
740 648 845 705 est,
870 655 1002 710 ergo
1030 652 1085 697 et
1115 659 1179 697 ex
1214 644 1353 714 ipso,
1386 663 1496 703 non
1522 648 1754 716 donum,
1782 668 1893 708 non
1920 670 2052 725 ope-

463 727 625 796 ratio,
692 730 788 786 sed
815 747 883 787 ex
914 732 1115 792 Triade
1141 753 1305 793 unus.
1324 737 1598 811 Apparuit
1628 744 1774 800 enim
1804 762 1870 802 ex
1904 747 2049 819 ipso,

460 834 528 874 ea
556 823 903 893 apparitione
929 827 997 882 ad
1020 828 1401 887 exsistentiam
1429 834 1655 903 ductus,
1702 854 1809 907 qua
1860 856 1959 911 per
1991 858 2051 899 se

462 913 814 987 subsisteret,
873 919 980 977 hoc
1034 934 1224 980 autem
1277 936 1366 983 est
1414 929 1741 998 procedere.
1796 930 2053 990 Procedit

462 1005 634 1079 igitur
652 1017 710 1065 et.
735 1026 805 1069 ex
836 1012 998 1081 Filio,
1037 1016 1154 1073 sive
1194 1033 1293 1091 per
1324 1020 1546 1088 Filium,
1576 1023 2048 1094 quemadmodum

462 1110 516 1157 et
574 1103 798 1163 divinus
849 1108 1128 1167 Maximus
1180 1114 1381 1180 tradit,
1444 1115 1574 1171 dum
1629 1117 1762 1189 quid
1820 1136 2052 1175 aureum

462 1197 859 1256 candelabrum
932 1205 1079 1273 apud
1158 1205 1486 1263 Zachariam
1550 1213 1875 1283 prophetam
1964 1215 2051 1270 in-

461 1290 605 1355 nuit,
631 1290 1063 1365 interpretatur:
1099 1298 1243 1356 Nam
1266 1299 1501 1373 Spiritus
1517 1313 1753 1371 sanctus,
1779 1308 1880 1374 ait,
1908 1310 2052 1364 velu-

463 1385 506 1439 ti
538 1397 739 1443 natura
763 1390 1053 1449 secundum
1079 1398 1365 1452 essentiam
1394 1408 1471 1454 est
1510 1399 1608 1454 Dei
1631 1410 1680 1455 et
1710 1400 1916 1467 Patris.
1968 1407 2050 1460 ita

463 1487 516 1532 et
543 1479 671 1536 Filii
697 1485 993 1541 secundum
1024 1492 1310 1545 mentium
1359 1501 1456 1569 est,
1491 1496 1571 1546 uti
1596 1512 1627 1547 a
1662 1492 1825 1549 Patre
1877 1512 2053 1551 essen-

464 1572 674 1630 tialiter
719 1593 824 1647 per
862 1575 1068 1635 Filium
1127 1584 1366 1654 genitum
1412 1586 1768 1643 inenarrabili
1818 1592 2053 1660 quodam

466 1668 625 1739 modo.
661 1673 973 1740 procedens.
1025 1673 1107 1730 En
1137 1692 1337 1733 rursus
1384 1679 1692 1735 secundum
1751 1682 2051 1737 essentiam

461 1778 587 1819 esse
640 1762 762 1820 Filii
805 1763 1096 1838 Spiritum,
1164 1787 1231 1827 ex
1282 1788 1350 1829 eo
1405 1773 1707 1845 procedere
1764 1789 2049 1841 common-
2084 1792 2129 1850 Β

463 1868 696 1917 strator.

539 1954 624 2008 ll.
661 1955 820 2023 Quod
845 1957 889 2013 si
920 1958 1093 2026 dicas.
1120 1961 1493 2017 essentialiter
1522 1963 1595 2019 ab
1620 1978 1689 2019 eo
1712 1963 1953 2030 dictum,
1995 1972 2060 2022 ut

463 2062 529 2102 ex
548 2050 787 2104 essentia
813 2051 964 2108 illum
994 2052 1117 2109 Filii
1143 2070 1264 2111 esse
1290 2054 1649 2125 signiﬁcaret,
1676 2058 1900 2114 tolleret
1923 2074 2057 2116 vero

464 2155 530 2195 ex
558 2141 862 2213 hypostasi,
888 2144 1036 2215 quod
1067 2162 1135 2201 ex
1162 2146 1371 2204 Graecis
1394 2149 1645 2204 nonnulli
1677 2150 2055 2221 suspicantur,

467 2246 522 2291 et
546 2238 795 2293 eamdem
847 2239 975 2296 inde
1005 2252 1261 2297 naturam
1298 2245 1480 2300 notari
1539 2245 1906 2307 contendunt.
1945 2262 2058 2301 non

400 2354 403 2357 -
466 2331 1020 2401 comprehendentes,
1043 2336 1086 2390 si
1113 2334 1218 2391 hoc
1235 2338 1656 2403 concederetur.
1680 2339 1899 2395 Patrem
1925 2356 2061 2411 quo.

468 2440 575 2495 que
602 2442 671 2482 ex
708 2429 953 2483 essentia
991 2428 1234 2500 Spiritus
1266 2446 1390 2486 esse
1450 2432 1537 2502 pie
1571 2431 1869 2488 admodum
1926 2434 2058 2502 dici,

470 2532 635 2587 quam
654 2534 845 2575 vocem
871 2536 1036 2576 neruo
1062 2522 1129 2576 ad
1156 2521 1304 2579 hunc
1325 2524 1472 2578 diem
1501 2522 1669 2578 misit.
1700 2522 1764 2579 Et
1783 2524 2058 2593 fraudem,

460 2627 592 2685 ilum
620 2611 676 2667 in
711 2613 859 2669 dicto
889 2614 1043 2677 latet.
1070 2615 1221 2671 facili
1254 2618 1481 2688 negotio
1511 2616 1917 2687 deprehendes.
1954 2618 2063 2673 Ab-

471 2701 798 2760 surdissime
832 2720 1071 2775 namque
1132 2707 1461 2778 loqueretur
1516 2709 1790 2779 sapientia
1828 2710 2063 2782 praecla-

470 2796 724 2853 rissimus
748 2796 1037 2863 Maximus.
1069 2800 1116 2856 si
1149 2817 1216 2857 ex
1250 2803 1445 2859 eodem
1479 2784 1625 2859 idem
1655 2791 2068 2861 commonstra-

470 2890 1074 2961 ret;quemadmodum
1132 2894 1179 2949 si
1230 2895 1357 2966 quis
1405 2896 1572 2950 vellet
1625 2897 1920 2954 ostendere
1977 2914 2065 2955 es-

472 2987 708 3042 sentiam
750 3004 874 3045 esse
947 2990 1253 3057 hominem,
1306 2992 1360 3047 id
1421 2992 1633 3049 diceret
1688 3008 1815 3050 esse
1834 3011 1883 3050 ,τι
1916 2995 2063 3067 quod

471 3084 711 3139 essentia
747 3084 914 3139 homo
945 3094 1051 3141 est.
1084 3085 1306 3141 Etenim
1359 3087 1404 3141 si
1434 3086 1583 3158 quod
1614 3086 1923 3142 secundum
1972 3101 2065 3141 es-

2154 468 2215 523 τὸ
2260 470 2391 524 ἴδιον
2435 469 2592 541 ἡμῶν
2638 468 2877 539 πνεῦμα.
2920 469 2979 522 El
3022 468 3133 541 γὰρ
3179 473 3254 541 μὴ
3299 472 3357 536 ἐξ
3403 470 3593 534 αὐτοῦ,
3630 472 3753 525 οὲδὲ

2159 561 2290 617 tam
2313 579 2327 593 ⁶
2360 562 2477 617 ἀλλ’
2501 564 2632 618 ἴδιον
2657 580 2671 596 ·
2706 563 2766 628 ἐξ
2797 563 2962 618 αὐτοῦ
2993 563 3124 635 ἄρα,
3158 566 3218 618 οὐ
3251 565 3435 637 χάρις,
3471 566 3572 619 οὐκ
3604 569 3755 637 ἐνέρ-

2156 674 2314 729 γεια,
2352 659 2468 714 ἀλλ’
2492 662 2518 714 ὀ
2548 660 2648 731 τῆς
2684 659 2915 729 Τριάδος
2952 654 3052 723 εἷς.
3091 661 3307 730 Πὲφηνε
3342 660 3454 733 γὰρ
3488 663 3548 728 ἐξ
3584 662 3752 717 αὐτοῦ

2156 754 2279 809 κατ’
2308 754 2573 822 ἔκφανσιν
2604 754 2702 827 τὴν
2734 756 2809 818 si;
2844 754 2905 807 τὸ
2939 750 3081 810 εἶναι
3118 755 3240 809 καθ’
3268 756 3454 810 ἑαυτό.
3489 757 3666 810 Τοῦτο
3696 757 3754 811 δέ

2155 850 2271 905 ἔστι
2296 848 2355 902 τὸ
2382 848 2800 922 ἐκπορεύεσθαι.
2830 848 3223 920 Ἐκπορεύεται
3252 852 3359 921 ἄρα
3388 853 3482 904 καὶ
3509 853 3570 915 ἐξ
3597 852 3752 919 Υἱοῦ,

2155 933 2277 1011 ἢτοι
2314 941 2384 997 δι’
2412 941 2544 997 Υίοῦ
2567 983 2580 1008 ,
2619 942 2696 1007 ὠς
2738 943 2833 995 καὶ
2868 943 2897 996 ὁ
2932 942 3076 1007 θεῖός
3110 961 3245 1016 φησι
3278 945 3535 1015 Μάξιμος
3580 948 3639 997 ἐν
3673 941 3755 1009 οἷς

2157 1034 2478 1107 ἑρμηνεύει,
2502 1037 2554 1091 τί
2583 1036 2835 1107 βούλεται
2854 1038 2933 1109 τῷ
2964 1040 3216 1112 προφήτῃ
3240 1026 3488 1111 Ζαχαρία
3517 1040 3549 1109 ἠ
3574 1042 3753 1109 χρυσῆ

2154 1129 2367 1201 λυχνία.
2416 1132 2486 1186 Τὸ
2530 1132 2640 1204 γὰρ
2684 1134 2929 1203 Πνεῦμα
2968 1135 3034 1191 τὸ
3074 1134 3271 1206 ἅγιον,
3317 1136 3509 1209 φησὶν,
3548 1135 3756 1207 ὥσπερ

2154 1227 2341 1295 φύσει
2370 1227 2740 1282 κατόῠσίαν
2763 1227 3024 1298 ὑπάρχει
3052 1227 3158 1283 τοῦ
3188 1228 3338 1285 Θεοῦ
3366 1230 3465 1283 καὶ
3496 1230 3751 1297 Πατρὸς.

2155 1320 2310 1373 οὕτω
2345 1321 2443 1374 καὶ
2476 1320 2583 1376 τοῦ
2618 1321 2755 1377 Υἱοῦ
2789 1325 2923 1377 κατ’
2946 1325 3174 1377 οὐσίαν
3203 1323 3398 1391 ἐστίν,
3428 1323 3511 1390 ὡς
3543 1322 3613 1377 ἐκ
3646 1322 3753 1375 τοῦ

2157 1414 2389 1482 Πατρός
2440 1414 2748 1482 οὐσιωδῶς
2797 1415 2874 1472 δι’
2912 1417 3049 1472 Υίοῦ
3104 1418 3506 1489 γεννηθέντος
3558 1418 3752 1487 ἀφρά-

2156 1523 2320 1574 στως
2364 1508 2871 1589 ἐκπορεῖαόμειόινοἶ
2909 1510 3042 1565 Ἰδοὺ
3090 1512 3256 1567 πάλιν
3300 1512 3365 1566 τὸ
3407 1512 3533 1565 κατ’
3563 1514 3752 1566 οὐσίαν

2158 1594 2299 1653 εἶναι
2349 1601 2478 1654 Υἱοῦ
2524 1602 2587 1655 τὸ
2633 1603 2857 1674 Πνεῦμα
2907 1605 2985 1674 τῷ
3030 1603 3102 1658 δι’
3131 1605 3299 1661 αὐτοῦ
3348 1606 3752 1680 ἐκπορεύεσθαι

2158 1692 2459 1748 δείκνυται.

2232 1967 2321 2018 ια’.
2379 1964 2440 2018 Ei
2484 1964 2540 2018 δὲ
2591 1965 2773 2036 λόγοις
2814 1966 2873 2019 τὺ
2921 1967 3196 2031 οὐσιωδῶς
3260 1968 3411 2040 αὐτῷ
3463 1969 3754 2041 εἰρῆσθαι,

2162 2054 2249 2111 ῐνα
2284 2056 2345 2109 τὸ
2376 2057 2476 2125 μὲν
2498 2058 2563 2111 ὲκ
2591 2059 2688 2129 τῆς
2724 2058 2917 2122 οὐσίας
2947 2058 3091 2113 εἶναι
3122 2059 3216 2114 τοῦ
3254 2061 3387 2115 Υίοῦ
3417 2061 3663 2134 δηλώσῃ,
3694 2060 3763 2117 τι

2160 2149 2218 2204 δὲ
2247 2150 2312 2203 ἐκ
2341 2153 2440 2221 τῆς
2475 2151 2833 2215 ὑποστάσεως
2868 2152 3165 2223 ἀναιρήσῃ,
3200 2154 3228 2206 ὃ
3264 2170 3415 2219 τινες
3442 2153 3556 2208 τῶν
3589 2154 3757 2225 Γραι-

2161 2242 2278 2296 κῶν
2314 2242 2681 2314 ὑπειλήφασι,
2714 2244 2808 2298 καὶ
2842 2244 2904 2297 τὸ
2940 2244 3234 2314 ὀμιιούσιον
3275 2243 3531 2300 ἐντεῦθεν
3560 2244 3756 2316 δηλοῦ-

2165 2336 2289 2388 σθαι
2345 2333 2584 2400 θέλουσι,
2646 2336 2722 2407 μὴ
2771 2336 3108 2406 συνορῶντες
3141 2335 3219 2399 ὡς
3269 2336 3466 2390 τούτου
3504 2336 3756 2400 δοθέντος

2163 2431 2259 2483 καὶ
2289 2428 2317 2481 ὁ
2351 2430 2545 2500 Πατὴρ
2577 2432 2643 2483 ὲκ
2682 2430 2782 2501 τῆς
2830 2429 3020 2495 οὐσίας
3059 2430 3155 2484 τοῦ
3189 2426 3514 2500 Πνεύματος
3550 2427 3757 2498 ἐλέγετ’

2166 2523 2233 2579 ἂν
2272 2523 2535 2587 εὐσεϐῶς,
2570 2525 2708 2595 ὅπερ
2751 2523 2931 2578 οὐδενὶ
2964 2522 3238 2593 λέλεκται,
3274 2524 3459 2596 ῥᾴδιον
3493 2524 3628 2578 ἰδεῖν
3661 2522 3757 2595 τὴν

2165 2617 2537 2672 λανθάνουσαν
2563 2617 2642 2687 τῷ
2674 2617 2821 2689 λόγῳ
2866 2617 3106 2687 ἀπάτην.
3146 2606 3524 2681 Ἇτοπῶτατος
3548 2617 3660 2689 γὰρ
3688 2612 3757 2688 ἦν

2165 2710 2196 2764 ὁ
2226 2710 2390 2780 σοφὸς
2424 2711 2490 2764 τὰ
2522 2709 2703 2764 πάντα
2753 2709 3031 2779 Μάξιμος,
3078 2710 3125 2763 εἰ
3171 2709 3235 2763 ὲκ
3269 2708 3363 2763 τοῦ
3397 2708 3570 2764 αὐτοῦ
3621 2709 3759 2763 ἐδεί-

2167 2818 2297 2854 κνυε
2327 2800 2389 2855 τὸ
2418 2800 2550 2855 αὐτό
2572 2815 2586 2830 ·
2617 2799 2812 2870 ῶσπερ
2840 2799 2909 2853 ἂν
2937 2798 3101 2859 εἴτις
3126 2798 3328 2853 ἐθέλων
3363 2796 3537 2865 δεῖξαι
3567 2798 3761 2853 οὐσίαν

2168 2887 2311 2945 εἶναι
2336 2893 2429 2945 τὸν
2456 2891 2768 2963 ἄνθρωπον,
2795 2890 2945 2945 τοῦτ’
2977 2890 3169 2958 ἔλεγεν
3210 2885 3354 2944 εἶναι
3374 2907 3392 2922 ο
3426 2890 3564 2945 διότι
3598 2890 3760 2944 οὐσία

2169 2987 2198 3039 ὁ
2221 2984 2507 3057 ἄνθρωπός
2546 2987 2719 3041 ἐστιν.
2750 2983 2813 3039 Ei
2836 2984 2946 3056 γὰρ
2978 2983 3103 3038 κατ’
3118 2984 3313 3038 οὐσίαν
3332 2978 3476 3039 εἶναι
3496 2984 3592 3038 τοῦ
3624 2984 3758 3038 Υιοῦ

2170 3079 2231 3132 τὸ
2259 3076 2485 3149 Πνεῦμα
2535 3078 2726 3132 τούτου
2762 3077 2925 3151 χάριν
2957 3078 3231 3149 βούλεται,
3267 3078 3355 3132 ὅτι
3384 3077 3663 3143 οὐσιωδῶς
3701 3078 3763 3143 ἐξ

469 3177 709 3232 sentiam
733 3177 857 3233 Filii
892 3177 1133 3249 Spiritus
1186 3188 1290 3247 est,
1334 3180 1458 3236 ideo
1486 3179 1776 3236 contendit
1873 3196 2067 3237 essen-

2174 3175 2363 3237 αὐτοῦ,
2395 3175 2516 3243 ἦτοι
2543 3175 2642 3245 τῆς
2666 3175 2858 3237 οὐσίας
2900 3173 3091 3239 αὐτοῦ,
3141 3173 3217 3237 ὡς
3263 3174 3415 3229 δοκεῖ
3442 3179 3557 3238 τοῖς
3590 3174 3765 3245 Γραι-

472 3272 682 3327 tiaiiter
720 3287 842 3328 esse
868 3287 935 3327 ex
963 3288 1053 3336 eo,
1082 3271 1201 3328 sive
1232 3288 1299 3329 ex
1325 3265 1572 3328 essentia
1601 3273 1771 3339 illius,
1804 3280 1868 3327 ut
1892 3272 2068 3330 Graeci

472 3363 793 3436 opinantur,
820 3363 980 3435 plane
1010 3364 1353 3419 deridiculos
1380 3372 1527 3420 esset
1576 3380 1783 3433 sermo,
1824 3363 1960 3419 nihil
1982 3378 2073 3420 os-

475 3461 709 3517 tendens
748 3458 996 3531 ejusdem
1037 3459 1292 3516 essentia:
1327 3459 1451 3515 Filii
1494 3459 1761 3531 Spiritum
1795 3458 1921 3514 ideo
1950 3471 2074 3514 esse

476 3555 690 3624 dicens,
719 3550 865 3625 quod
886 3553 1132 3625 ejusdem
1157 3553 1409 3609 essentia:
1433 3553 1781 3609 est.Videsne
1804 3549 2069 3607 ridicula-

477 3655 588 3709 rias
616 3651 937 3708 Graecorum
975 3648 1511 3720 argumentationes,
1550 3661 1662 3718 quo
1699 3662 1821 3701 sese
1846 3654 2016 3716 agunt
2048 3643 2072 3697 ἵ

478 3748 782 3805 Considera
816 3754 1081 3815 praeterea
1103 3741 1472 3812 impietatem.
1506 3738 1789 3811 Quidquid
1845 3753 2077 3810 genera-

480 3855 588 3910 tur,
628 3842 988 3913 proceditque
1017 3840 1071 3894 iu
1094 3837 1491 3903 exsistentiam,
1522 3845 1618 3889 aut
1647 3843 1735 3889 est
1762 3850 1830 3888 ex
1904 3833 2077 3904 hypo-

481 3938 618 3996 stasi
649 3947 860 3992 tantum
886 3950 990 4006 qua
1028 3930 1339 4005 hypostasis
1360 3940 1466 3997 cst,
1500 3936 1597 3984 aut
1649 3943 1715 3983 ex
1748 3930 1989 3984 essentia
2018 3936 2074 3983 et

483 4045 683 4092 natura
712 4041 947 4101 tantum,
1007 4039 1066 4085 et
1106 4031 1314 4101 absque
1366 4025 1651 4098 bypostasi
1695 4024 2069 4093 considerata,

484 4138 580 4187 aut
616 4145 685 4187 ex
723 4138 958 4198 utraque
983 4140 1049 4180 ex
1081 4132 1278 4179 natura
1310 4120 1524 4176 scilicet
1556 4128 1656 4174 aut
1680 4118 1922 4175 essentia
1953 4132 2078 4188 quae

486 4230 544 4285 in
576 4222 861 4296 hypostasi
887 4232 992 4290 est,
1019 4228 1075 4275 et
1104 4220 1156 4273 in
1186 4216 1471 4290 hypostasi
1504 4213 1842 4285 concipitur.
1869 4213 2080 4269 Secun-

486 4323 617 4381 dum
638 4333 820 4389 neque
848 4316 1022 4374 Graeci
1049 4313 1151 4384 ipsi
1183 4310 1459 4376 dixerint;
1484 4323 1728 4379 namque
1748 4308 2073 4375 absurdum,

488 4424 549 4470 ut
574 4412 814 4478 videtur,
847 4406 1171 4465 existimant
1222 4402 1373 4475 quod
1419 4401 1549 4457 inde
1580 4400 1832 4471 sequitur
1876 4419 1889 4456 :
1923 4398 2078 4470 ejus-

490 4511 614 4565 dem
643 4504 916 4579 siquidem
938 4511 1146 4557 naturae
1176 4497 1418 4553 Trinitas
1440 4493 1902 4558 confunderetur,
1939 4493 2078 4549 adeo

2180 3273 2320 3335 κοῖς,
2356 3270 2565 3340 γελοῖος
2588 3269 2653 3323 ἂν
2680 3264 2749 3340 ἦν
2774 3271 2802 3322 ὁ
2828 3268 2915 3338 λόξ
2929 3285 2987 3333 ος
3007 3268 3161 3323 οὐδὲν
3186 3268 3472 3333 δεικνύων,
3502 3267 3640 3321 ἀλλὰ
3664 3268 3764 3337 τῆς

2176 3365 2344 3434 αὐτῆς
2381 3363 2569 3428 οὐσίας
2598 3361 2693 3417 τοῦ
2729 3361 2861 3417 Υίοῦ
2909 3362 2969 3417 τὸ
3001 3362 3227 3432 Πνεῦμα
3258 3360 3452 3417 τούτου
3479 3362 3646 3416 ἕνεκα
3680 3362 3766 3415 λέο

2176 3472 2311 3526 γων,
2342 3456 2423 3509 ὅτι
2452 3458 2552 3525 τῆς
2585 3455 2759 3524 αὐτῆς
2802 3454 3014 3519 οὐσίας.
3064 3452 3294 3517 Βλέπεις
3319 3452 3421 3517 τὰς
3453 3452 3765 3522 γελοιὼδεις

2177 3548 2288 3604 τῶν
2344 3548 2596 3619 Γραικῶν
2641 3549 3049 3619 ὲπενθυμήσεις
3101 3548 3195 3600 ποῖ
3228 3546 3527 3617 φέρονται;
3566 3535 3766 3599 Σκόπει

2178 3645 2276 3698 καὶ
2301 3643 2402 3714 τὴν
2421 3643 2704 3698 ἀσέὸειαν.
2732 3641 2807 3695 Τὸ
2829 3640 3178 3712 γεννώμενον
3205 3644 3314 3695 πᾶν
3345 3640 3440 3694 καὶ
3468 3636 3769 3707 ἐκπορευό-

2184 3753 2346 3807 μενον
2374 3735 2458 3798 είς
2491 3733 2747 3804 ὓπαρξιν,
2771 3732 2804 3803 ἢ
2835 3734 2899 3786 ἐκ
2924 3732 3023 3801 τῆς
3046 3730 3400 3793 ὑποστάσεως
3430 3727 3597 3799 μόνον
3616 3726 3763 3780 καθᾶ

2182 3830 2505 3893 ὑπόστασις,
2538 3829 2570 3899 ἢ
2628 3828 2691 3880 ἐκ
2728 3826 2826 3895 τῆς
2860 3824 3052 3887 οὐσίας
3097 3822 3189 3876 καὶ
3239 3820 3480 3894 φύσεως,
3535 3813 3570 3894 ᾖ
3604 3818 3767 3872 τοῦτο

2189 3924 2349 3993 μόνον
2387 3922 2482 3976 καὶ
2517 3922 2615 3992 οὐχ
2653 3921 2979 3985 ὑπόστασις,
3008 3917 3040 3983 ἢ
3074 3915 3200 3970 κατ’
3231 3914 3544 3986 ἀμφότερον
3570 3913 3637 3966 ἐκ
3668 3911 3767 3983 τῆς

2186 4015 2559 4070 ἑνυποστάτου
2612 4016 2852 4084 φύσεως,
2886 4011 3008 4081 ἤτοι
3056 4010 3156 4079 τῆς
3193 4008 3253 4061 ἔν
3284 4007 3587 4062 ὑποστάσει
3637 4004 3770 4058 θεω-

2186 4111 2461 4184 ρουμένης
2480 4109 2694 4174 οὐσίας,
2720 4104 2858 4160 ἀλλὰ
2882 4105 2944 4158 τὸ
2969 4103 3228 4175 δεύτερον
3255 4100 3378 4155 οὐδὲ
3420 4100 3652 4171 Γραικοὶ
3681 4098 3775 4153 λέ-

2183 4222 2396 4277 γουσιν.
2436 4203 2677 4257 Ἀτοπον
2707 4201 2839 4271 γὰρ,
2877 4199 2953 4262 ὡς
2999 4198 3200 4262 ἔοικεν,
3245 4194 3449 4249 οἴονται
3480 4192 3539 4247 τὺ
3571 4192 3774 4263 ἑπόμε-

2185 4318 2299 4368 νον,
2321 4301 2406 4354 ὅτι
2447 4298 2547 4369 τῆς
2577 4298 2751 4369 αὐτῆς
2787 4297 2820 4367 ἡ
2869 4294 3043 4365 Τριὰς
3072 4288 3211 4346 οὖσα
3239 4291 3457 4359 φύσεως
3490 4288 3775 4360 συγχυθή-

2190 4412 2365 4463 σεται,
2394 4393 2539 4448 ῶστε
2568 4391 2681 4445 τῶν
2709 4388 2882 4462 τριῶν
2936 4387 3174 4441 ἕκαστον
3220 4386 3311 4440 καὶ
3341 4385 3400 4451 ἐξ
3448 4381 3645 4437 ἑαυτοῦ
3681 4380 3777 4435 καὶ

2186 4492 2253 4546 ὲκ
2284 4489 2394 4543 τῶν
2429 4487 2634 4542 λοιπῶν
2672 4485 2821 4557 ἔχειν
2847 4484 2909 4538 τὸ
2942 4478 3107 4547 εἶναι,
3145 4480 3242 4534 καὶ
3273 4477 3362 4534 διὰ
3395 4476 3556 4532 τοῦτο
3580 4477 3646 4530 ὲκ
3677 4475 3777 4545 τῆς

492 4608 554 4654 ut
581 4611 649 4654 ex
681 4552 859 4651 tri-ibus
891 4589 1349 4660 unumquodque,
1384 4595 1526 4643 ctex
1557 4586 1741 4657 seipse
1770 4595 1825 4641 et
1854 4601 1922 4640 ex
1955 4584 2069 4641 aliis

2184 4583 2561 4645 ὑποστάσεως,
2685 4552 3011 4643 ὑπόστασις,
3056 4571 3342 4645 νομίζουσι
3373 4572 3434 4626 τὸ
3477 4570 3780 4642 ἐκπορευό-

489 4694 659 4755 esset,
687 4696 1091 4759 proptereaque
1137 4696 1205 4737 ex
1236 4679 1538 4752 hypostasi,
1598 4694 1709 4750 qua
1757 4677 2074 4751 hypostasis

489 4791 599 4851 est,
627 4782 951 4839 existimant
978 4791 1122 4846 esse,
1155 4784 1212 4831 et
1241 4773 1386 4845 quod
1418 4772 1687 4845 procedit,
1721 4782 1779 4829 et
1810 4772 1959 4842 quod
1988 4786 2081 4843 ge-

490 4887 741 4937 neratur.
769 4873 897 4933 Heu’
920 4873 1232 4930 vesaniaml
1262 4871 1479 4927 Etenim
1515 4869 1561 4927 si
1604 4866 1939 4939 hypostasis,
1973 4882 2083 4937 qua

493 4967 803 5041 ltypostasis
828 4975 931 5035 est,
957 4971 1205 5037 generat,
1240 4971 1406 5033 atque
1440 4960 1717 5031 producit,
1755 4958 1864 5014 erit
1884 4974 1952 5013 ex
1983 4956 2084 5029 hy-

494 5061 701 5136 postasi
733 5059 1047 5134 hypostasis
1073 5057 1376 5115 secundum
1410 5058 1582 5123 idem,
1621 5056 1811 5127 sicque
1844 5052 1961 5109 haec
1990 5068 2087 5107 na-

497 5171 636 5219 tura:
665 5171 775 5211 non
799 5155 1026 5224 fuerint,
1062 5153 1161 5211 sed
1202 5154 1535 5227 ltypostasis.
1574 5151 1732 5220 Quod
1760 5150 1807 5206 si
1837 5165 2086 5207 commu-

497 5268 600 5309 nes
626 5251 1068 5308 Chrislianorum
1092 5250 1416 5317 sententias,
1448 5258 1505 5304 et
1523 5248 1811 5305 doctorum
1836 5245 2085 5302 omnium

498 5347 645 5422 dicta
672 5358 821 5403 recte
869 5344 1214 5411 consideres,
1254 5358 1548 5413 rerumque
1580 5340 1755 5412 ipsam
1809 5350 2083 5404 naturam,

500 5439 651 5501 haud
685 5440 805 5497 fieri
838 5456 997 5512 posse
1019 5438 1321 5511 iudicatur,
1361 5448 1421 5491 ut
1444 5435 1643 5506 cuique
1684 5443 1855 5506 patet.
1908 5431 2085 5497 Dices,

503 5552 571 5592 ex
601 5535 880 5609 hypostasi
944 5533 1122 5589 Patris
1150 5530 1349 5587 Filium
1400 5528 1675 5602 generari,
1703 5528 1873 5583 certis
1903 5527 2092 5583 verbis

508 5634 807 5704 reperitur.
841 5632 961 5703 Ipse
986 5644 1210 5702 quoque
1238 5627 1380 5683 addo
1404 5636 1460 5681 et
1494 5641 1563 5682 ex
1594 5635 1791 5680 natura
1826 5632 1883 5680 et
1912 5638 1975 5677 ex
2004 5638 2091 5677 es-

509 5728 687 5789 sentia
748 5741 911 5795 esse,
949 5735 1005 5779 et
1066 5722 1393 5779 naturaliter
1430 5722 1558 5776 inde
1621 5717 1871 5790 generari
1920 5716 2094 5770 multo

514 5822 740 5881 uberius
769 5834 1025 5892 expresse
1049 5816 1306 5873 inveniri.
1335 5815 1491 5883 Quod
1515 5814 1562 5873 si
1594 5828 1661 5870 ex
1691 5810 1969 5886 hypostasi
2001 5825 2093 5864 na-

2188 4694 2349 4751 μενον
2394 4677 2489 4732 καὶ
2535 4675 2904 4745 γεννώμενον.
2945 4671 3009 4723 Ὦ
3066 4671 3165 4739 τῆς
3216 4666 3441 4729 ἀνοίαςι
3501 4664 3563 4718 Ei
3600 4665 3707 4735 γὰρ
3744 4664 3777 4735 ἡ

2186 4772 2489 4834 ὑπόστασις
2520 4770 2685 4841 γεννᾷ
2714 4766 2810 4821 καὶ
2850 4762 3170 4837 προϐάλλει,
3262 4762 3588 4827 ὑπόστασις,
3624 4758 3781 4814 ἔσται

2188 4870 2251 4922 ὲκ
2281 4866 2381 4937 τῆς
2413 4847 2774 4926 ὑποστάσεως
2803 4861 3103 4918 ὑπόστασις
3139 4856 3261 4911 καθ’
3293 4856 3450 4920 αὐτὸ,
3479 4855 3573 4907 καὶ
3601 4853 3781 4917 οὕτως

2188 4962 2290 5018 οὐκ
2318 4960 2477 5015 ἔσται
2511 4958 2731 5028 φύσεως
2780 4954 2981 5015 ταῦτα,
3029 4951 3148 5005 ἀλλ’
3193 4951 3592 5012 ὑποστάσεως·
3641 4947 3785 5019 ὅπερ

2190 5058 2288 5113 καὶ
2323 5059 2445 5118 ταῖς
2482 5055 2693 5115 κοιναῖς
2732 5050 2840 5103 τῶν
2871 5045 3225 5117 Χριστιανῶν
3254 5045 3507 5106 ἐννοίαις,
3546 5047 3642 5097 καὶ
3669 5043 3784 5105 τοῖς

2190 5148 2537 5209 διδασκάλοις
2573 5145 2733 5207 πᾶσι,
2762 5142 2860 5195 καὶ
2890 5139 3030 5208 αὐτῇ
3061 5138 3128 5207 τῇ
3169 5133 3277 5189 τῶν
3306 5131 3657 5203 πραγμάτων
3681 5128 3786 5201 (ρύ-

2194 5260 2298 5306 σει,
2341 5241 2609 5297 ἀδύνατον
2640 5232 2783 5289 εἶναι
2816 5232 2982 5287 παντί
3017 5248 3119 5283 που
3152 5228 3339 5298 δῆλον.
3382 5223 3546 5279 Ἀλλὰ
3579 5222 3786 5294 φήσαις

2196 5338 2283 5401 ἂν,
2308 5338 2394 5391 ὅτι
2423 5336 2485 5388 ἐκ
2508 5334 2607 5403 τῆς
2630 5328 2985 5389 ὑποστάσεως
3014 5323 3110 5378 τοῦ
3138 5322 3349 5394 [ἰατρὸς
3372 5318 3672 5391 γεννᾶσθαι
3695 5316 3787 5370 τὸν

2196 5432 2329 5486 Υίὸν
2363 5430 2545 5503 ῥητῶς
2578 5427 2831 5497 εὓρηται.
2874 5419 3018 5491 Ἐγὼ
3048 5419 3103 5475 δέ
3138 5435 3221 5473 σοι
3264 5416 3433 5485 λέγω,
3470 5415 3553 5468 ὅτι
3582 5412 3680 5469 καὶ
3722 5412 3793 5465 ἐκ

2196 5529 2297 5598 τῆς
2326 5525 2544 5595 φύσεως
2576 5522 2671 5576 καὶ
2720 5518 2912 5581 οὐσίας
2942 5512 3109 5583 εἶναι,
3161 5514 3258 5568 καὶ
3286 5510 3529 5581 φυσικῶς
3579 5505 3792 5598 ἐκεῖθεν

2199 5595 2518 5689 γεννᾶσθαι,
2556 5610 2739 5683 πολλῷ
2783 5608 2984 5682 μᾶλλον
3020 5602 3203 5678 ῥητῶς
3250 5599 3504 5671 εὕρηται.
3544 5598 3606 5651 Εί
3645 5595 3694 5649 δ’
3725 5597 3791 5689 εκ

2198 5686 2297 5781 τῆς
2336 5704 2692 5765 ὑποστάσεως
2740 5700 2959 5769 εἴρηται
2990 5693 3263 5765 φυσικῶς,
3322 5690 3545 5751 πάντως
3594 5689 3660 5741 ἐκ
3690 5686 3789 5755 τῆς

2201 5800 2571 5861 ὲεωποστάτου
2605 5797 2817 5861 οὐσίας.
2850 5791 2972 5859 Πῶς
2996 5791 3053 5847 δὲ
3085 5788 3177 5845 καὶ
3209 5787 3434 5859 νοήσαις
3460 5783 3779 5847 ὑπόστασιν,
