4044 6154
424 297 524 364 791
1309 366 1313 370 .
1620 308 1664 367 Ο
1683 305 1877 367 EORG
1895 305 1948 365 ll
1992 252 2520 369 ’I'RAPEZ‘UNTII
2938 302 2941 303 ν
3604 308 3710 374 792

428 435 527 487 pro
553 435 609 473 re
643 418 924 489 proposita
956 417 1303 474 declaretur:
1345 428 1457 475 tum
1486 418 1746 487 deinceps
1778 421 1823 474 si
1876 417 2008 489 quid

2132 419 2507 490 ταφηνιζέσθω
2530 435 2545 452 ·
2576 413 2696 474 εἶτα
2730 420 2826 474 καὶ
2855 421 2911 476 εί
2941 440 2990 476 τι
3021 421 3351 476 ἀντιπῖπτον
3376 422 3435 476 ἐν
3460 421 3538 493 τῷ
3567 424 3713 479 ἄνω·

423 521 616 563 contra
656 510 901 565 occurrit
928 510 1072 565 dicto
1103 511 1215 565 divi
1235 510 1421 583 Cyrilli
1449 528 1612 582 supra
1644 513 1896 574 recitato,
1937 512 2018 567 uti

2132 511 2217 565 θεν
2272 512 2538 584 γραφέντι
2600 513 2696 568 τοῦ
2758 514 2906 569 θείου
2966 516 3239 588 Κυρίλλου
3297 516 3448 571 δοκεῖ
3511 516 3706 588 ῥητῷ,

427 601 682 666 addecet,
744 602 1033 659 refutetur.
1105 604 1209 659 Per
1274 606 1590 675 praepositio
1632 618 2021 676 saxpeuumero

2132 606 2442 662 ὲκπιπτέτω
2501 608 2750 673 δικαίως.
2807 609 2873 664 Ἠ
2939 609 3039 666 διὰ
3098 611 3356 681 πρόθεσις
3427 612 3710 683 μεσιτείαν

429 694 697 761 medium,
732 697 878 766 quod
919 697 974 751 in
1023 697 1144 753 loco
1177 712 1284 763 cSt,
1308 700 1601 770 significat,
1635 700 1803 755 veluti
1831 701 1875 756 si
1898 701 2022 772 quis

2132 700 2387 766 πολλάκις
2415 700 2517 772 μὲν
2542 700 2643 773 τὴν
2670 704 2729 757 ὲν
2760 702 2910 775 τόπῳ
2940 704 3221 775 σημαίνει,
3255 705 3332 769 ὡς
3355 706 3411 760 εί
3430 723 3515 770 τις
3539 705 3711 775 λέγει,

424 789 639 844 diceret
667 806 681 843 :
715 788 817 844 Per
836 788 1130 862 Corcyram
1153 794 1206 847 in
1233 792 1469 847 insulam
1494 792 1707 850 Cretam
1730 796 2019 852 advectum

424 897 586 949 esse;
622 898 766 953 εει-μθ
790 886 957 939 etiam
990 884 1435 945 instrumentale.
1471 889 1580 945 Sed
1616 890 1746 960 quid
1774 906 1914 961 opus
1935 901 2021 946 est

426 976 502 1031 illi
527 976 727 1032 sitniiia
762 993 1051 1034 recensere
1100 981 1196 1050 qui
1239 983 1544 1037 naturalem
1592 984 1912 1040 relationem
1937 994 2021 1039 at—

426 1085 534 1137 que
567 1068 958 1127 Inedintionem
981 1073 1279 1144 aliquando
1308 1090 1429 1130 eam
1459 1069 1801 1145 significare,
1835 1090 2021 1134 osten-

427 1164 559 1218 dere
588 1166 863 1221 conatur?
886 1169 999 1238 Age
1034 1170 1220 1239 igitur,
1254 1186 1379 1224 cum
1415 1171 1688 1227 dicimus:
1728 1174 1810 1228 Ex
1836 1174 2019 1230 radice

428 1275 526 1329 per
576 1276 789 1315 ramum
818 1261 1055 1331 fructus,
1081 1279 1266 1318 annon
1298 1275 1493 1321 natura
1540 1267 1779 1323 fructum
1832 1285 1898 1326 ex
1935 1284 2023 1324 ra-

431 1367 522 1406 mo
554 1352 832 1410 dicimus?
877 1355 943 1411 Et
989 1372 1229 1426 quonam
1268 1361 1378 1415 alio
1410 1376 1573 1416 sensu
1636 1362 2022 1433 intelligetur?

435 1445 575 1502 Tum
606 1448 795 1513 etiam,
824 1466 920 1521 per
942 1450 1157 1506 radium
1188 1468 1251 1506 ex
1285 1454 1401 1507 sole
1432 1454 1641 1520 lumen,
1667 1470 1853 1533 nonne
1884 1456 2019 1512 illud

428 1555 499 1594 ex
532 1540 687 1597 radio
709 1555 905 1599 natura
930 1560 1052 1600 esse
1069 1545 1344 1601 dicimus?
1365 1548 1471 1603 Sed
1494 1563 1601 1602 non
1628 1549 1735 1604 fuit
1756 1566 2016 1621 unquam,

430 1648 611 1703 neque
643 1636 750 1692 erit
780 1637 965 1693 radius
986 1640 1105 1693 sine
1137 1639 1366 1695 lumine.
1398 1640 1553 1708 Quod
1579 1643 1624 1697 si
1651 1642 1769 1699 fieri
1805 1644 2016 1715 nequit,

434 1736 495 1783 ut
529 1729 719 1785 radius
750 1732 824 1785 sit
862 1731 1075 1802 absque
1100 1734 1332 1799 lumine,
1364 1750 1542 1805 neque
1571 1736 1677 1791 erit
1708 1738 1895 1793 lumen
1924 1756 2017 1795 so-

433 1823 548 1877 lare
571 1825 778 1895 absque
812 1826 987 1893 radio,
1022 1827 1185 1883 siculi
1214 1843 1313 1883 nec
1347 1827 1585 1900 Spiritus
1611 1833 1819 1903 absque
1855 1834 2015 1901 Filio,

436 1926 629 1973 natura
657 1918 823 1991 igitur
850 1931 905 1977 et
937 1938 1045 1977 non
1066 1924 1397 1995 adiectione,
1423 1936 1519 1981 aut
1547 1943 1686 1982 nova
1711 1928 2017 1987 additione.

435 2012 689 2068 Ascititia
727 2014 876 2068 enim
907 2016 1093 2071 omnia
1132 2028 1285 2082 sunt,
1320 2033 1443 2088 qua
1476 2034 1584 2073 non
1610 2032 1741 2075 sunt
1794 2033 2019 2078 natura-

435 2104 529 2159 lza.
563 2104 666 2160 Per
695 2107 908 2162 radium
940 2111 1150 2177 lumen,
1181 2122 1236 2165 et
1271 2113 1512 2182 Spiritus
1537 2130 1635 2185 per
1662 2115 1876 2171 Filium.
1916 2116 2021 2172 Per

435 2216 564 2270 ergo
603 2204 913 2258 naturalem
942 2205 1101 2260 nobis
1154 2205 1319 2262 infert
1376 2208 1722 2265 relationem.
1756 2208 2017 2278 Quaenam

434 2304 621 2349 autem
649 2295 739 2350 illa
780 2296 970 2362 fuerit,
1015 2309 1167 2353 extra
1200 2316 1387 2366 unam,
1423 2317 1545 2372 quae
1597 2319 1665 2358 ex
1713 2321 1881 2361 causa
1911 2315 2019 2373 est,

434 2388 642 2442 nullam
677 2389 842 2444 aliam
879 2390 1175 2448 inveneris.
1213 2394 1279 2448 Et
1305 2395 1408 2450 hoc
1428 2406 1591 2466 pacto
1620 2412 1686 2452 ex
1717 2398 1863 2453 Filio
1896 2397 2021 2469 Spi-

435 2480 603 2534 ritum
634 2485 933 2551 procedere
967 2484 1261 2541 manifesto
1288 2488 1541 2557 sequitur
1568 2498 1889 2544 sanctorum
1921 2490 2024 2546 do-

434 2583 649 2629 ctorum
683 2576 867 2632 dictis.
908 2576 1023 2635 lino
1048 2580 1341 2636 manifesto
1375 2598 1699 2654 expressum
1733 2596 1838 2641 est.

507 2670 592 2723 15.
622 2672 674 2726 Si
705 2674 829 2741 quis
857 2688 1021 2743 porro
1051 2684 1293 2744 Opponat
1323 2675 1591 2733 Joannem
1621 2678 1814 2750 Syrum
1857 2679 1910 2736 id
1938 2680 2021 2736 in-

435 2765 832 2819 terdicentcm:
872 2766 957 2821 Ea:
988 2766 1126 2822 Filio
1156 2772 1317 2834 enim,
1351 2772 1450 2835 ait,
1491 2770 1756 2843 Spiritum
1787 2791 1893 2828 non
1936 2776 2017 2829 di-

2123 792 2212 847 διὰ
2232 793 2331 864 τῆς
2364 794 2662 866 Κερκύρας
2687 795 3029 868 καταχθῆναι
3056 799 3137 860 εἰς
3165 800 3391 870 Κρήτην
3409 817 3424 834 ·
3450 800 3714 864 πολλάκις

2122 887 2179 941 δὶ
2208 887 2306 959 τὴν
2334 887 2659 961 ὀργανικὴν.
2698 891 2865 945 Ἀλλά
2912 891 2965 945 τί
3003 891 3088 945 δεῖ
3132 893 3307 948 ταῦτα
3347 894 3715 965 καταριθμεῖν

2123 980 2295 1048 δεῖξαι
2331 980 2661 1054 βουλόμενον
2718 989 2819 1055 τὴν
2872 986 3114 1056 φυσικὴν
3160 986 3371 1056 σχέσιν,
3427 989 3520 1043 καὶ
3558 1006 3717 1059 μεσι-

2123 1072 2273 1126 τείαν
2300 1073 2453 1126 ἔστιν
2492 1074 2582 1128 ὅτε
2628 1063 2933 1147 δηλοῦσαν;
2982 1076 3119 1146 "Ars
3152 1077 3238 1150 δὴ,
3267 1077 3399 1133 ὅταν
3441 1078 3713 1151 λέγωμεν

2136 1165 2232 1220 Ἐκ
2262 1166 2365 1237 τῆς
2400 1166 2561 1240 ῥίζης
2589 1168 2677 1223 διὰ
2707 1166 2804 1223 τοῦ
2831 1168 3033 1225 κλάδου
3064 1171 3158 1223 τὸν
3192 1170 3429 1243 καρπὸν,
3459 1170 3520 1226 οὐ
3554 1172 3716 1242 φύσει

2122 1260 2217 1311 τὸν
2250 1260 2464 1330 καρπὸν
2486 1262 2550 1314 ὲκ
2581 1259 2676 1314 τοῦ
2715 1261 2910 1317 κλάδον
2934 1260 3170 1331 λέγομεν
3190 1281 3206 1330 ;
3228 1264 3305 1318 Ἠ
3328 1264 3447 1329 πῶς
3470 1265 3714 1335 ἑτέρωςς

2122 1353 2389 1423 Λέγοντες
2417 1352 2473 1407 δὲ
2524 1355 2617 1409 καὶ
2664 1355 2754 1411 διὰ
2786 1356 2885 1426 τῆς
2932 1357 3151 1420 ἀκτῖνος
3199 1359 3265 1413 ἐκ
3317 1359 3416 1412 τοῦ
3468 1357 3623 1428 ἡλίου
3654 1359 3717 1413 τὸ

2125 1446 2261 1515 φῶς,
2287 1448 2389 1501 οὐκ
2426 1450 2488 1501 ἐκ
2524 1448 2623 1518 τῆς
2655 1450 2876 1509 ἀκτῖνος
2906 1450 3070 1520 φύσει
3103 1452 3236 1507 αὐτὸ
3266 1447 3409 1507 εἶναι
3436 1452 3712 1524 λίγομενς

2136 1540 2275 1595 Ἀλλ’
2308 1543 2411 1597 οὐκ
2436 1538 2504 1613 ἦν
2528 1559 2681 1608 ποτε,
2713 1541 2839 1598 οὔτε
2870 1543 3024 1599 ἔσται
3061 1545 3222 1609 ἀκτὶς
3250 1545 3383 1601 ἄνευ
3413 1547 3613 1615 φωτός.
3648 1548 3714 1603 Ei

2120 1637 2168 1693 δ’
2193 1638 2459 1694 ἀδύνατον
2492 1639 2690 1694 ἀκτῖνα
2726 1640 2868 1695 εἶναι
2895 1642 3067 1715 χωρὶς
3099 1641 3303 1713 φωτὸς,
3348 1642 3472 1697 οῦτε
3510 1644 3624 1713 μὴν
3655 1644 3716 1697 τὺ

2123 1730 2351 1799 ἡλιακὸν
2401 1733 2516 1801 φῶς
2569 1734 2666 1804 τῆς
2710 1735 2933 1800 ἀκτῖνος
2992 1737 3187 1807 χωρὶς,
3239 1737 3434 1809 ὥσπερ
3481 1736 3609 1791 οὐδὲ
3653 1738 3715 1790 τὸ

2122 1825 2351 1897 Πνεῦμα
2397 1828 2570 1899 χωρὶς
2616 1827 2712 1882 τοῦ
2759 1828 2924 1883 Ποῦ*
2974 1829 3135 1900 φύσει
3168 1832 3280 1903 ἄρα
3331 1832 3427 1885 καὶ
3464 1832 3526 1885 οὐ
3555 1830 3709 1907 κατὰ

2126 1920 2387 1991 μετοχὴν,
2432 1921 2465 1991 ἢ
2503 1921 2764 1977 διάδοσιν.
2825 1922 3131 1993 Ἑπίκτητα
3183 1924 3293 1996 γάρ
3345 1925 3527 1977 πάντα
3554 1926 3625 1977 τά
3651 1923 3712 1976 οὐ

2122 2012 2310 2084 φύσει.
2338 2014 2439 2067 Διὰ
2478 2014 2580 2084 τῆς
2613 2018 2831 2079 ἀκτῖνος
2872 2016 2933 2070 τὸ
2967 2015 3109 2085 φῶς,
3146 2017 3244 2070 καὶ
3274 2016 3336 2069 τὸ
3377 2016 3600 2087 Πνεῦμα
3644 2015 3714 2071 δι’

2122 2106 2275 2164 Υἰοῦ.
2318 2107 2384 2162 Ἦ
2425 2106 2524 2163 διὰ
2555 2108 2663 2176 ἄρα
2694 2109 2934 2179 φυσικὴν
2958 2112 3095 2180 ἡμῖν
3127 2110 3467 2164 ἐνδείκνυται
3501 2112 3711 2182 σχέσιν.

2122 2199 2220 2264 Τίς
2248 2198 2305 2254 δι
2337 2197 2479 2269 αὕτη
2506 2200 2651 2271 πλὴν
2686 2201 2785 2268 τῆς
2818 2202 2943 2257 κατ’
2973 2203 3180 2269 αἰτίαν,
3210 2203 3470 2257 ἀδύνατον
3508 2204 3713 2275 εὑρεῖν.

2125 2295 2236 2349 Καὶ
2265 2294 2439 2356 οὕτως
2472 2295 2536 2349 ἐκ
2570 2295 2662 2351 τοῦ
2697 2296 2829 2351 Υἰοῦ
2858 2314 2940 2351 σοι
2971 2299 3032 2351 τὸ
3062 2296 3290 2369 Πνεῦμα
3312 2297 3717 2370 ἐκπορεύεσθαι

2125 2388 2317 2456 σαφῶς
2352 2389 2548 2444 ἕπεται
2587 2392 2698 2455 τοῖς
2731 2391 2897 2456 θείοις
2947 2392 3056 2447 τῶν
3100 2393 3445 2449 διδασκάλων
3496 2393 3713 2464 λόγοις,

2127 2485 2327 2554 μᾶλλον
2359 2486 2415 2539 δὲ
2457 2486 2645 2556 σαφῶς
2678 2486 2922 2559 εἴρηται.

2198 2676 2287 2738 ιγ’.
2325 2670 2384 2723 ΕΞ
2410 2669 2466 2723 δὲ
2498 2668 2690 2741 φαίης,
2724 2668 2885 2725 τοῦτο
2918 2670 3178 2742 Ἰωάννην
3202 2672 3582 2741 ἁπαγορεῦειν
3623 2676 3715 2730 τὶν

2124 2763 2329 2831 Σύρονο
2386 2764 2481 2818 Ἐκ
2533 2763 2637 2820 τοῦ
2677 2764 2818 2819 Υἰοῦ
2854 2765 2987 2834 γὰρ,
3014 2765 3189 2836 φησὶ,
3242 2766 3311 2820 τὸ
3354 2765 3605 2837 Πνεῦμα
3645 2770 3718 2823 οὐ

434 2861 643 2921 cimus;
679 2859 846 2915 addat
900 2864 1045 2931 quod
1082 2863 1267 2918 statim
1326 2866 1706 2937 subsequitur,
1760 2865 2021 2938 Spiritum

2132 2856 2415 2925 λέγομενο
2454 2856 2592 2912 ἀλλὰ
2650 2857 2890 2929 πρόσθες
2917 2858 2979 2911 τὸ
3015 2860 3164 2931 tam,
3212 2860 3457 2933 Πνεῦμα
3486 2862 3557 2917 δὲ
3580 2863 3720 2920 Υίοῦ

433 2968 554 3005 vero
611 2950 740 3007 Filii
771 2955 1127 3009 nominamus.
1182 2956 1251 3011 Et
1300 2968 1565 3026 praeterea
1628 2968 1715 3012 est
1764 2961 1819 3013 in
1857 2961 2020 3014 tertio

2132 2951 2633 3023 ὀνομάζομεν,’κα”ι
2686 2952 2749 3006 τὸ
2799 2955 2858 3006 ὲν
2911 2953 2990 3024 τῷ
3044 2956 3492 3029 τρισκαιδεκάτῳ
3547 2976 3722 3029 κειρα-

435 3041 653 3097 decituo
688 3044 900 3114 capite:
943 3044 1062 3115 Ipse
1084 3048 1225 3101 enim
1248 3058 1324 3102 est
1384 3047 1540 3103 Verbi
1575 3049 1817 3117 abyssus,
1870 3050 2021 3107 Verbi

2132 3047 2514 3118 λαίῳοΑὐτὸς
2541 3047 2662 3117 μὲν
2711 3047 2848 3102 ἔστι
2900 3049 3097 3118 Λόγου
3152 3049 3464 3116 ἄϐυσσος,
3515 3052 3719 3120 Λόγου

434 3141 660 3209 genitor,
694 3150 740 3193 cl
776 3158 869 3208 per
898 3139 1119 3196 Verbum
1166 3144 1451 3213 productor
1502 3146 1682 3199 omnia
1738 3145 2019 3200 revelantis

2132 3144 2454 3214 γεννήτωρ,
2491 3143 2590 3199 καί
2632 3143 2729 3201 διὰ
2759 3143 2961 3213 Λόγου
2992 3144 3330 3218 προβολεὺς
3363 3145 3721 3217 ἐκφαντορι-

435 3232 693 3301 Spiritus.
729 3236 793 3290 Et
824 3237 1063 3290 iterum:
1097 3238 1327 3307 Spiritus
1374 3248 1589 3293 sanctus
1641 3238 1880 3293 revelan:
1906 3238 2019 3293 Pu-

436 3328 537 3382 tris
562 3328 790 3401 facultas
813 3346 876 3384 ea:
922 3329 1085 3384 Patre
1105 3342 1181 3386 est
1213 3348 1306 3399 per
1362 3330 1562 3386 Filium
1620 3334 1925 3403 procedens.
1958 3334 2024 3389 Et

437 3422 819 3478 aJJordanem
848 3424 1117 3494 epistola:
1154 3422 1259 3479 Per
1281 3424 1500 3491 Filium,
1529 3427 1733 3497 inquit,
1760 3426 2020 3499 Spiritus,

440 3536 544 3573 non
580 3535 646 3573 ex
673 3520 830 3586 Filio,
868 3523 945 3574 uti
994 3520 1226 3591 Spiritus
1251 3522 1360 3576 oris
1393 3520 1507 3579 Dei.
1542 3522 1837 3578 invenitur
1878 3539 2023 3594 quo-

439 3627 547 3680 que
574 3629 737 3667 unam
761 3628 882 3667 esse
913 3613 1129 3668 Patrem
1155 3612 1279 3669 Filii
1309 3623 1367 3669 et
1395 3613 1636 3685 Spiritus
1680 3630 1927 3671 causam.
1963 3615 2021 3671 Si

378 3726 381 3729 ·
440 3708 558 3764 ιιιιιο
592 3710 778 3778 itaque
807 3709 1157 3780 produxeris,
1190 3720 1451 3765 accurate
1480 3708 1768 3765 considera
1795 3725 1894 3765 eos
1927 3708 2023 3780 qui

441 3802 664 3858 modum
698 3805 869 3874 magis
898 3804 1139 3859 Atticum
1172 3804 1433 3873 loquendi
1461 3803 1743 3866 aﬂ'ectant,
1766 3801 2024 3873 praeposi-

442 3899 646 3952 tionem
680 3914 742 3950 ex
770 3906 823 3952 et
852 3912 1072 3952 causam
1138 3897 1440 3968 primariis.
1469 3914 1563 3968 per
1601 3896 1863 3952 secundis
1895 3911 2026 3950 cauo

441 3978 519 4045 sis
558 3979 901 4060 ascripsisse.
937 3990 1220 4061 Nusquam
1251 3990 1526 4060 siquidem
1562 3990 1848 4045 inveneris
1874 3987 2023 4060 apud

440 4100 536 4140 eos
564 4085 658 4155 qui
685 4095 889 4140 rectam
919 4084 1124 4142 Graecis
1157 4086 1356 4158 linguae
1380 4085 1717 4142 locutionem
1748 4085 2025 4151 ambiunt,

442 4196 536 4252 per
594 4180 788 4251 primis
817 4182 996 4235 causis
1056 4180 1411 4249 attributam,
1470 4195 1653 4252 neque
1705 4182 1873 4235 etiam
1940 4195 2026 4244 ex,

444 4272 549 4329 nisi
588 4273 735 4328 nude
790 4274 1082 4344 solumque
1118 4274 1359 4329 secunda
1411 4289 1577 4329 causa
1612 4274 2026 4345 pronuntietur,

443 4366 727 4421 secundis.
761 4364 901 4422 Hinc
931 4382 959 4420 a
990 4366 1217 4431 sanctis,
1242 4367 1629 4436 quiformulas
1658 4367 1859 4438 lingua:
1879 4366 2029 4422 Cra:-

444 4475 542 4525 cm,
572 4460 666 4515 sed
698 4460 979 4531 probatas,
1030 4472 1320 4530 usurpant,
1356 4472 1411 4516 et
1472 4462 1711 4532 propriae
1758 4460 2024 4517 locutioni

2128 3233 2238 3290 κοῦ
2270 3238 2620 3305 Πνεύματος
2648 3253 2658 3267 ⁸
2686 3238 2785 3289 καὶ
2819 3236 2987 3290 πάλιν
3013 3255 3023 3265 ·
3067 3237 3139 3292 Τὸ
3175 3238 3422 3307 Πνεῦμα
3445 3240 3515 3293 τὸ
3544 3238 3723 3308 ἅγιον

2131 3328 2165 3395 ἡ
2214 3328 2620 3398 ἐκφαντορικὴ
2656 3329 2914 3398 δύναμις
2946 3330 3052 3384 τοῦ
3104 3330 3337 3399 Πατρός
3384 3330 3454 3385 ἐκ
3487 3332 3724 3399 Πατρός

2126 3422 2259 3478 ἐστι
2287 3423 2363 3476 δι’
2393 3421 2531 3478 Υιοῦ
2560 3423 3038 3493 ἐκπορευομένη.
3088 3422 3176 3478 Ἐν
3208 3424 3267 3477 δι
3297 3426 3363 3496 τῇ
3405 3425 3552 3497 πρὸς
3584 3426 3725 3497 Ἰορ-

2126 3516 2293 3585 δάνην
2353 3518 2640 3589 ὲπιστολῆ,
2671 3519 2753 3575 Δι’
2795 3518 2956 3585 Υιοῦ,
3004 3519 3166 3587 φησί,
3200 3517 3269 3574 τὸ
3304 3520 3571 3592 Πνεῦμα,
3608 3523 3724 3577 οὐκ

2126 3609 2197 3676 ἐξ
2229 3609 2387 3677 Υιοῦ,
2418 3610 2500 3675 ὡς
2537 3609 2778 3680 πνεῦμα
2820 3612 3125 3680 στόματος
3157 3610 3331 3667 Θεοῦ.
3383 3613 3631 3683 Εὕρηται
3662 3613 3725 3669 δὲ

2128 3703 2223 3756 καὶ
2255 3704 2387 3774 μίαν
2435 3697 2577 3757 εἶναι
2630 3702 2722 3758 τὸν
2776 3704 3000 3776 Πατέρα
3052 3704 3187 3760 Υἰοῦ
3241 3707 3338 3760 καὶ
3393 3706 3721 3780 Πνεῦματος

2130 3798 2334 3854 αἰτίαν.
2369 3798 2432 3851 Εἰ
2479 3798 2610 3868 γοῦν
2641 3796 2818 3853 ταῦτα
2852 3798 3056 3864 λέγεις,
3089 3798 3284 3854 σκόπει
3330 3800 3597 3869 άιριδῶς,
3638 3803 3727 3858 ὅτι

2128 3891 2179 3945 oi
2207 3890 2524 3963 βουλόμενοι
2559 3893 2954 3967 Ἀττικῶτερον
2979 3893 3239 3963 γράφειν,
3266 3894 3365 3963 τὴν
3399 3894 3500 3966 μὶν
3527 3896 3597 3951 ἐκ
3625 3896 3723 3951 καὶ

2129 3987 2231 4055 τὴν
2260 3984 2443 4039 αἰτίαν
2504 3988 2619 4048 τοῖς
2676 3986 2919 4058 πρώτοις
2954 3988 3153 4051 αἰτίοις
3190 3987 3595 4056 ἀποδεδώκασι,
3626 3989 3729 4061 τὴν

2129 4080 2188 4133 δι
2231 4079 2328 4134 διὰ
2354 4080 2467 4144 τοῖς
2507 4079 2809 4153 δευτέροις.
2841 4081 2917 4136 Οὐ
2966 4082 3079 4154 γὰρ
3114 4080 3286 4155 εὕρῃς
3319 4082 3473 4153 παρὰ
3503 4088 3617 4148 τοῖς
3664 4085 3729 4140 εὖ

2143 4173 2482 4247 Ἐλληνίζειν
2513 4176 2730 4230 θέλουσι
2761 4174 2861 4247 τὴν
2890 4176 2989 4230 διὰ
3018 4178 3128 4242 τοῖς
3158 4177 3420 4247 πρώτοις.
3453 4175 3580 4232 οῦτε
3619 4179 3729 4251 μὴν

2129 4272 2231 4343 τὴν
2258 4272 2349 4342 ἐκ,
2380 4274 2428 4326 εἰ
2465 4273 2539 4344 μή
2576 4288 2682 4326 που
2714 4272 2860 4325 κατὰ
2899 4272 3070 4343 μόνας
3099 4269 3316 4341 λέγοιτο
3361 4269 3426 4325 τὸ
3466 4272 3725 4345 δεύτερον

2132 4364 2331 4430 αἴτιον,
2356 4369 2472 4428 τοῖς
2500 4364 2776 4436 δευτέροις
2803 4362 3247 4434 ἅπονεμομένην,
3278 4362 3376 4417 καί⁸
3397 4365 3595 4418 τούτου
3627 4365 3730 4436 χά-

2139 4478 2227 4531 ριν
2272 4459 2612 4531 Ἑλληνίζειν
2660 4460 2728 4530 τῇ
2780 4456 2997 4529 γλώττῃ
3040 4457 3136 4512 καί⁸
3178 4457 3517 4527 κυριο).εξεῖν
3546 4457 3729 4529 βουλο-

444 4554 693 4617 student,
725 4570 790 4609 ex
812 4553 953 4610 Filio
982 4554 1227 4625 Spiritus
1256 4572 1367 4610 non
1426 4555 1654 4624 dicitur,
1690 4556 1784 4613 sed
1817 4572 1915 4627 per
1942 4555 2024 4610 Fi-

2139 4554 2322 4625 μόνοις
2364 4554 2567 4623 ἁγίοις,
2597 4550 2658 4618 ἑξ
2688 4550 2819 4605 Υἱοῦ
2851 4550 2912 4605 τὸ
2943 4548 3174 4621 Πνεῦμα
3217 4550 3280 4605 οὐ
3314 4549 3561 4620 λέγεται,
3594 4552 3729 4607 ἀλλὰ

447 4648 605 4703 lium.
637 4647 828 4718 Neque
858 4648 1006 4704 enim
1030 4648 1239 4703 locutio
1267 4649 1360 4703 illa
1408 4647 1597 4704 Grssca
1640 4639 1793 4719 pura
1842 4648 2029 4712 fuerit,

444 4757 511 4796 ex
538 4741 720 4795 radice
744 4750 801 4796 et
824 4756 976 4797 ramo
1013 4741 1250 4805 fructus,
1287 4754 1345 4798 et
1374 4757 1440 4797 ex
1492 4742 1609 4797 sole
1642 4754 1696 4798 et
1742 4742 1897 4797 radio
1950 4743 2035 4797 lu-

446 4852 595 4901 men,
625 4836 720 4891 sed
764 4834 876 4901 illa,
907 4850 971 4890 ex
1008 4835 1126 4891 sole
1157 4851 1254 4905 per
1296 4835 1540 4899 radium,
1567 4840 1682 4890 'non
1728 4834 1877 4906 quod
1922 4850 2031 4890 non

447 4933 519 4986 sit
559 4947 625 4985 ex
687 4931 839 4986 radio
870 4930 1198 4985 naturaliter
1235 4930 1426 4985 lumen
1460 4930 1657 4995 solare,
1708 4930 1803 4985 sed
1858 4929 2029 5001 quod,

446 5042 573 5081 cum
609 5025 800 5081 radios
837 5025 1078 5080 secunda
1109 5040 1273 5080 causa
1332 5024 1425 5093 sit,
1485 5040 1595 5079 non
1632 5024 1894 5095 primario
1924 5024 2033 5080 sibi

446 5120 695 5175 vindieat
724 5133 972 5181 causam,
1006 5119 1155 5174 utab
1180 5135 1241 5173 ea
1275 5118 1461 5173 lumen
1524 5118 1620 5172 sit.
1672 5116 1793 5171 Pari
1846 5117 2031 5184 modo,

448 5213 540 5281 qui
564 5227 631 5266 ex
657 5211 818 5266 Patre
849 5219 904 5265 et
926 5210 1065 5265 Filio
1095 5210 1230 5265 dicit
1256 5210 1549 5284 Spiritum,
1612 5223 1739 5277 vera
1772 5208 2033 5279 equidem

450 5304 607 5370 dicit,
646 5318 761 5357 rem
789 5314 971 5357 tamen
1004 5304 1269 5374 perfecte,
1298 5306 1373 5359 uti
1406 5314 1512 5368 est,
1566 5320 1677 5357 non
1729 5304 2035 5373 exprimit:

450 5399 619 5472 utqui
652 5413 751 5470 per
780 5397 980 5453 Filium
1022 5398 1179 5465 dicit,
1238 5413 1403 5453 omne
1459 5398 1652 5452 vitavit
1700 5396 2037 5468 periculum,-

449 5514 574 5552 cum
606 5513 701 5569 per
771 5495 859 5550 illa
886 5496 1180 5565 signiticet,
1213 5509 1321 5548 non
1348 5509 1474 5549 esse
1523 5494 1732 5563 absque
1763 5492 2037 5563 principio

453 5590 721 5661 Spiritum
752 5603 781 5642 a
812 5588 971 5645 Filio.
997 5588 1080 5643 0b
1134 5587 1249 5641 baec
1275 5586 1461 5661 itaque
1489 5585 1676 5640 omnia
1703 5585 1781 5639 uti
1808 5586 1861 5639 in
1889 5599 2041 5640 crea-

456 5686 618 5749 turis,
648 5686 722 5739 ita
765 5696 821 5738 et
850 5685 903 5738 in
932 5683 1141 5753 Spiritu
1170 5692 1358 5736 sancto
1386 5666 1570 5752 potius
1599 5698 1692 5745 per
1718 5680 2035 5736 Graecorum

459 5776 712 5832 doctores
736 5785 1094 5844 usurparunt.
1135 5775 1431 5844 Reperitur
1476 5774 1839 5828 nihilominus
1871 5782 1921 5827 ct
1974 5789 2039 5827 ea:

459 5870 603 5926 Filio
655 5869 940 5937 attributa,
991 5875 1047 5923 ct
1084 5864 1433 5939 potissimum
1496 5866 1564 5921 ab
1617 5866 1933 5937 Epiphanio
1983 5868 2037 5923 in

2134 4646 2204 4700 δι’
2235 4645 2388 4700 Υἰοῦ.
2425 4645 2501 4699 Οὐ
2526 4645 2637 4715 γὰρ
2679 4640 3019 4715 Ἐλληνίζειν
3058 4630 3249 4715 ἄκρως
3288 4641 3439 4698 δοκεῖ
3478 4644 3509 4698 ό
3537 4646 3605 4699 εκ
3632 4645 3729 4714 τῆς

2138 4739 2296 4810 ῥίζης
2335 4736 2550 4792 καὶτοῦ
2580 4737 2779 4792 κλάδον
2807 4737 2984 4806 λέγων
3013 4738 3105 4791 τὸν
3150 4735 3391 4809 καρπὸν,
3442 4737 3477 4807 ἢ
3528 4739 3592 4793 ἐκ
3636 4738 3725 4792 τοῦ

2137 4834 2289 4902 ἡλίου
2323 4832 2419 4888 καὶ
2460 4832 2563 4903 τῆς
2592 4835 2812 4895 ἀκτῖνος
2840 4833 2902 4885 τὸ
2931 4831 3071 4901 φῶς,
3106 4829 3224 4886 ἀλλ’
3259 4834 3288 4885 ὁ
3318 4832 3385 4885 ἔκ
3433 4832 3533 4887 τοῦ
3578 4834 3725 4904 ἡλίου

2136 4926 2226 4981 διὰ
2265 4929 2363 4995 τῆς
2395 4928 2640 4998 ἀκτῖνος,
2691 4927 2793 4997 οὐχ
2822 4924 2900 4991 ὡς
2933 4926 3011 4997 μὴ
3054 4925 3211 4989 ὄντος
3248 4924 3314 4979 ὲκ
3358 4925 3458 4996 τῆς
3510 4929 3726 4992 ἀκτῖνος

2139 5021 2300 5092 φύσει
2348 5022 2445 5075 τοῦ
2501 5020 2729 5092 ἡλιακοῦ
2774 5018 2977 5091 φωτὸς,
3018 5018 3138 5075 ἀλλ’
3184 5020 3270 5074 ὅτι
3303 5021 3562 5091 δεύτερον
3591 5019 3725 5074 οὖσα

2138 5116 2379 5185 αῖτιονὴ
2426 5117 2605 5179 ἀκτὶς,
2645 5115 2709 5168 οὐ
2764 5113 3263 5185 προκαταρκτικῶς
3315 5110 3433 5183 εχει
3485 5112 3547 5166 τὸ
3600 5111 3723 5179 παρ’

2139 5210 2309 5277 αὐτῆς
2340 5205 2483 5261 εἶναι
2514 5207 2573 5261 τὸ
2608 5208 2747 5278 φῶς.
2784 5208 2907 5261 Ἐτι
2948 5208 2977 5261 ὁ
3010 5209 3071 5259 εκ
3112 5205 3327 5276 Πατρός
3352 5207 3446 5259 καὶ
3474 5204 3604 5260 Υίοῦ
3635 5207 3721 5259 λί-

2140 5322 2253 5373 γιυν
2299 5302 2360 5355 τὸ
2404 5296 2631 5371 Πνεῦμα
2673 5300 2849 5371 ἀληθῆ
2885 5298 2985 5371 μὲν
3016 5298 3188 5367 λέγει,
3226 5299 3327 5353 οὐκ
3371 5299 3511 5371 ἔφθη
3551 5299 3607 5353 δὲ
3636 5316 3719 5352 τε·

2139 5396 2300 5459 λείως
2321 5394 2384 5448 τὸ
2417 5395 2526 5448 πᾶν
2552 5392 2764 5457 ἐκδούς.
2798 5392 2857 5443 ὐ
2882 5392 2939 5446 δὲ
2956 5392 3043 5446 διὰ
3064 5392 3160 5445 τοῦ
3190 5391 3323 5447 Υἰοῦ
3350 5392 3526 5461 λέγων
3553 5393 3721 5447 πάντα

2141 5491 2450 5559 ἐκπέφευγε
2499 5488 2747 5541 κίνδυνον
2805 5487 3186 5557 σημαινούσης
3218 5485 3319 5556 τῆς
3362 5484 3484 5548 διὸ.
3528 5484 3719 5551 dico-Im

2142 5585 2396 5655 ἀνάρχως
2445 5582 2507 5635 τὸ
2557 5581 2785 5652 Πνεῦμα
2830 5582 2985 5653 παρά
3019 5579 3115 5634 τοῦ
3149 5579 3306 5636 Υίοῦ.
3355 5579 3576 5634 Τούτων
3631 5576 3731 5643 οὖν,

2146 5681 2363 5733 πάντων
2396 5678 2556 5748 χάριν
2602 5676 2676 5739 ὡς
2720 5676 2815 5728 ἐπὶ
2876 5674 2987 5727 τῶν
3020 5674 3342 5744 κτισμάτων
3373 5675 3469 5728 καὶ
3511 5675 3605 5728 επὶ
3631 5669 3717 5726 τοῦ

2147 5771 2459 5839 Πνεύματος
2493 5771 2557 5839 τῇ
2590 5767 2689 5821 διὰ
2731 5768 2935 5839 μᾶλλον
2973 5767 3276 5839 κέχρηνται
3318 5767 3370 5821 οῖ
3417 5766 3714 5823 δ.δάσκαλοι

2144 5866 2252 5921 τῶν
2290 5865 2565 5939 Γραικῶν.
2619 5862 2694 5917 Οὐ
2752 5862 2859 5935 μὴν
2921 5862 3037 5917 ἀλλ’
3072 5859 3301 5933 εὓρηται
3330 5861 3490 5931 καὶὴ
3536 5862 3604 5915 ἐκ
3648 5856 3713 5929 τῷ
