4044 6154
330 315 436 382 ’1σῖ

1297 321 1391 382 DE
1427 318 1945 382 PROCESSIONE
1987 319 2346 380 SPiRITUS
2387 316 2683 379 SANCTI.

3501 311 3607 380 798

331 441 400 494 ἄν
446 455 528 500 τις
574 439 935 508 συναρμόσειε
982 437 1041 491 τὸ
1073 439 1168 491 καὶ
1215 438 1393 492 αἴτιον
1448 433 1592 492 εἶναι
1636 437 1799 507 μόνον
1825 437 1919 490 τὸν

2028 450 2142 492 sam
2191 452 2313 494 esse
2345 408 2526 492 solum
2585 436 2832 497 Patrem,
2891 443 3060 505 atque
3093 432 3166 489 ob
3226 430 3281 490 id
3335 430 3604 505 Spiritum

332 531 579 601 Πατιρα,
607 531 702 585 καὶ
739 531 930 585 τούτου
964 531 1126 603 χάριν
1156 533 1446 603 ὀμοούσιον
1480 533 1541 585 τὸ
1583 529 1808 601 Πνεῦμα
1838 531 1918 601 τῷ

332 625 470 697 Titii,
499 627 584 679 ὅτι
621 627 839 696 πρόεισι
873 625 941 680 δι’
966 624 1156 689 αὑτοῦ,
1199 627 1276 698 μὴ
1304 625 1518 681 τοιοῦτό
1561 642 1615 678 τι
1653 625 1920 696 σημαινό-

336 737 496 790 μενον
528 717 623 772 τοῦ
669 718 849 773 αἰτίου
894 718 1212 789 λαμϐάνονς
1260 719 1554 790 Τέταρτον,
1608 720 1785 773 ἐκεῖνο
1821 737 1920 792 ση-

335 812 516 884 μειοῦ,
565 814 648 867 ὅτι
702 811 939 875 αίωνίως
990 811 1278 877 ἀπολύτως
1325 813 1421 866 καὶ
1449 799 1590 884 ὑξτὲρ
1638 814 1820 868 αἰτίαν
1851 813 1920 868 δι’

331 907 465 960 Υἱοῦ
482 901 548 959 ’τὸ
573 904 818 977 Πνεῦμα.
841 906 901 960 Ei
919 907 1030 975 γὰρ
1045 907 1282 969 ait-avito;
1303 907 1592 976 ὁμοούσιον
1613 909 1673 960 τὸ
1693 907 1917 978 Πνεῦμα

329 1001 409 1072 τῷ
446 1001 579 1071 Υἰῴ,
623 1001 742 1056 ἐστι
771 999 817 1054 δ’
865 998 1182 1070 ὀμοούσιον,
1212 1001 1294 1055 ὅτι
1341 999 1412 1055 δι’
1464 1000 1652 1066 αὑτοῦ,
1684 1003 1920 1066 alonim;

329 1097 440 1164 ἄρα
470 1094 540 1148 δι’
587 1095 778 1160 αὑτοῦ,
835 1093 931 1148 καὶ
962 1093 1023 1147 οὐ
1082 1093 1224 1147 κατὰ
1256 1093 1598 1165 περίστασιν,
1637 1093 1714 1158 ὠς
1760 1093 1922 1165 ληρεῖ

331 1188 547 1252 Νεῖλος.
588 1189 732 1257 Πρὸς
778 1188 992 1250 τούτοις
1027 1186 1192 1240 πᾶσιν
1225 1188 1404 1240 ἐκεῖνό
1451 1204 1509 1240 σε
1544 1188 1620 1258 μὴ
1654 1187 1916 1259 διαφύγῃ,

327 1281 356 1337 6
388 1281 750 1353 παρακατιὼν
780 1284 809 1336 6
835 1282 1108 1354 μακάριος
1139 1281 1390 1351 Μάξιμος
1420 1320 1435 1345 ,
1464 1280 1574 1336 Καὶ
1606 1276 1775 1338 οὗτοι
1801 1283 1926 1352 μὲν

329 1375 553 1443 ταῦτα,
600 1376 804 1446 ιφηοὶν,
851 1375 1007 1444 ὑπὲρ
1069 1369 1159 1430 ὧν
1205 1373 1427 1440 ἀδίκως
1469 1374 1915 1444 tia-eerim]th

341 1469 587 1534 Ἀκούεις
619 1470 740 1523 τίνα
777 1471 964 1541 κρίσιν
1008 1469 1151 1526 κατὰ
1185 1469 1442 1540 Γραικῶν
1469 1471 1734 1540 ἐκφέρει;
1780 1469 1918 1523 Ἀδί-

327 1583 467 1629 κως,
527 1564 720 1634 φησιν,
753 1565 914 1633 ’ὑπὲρ
968 1565 1176 1617 τούτων
1212 1563 1556 1637 ,ἐνεκάλεσαν
1615 1563 1741 1628 τοὺς
1780 1562 1918 1617 Ῥω-

331 1657 527 1728 μαίους
555 1660 603 1711 οἱ
637 1658 733 1726 τῆς
760 1657 1203 1723 Κωνσταντίνου,
1237 1661 1332 1711 καὶ
1360 1657 1459 1728 οὐχ
1490 1659 1517 1711 6
1545 1656 1701 1724 ἅγιος
1730 1657 1916 1726 μόνον,

325 1753 466 1807 ἀλλὰ
524 1754 623 1807 καὶ
674 1752 831 1806 αὐτοὶ
888 1753 939 1806 οἱ
975 1751 1383 1818 ’ὲκ-καλέσαντες
1433 1749 1753 1814 πεισθέντες
1807 1752 1918 1815 τοῖς

2023 530 2273 602 ejusdem
2304 541 2515 585 naturae
2541 543 2665 585 esse
2699 542 2826 583 cum
2856 525 3019 592 Filio,
3051 525 3201 598 quod
3232 527 3456 599 prosilit
3507 543 3608 600 per

2023 623 2232 694 ipsum,
2267 636 2374 676 non
2415 621 2655 678 similem
2694 635 2875 676 causae
2920 619 3295 693 significatum
3354 635 3608 691 compre-

2023 714 2318 774 henderis?
2345 713 2612 781 Quartum
2639 713 2777 768 illud
2811 712 3046 780 colloca,
3074 712 3225 784 quod
3280 713 3352 768 ab
3398 724 3609 769 aeterno

2021 807 2299 874 absolute,
2331 816 2386 862 et
2421 822 2588 877 supra
2620 822 2842 862 omnem
2874 822 3098 864 causam
3130 821 3231 878 per
3253 806 3453 862 Filium
3483 805 3610 877 δρία

2028 903 2172 957 ritus
2201 912 2307 958 est.
2358 902 2492 957 Nam
2527 903 2572 957 si
2608 901 2861 974 ejusdem
2903 907 3114 956 naturae
3173 909 3260 956 est
3293 914 3419 955 cum
3463 899 3609 956 Filio

2026 995 2269 1068 Spiritus
2300 997 2368 1052 ab
2398 1009 2635 1062 aeterno,
2673 1007 2728 1052 et
2755 1004 2838 1051 est
2875 995 3127 1069 ejusdem
3185 1003 3419 1060 naturas,
3453 994 3604 1064 quod

2023 1107 2127 1163 per
2161 1092 2338 1162 ipsum
2374 1102 2480 1147 est.
2517 1091 2599 1148 Ab
2630 1101 2844 1148 aeterno
2914 1093 3085 1164 igitur
3141 1105 3240 1162 per
3291 1091 3494 1161 ipsum,
3550 1101 3608 1146 et
3701 1110 3706 1112 ·

2023 1201 2136 1242 non
2162 1187 2473 1243 secundum
2505 1186 3009 1254 circumstantiam,
3041 1195 3104 1241 ut
3136 1184 3296 1242 Nilus
3345 1185 3604 1241 blateret.

2025 1281 2234 1338 Praeter
2266 1283 2380 1337 haec
2408 1283 2597 1338 omnia
2636 1282 2770 1337 illud
2799 1296 3021 1352 quoque
3060 1296 3129 1336 ne
3157 1290 3207 1337 te
3231 1280 3426 1351 fugiat,
3458 1279 3607 1351 quod

2023 1375 2332 1432 orationem
2361 1358 2704 1446 prosequens
2736 1375 2928 1430 beatus
2967 1373 3238 1430 Maximus
3268 1373 3461 1430 subdit
3491 1390 3506 1429 :
3533 1371 3606 1427 Et

2022 1470 2107 1524 hic
2135 1471 2346 1540 quidem
2373 1472 2503 1534 hac,
2535 1469 2632 1534 ait,
2667 1469 2728 1522 de
2760 1469 2948 1535 quibus
2977 1469 3176 1540 injuste
3201 1467 3438 1522 accusati
3458 1477 3606 1522 sunt.

2021 1563 2198 1618 Audis
2226 1579 2393 1634 quam
2428 1562 2524 1618 ille
2581 1563 2691 1618 fert
2724 1564 2780 1618 in
2813 1561 3036 1620 Graecos
3074 1561 3457 1619 sententiam?
3515 1561 3601 1614 In-

2015 1658 2189 1730 iuste,
2207 1659 2304 1726 ait,
2330 1659 2397 1712 de
2417 1657 2503 1712 bis
2521 1658 2798 1714 Romanos
2827 1659 3105 1715 criminati
3133 1668 3264 1714 sunt
3290 1659 3440 1714 cives
3463 1658 3610 1715 Con-

2023 1750 2551 1820 stantinopolitani;
2585 1765 2764 1820 neque
2799 1760 3025 1806 sanctus
3067 1750 3444 1814 solummodo,
3504 1750 3604 1806 sed

339 1848 661 1918 Ῥωμαίοις.
704 1847 979 1918 ’Υστερον
1009 1849 1118 1916 γὰρ
1151 1848 1211 1902 οὐ
1255 1847 1438 1919 μικρῷ
1483 1849 1544 1902 τὸ
1579 1849 1784 1920 σχίσμα
1819 1845 1913 1900 τοῦ

2028 1847 2057 1900 ii
2089 1845 2191 1916 ipsi
2228 1845 2394 1901 etiam
2420 1846 2513 1917 qui
2547 1845 2826 1900 criminati
2859 1846 3099 1909 fuerant,
3138 1861 3167 1901 a
3198 1845 3459 1902 Romanis
3481 1862 3606 1917 per-

326 1943 476 1996 θείου
523 1941 803 2010 Μαξίμου.
855 1941 1095 2011 Λέγουσι
1141 1941 1196 1994 δὲ
1243 1943 1292 1994 oi
1337 1942 1596 2012 Ῥωμαῖοι
1641 1943 1742 1996 οὐκ
1789 1940 1918 1995 ἄλλο

328 2036 496 2108 μέχρι
533 2037 632 2104 τῆς
671 2037 937 2108 σήμερον,
968 2036 1000 2108 ἢ
1031 2037 1170 2107 ὅπερ
1217 2037 1360 2104 τότε,
1397 2036 1507 2089 οὐδ’
1551 2036 1727 2100 ἄλλως
1757 2034 1919 2088 τοῦτο

324 2130 360 2200 ἦ
394 2129 472 2194 ὡς
509 2131 633 2184 τότε
669 2129 910 2185 νοοῦσιν.
955 2130 1180 2194 Ἀδίκως
1215 2130 1323 2202 ἄρα
1359 2130 1464 2184 ὑπὸ
1493 2132 1657 2202 κριτῇ
1685 2130 1759 2199 τῷ
1788 2129 1917 2198 θεὶῳ

323 2225 570 2299 Μαξίμῳ
620 2226 716 2279 καὶ
766 2227 882 2287 τοῖς
929 2226 1057 2279 τότε
1110 2224 1204 2280 καὶ
1256 2224 1501 2296 σήμερον
1554 2219 1916 2294 ἐγκαλοῦνται

323 2321 482 2394 παρὰ
506 2319 598 2376 σοῦ
637 2319 731 2375 καὶ
757 2318 868 2373 τῶν
902 2318 1035 2375 σῶν.

407 2595 506 2654 ις’.
536 2587 599 2642 Ei
628 2587 686 2642 δὲ
724 2585 874 2656 λέγει
922 2584 1117 2648 Νεῖλος
1163 2582 1246 2649 τὸ,
1298 2581 1465 2652 ἡμῖν,
1518 2581 1919 2652 προσκείμενον

326 2689 396 2756 τῇ
433 2684 496 2750 ἐξ
540 2682 673 2737 Υίοῦ
713 2681 871 2753 χύσει
902 2679 995 2733 τοῦ
1029 2677 1350 2748 Πνεύματος
1377 2676 1478 2748 τὴν
1523 2675 1786 2747 δευτέραν
1817 2693 1918 2744 ση-

328 2779 547 2850 μαίνειν
601 2775 835 2848 πρόοδον
863 2789 880 2804 ·
919 2773 1137 2843 πρῶτον
1200 2772 1300 2844 μὲν
1354 2773 1488 2827 ίστω
1546 2770 1763 2834 πολλοῖς
1808 2769 1920 2824 τῶν

330 2875 506 2943 ἁγίων
535 2873 789 2945 είρῆσθαι
818 2869 988 2941 χωρίς
1011 2885 1157 2933 τινος
1193 2870 1594 2940 περιστάσεως,
1623 2866 1920 2939 προσώπου

324 2967 496 3035 λέγω,
533 2965 566 3038 ἢ
597 2965 818 3037 χρόνου,
858 2963 892 3035 ἢ
925 2961 1132 3027 αἰτίας,
1166 2965 1262 3016 καὶ
1311 2959 1421 3014 τῶν
1452 2959 1714 3014 τοιούτων
1743 2959 1920 3031 ἐκχεῖ-

329 3060 461 3114 σῦαί
490 3077 552 3113 τε
607 3059 705 3112 καὶ
753 3053 1149 3128 ἐκπορεύεσθαι
1195 3054 1265 3109 δι’
1302 3055 1432 3109 Υίοῦ
1467 3053 1527 3107 τὸ
1573 3053 1820 3125 Πνεῦμα.
1857 3055 1919 3108 Et

326 3156 388 3210 δὲ
427 3155 521 3210 καί
545 3171 657 3208 τισι
682 3152 742 3207 τὸ
773 3151 920 3224 ἡμῖν
959 3153 1270 3224 πρόκειται,
1316 3151 1379 3204 ού
1411 3149 1545 3204 διότι
1574 3151 1708 3220 ἡμῖν
1731 3151 1760 3202 6
1791 3148 1917 3213 Υἱὸς

329 3249 397 3304 τὸ
434 3247 656 3317 Πνεῦμα
689 3248 948 3319 πηγὰζει,
994 3245 1083 3299 διὰ
1127 3244 1286 3300 τοῦτο
1317 3243 1440 3298 οὐδὲ
1481 3241 1803 3318 προὸάλλει,
1831 3242 1921 3298 διὰ

329 3343 497 3399 τοῦτο
550 3345 639 3396 καὶ
675 3343 805 3413 ἡμῖν
863 3339 1130 3410 πηγάζει.
1167 3340 1374 3392 Ἄκουε
1419 3337 1478 3391 δὲ
1514 3338 1610 3391 καὶ
1642 3335 1918 3407 Κυρίλ>.ου

329 3442 394 3494 ἐν
421 3438 501 3510 τῷ
527 3437 660 3510 πρὸς
707 3435 934 3507 βασιλέα
967 3434 1250 3488 Θεοδόσιον
1280 3432 1428 3504 λόγῳ
1456 3449 1469 3462 ’
1502 3428 1755 3510 ramos
1795 3434 1924 3486 λοι-

326 3535 474 3598 πὰν,
505 3534 660 3605 φησὶ,
694 3533 1000 3603 καταχρίει
1032 3533 1355 3601 [Ir-stipam,
1403 3529 1549 3599 ὅπερ
1577 3528 1786 3597 ἐνίησι
1807 3528 1923 3598 μὲν

326 3628 516 3695 αὐτὸς
563 3627 646 3692 ὡς
669 3627 739 3681 ἐκ
793 3626 942 3681 Θεοῦ
988 3624 1223 3694 Πατρός
1275 3624 1489 3693 Λόγος,
1536 3621 1637 3676 καί
1667 3621 1736 3686 ἐξ
1768 3620 1923 3688 ιδίας

325 3719 480 3790 ἡμῖν
527 3715 891 3788 dra-1ani
935 3719 1199 3788 φύσεως.
1235 3717 1308 3770 Τὸ
1351 3715 1409 3769 δὲ
1457 3717 1523 3770 ἐκ
1565 3714 1663 3785 τῆς
1705 3712 1924 3781 φύσεως

331 3814 684 3886 πηγάςεσθαι
714 3815 815 3868 τοῦ
844 3813 998 3874 Υίοῦ,
1033 3811 1109 3876 ὡς
1140 3811 1242 3884 ήδη
1286 3810 1582 3875 δέδεικται,
1615 3807 1768 3862 οὐδὲν
1793 3805 1922 3860 ἄλλο

329 3912 485 3964 ἐστὶν
514 3910 564 3963 εί
600 3909 678 3981 μὴ
722 3909 784 3964 τὺ
819 3910 882 3962 ὲκ
930 3911 1030 3982 τῆς
1058 3907 1432 3961 ἑνυποστάτου
1488 3905 1708 3974 φύσεως
1753 3902 1922 3958 αὑτοῦ

330 4001 707 4075 πηγάζεσθαι.
748 4003 809 4055 Et
842 4001 892 4055 δ’
923 4000 1118 4067 οὕτως,
1173 3999 1383 4054 ἐκεῖθεν
1439 3997 1550 4069 ἄρα
1581 3997 1698 4066 ἔχει
1738 3996 1832 4049 καὶ
1863 3993 1924 4048 τὸ

329 4094 501 4151 εἷναι.
548 4095 640 4163 Ἐξ
667 4089 744 4150 ὧν
794 4093 1042 4164 εὔδηλον,
1073 4095 1122 4147 εἰ
1165 4096 1242 4164 μή
1290 4108 1392 4146 που
1445 4089 1589 4145 ἑκὼν
1631 4088 1922 4159 τυφλώττῃ

326 4210 438 4259 τις,
471 4191 552 4246 ὅτι
583 4193 724 4261 ἡμῖν
751 4189 990 4261 πηγάζει
1020 4190 1049 4242 6
1080 4188 1205 4251 Υἱὸς
1236 4187 1295 4240 τι
1333 4186 1576 4256 Πνεῦμα,
1617 4185 1712 4238 καὶ
1738 4184 1808 4238 τὰ
1832 4183 1924 4238 τοῦ

305 4287 657 4354 ,Ιινεύματος
689 4285 1035 4354 χαρίσματα,
1070 4281 1210 4336 διότι
1238 4280 1300 4333 τὸ
1335 4280 1394 4333 ὲν
1447 4280 1590 4349 ίδικῇ
1624 4279 1924 4334 ὑποστάσει

334 4377 564 4449 Πνεῦμα
595 4377 839 4448 φυσικῶς
871 4375 1002 4446 παρ’
1036 4375 1223 4430 αὐτοῦ.
1256 4373 1333 4427 Οῦ
1363 4373 1472 4441 γὰρ
1496 4373 1712 4435 ἕπεται,
1742 4368 1926 4433 καθὼς

330 4474 578 4545 εἴρηται,
614 4473 774 4541 εἴπερ
811 4474 875 4524 ἐκ
936 4469 1031 4524 τοῦ
1069 4469 1199 4522 Υἱοῦ
1244 4471 1313 4522 τὰ
1358 4469 1451 4520 τοῦ
1485 4467 1806 4538 Πνεῦμα-τος
1844 4468 1928 4538 ῥεῖ

2022 1941 2204 2006 suasi;
2232 1954 2358 1994 nam
2391 1955 2498 1994 non
2541 1938 2715 1994 multo
2744 1949 2868 2008 post
2895 1939 3068 1995 divini
3114 1938 3332 1996 Maximi
3364 1941 3601 1999 scbisma

2021 2040 2278 2086 exortum
2310 2039 2415 2088 est.
2452 2031 2622 2087 Aiunt
2681 2045 2846 2101 porro
2879 2030 3113 2086 Romani
3168 2033 3237 2085 ad
3278 2032 3427 2087 hunc
3457 2031 3602 2088 diem

2025 2140 2132 2177 non
2168 2125 2317 2180 aliud
2361 2141 2526 2194 quam
2574 2125 2720 2196 quod
2754 2134 2870 2181 tum
2903 2126 3190 2196 temporis,
3247 2141 3427 2196 neque
3460 2143 3609 2181 nunc

2022 2215 2135 2274 alio
2167 2219 2334 2273 modo
2382 2235 2544 2284 quam
2603 2231 2716 2276 tum
2769 2237 2886 2287 rem
2922 2221 3094 2291 ipsam
3148 2220 3486 2294 intelligunt.
3524 2222 3614 2278 ln-

2017 2313 2167 2382 juste
2191 2309 2380 2382 igitur,
2407 2312 2615 2382 divino:
2644 2312 2880 2368 Maximo
2922 2313 3134 2384 judice,
3160 2322 3220 2369 et
3246 2314 3315 2369 ab
3350 2313 3609 2370 homini-

2025 2405 2126 2460 bus
2177 2421 2244 2461 eo
2274 2406 2377 2462 aevi
2413 2415 2468 2463 et
2530 2422 2680 2462 nunc
2713 2407 3050 2476 viventibus,
3092 2416 3148 2463 et
3203 2423 3234 2462 a
3275 2417 3330 2463 to
3387 2409 3610 2481 tuisque

2024 2512 2384 2558 accusantur.

2097 2595 2181 2650 16.
2216 2595 2372 2662 Quod
2403 2596 2448 2652 si
2471 2597 2627 2654 Nilus
2653 2607 2887 2664 asserat,
2914 2598 3094 2666 Nobis,
3131 2600 3406 2656 adnexum
3440 2601 3615 2672 Spiri-

2027 2697 2115 2743 tus
2151 2689 2406 2745 eﬂ'usioni
2443 2703 2510 2745 ex
2549 2691 2696 2747 Filio
2728 2696 3034 2750 secundum
3085 2709 3435 2767 progressum
3469 2698 3614 2752 indi-

2025 2797 2150 2836 care
2187 2799 2201 2836 :
2231 2784 2370 2838 sciat
2405 2785 2642 2854 primum
2674 2801 2702 2840 a
2733 2787 3011 2858 plerisque
3055 2790 3264 2845 sanctis
3284 2793 3614 2861 pronuntia-

2028 2885 2142 2931 tum
2205 2876 2379 2933 fuisse
2441 2879 2650 2950 absque
2688 2881 2796 2936 ulla
2856 2884 3292 2949 circumstantia,
3341 2899 3610 2954 personm,

2027 2969 2274 3039 inquam,
2301 2975 2589 3043 temporis,
2621 2989 2820 3040 causae,
2876 2983 2931 3030 et
2967 2974 3259 3044 similium,
3289 2977 3503 3033 eii'undi
3560 2977 3616 3031 et

2027 3063 2332 3134 procedere
2359 3064 2627 3135 Spiritum
2663 3067 3012 3136 per-Filium.
3062 3066 3220 3135 Quod
3255 3069 3300 3124 si
3334 3069 3480 3140 apud
3514 3070 3617 3125 aii--

2026 3172 2168 3226 quos
2197 3155 2329 3211 illud
2378 3158 2526 3212 nobis
2563 3158 2883 3228 apponitur,
2944 3175 3053 3214 non
3110 3168 3404 3231 propterea
3463 3162 3612 3232 quod

2027 3248 2198 3304 Filius
2233 3247 2498 3320 Spiritum
2531 3250 2692 3305 nobis
2715 3252 2985 3307 seaturire
3007 3252 3158 3318 facit,
3192 3253 3316 3310 ideo
3348 3270 3456 3309 non
3485 3270 3617 3325 pro-

2029 3340 2204 3408 ducit,
2231 3342 2326 3397 sed
2359 3343 2488 3412 quia
2511 3344 2791 3414 producit,
2816 3345 2941 3400 ideo
2971 3346 3131 3402 nobis
3160 3347 3429 3404 scaturire
3461 3349 3612 3406 facit.

1977 3435 2250 3502 _Audisis
2311 3435 2600 3508 Cyrillum,
2662 3439 2718 3494 in
2760 3437 3022 3496 Oratione
3083 3441 3153 3498 ad
3221 3443 3610 3514 imperatorem

2025 3529 2400 3587 Theodosium
2448 3534 2785 3590 scribentem
2832 3553 2848 3592 :
2902 3535 3130 3609 PrOprio
3177 3541 3444 3612 deinceps,
3511 3543 3614 3605 ait,

2025 3629 2232 3697 inungit
2268 3625 2494 3698 Spiritu,
2537 3645 2692 3700 quem
2730 3631 2841 3700 ipse
2891 3632 3085 3687 emittit
3115 3634 3274 3689 ueluti
3307 3635 3403 3690 Dei
3436 3636 3612 3692 Patris

2033 3717 2273 3784 Verbum,
2307 3732 2353 3772 et
2387 3735 2453 3773 ea:
2503 3738 2603 3776 sua
2645 3722 2796 3776 nobis
2835 3728 3102 3780 scaturire
3130 3727 3259 3798 facit
3292 3739 3510 3784 natura.
3543 3733 3612 3785 At

2025 3827 2093 3867 ex
2133 3824 2327 3867 natura
2358 3811 2480 3869 Filii
2537 3818 2837 3878 seaturire,
2875 3827 2934 3873 ut
2973 3834 3138 3890 supra
3169 3823 3618 3879 demonstratum

2027 3916 2134 3972 est,
2168 3906 2306 3963 nihil
2361 3908 2512 3964 aliud
2549 3921 2635 3966 est
2671 3911 2778 3967 nisi
2821 3927 2887 3968 ex
2920 3924 3114 3970 natura
3147 3917 3295 3972 illius
3327 3919 3380 3973 iu
3441 3921 3613 3992 hypo-

2027 4002 2159 4054 stasi
2197 4000 2490 4056 scaturire.
2524 4001 2582 4056 id
2620 4005 2664 4057 si
2687 4003 2760 4058 ita
2791 4013 2896 4070 est,
2932 4005 3057 4062 inde
3097 4023 3227 4079 ergo
3261 4025 3486 4080 prorsus
3516 4013 3613 4068 ha-

2029 4091 2144 4156 bet,
2183 4093 2327 4162 quod
2388 4094 2480 4148 sit.
2517 4094 2730 4161 Quibus
2787 4095 2909 4150 luce
2947 4098 3150 4152 clarius
3206 4108 3310 4168 est,
3346 4102 3452 4157 nisi
3489 4107 3623 4173 quis.

2033 4187 2222 4240 volens
2261 4186 2541 4254 caecutiat,
2578 4188 2742 4242 nobis
2775 4188 3031 4243 emittere
3061 4189 3261 4244 Filium
3317 4191 3612 4262 Spiritum,

2029 4290 2086 4336 et
2116 4279 2358 4352 Spiritus
2411 4295 2662 4346 munera,
2696 4283 2844 4352 quod
2881 4283 3124 4353 Spiritus
3160 4285 3234 4341 sit
3296 4287 3350 4342 in
3387 4291 3616 4359 speciali

2034 4377 2316 4448 liypomasi
2350 4378 2678 4434 naturaliter
2703 4395 2768 4434 ex
2801 4381 2938 4451 ipso.
2956 4380 3148 4452 Neque
3170 4385 3318 4438 enim
3341 4386 3621 4455 sequitur,

2035 4481 2095 4525 ut
2137 4469 2396 4537 diximus,
2425 4473 2471 4526 si
2505 4487 2569 4526 ex
2605 4471 2745 4528 Filio
2775 4473 3040 4549 'Spiritus
3070 4490 3301 4532 munera
3361 4478 3624 4544 eilluunt,

328 4567 680 4639 χαρίσματα,
719 4564 879 4619 ἅτινα
911 4564 1006 4616 καὶ
1059 4560 1325 4630 δευτέραν
1353 4559 1582 4628 πρόοδον
1610 4558 1762 4628 λέγει
1795 4559 1922 4612 Νεῖ-

2033 4581 2156 4637 qua:
2183 4576 2239 4620 et
2272 4565 2579 4646 secundum
2613 4583 2966 4639 progressum
3006 4572 3212 4625 vocitat
3266 4569 3448 4638 Nilus,
3505 4590 3614 4629 neu

333 4667 452 4726 λος,
491 4658 566 4731 μὴ
593 4657 898 4731 ἐκκεῖσθαι,
931 4656 1053 4727 ἦτοι
1085 4654 1486 4724 ἐκπορεύεσθαι
1527 4652 1660 4724 παρ’
1713 4654 1925 4707 ἐκείνου

330 4757 397 4812 τὸ
428 4753 678 4825 Πνεῦμα.
732 4753 1062 4806 Τούναντίον
1109 4750 1152 4803 δ’
1182 4750 1352 4811 ἆπαν.
1381 4748 1578 4820 ,ἐπειδὴ
1622 4748 1755 4818 παρ’
1784 4749 1930 4801 ἐκεί·

330 4858 452 4906 νου
487 4847 849 4920 ἐκπορεύεται
879 4847 941 4900 τὸ
969 4844 1216 4916 Πνεῦμα,
1250 4844 1381 4917 παρ’
1427 4845 1642 4898 ἐκείνου
1674 4843 1929 4917 χορηγεὶ-

333 4965 433 5002 ται
473 4947 565 4999 καὶ
613 4943 682 4999 τὰ
712 4943 1055 5016 χαρίσματα,
1105 4944 1198 4996 καὶ
1237 4941 1295 4995 τὸ
1346 4941 1593 5012 φυσικῶς
1644 4943 1754 5013 ἄρα
1796 4940 1929 5010 παρ’

340 5042 557 5098 ἐκείνου
572 5039 928 5112 χορηγεῖσθαι
958 5023 1196 5100 αίωνίως
1221 5037 1337 5091 ἐστι
1354 5035 1736 5109 χορηγεῖσθαι,
1756 5037 1849 5089 καὶ
1866 5035 1927 5088 οὗ

335 5135 480 5204 πρὸς
505 5150 679 5198 τινας,
702 5131 735 5203 ἢ
761 5132 882 5186 κατ’
906 5131 1114 5195 αἰτίαν,
1132 5130 1207 5193 ὡς
1231 5130 1428 5183 οἴεται·
1448 5128 1564 5183 ἀλλ’
1584 5127 1774 5201 ὥσπερ
1795 5128 1860 5180 ἂν
1881 5127 1934 5181 ετ

331 5247 422 5291 τις
439 5229 559 5299 θείη
578 5229 800 5283 αἰώνιον
820 5223 962 5279 εἶναι
995 5226 1089 5279 καὶ
1117 5223 1224 5296 πρὸ
1256 5224 1355 5293 τῆς
1393 5223 1628 5286 κτίσεως
1645 5223 1737 5276 τὸν
1754 5222 1929 5293 ἥλιον,

330 5317 408 5393 ἦν
443 5321 511 5376 ἂν
541 5321 638 5374 καὶ
669 5318 778 5388 πρὸ
798 5318 893 5374 τοῦ
926 5317 1180 5387 γενᾶσθαι
1210 5321 1280 5370 τὰ
1302 5316 1486 5370 πάντα
1521 5315 1582 5368 τὸ
1613 5316 1730 5386 φῶς
1760 5315 1928 5368 αὐτοῦ

333 5406 428 5466 ait
459 5412 561 5480 τῆς
605 5413 824 5475 dmino;
855 5410 1163 5474 ἀπολύτως,
1204 5409 1297 5462 καὶ
1337 5409 1438 5479 οὐχ
1474 5410 1609 5479 ἡμῖν
1636 5425 1652 5440 ο
1685 5409 1843 5478 ἡμῶν
1875 5410 1933 5462 δὲ

334 5504 672 5563 κτισθέντων
702 5503 974 5574 λάμψειεν
998 5504 1065 5558 ἂν
1099 5505 1191 5556 καὶ
1217 5505 1371 5574 ἡμῖν.
1405 5501 1566 5558 Οὕτω
1593 5504 1689 5558 καὶ
1717 5504 1811 5557 ἐπὶ
1836 5503 1930 5557 τοῦ

333 5597 596 5670 ἀληθινοῦ
661 5598 835 5670 ἡλίου.
895 5598 1141 5670 Πηγάζει
1190 5598 1292 5667 μὲν
1339 5599 1369 5651 6
1421 5597 1550 5662 Υξδς
1602 5598 1839 5661 αίωνίως
1872 5597 1934 5651 τὸ

335 5698 578 5770 Πνεῦμα,
608 5695 684 5759 ὡς
720 5695 876 5760 ἴδιον,
904 5694 1006 5764 τῆς
1052 5694 1288 5758 κτίσεως
1331 5693 1388 5747 δὲ
1423 5694 1718 5764 γενομένης
1755 5692 1934 5764 πηγά-

336 5795 420 5858 ιζει
475 5793 573 5846 καὶ
601 5793 668 5861 τῇ
699 5791 899 5844 κτίσει.
935 5789 1026 5853 Ἐξ
1075 5790 1245 5842 αὐτοῦ
1304 5790 1432 5858 γὰρ,
1466 5789 1496 5859 ἢ
1555 5788 1623 5851 δι’
1671 5786 1837 5841 αὑτοῦ
1871 5787 1930 5842 ὃν

335 5889 568 5960 φωτίζει
624 5889 772 5959 ἡμᾶς
812 5887 873 5941 τὸ
927 5887 1113 5957 νοερὸν
1157 5885 1293 5955 φῶς.
1346 5885 1453 5939 Καὶ
1493 5883 1637 5939 οῦτω
1667 5883 1930 5955 δευτέραν

2037 4660 2244 4716 edundi
2271 4675 2450 4732 neque
2471 4662 2768 4733 procedere
2799 4681 2866 4719 ex
2895 4679 2957 4719 ea
2983 4664 3269 4735 Spiritum.
3301 4667 3416 4722 imo
3441 4677 3622 4722 totum-

2034 4753 2390 4822 appositum;
2427 4769 2552 4808 cum
2586 4768 2654 4809 ex
2713 4770 2780 4812 eo
2811 4754 3051 4826 Spiritus
3104 4759 3390 4828 procedat,
3429 4775 3496 4814 ex
3551 4777 3620 4814 eo

2034 4847 2460 4916 suppeditantur
2489 4856 2545 4901 et
2580 4862 2838 4914 munera;
2877 4859 2932 4905 et
2967 4852 3294 4906 naturaliter
3322 4853 3492 4922 igitur
3545 4858 3624 4909 ab

2036 4940 2131 4997 illo
2166 4943 2534 5014 suppeditari,
2562 4943 2631 4999 ab
2667 4955 2876 5001 αξιοι·ηο
2910 4956 2993 5001 est
3020 4947 3386 5018 suppeditari,
3416 4957 3467 5004 et
3507 4966 3625 5005 nou-

2037 5037 2103 5092 ad
2138 5038 2375 5108 aliquos,
2412 5047 2505 5094 aut
2555 5039 2858 5094 secundum
2893 5055 3140 5110 causam,
3197 5053 3259 5097 ut
3317 5043 3576 5114 opinatur
3599 5061 3625 5111 ς

2035 5132 2132 5188 sed
2163 5132 2309 5188 sicut
2347 5132 2392 5189 si
2432 5132 2556 5203 quis
2591 5133 2660 5188 ab
2691 5141 2900 5189 aaterno
2932 5150 3076 5195 esse.
3105 5145 3162 5190 et
3195 5146 3326 5193 ante
3379 5140 3619 5194 creatio-

2039 5242 2162 5282 nem
2196 5228 2375 5298 ipsum
2412 5228 2586 5282 solem
2630 5229 2901 5298 posuerit,
2944 5237 3094 5284 esset
3125 5230 3338 5301 utique,
3375 5241 3432 5287 et
3465 5242 3625 5287 ante-

2037 5306 2201 5391 quam
2220 5330 2402 5375 ereata
2426 5320 2658 5376 fuissent
2681 5322 2861 5376 omnia
2880 5321 3066 5376 lumen
3089 5323 3264 5393 ipsius
3286 5340 3384 5394 per
3404 5326 3620 5380 radium

2037 5415 2316 5477 absolute,
2346 5424 2402 5469 et
2464 5430 2572 5469 non
2637 5413 2830 5479 nobis;
2893 5416 3054 5470 nobis
3105 5432 3235 5472 vero
3270 5419 3626 5488 postmodum

2037 5513 2260 5574 creatis,
2303 5510 2488 5563 lumen
2529 5511 2695 5565 etiam
2753 5509 2912 5564 nobis
2954 5511 3302 5578 prmbuisset.
3339 5511 3428 5567 Sic
3471 5513 3626 5568 etde

2037 5617 2172 5656 vero
2216 5601 2333 5656 sole
2389 5603 2829 5658 ratiocinandum
2885 5613 2995 5659 est.
3050 5604 3267 5659 Emittit
3327 5605 3498 5659 Filius
3553 5610 3629 5660 ιιι)

2036 5707 2242 5753 teterno
2283 5697 2552 5767 Spiritum
2601 5698 2771 5754 veluti
2834 5714 3023 5765 suum,
3079 5700 3170 5753 ubi
3231 5715 3364 5754 vero
3415 5702 3627 5754 creatio

2037 5791 2288 5847 absoluta
2325 5803 2427 5856 est,
2462 5793 2667 5847 emittit
2695 5794 2858 5848 etiam
2896 5801 3181 5846 creatura}.
3218 5791 3292 5844 Et
3327 5791 3446 5862 ipso
3473 5796 3626 5846 enim.

2032 5887 2336 5954 exsistens,
2366 5896 2460 5941 aut
2501 5901 2599 5957 per
2622 5887 2800 5957 ipsum
2833 5886 3106 5939 illuminat
3134 5901 3235 5940 nos
3260 5879 3633 5942 intell'ccluaii
