4102 6144
411 254 523 316 857

1403 256 1500 315 DE
1548 255 1709 317 UNA
1757 257 1849 315 ET
1892 257 2321 317 CATUULICA
2354 259 2740 321 ECCLESM.

3579 264 3686 331 858

411 369 701 437 ἑπόμενον.
739 364 978 430 Σώζεται
1015 364 1070 417 δὲ
1101 364 1274 426 οὐδεὶς
1313 363 1388 434 μὴ
1420 364 1728 434 ὀρθοδοξος.
1773 363 1978 418 ’Λδὺναι

2099 364 2247 417 nitur
2271 380 2402 420 vero
2431 369 2632 422 animal
2668 379 2836 433 tactu,
2886 371 3227 426 definiuntur
3268 383 3320 428 et
3362 375 3477 444 ipsa
3537 389 3682 432 recta

410 478 504 514 τον
534 459 643 528 ἄρα
675 459 913 530 σωθῆναι
940 458 1033 511 τὸν
1075 457 1151 528 μὴ
1181 459 1248 529 τῇ
1294 457 1592 529 Ἐκκλησία
1625 458 1722 526 τῆς
1761 455 1988 525 Ῥώμης

413 550 925 621 συνορθοδοξοῦντα.

2102 455 2353 525 dogmata
2411 458 2656 514 Ecclesia
2709 463 2953 516 Romana
3004 482 3017 527 ;
3087 474 3143 517 ut
3195 465 3537 520 orthodoxus
3590 467 3682 521 ille

2103 557 2416 616 reputetur,
2448 552 2540 618 qui
2574 552 2831 606 Ronmxne
2866 555 3122 609 Ecclesia:
3160 558 3555 625 professionem
3591 576 3680 613 se-

415 649 626 717 quitur.
660 648 732 703 At
781 648 990 706 nullus.
1034 648 1130 719 qui
1172 647 1513 702 ortbodoxus
1544 661 1652 701 non
1686 647 1781 712 sit,
1813 645 2045 700 salutem
2087 647 2464 715 consequitur.
2495 647 2637 702 Fieri
2687 665 2818 720 ergo
2861 644 2968 704 non
3003 661 3200 719 potest,
3231 663 3287 706 ut
3317 669 3458 708 unus
3485 655 3684 723 aliquis

411 745 578 800 saluti
612 761 724 799 sine
777 745 1084 815 provideat,
1109 745 1202 815 qui
1249 760 1374 798 cum
1409 743 1652 798 Romana
1703 743 1947 798 Ecclesia
2003 758 2109 797 una
2148 743 2486 798 ortliodoxus
2515 760 2620 798 non
2657 757 2758 800 est.

481 839 564 896 ιδ’.
597 840 869 911 Βούλομαι
891 841 936 894 δ’
961 843 1150 908 ἐπειδὴ
1174 841 1331 906 τάξιν
1350 841 1437 911 ἔχε
1450 860 1498 895 ιν
1525 842 1626 905 τὰς
1664 842 1992 914 Ἐκκλησὲας

409 934 474 985 ὲκ
510 932 617 985 τῶν
666 934 1013 1003 πραγμάτων
1057 933 1237 986 αὐτῶν
1296 933 1392 985 καὶ
1440 933 1538 1002 τῆς
1587 928 1988 1007 ὁμοιώσεως,ᾖ

410 1025 854 1094 παραϐάλὶουσιν
885 1026 937 1078 0i
971 1027 1105 1079 θεῖοι
1143 1027 1390 1095 Πατέρες
1423 1025 1594 1088 αὑτάς
1624 1029 1744 1090 ταῖς
1793 1027 1988 1093 αἰσθή-

339 1149 342 1153 -
410 1129 580 1178 σεσιν,
611 1112 998 1182 ἀπεδείξαμεν,
1029 1115 1090 1168 οὗ
1118 1116 1218 1183 τὴν
1251 1115 1372 1169 κατ’
1417 1116 1817 1186 ἀπαρξθμησιν,
1854 1116 1990 1170 ἀλλὰ

409 1209 806 1277 πραγματικὴν
841 1210 935 1259 καὶ
959 1205 1239 1277 ἀληθινὴν,
1269 1208 1393 1278 ⁴ἣτις
1426 1208 1628 1279 ἐστὶνὴ
1657 1209 1776 1261 κατ’
1806 1208 1986 1273 ἀξίαν*

407 1302 470 1351 οὑ
511 1299 620 1366 γὰρ
678 1291 1137 1370 δυνατδνάλλην
1186 1301 1218 1369 ἢ
1274 1302 1374 1369 τὴν
1433 1304 1556 1355 κατ’
1619 1303 1776 1368 ἀξίαν
1835 1301 1987 1366 τάξιν

406 1392 818 1461 πραγματικῶς
879 1391 1026 1459 ἔχειν
1083 1395 1180 1455 τάς
1243 1393 1594 1462 Ἐκκλησίας,
1651 1395 1808 1462 ὀλίγα
1863 1397 1988 1449 τινά

413 1491 540 1553 περὶ
599 1487 696 1553 τῆς
771 1487 1167 1554 πραγματικῆς
1239 1488 1445 1554 ταύτης
1506 1487 1713 1553 τάξεως
1784 1490 1984 1545 εἰπεῖν.

406 1575 586 1628 Πλείω
617 1580 724 1642 γὰρ
744 1577 804 1628 οὐ
837 1575 1078 1643 δύναμαι
1109 1577 1170 1628 τό
1200 1593 1262 1643 γε
1291 1574 1386 1646 νῦν
1419 1576 1542 1646 ἕχον
1576 1577 1759 1646 λέγειν
1780 1594 1795 1608 ’
1828 1581 1986 1631 τοῦτο

409 1669 512 1738 μὲν
532 1669 610 1738 τῷ
643 1667 822 1731 ἄλλοις
854 1668 1190 1737 ἐνοχλεῖσθαι
1223 1669 1465 1734 πολλοῖς,
1498 1670 1658 1723 τοῦτο
1686 1671 1740 1724 δὲ
1776 1673 1878 1723 -καὶ
1909 1673 1986 1740 τῷ

2174 842 2261 896 14.
2297 842 2391 896 Est
2427 860 2594 910 porro
2642 846 2692 898 in
2746 846 2950 906 animo,
3007 862 3131 900 cum
3162 847 3415 901 ordinem
3449 865 3568 902 esse
3623 850 3679 902 in

2097 933 2379 998 Ecclesiis,
2422 952 2487 989 ex
2545 936 2707 990 rebus
2750 938 2903 1006 ipsis,
2956 950 3011 993 et
3043 941 3421 1004 similitudine,
3451 958 3555 1010 qua
3585 958 3680 996 eas

2094 1027 2272 1083 sancti
2293 1028 2485 1083 Patres
2515 1045 2638 1084 cum
2673 1032 2925 1086 sensibus
2949 1043 3286 1101 comparant,
3311 1036 3676 1099 Ostendimus,

2100 1135 2208 1173 non
2260 1137 2387 1175 eum
2425 1122 2516 1191 qui
2568 1137 2636 1176 ex
2679 1125 3098 1177 enumeratione
3139 1129 3517 1191 consequitur,
3576 1128 3675 1182 sed

2099 1212 2297 1266 realcm
2338 1224 2394 1267 et
2434 1229 2647 1279 verum,
2678 1215 2773 1284 qui
2827 1225 2912 1269 est
2966 1216 3271 1270 secundum
3316 1217 3672 1286 dignitatem;

2093 1317 2272 1371 neque
2298 1305 2447 1358 enim
2494 1305 2610 1358 ﬁeri
2640 1315 2846 1374 potcSI,
2879 1315 2938 1358 ut
2975 1305 3138 1360 alium
3173 1323 3334 1375 quam
3372 1311 3544 1373 illum,
3577 1309 3673 1377 qui

2090 1406 2156 1446 ex
2199 1393 2465 1462 dignitate
2511 1404 2615 1457 est,
2655 1396 2902 1450 ordinem
2958 1397 3138 1465 reipsa
3195 1399 3455 1453 Ecclesiae
3497 1402 3676 1468 possi-

2090 1482 2281 1546 deant,
2306 1499 2477 1552 pauca
2502 1487 2750 1554 quaedam
2806 1487 2873 1540 de
2917 1488 3048 1541 reali
3100 1489 3205 1541 hoc
3256 1489 3449 1542 ordine
3503 1490 3674 1544 disse-

2091 1585 2245 1643 rere;
2274 1591 2400 1630 cum
2428 1595 2534 1631 non
2575 1581 2728 1646 plura
2757 1581 2900 1634 vires
2927 1581 2979 1635 in
3021 1581 3309 1648 pnesentia
3348 1593 3668 1652 suppetant,

2091 1676 2205 1722 tum
2261 1669 2409 1738 quod
2470 1671 2594 1725 aliis
2653 1673 2841 1727 multis
2885 1687 3216 1742 pnegravor,
3251 1681 3364 1725 tum
3419 1675 3563 1741 quod
3617 1676 3672 1728 in

411 1765 486 1830 μὴ
513 1761 804 1815 άσκείσοαί
839 1778 950 1830 μοι,
983 1763 1057 1823 ὡς
1090 1761 1374 1830 βούλομαι,
1405 1762 1496 1814 τὸν
1532 1761 1773 1828 Ἕλληνα
1801 1762 1978 1828 λόγον.

2088 1760 2268 1830 lingua
2295 1762 2501 1820 Grmca.
2526 1773 2584 1816 ut
2618 1764 2833 1828 vellem,
2857 1766 3130 1818 exercitus
3161 1779 3268 1817 non
3296 1764 3395 1816 sim
3417 1782 3429 1828 ;
3450 1768 3672 1833 quando

407 1855 519 1907 Καὶ
561 1855 694 1907 αὐτὸ
727 1855 833 1924 γάρ
873 1854 935 1906 τὸ
980 1857 1275 1924 χαράττειν
1320 1858 1449 1919 τοὺς
1493 1854 1844 1926 Ἑλληνικοὺς
1873 1856 1984 1908 τῶν

407 1947 752 2016 γραμμάτων
806 1946 1163 2016 χαρακτῆρας
1212 1946 1473 2016 δυσχερές
1521 1946 1612 2016 μοί
1645 1948 1787 2000 ἐστι.
1818 1945 1884 2006 Εἰ
1929 1945 1985 1999 δὲ

404 2038 584 2111 δοθείη
623 2039 712 2108 μοι
745 2056 872 2092 ποτε
918 2040 1104 2110 σχολὴ,
1138 2040 1333 2109 γράψω
1367 2041 1679 2103 Λατινικῶς
1715 2041 1844 2111 περὶ
1874 2040 1984 2108 τῶν

403 2130 669 2183 τοιούτοιν
704 2130 1068 2199 πλατύτερον,
1116 2129 1307 2201 ὥσπερ
1339 2132 1432 2184 καὶ
1463 2135 1591 2203 περὶ
1627 2133 1804 2187 ἄλλων
1855 2133 1984 2186 πολι

403 2221 513 2276 λῶν
536 2238 549 2252 ·
578 2222 662 2274 ῐνα
689 2225 738 2275 εἰ
768 2223 860 2274 καὶ
883 2223 1050 2293 μηδὲν
1074 2221 1224 2287 ἄλλο,
1248 2224 1587 2292 ἁμαρτωλῶν
1607 2226 1779 2277 ὄντων
1801 2226 1980 2297 ἡμῶν,

403 2313 539 2367 ἀλλὰ
567 2314 696 2382 γοῦν
722 2314 792 2367 τά
817 2313 914 2382 τῆς
953 2313 1266 2383 ὀρθοδοξίας
1295 2317 1390 2384 τῆς
1421 2315 1700 2384 ἡμετέρας
1733 2319 1812 2379 εἰς
1851 2317 1982 2386 ὕφει

403 2407 494 2470 λος
543 2387 654 2459 τῶν
692 2407 988 2476 μετέπειτα
1045 2409 1434 2477 περιφέρηται.
1472 2408 1685 2481 Ὠσπερ
1718 2409 1828 2478 γάρ
1875 2411 1983 2481 χρὴ

403 2498 845 2570 ἐξομολογεῖσθαι
893 2499 992 2561 τάς
1030 2499 1166 2560 ιδίας
1200 2500 1482 2571 ἁμαρτίας
1516 2502 1607 2553 τόν
1627 2517 1690 2568 γε
1719 2489 1985 2569 Χριστια-

401 2595 532 2655 νζν,
589 2590 731 2644 οὕτω
788 2593 884 2645 καὶ
933 2594 1030 2661 τὴν
1094 2591 1406 2661 ὀρθοδοξὶαν
1458 2592 1625 2645 αὑτοῦ
1689 2595 1980 2662 κηρύττειν

401 2687 724 2754 ἀναγκαῖον,
753 2683 826 2747 ὡς
849 2683 982 2754 παρ’
1005 2685 1172 2738 αὐτοῦ
1199 2685 1564 2755 δεδιδάγμεθα
1583 2685 1677 2738 τοῦ
1706 2685 1977 2754 Σωτῆρος.

411 2770 811 2852 Ὀμολογήσειν
839 2777 951 2848 γάρ
983 2777 1385 2846 ἐπαγγέλλεται
1415 2776 1729 2847 ἔμπροσθεν
1751 2777 1844 2830 τοῦ
1873 2779 1983 2830 [Ια-

397 2872 527 2940 τρὸς
555 2872 681 2933 τοὺς
732 2869 1134 2940 ὁμολογοῦντας
1185 2871 1349 2924 αὐτὸν
1406 2870 1716 2941 ἔμπροσθεν
1747 2869 1858 2922 τῶν
1889 2873 1977 2923 άν-

401 2962 660 3032 θρὼπων.
694 2962 863 3027 Τάξις
890 2957 982 3016 οὖν
1011 2965 1160 3015 ἐστιν
1207 2964 1266 3014 ὲν
1300 2964 1365 3034 τῇ
1409 2962 1706 3032 Ἐκκλησία
1743 2963 1806 3015 οὐ
1857 2962 1979 3014 κατ’

398 3055 781 3128 ἀπαρίθμησιν
804 3097 819 3118 ,
882 3056 1020 3109 ἀλλὰ
1054 3055 1444 3126 πραγματικὴ,
1478 3054 1538 3106 οὐ
1572 3053 1812 3122 φύσεως,
1864 3052 1979 3105 ἀλλ’
2006 3087 2049 3144 c

399 3145 580 3212 ἀξίας.
610 3148 723 3216 Τῆς
752 3147 810 3200 δὲ
839 3147 1233 3216 πραγματικῆς
1260 3141 1471 3210 τάξεως
1499 3144 1658 3197 τοῦτο
1683 3145 1813 3197 ἴδιόν
1837 3145 1976 3213 ἐστι,

397 3240 460 3292 τὸ
485 3240 734 3312 προέχειν
762 3239 869 3292 τῶν
895 3240 1180 3308 ἑπομένων
1210 3237 1277 3290 τά
1307 3239 1548 3307 πρότερα
1567 3252 1581 3266 ⁸
1611 3233 1722 3290 οἷον
1747 3237 1806 3289 τὺ
1831 3235 1979 3307 πρῶ-

397 3347 490 3383 τον
519 3333 681 3393 εὐθὺς
715 3333 934 3385 πάντων
974 3330 1083 3383 τῶν
1114 3330 1234 3399 μετ’
1263 3331 1464 3395 ἐκεῖνο,
1510 3329 1607 3381 καὶ
1634 3329 1696 3382 τὸ
1725 3328 1978 3398 δεύτερον

401 3425 746 3494 ἐξῃρημένον
775 3423 870 3476 τοῦ
905 3421 1119 3493 πρώτου
1154 3423 1371 3475 πάντων
1403 3422 1510 3476 τῶν
1536 3421 1758 3492 ἑφεξῆς,
1789 3422 1884 3474 καὶ
1912 3422 1975 3473 τὸ

397 3520 578 3586 τρίτον
613 3517 817 3586 ὁμοίως
862 3518 972 3570 των
1027 3516 1171 3569 κατὰ
1222 3513 1423 3570 ταῦτα.
1474 3515 1573 3566 Διά
1601 3514 1764 3567 τοῦτο
1804 3515 1974 3584 ἡτῶν

410 3612 806 3682 Ἱεροσολύμων
847 3611 1142 3682 Ἐκκλησία
1179 3611 1388 3679 ἐσχάτη
1423 3607 1558 3660 οὖσα
1585 3612 1650 3678 τῇ
1693 3608 1844 3672 τάξει
1875 3607 1974 3659 αὑ-

395 3706 495 3773 τὴν
553 3705 726 3774 μόνην
763 3704 1094 3775 κυϐερνήσει
1132 3706 1228 3757 καὶ
1261 3703 1523 3772 οὐδεμίαν
1577 3701 1688 3767 ἕξει
1724 3701 1975 3765 ἐξουσίαν

396 3799 540 3850 κατὰ
566 3799 673 3850 τῶν
708 3799 905 3853 ἄλλων.
955 3795 1021 3849 Ἠ
1068 3796 1125 3850 δὲ
1175 3798 1274 3864 τῆς
1338 3793 1669 3863 Ἀντιοχείας
1709 3793 1842 3860 πρὸς
1873 3794 1974 3860 μὲν

393 3894 494 3956 τὰς
533 3894 956 3963 προηγουμένας
985 3890 1140 3942 οὐδὲν
1168 3891 1416 3950 δύναται,
1451 3888 1643 3956 καιροῦ
1667 3887 1721 3938 δὲ
1746 3886 1972 3938 καλοῦν·

394 4001 484 4046 τος
532 3983 825 4052 δυνήσεταί
878 3999 1002 4036 τινα
1061 3981 1200 4052 μετὰ
1255 3980 1352 4049 τῆς
1400 3980 1512 4030 τῶν
1563 3977 1969 4049 Ἱεροσοῖυμων.

300 4075 309 4083 ’
394 4071 522 4128 υἵόν
553 4095 605 4128 τι
659 4076 822 4141 λέγω.
876 4076 1153 4146 Ἀφορίζει
1203 4076 1232 4127 ὁ
1268 4073 1378 4126 τῶν
1420 4071 1815 4143 Ἰεροσολύμων
1863 4087 1971 4124 πα-

392 4171 660 4242 τριάρχης
698 4169 840 4222 τινά.
883 4169 940 4222 Ὀ
983 4169 1041 4220 δὲ
1087 4166 1428 4235 καταφεύγει
1461 4167 1553 4217 ἐπὶ
1583 4165 1673 4216 τὸν
1706 4164 1802 4234 τῆς
1851 4164 1972 4216 Ἀν-

393 4265 654 4333 τιοχείας.
709 4262 842 4315 Λύει
893 4258 1086 4312 τοῦτον
1119 4259 1365 4322 ἐκεῖνος,
1415 4255 1588 4325 μηδὲν
1645 4255 1756 4308 τῶν
1795 4255 1973 4308 ἄλλων

393 4356 728 4421 ποιούντων,
792 4353 826 4424 ἢ
890 4351 1183 4421 λεγόντων.
1239 4347 1390 4422 Ἀρά
1456 4350 1532 4410 ὡς
1589 4349 1971 4417 ἀφωρισμένον

2088 1858 2144 1904 et
2181 1852 2323 1918 ipsas
2353 1852 2668 1906 Graiarum
2709 1853 3019 1908 litterarum
3071 1864 3228 1907 notas
3278 1870 3506 1908 exarare
3537 1872 3671 1922 per-

2087 1940 2313 1996 dillicile
2350 1945 2481 1997 milii
2513 1944 2583 1998 sit
2612 1962 2626 1996 :
2661 1947 2807 2014 quod
2847 1947 2887 1998 si
2911 1947 3132 1999 dabitur
3156 1947 3447 2015 aliquando
3469 1949 3668 2012 otium,

2087 2034 2157 2089 de
2181 2034 2248 2089 iis
2282 2035 2472 2090 iisdem
2505 2038 2672 2091 rebus
2713 2037 2946 2092 scribam
2999 2038 3190 2093 Latine
3222 2041 3418 2104 fusius,
3467 2056 3664 2110 quem-

2086 2126 2380 2182 admodum
2410 2130 2602 2199 scripsi
2630 2131 2776 2186 etde
2808 2132 2932 2187 aliis
2980 2131 3204 2196 multis;
3246 2143 3322 2198 ut,
3360 2135 3464 2188 etsi
3523 2134 3662 2188 nihil

2085 2217 2259 2285 aliud,
2310 2236 2434 2275 cum
2496 2223 2714 2292 ﬂagitiis
2770 2240 3086 2289 oneremur,
3147 2225 3337 2280 saltem
3379 2243 3501 2294 quae
3562 2242 3666 2281 nos

2087 2321 2235 2366 recte
2256 2312 2547 2377 sentimus,
2591 2317 2655 2367 ad
2709 2326 3054 2384 posterorum
3094 2319 3381 2372 utilitatem
3422 2319 3662 2372 cireum-

2086 2400 2354 2456 ferantur.
2413 2403 2497 2458 Uti
2550 2406 2696 2458 enim
2745 2406 3117 2461 Christianum
3160 2409 3390 2463 addecet
3443 2413 3662 2479 propria

2084 2495 2332 2550 conﬁteri
2364 2509 2604 2565 peciata,
2639 2499 2710 2551 ita
2753 2507 2808 2552 et
2832 2499 3108 2567 propriam
3146 2508 3347 2553 rectam
3390 2508 3552 2569 atque
3582 2502 3666 2554 in-

2087 2594 2290 2656 tcgram
2329 2589 2397 2640 de
2429 2590 2594 2642 rebus
2639 2588 2763 2642 ﬂdei
2813 2589 3164 2658 dogmatibus
3197 2589 3450 2659 ct'ulgare
3500 2591 3663 2644 debet

2083 2677 2430 2739 sententiam,
2467 2685 2527 2731 ut
2553 2677 2620 2732 ab
2650 2677 2768 2746 ipso
2796 2676 3085 2732 Servatore
3119 2687 3310 2732 nostro
3339 2679 3662 2744 didicimus,

2083 2767 2174 2836 qui
2206 2768 2472 2836 promittit
2499 2783 2556 2822 se
2579 2783 2760 2822 coram
2797 2768 2955 2822 Patre
3006 2769 3387 2822 confessurqu
3423 2770 3544 2824 illos
3565 2771 3663 2839 qui

2080 2872 2206 2912 eum
2232 2872 2416 2912 coram
2447 2858 2762 2912 hominibus
2783 2860 3222 2926 _contitcbuntur.
3252 2859 3348 2914 Est
3387 2861 3574 2929 itaque
3605 2862 3663 2914 in

2082 2950 2312 3005 ecclesia
2341 2950 2604 3004 ordonon
2652 2951 3093 3016 enumeratione,
3135 2951 3230 3005 sed
3260 2967 3340 3020 re,
3401 2967 3508 3006 non
3564 2968 3663 3007 na-

2085 3055 2242 3110 turae,
2268 3043 2363 3098 sed
2393 3043 2699 3112 dignitatis.
2753 3044 2935 3098 llealis
2968 3060 3132 3114 porro
3158 3045 3372 3099 ordinis
3424 3045 3477 3099 id
3528 3061 3664 3117 pro-

2088 3133 2264 3204 priutn
2285 3141 2383 3196 est,
2403 3134 2583 3202 priora
2614 3133 2678 3185 iis
2696 3148 2818 3203 qua:
2866 3143 3302 3201 consequuntur,
3319 3136 3657 3201 praecellere,

2085 3227 2317 3292 exempli
2365 3225 2566 3294 gratia,
2619 3226 2856 3295 primum
2905 3227 3170 3280 continuo
3217 3227 3495 3292 omnibus,
3539 3242 3665 3296 qua:

2087 3327 2208 3386 post
2242 3319 2374 3372 illud
2413 3327 2562 3381 sunt,
2586 3329 2643 3372 et
2695 3318 3024 3380 secundum,
3060 3333 3171 3373 uno
3200 3329 3429 3388 excepto
3458 3319 3660 3388 primo,

2084 3407 2363 3474 omnibus,
2405 3423 2525 3477 quae
2585 3418 2699 3461 tum
2749 3407 2875 3460 inde
2906 3419 3285 3469 numerantur,
3315 3417 3370 3460 ct
3437 3418 3661 3462 tertium

2085 3498 2337 3552 similiter
2364 3499 2431 3553 iis
2459 3513 2579 3568 quis
2621 3501 2925 3552 secundum
2971 3497 3106 3551 illud
3155 3509 3301 3552 sunt.
3360 3499 3659 3568 Proiiterca

2083 3587 2570 3659 Hierosolymitana
2625 3589 2891 3652 Ecclesia,
2940 3604 3069 3642 .cnni
3120 3589 3190 3641 sit
3251 3590 3498 3642 omnium
3562 3606 3661 3658 po-

2082 3690 2286 3735 strema
2316 3681 2532 3742 ordine,
2569 3682 2916 3750 semetipsam
2972 3681 3142 3734 solam
3181 3683 3529 3748 gubernabit,
3557 3699 3660 3738 nec

2087 3773 2252 3826 ullam
2283 3773 2334 3824 in
2371 3773 2611 3841 reliquas
2637 3772 2907 3825 Ecclesias
2944 3775 3326 3826 aucmritatem
3351 3774 3656 3828 adhibebit.

2079 3865 2422 3920 Antiocbeiia
2446 3882 2572 3935 erga
2599 3881 2690 3919 eas
2723 3882 2842 3934 qua:
2874 3881 2995 3920 sese
3021 3865 3362 3934 pracedunt,
3393 3865 3485 3933 jus
3535 3869 3661 3920 nul-

2080 3957 2193 4012 lum
2224 3958 2326 4012 sibi
2349 3956 2642 4010 vendicat:
2685 3958 2728 4010 si
2765 3971 2883 4009 sese
2923 3965 3101 4008 tamen
3135 3955 3319 4009 tulerit
3384 3958 3604 4011 occasio
3638 3999 3655 4022 ,

2079 4052 2342 4107 nonnulla
2373 4051 2428 4104 in
2457 4049 3011 4118 llierosolymitanam
3045 4050 3348 4101 cxercebit.
3413 4047 3656 4120 Exempli

2079 4158 2244 4200 causa
2269 4153 2503 4212 ponatur
2530 4161 2545 4197 :
2583 4142 2898 4197 Patr.arelia
2946 4141 3476 4212 llierosolyniitanus
3506 4158 3658 4198 cont-

2079 4241 2340 4293 munionc
2371 4237 2612 4291 tidelium
2642 4237 2880 4304 aliquem
2928 4236 3110 4306 privat
3150 4237 3284 4292 :illc
3335 4237 3402 4291 ad
3465 4238 3656 4292 Antio-

2078 4333 2318 4389 cbenum
2367 4331 2634 4402 confugit,
2689 4331 2946 4399 buncque
2993 4330 3109 4395 ille,
3159 4333 3299 4386 nihil
3361 4333 3483 4387 aliis
3544 4331 3659 4388 eﬂi-

393 4422 839 4518 άποστρέφεσθαι
870 4446 980 4518 χρὴ
1011 4445 1102 4497 τὸν
1135 4440 1327 4513 ἄνδρα,
1371 4443 1405 4513 ἦ
1427 4439 1522 4506 οὓς
1559 4440 1788 4514 Μεγάλῃ
1821 4443 1972 4511 φωνῇ

2083 4424 2376 4488 cientibus,
2415 4432 2512 4478 aut
2574 4423 3052 4486 annuntiantibus,
3083 4422 3138 4476 in
3212 4423 3653 4478 communionem

395 4541 588 4611 κράζω
616 4538 676 4591 τὸ
697 4535 914 4602 δοκοῦν,
939 4539 990 4589 εἰ
1028 4535 1243 4604 ἀνάγκη
1273 4551 1370 4605 μοι
1413 4533 1566 4586 ἔσται
1615 4534 1774 4611 τοῦτο
1820 4547 1972 4600 περι-

395 4635 604 4693 πεσεῖν,
669 4629 917 4697 κρεῖττόν
968 4644 1060 4697 μοι
1118 4623 1260 4678 εἶναι
1316 4624 1527 4696 νομίζω
1587 4623 1971 4694 ἀφωρισμένον

393 4721 535 4779 εἶναι
587 4724 741 4792 παρὰ
776 4719 875 4775 τοῦ
914 4719 1322 4791 Ἱεροσολύμων,
1378 4724 1470 4772 καὶ
1501 4717 1790 4785 λελυμένον
1821 4717 1972 4787 παρά

390 4818 489 4872 τοῦ
538 4817 891 4886 Ἀντιοχείας,
941 4814 972 4884 ἦ
1009 4813 1396 4883 ἀφωρισμένον
1433 4811 1583 4874 παρὰ
1629 4805 1722 4862 τοῦ
1765 4811 1972 4861 Ἀντιο-

392 4911 545 4981 χείας
577 4910 670 4962 καὶ
700 4906 995 4971 λελυμένον
1031 4902 1182 4972 παρὰ
1211 4900 1305 4954 τοῦ
1348 4899 1760 4970 Ἱεροσολύμων.
1798 4896 1970 4954 Τοῦτο

393 5019 502 5072 γαρ
525 5020 550 5053 ο
581 5001 734 5067 λόγος
762 4999 856 5068 της
902 4997 1105 5060 τάξεως
1142 4997 1237 5046 καὶ
1292 4995 1352 5045 τὸ
1397 4993 1606 5063 πρέπον
1637 4991 1768 5044 αὐτὸ
1800 4996 1970 5045 άπαι-

393 5099 499 5152 τεῖ.
547 5097 658 5146 Ἀεὶ
687 5096 794 5160 γὰρ
826 5089 920 5143 τοῦ
951 5090 1225 5156 πρητέρςω
1263 5088 1328 5156 τῇ
1363 5085 1537 5150 τάξει,
1589 5086 1685 5136 καὶ
1724 5087 1789 5154 τῇ
1845 5083 1971 5161 άξξᾳ

394 5189 430 5259 η
459 5186 682 5252 δύναμις
711 5184 938 5252 φέρεται
966 5186 1044 5243 εἰς
1095 5183 1165 5232 τά
1209 5177 1434 5246 ὕστερον
1459 5190 1474 5204 ·
1505 5173 1610 5240 τοῦ,
1631 5175 1687 5227 δὲ
1735 5174 1968 5245 ὑστέρου

395 5281 472 5342 εἰς
501 5278 568 5331 τά
598 5278 866 5346 πρότερον
893 5275 1170 5342 οὐδαμῶς.
1217 5273 1318 5323 Διά
1349 5269 1503 5323 τοῦτο
1532 5273 1558 5322 ὁ
1585 5268 1685 5339 μὲν
1717 5267 1967 5337 βασιλεὺς

390 5377 518 5434 τοὺς
547 5370 887 5440 στρατηγοὺς
923 5368 1128 5437 κρίνειν
1161 5365 1403 5425 δικαίως,
1433 5365 1524 5415 καὶ⁵
1557 5361 1807 5424 κολάζειν
1832 5361 1971 5414 κατὰ

391 5467 518 5528 τοὺς
550 5465 745 5532 νόμους
777 5463 871 5513 καὶ
912 5461 980 5512 τά
1014 5458 1110 5527 ἐοη
1146 5455 1397 5516 δύναται,
1449 5457 1541 5506 καὶ
1586 5455 1615 5506 ό
1665 5453 1969 5523 στρατηγὸς

392 5561 520 5622 τοὺς
571 5557 907 5628 χιλιάρχους,
957 5554 1052 5606 καὶ
1109 5553 1137 5603 ὁ
1184 5551 1466 5620 χιλίαρχος
1514 5547 1640 5608 τοὺς
1679 5546 1768 5598 ὑπ’
1805 5547 1969 5597 αὑτὸν

393 5653 829 5723 ἑκατοντάρχους
877 5649 1060 5703 τάττει
1099 5647 1173 5710 ὡς
1219 5647 1323 5712 δεῖ,
1373 5643 1470 5696 καὶ
1500 5641 1624 5704 τοὺς
1659 5641 1738 5711 μὴ
1769 5640 1968 5708 φυλάτ-

391 5763 586 5811 τοντας
612 5745 712 5817 τὴν
739 5742 892 5810 τάξιν
929 5740 1165 5808 κολάζει,
1201 5737 1295 5791 καὶ
1333 5737 1362 5790 ὁ
1410 5735 1805 5806 ἑκατόνταρχος
1836 5732 1962 5795 τοὺς

2076 4517 2335 4573 restituit.
2370 4515 2557 4570 Eritne
2617 4514 2709 4569 hic
2751 4514 2919 4568 homo
2965 4525 3222 4584 tanquam
3257 4515 3393 4569 diris
3421 4517 3658 4571 devotus

2073 4610 2331 4665 vitandus
2367 4608 2450 4662 vel
2484 4607 2633 4663 non?
2679 4607 2870 4676 Magna
2899 4621 3032 4661 voce
3093 4608 3427 4662 sententiam
3475 4623 3650 4662 meam

2073 4701 2287 4769 intono,
2324 4701 2370 4756 si
2397 4699 2697 4754 necessitas
2720 4715 2805 4753 me
2831 4715 3072 4769 unquam
3095 4699 3164 4753 ad
3199 4699 3252 4752 id
3276 4699 3606 4769 compulerit
3632 4717 3648 4755 ε

2073 4793 2417 4850 commodius
2457 4794 2590 4849 mibi
2617 4793 2736 4848 [ore
2753 4793 3008 4848 existimo
3048 4792 3119 4846 ab
3159 4791 3655 4862 llicrosolymitano

2072 4892 2466 4945 communione
2492 4889 2734 4943 ﬁdelium
2755 4903 2875 4943 esse
2907 4887 3202 4957 privatum,
3230 4887 3652 4956 restitutumque

2073 4984 2142 5038 ab
2170 4983 2532 5047 Antiocheno,
2573 4996 2736 5043 quam
2766 4980 2834 5034 ab
2891 4979 3239 5035 Antioclieno
3269 4979 3562 5048 privatum,
3596 4992 3653 5036 et

2074 5076 2386 5129 restitutum
2433 5076 2503 5128 ab
2554 5073 3068 5142 llierosolymitano.
3111 5072 3226 5127 Hoc
3273 5073 3545 5141 siquidem
3596 5085 3654 5128 et

2072 5168 2282 5223 ordinis
2315 5167 2478 5229 ratio,
2526 5175 2583 5219 et
2624 5166 2864 5234 postulat
2901 5167 2952 5219 id
3010 5166 3157 5234 quod
3189 5166 3370 5218 decet.
3420 5165 3650 5233 Semper

2073 5263 2218 5316 Cnim
2248 5272 2304 5314 et
2333 5261 2529 5314 ordine
2561 5271 2614 5313 et
2649 5259 2917 5328 dignitate
2967 5257 3370 5312 excellctitioris
3421 5258 3650 5312 l'acultas

2075 5357 2126 5409 in
2186 5355 2572 5424 subsequentia
2626 5353 2794 5405 robur
2845 5352 3050 5405 liabet:
3099 5361 3153 5403 at
3185 5351 3526 5419 subsequens
3593 5352 3649 5423 in

2072 5448 2456 5502 excellentiora
2505 5460 2806 5514 nunquam.
2881 5445 3114 5512 ldeoqnc
3168 5457 3261 5496 rex
3325 5440 3648 5512 jureincrito

2071 5541 2335 5595 exercitui
2362 5537 2906 5609 przclectesjudicare
2936 5549 2991 5592 et
3023 5539 3288 5605 castigare
3341 5532 3647 5588 secundum

2073 5634 2221 5702 leges
2259 5643 2316 5685 et
2365 5628 2816 5689 consuetudinem
2842 5637 3042 5696 potest,
3079 5638 3131 5680 et
3177 5622 3444 5678 exercitui
3500 5636 3645 5691 pra»

2074 5727 2202 5783 lecti
2231 5723 2582 5791 cliiliarcbos,
2606 5731 2661 5779 ct
2689 5720 3024 5778 cbiliarcbus
3049 5735 3144 5776 eos
3166 5720 3258 5788 qui
3286 5718 3386 5775 sub
3407 5732 3465 5773 se
3495 5726 3648 5782 sunt,
