4044 6154
214 232 320 298 869

988 239 1072 302 IN
1118 238 1385 315 ILLUD,
1434 230 1609 302 tSIC
1652 237 1848 303 νοω
1888 239 2059 303 EUM
2102 241 2449 321 MANERE,
2493 255 2511 290 ι
2557 243 2717 307 ETC.

3390 252 3493 317 870

218 369 325 411 non
366 344 610 412 recedat.
644 354 764 412 Non
805 354 955 412 enim
984 356 1073 413 vel
1103 366 1285 412 morte
1321 356 1404 411 vel
1442 346 1558 412 vita
1576 348 1809 414 Joannis
1839 380 1880 434 Α
1913 358 2145 428 poribus
2181 361 2536 417 miseratione
2564 364 2749 418 divina
2781 374 2951 429 tenet.
2979 376 3165 438 posset
3197 369 3494 428 ostendere

216 446 347 503 salvi
376 446 505 503 facti
543 462 756 514 sumus,
786 464 888 506 nec
914 448 1153 504 alterum
1190 456 1383 519 aperte
1416 449 1498 504 sic
1527 450 1580 504 in
1622 450 1804 504 Elian-

213 540 355 611 gelio
400 541 605 596 dicitur
642 551 703 597 ut
740 542 976 598 alterum
1012 541 1242 598 credere
1287 543 1445 597 nefas
1479 543 1803 598 sit.-llabct

213 640 393 688 tamen
450 633 804 705 investigatio
853 635 931 689 rei
986 634 1154 706 hujus
1191 650 1301 689 non
1340 650 1534 705 parum
1585 634 1802 689 fruetus

210 726 257 781 si
306 728 816 782 noncontentione
865 729 1149 797 vincendi,
1200 722 1295 784 sed
1332 728 1581 784 veritatis
1611 743 1800 785 amore

214 815 537 890 inquiritur.
569 817 707 875 Cum
737 819 886 875 enim
924 818 1246 891 investigari
1279 829 1429 874 recte
1477 833 1589 874 non
1630 819 1803 889 possit

211 910 321 967 nisi
371 927 471 982 per
520 911 900 986 Evangelium,
956 926 1097 984 opus
1144 923 1255 980 est,
1293 913 1426 967 dum
1474 913 1798 983 quaerimus.

158 1014 161 1015 '
212 1005 496 1077 Evangelii
526 1006 695 1062 verba
718 1006 922 1078 saepius
952 1017 1226 1078 repetere.
1253 1006 1308 1061 ld
1342 1022 1451 1063 non
1478 1008 1657 1063 solum
1681 1008 1802 1063 ani-

213 1111 362 1150 mum
380 1097 450 1151 ab
473 1096 598 1152 aliis
618 1096 1047 1167 cogitationibus
1070 1096 1367 1162 abstrahit,
1387 1099 1483 1154 sed
1509 1108 1568 1153 et
1587 1100 1654 1153 ad
1680 1099 1817 1168 api--

210 1205 334 1245 cem
370 1190 551 1259 ipsum
573 1201 893 1246 sanctarum
921 1190 1237 1247 litterarum
1266 1191 1516 1261 impellit.
1549 1190 1797 1257 Accedit,

210 1292 271 1337 ut
299 1281 397 1353 qui
432 1284 551 1338 hac
599 1281 845 1339 faciliora
878 1293 938 1340 et
988 1287 1047 1340 in
1076 1284 1297 1356 quibus
1344 1298 1454 1340 non
1506 1289 1802 1357 possumus

212 1391 344 1432 cum
390 1385 599 1433 aeterna
640 1378 892 1449 pernicie
941 1379 1109 1435 animi
1146 1384 1368 1445 errare,
1405 1389 1709 1442 scrutatur.
1755 1381 1802 1438 is

207 1471 615 1532 exercitatione
666 1471 778 1542 jam
845 1471 1051 1546 ingenii
1105 1474 1280 1544 gradu
1339 1476 1464 1532 hinc
1523 1476 1671 1532 facto
1734 1477 1802 1532 ad

205 1565 408 1621 altiora
438 1566 690 1622 securior
731 1568 904 1638 possit
932 1570 1328 1625 conscendere.

280 1656 401 1715 lloc
439 1669 624 1714 autem
648 1668 707 1716 et
736 1660 841 1731 ipsi
877 1661 1111 1717 salutem
1146 1663 1443 1718 allaturum
1478 1670 1639 1723 estet
1665 1664 1801 1720 alios

1908 450 1964 506 id
1999 467 2067 508 ex
2115 468 2264 509 nunc
2311 463 2507 525 sponte
2543 465 2768 528 totoque
2795 459 3001 524 animo,
3037 476 3259 529 revoco,
3310 464 3494 536 ejicio,

1910 560 2130 617 respuo.
2172 557 2230 601 et
2283 550 2428 603 sicut
2463 565 2569 605 non
2629 551 2832 606 dictum
2884 552 3075 610 haberi
3125 557 3394 625 supplico,
3439 557 3496 614 Id

1853 694 1856 698 λ
1905 641 2073 693 modo
2108 639 2198 693 hic
2248 640 2482 708 dictum,
2528 644 2683 713 quasi
2726 644 2933 699 dictum
2983 647 3038 701 in
3072 648 3329 704 omnibus
3372 664 3499 707 esse

1906 732 2070 786 velim
2107 749 2229 804 quae
2257 743 2352 789 aut
2382 735 2570 791 Graece
2595 745 2689 790 aut
2720 735 2912 794 Latine
2940 738 3091 812 attigi
3118 750 3177 795 ut
3206 742 3496 813 attingam.

1903 822 1963 879 In
1980 824 2166 881 animo
2182 826 2329 882 enim
2346 837 2431 882 est
2444 868 2458 890 ,
2486 827 2586 883 nisi
2606 830 2690 884 vel
2718 841 2975 887 senectus
3000 834 3387 900 retardaverit,
3407 837 3495 890 vel

1901 918 2187 987 aegrotatio
2211 919 2547 989 impedierit,
2581 922 2664 976 vel
2692 923 2941 977 tenuinm
2985 923 3328 980 fortunarum
3355 942 3493 983 eon-

1904 1008 2043 1065 ditio
2076 1010 2440 1091 revocaverit.
2471 1013 2771 1069 nonnullos
2806 1015 3103 1086 Scriptura:
3137 1018 3285 1073 locos
3328 1030 3496 1091 prout

1904 1100 2047 1157 Dens
2085 1089 2350 1175 aspirabit
2402 1116 2657 1161 tractare.
2712 1107 2817 1163 Sed
2868 1108 3007 1163 alios
3062 1110 3286 1179 quidem
3330 1089 3492 1175 alias,

1904 1197 2054 1251 nunc
2082 1207 2264 1252 autem
2300 1197 2473 1268 ipsius
2512 1199 2740 1255 Joannis
2774 1200 2844 1256 de
2885 1202 2994 1271 quo
3034 1201 3241 1258 dicturi
3275 1218 3493 1271 sumus,

1905 1287 2308 1345 intercessione
2354 1290 2507 1356 freti,
2559 1293 3045 1363 quaestiunculam,
3088 1312 3205 1364 quae
3238 1312 3267 1351 a
3310 1297 3495 1353 verbis

1906 1381 2188 1452 Evangelii
2214 1384 2481 1455 originem
2518 1386 2735 1442 trahere
2763 1389 2999 1453 videtur,
3029 1388 3291 1455 dilucide,
3315 1405 3494 1462 quan-

1908 1482 2024 1529 tum
2063 1473 2208 1530 Deus
2239 1475 2551 1542 donaverit,
2587 1489 2821 1535 tractare
2861 1481 3206 1536 conabimur.

1868 1637 1876 1644 ι
1976 1566 2191 1640 Saepius
2238 1581 2358 1640 post
2414 1576 2879 1629 resurrectionem
2933 1575 3171 1631 diversis
3225 1576 3494 1635 Dominus

1904 1662 2085 1717 modis
2114 1665 2372 1736 apparuit
2408 1667 2721 1738 discipulis.
2768 1678 2824 1724 et
2874 1670 3076 1741 smpius
3107 1686 3232 1728 eum
3264 1673 3398 1743 ipsis
3436 1684 3493 1730 et

208 1750 277 1806 ad
316 1765 599 1808 sacrarum
628 1752 939 1810 litterarum
971 1755 1156 1811 studia
1186 1758 1389 1826 poterit
1421 1772 1795 1813 commovere.
1831 1757 1876 1818 Β
1905 1756 2143 1813 comedit
2190 1767 2246 1813 et
2281 1761 2436 1823 bibit,
2465 1760 2606 1816 latus
2635 1777 2857 1833 quoque
2904 1773 2960 1820 et
2998 1780 3192 1821 manus
3216 1777 3271 1821 et
3298 1767 3490 1838 pedes,

182 1843 487 1919 ,Priutum.
518 1846 777 1917 quoniam
830 1847 875 1903 si
923 1848 1053 1919 quis
1083 1848 1303 1905 divinas
1347 1850 1560 1905 litteras
1602 1853 1807 1906 crebro

202 1944 261 1993 et
292 1953 423 1992 cum
471 1938 577 1994 ﬁde
608 1938 838 2004 lectitat,
870 1941 999 1998 huic
1049 1944 1133 1997 via
1167 1942 1360 1998 salutis
1391 1941 1443 1997 in
1484 1942 1603 1999 dies
1634 1944 1807 2015 magis

214 2030 512 2103 magisque
568 2034 861 2104 aperitur;
919 2035 1181 2100 alterum,
1241 2018 1373 2105 quia
1441 2035 1573 2091 licet
1621 2037 1804 2089 omnia

204 2122 505 2180 doctorum
564 2125 824 2181 Ecclesiae
879 2123 1189 2197 diligentia,
1245 2127 1352 2182 hoc
1405 2135 1515 2193 est,
1566 2126 1805 2197 Spiritus

200 2217 385 2272 sancti
424 2218 602 2287 gratia
636 2216 783 2274 unde
814 2218 999 2273 omnia
1028 2218 1173 2299 dona
1212 2219 1497 2290 proﬂuunt
1537 2222 1672 2275 satis
1704 2236 1804 2290 pa-

205 2319 389 2374 teant,
418 2318 601 2365 tamen
628 2319 693 2365 et
722 2325 867 2365 nova
898 2324 1131 2382 quaeque
1163 2310 1443 2366 delectant
1470 2320 1527 2366 et
1554 2312 1803 2382 legentes

201 2404 274 2460 ad
303 2403 752 2476 frequentiorem
781 2403 901 2476 ipsa
925 2406 1171 2460 novitate
1204 2405 1456 2462 alliciunt
1482 2391 1800 2462 lectionem.

199 2492 413 2552 Crebra
446 2506 631 2551 autem
692 2493 891 2551 harum
923 2512 1129 2561 rerum
1156 2495 1323 2552 lectio
1360 2497 1671 2551 animorum
1719 2504 1805 2551 est

201 2590 367 2646 cibus
411 2602 521 2660 quo
564 2587 833 2644 adversus
865 2587 1183 2660 voluptates
1220 2590 1649 2644 corroboramur
1674 2600 1799 2643 car-

201 2680 320 2736 nis.
354 2679 510 2736 Adde
542 2678 692 2751 quod
741 2678 977 2752 abyssus
1014 2695 1118 2736 nec
1146 2679 1381 2751 simplex
1426 2680 1522 2736 sed
1573 2678 1799 2750 duplex,

201 2776 392 2833 divina
419 2775 708 2849 Scriptura
736 2786 844 2841 est,
871 2775 919 2829 si
948 2773 1037 2830 cui
1086 2773 1264 2844 placet
1310 2768 1446 2828 illud
1499 2772 1801 2830 l’salmistie

199 2873 275 2931 ad
347 2882 508 2928 vetus
558 2883 959 2941 nonnunquam
1033 2867 1287 2923 conferre
1354 2857 1795 2937 Testamentum,

199 2968 353 3042 quod
386 2964 706 3023 Creatorem
744 2961 1149 3035 magnitudine,
1197 2960 1558 3016 multitudine
1608 2955 1798 3016 altitu-

200 3061 452 3132 dineque
478 3072 663 3114 rerum
690 3055 1115 3119 admirationem
1141 3055 1483 3125 compulsus,
1509 3052 1792 3133 exclama-

1909 1864 2019 1905 non
2049 1852 2225 1910 oculis
2262 1855 2475 1923 solum,
2500 1871 2690 1913 verum
2732 1860 2903 1915 etiam
2939 1860 3112 1916 tactui
3166 1861 3386 1930 obtulit,
3431 1864 3494 1920 ut

1909 1942 2154 2016 undique
2209 1948 2467 2005 eumdem
2500 1950 2738 2020 seipsum
2778 1967 2900 2008 esse
2944 1954 3363 2012 daemonstraret
3393 1957 3492 2027 qui

1906 2039 2246 2107 surrexerat,
2276 2042 2371 2113 qui
2400 2043 2701 2101 cruciﬁxus
2732 2046 2933 2114 fuerat,
2976 2049 3183 2121 quique
3208 2061 3335 2107 ante
3364 2067 3493 2123 pas-

1904 2130 2113 2190 sionem
2146 2150 2270 2191 eum
2295 2136 2404 2192 illis
2430 2138 2886 2197 conversabatnr.
2918 2141 3147 2200 Demum
3180 2147 3488 2203 secundum

1902 2227 2135 2284 Joannis
2169 2227 2525 2301 Evangelium
2556 2235 2813 2303 apparuit
2844 2234 3008 2293 Jesus
3045 2238 3099 2293 in
3150 2238 3338 2297 littore
3377 2243 3492 2300 illis

1903 2322 2271 2391 piscantibus,
2303 2323 2776 2398 interrogavitque
2807 2330 2851 2387 si
2889 2330 3194 2403 quidquam
3228 2336 3517 2405 pulmea»

1907 2413 2031 2468 tarii
2059 2417 2343 2473 baberent.
2371 2418 2585 2485 Quibus
2609 2422 2939 2491 negantibus
2960 2425 3132 2496 jussit
3162 2427 3218 2481 in
3241 2427 3489 2485 dextram

1904 2505 2108 2578 navigii
2148 2519 2361 2579 partem
2405 2524 2520 2569 rete
2566 2521 2903 2583 immittere;
2935 2534 3047 2589 quo
3088 2520 3232 2578 facto
3264 2536 3489 2582 centum

1901 2610 1959 2657 et
1991 2604 2395 2677 quinquaginta
2442 2618 2553 2664 tres
2596 2624 2823 2680 magnes
2880 2613 3070 2682 piscati
3123 2616 3302 2686 pisces
3333 2631 3490 2675 sunt.

1902 2694 2060 2762 Quod
2078 2696 2302 2768 quidem
2327 2699 2393 2753 ad
2421 2697 2661 2756 futuram
2687 2713 3006 2760 sanctorum
3034 2709 3274 2779 quietem
3303 2728 3489 2769 sacra-
3575 2756 3577 2759 -

1902 2786 2217 2843 mentaliter
2271 2791 2593 2859 pertinere,
2649 2795 3005 2865 perspicuum
3064 2808 3169 2854 est.
3228 2802 3365 2858 Nam
3430 2816 3490 2861 et

1902 2878 2223 2950 magnitudo
2257 2893 2314 2936 et
2354 2884 2653 2940 multitudo
2696 2898 2748 2943 et
2789 2905 3055 2947 numerus
3096 2894 3325 2962 piscium
3365 2913 3489 2955 cer-

1902 2980 1991 3026 tus
2023 2982 2079 3028 et
2113 2973 2310 3029 tractio
2342 2989 2535 3031 eorum
2567 2992 2666 3047 per
2700 2978 2901 3037 ﬂuctus
2933 2987 3120 3054 maris,
3165 2992 3385 3047 tandem
3417 2992 3487 3050 ad

1904 3064 2095 3120 littora
2141 3064 2441 3135 tutior,"et
2484 3069 2853 3129 ducentorum
2897 3092 2927 3131 a
2960 3077 3143 3135 littore
3169 3082 3483 3141 cubitorum

202 3156 322 3213 vit:
354 3125 642 3228 iAbyssus
656 3151 919 3224 abyssum
945 3148 1167 3207 invocat
1184 3149 1254 3204 ad
1282 3163 1473 3205 vocem
1499 3130 1801 3204 cataracta-
1827 3125 1870 3183 θ
1904 3156 2164 3213 distantia
2196 3169 2253 3214 et
2297 3160 2352 3215 in
2385 3160 2640 3219 dextrum
2675 3168 2809 3223 retis
2835 3168 3102 3228 demissio
3136 3185 3193 3232 et
3223 3187 3489 3247 septena-

200 3265 331 3307 runt
351 3257 595 3304 tuarum.
620 3264 640 3299 ι
666 3244 881 3302 Veteris
895 3243 1045 3300 enim
1071 3241 1409 3299 Testamenti
1436 3246 1537 3314 per
1561 3242 1798 3313 gratiam

204 3343 519 3402 Salvatoris
578 3341 779 3413 abysso
819 3338 1114 3409 patefacta,
1163 3345 1221 3392 et
1262 3335 1389 3392 velo
1436 3335 1799 3409 templi-(quo

199 3436 645 3515 prohibebamur
676 3433 943 3489 interiora
976 3432 1318 3503 prospicere)
1359 3443 1458 3499 per
1478 3442 1644 3487 suurn
1674 3441 1801 3500 pas.

200 3537 426 3593 sionem
456 3532 652 3594 scisso,
692 3526 948 3581 invocata
979 3522 1180 3579 edudit
1206 3537 1267 3578 se
1292 3521 1423 3577 novi
1455 3520 1794 3577 Testamenti

199 3598 464 3706 abyssus,
493 3633 553 3679 et
591 3621 855 3677 excitavit
886 3632 1077 3675 vocem
1127 3625 1531 3690 cataractarum
1574 3612 1695 3681 Dei,
1740 3613 1796 3669 id

193 3728 294 3775 est
316 3711 806 3785 evangelistarum,
841 3707 1224 3779 apostolorum
1254 3706 1653 3777 doctorumque
1678 3720 1798 3762 out-

196 3812 360 3867 nium
393 3803 676 3864 Ecclesiae.
716 3801 773 3858 Si
801 3816 933 3874 ergo
958 3799 1262 3875 Scriptum
1292 3798 1533 3858 altitudo
1560 3800 1795 3873 abyssus

195 3882 285 3963 est
318 3915 540 3974 magna,
586 3910 869 3968 nunquam
904 3894 1143 3951 deerunt
1177 3908 1306 3949 cum
1352 3892 1474 3949 zelo
1503 3892 1666 3948 nobis
1699 3907 1795 3950 ve-

193 4005 425 4062 ritatem
482 3997 819 4069 rimantibus
869 4010 993 4068 qua
1038 4007 1168 4052 cum
1213 3993 1455 4051 utilitate
1505 3992 1792 4051 communi

204 4092 650 4156 conseribamus.
697 4091 869 4164 Cujus
910 4089 992 4147 rei
1028 4103 1319 4145 excessum
1359 4102 1425 4143 ac
1457 4086 1795 4171 magnitudi-

200 4208 334 4250 nem
380 4186 737 4261 Evaugelium
772 4182 1115 4257 significasse
1146 4181 1399 4250 videtur,
1433 4180 1529 4237 ubi
1564 4180 1791 4246 dicitur,

197 4287 319 4345 Nec
351 4283 616 4340 mundum
651 4278 1115 4352 quidem'ipsutn,
1149 4277 1194 4332 si
1218 4274 1438 4347 singula
1469 4290 1593 4347 qua:
1624 4275 1793 4332 Jesus

194 4380 337 4437 fecit
363 4375 877 4439 conscriberentur,
900 4369 1079 4427 videri
1110 4379 1427 4441 capturum.
1459 4367 1543 4424 Ad
1578 4368 1790 4425 sancti-

1902 3251 2020 3306 rius
2043 3252 2449 3323 discipulorum
2474 3269 2762 3327 numerus,
2789 3259 2904 3317 haec
2930 3265 3116 3320 etnnia
3147 3283 3255 3323 non
3278 3272 3488 3343 absque

1901 3360 2102 3417 magno
2131 3348 2396 3419 mysterio
2443 3348 2742 3423 diligenter
2788 3369 3087 3413 narrantur
3130 3370 3191 3417 et
3246 3362 3486 3427 futuram

1903 3438 2301 3510 triumphantis
2351 3442 2612 3502 Ecclesia
2638 3460 2767 3504 curn
2807 3448 3044 3508 Domino
3090 3455 3260 3512 vitam
3295 3473 3486 3531 aperte

1901 3532 2216 3603 significare
2248 3534 2525 3595 videntur.
2557 3538 2694 3597 Erat
2728 3540 2786 3598 id
2815 3546 2980 3601 certe
3017 3562 3179 3604 suum
3208 3550 3360 3610 illius
3386 3557 3481 3626 qui

1892 3626 2025 3698 plus
2074 3627 2199 3683 aliis
2227 3629 2519 3687 amabatur
2566 3646 2601 3689 a
2646 3632 2871 3691 Christo
2906 3638 3001 3709 qui
3037 3639 3092 3696 in
3133 3640 3484 3707 Dominieutu

1898 3728 2094 3793 pectus
2138 3721 2391 3778 incubuit
2430 3736 2489 3781 et
2532 3725 2664 3783 inde
2694 3727 2877 3786 hausit
2910 3734 3360 3803 .prol‘undisslma
3391 3757 3490 3797 sa-

1899 3824 2181 3872 cramenta
2213 3812 2313 3872 cui
2344 3818 2571 3874 Matrem
2605 3822 2758 3879 orbis
2789 3823 3068 3882 dominam
3114 3829 3235 3901 ipse
3297 3830 3487 3891 Domi-

1899 3926 2007 3965 nus
2046 3911 2289 3968 moriens
2316 3915 2751 3984 commendavit,
2784 3927 2843 3971 ut
2876 3919 3341 3988 quemadmodum
3373 3930 3489 3984 ini-

1899 4004 2035 4060 tium
2068 4003 2350 4077 Evangelii
2377 4006 2461 4063 sui
2496 4010 2549 4063 in
2585 4020 2792 4065 aeterna
2819 4014 3177 4082 generatione
3225 4018 3351 4076 Filii
3385 4022 3484 4079 Del

1895 4098 2147 4155 fundavit
2178 4099 2353 4155 instar
2382 4098 2610 4157 tonitrui
2655 4104 2898 4160 clamans
2929 4124 2950 4160 ι
2981 4106 3045 4161 In
3076 4112 3337 4185 principio
3368 4130 3488 4176 erat

1907 4188 2156 4257 Verbum,
2181 4201 2231 4248 et
2267 4191 2496 4252 Verbum
2538 4202 2656 4249 erat
2685 4198 2828 4268 apud
2878 4198 3067 4268 Deum,
3100 4213 3150 4257 et
3191 4207 3329 4262 Deira
3357 4219 3482 4264 erat

1898 4283 2123 4341 Verbum
2151 4285 2275 4342 :sic
2315 4287 2559 4343 culmina
2594 4304 2693 4361 per
2722 4290 2967 4347 futuram
3003 4307 3321 4355 sanctorum
3354 4304 3483 4363 vita:

1896 4376 2185 4450 mysticam
2226 4376 2535 4436 orationem
2565 4382 2897 4452 imponeret,
2931 4385 2999 4440 ad
3027 4402 3193 4457 quam
3223 4402 3281 4446 ut
3306 4394 3482 4450 tutius

194 4482 371 4532 tatem
414 4479 605 4527 autem
646 4476 797 4523 tuam
832 4472 890 4521 et
935 4480 1060 4535 qua:
1108 4478 1256 4520 nunc
1297 4465 1352 4518 in
1386 4465 1491 4520 bac
1540 4462 1789 4535 perfacili
1826 4483 1867 4539 ο
1898 4469 2036 4526 mari
2066 4470 2258 4542 iactati
2315 4479 2374 4528 et
2427 4474 2615 4538 undis,
2673 4477 2848 4531 sancti
2890 4480 3181 4549 pervenire
3230 4495 3478 4555 possent.

191 4563 528 4640 quastione,
571 4558 780 4616 auxilio
818 4559 939 4633 ejus
974 4558 1148 4632 eujus’
1170 4566 1227 4612 tu
1265 4558 1322 4613 in
1352 4557 1518 4613 terris
1545 4556 1787 4613 vicarius

194 4678 287 4728 es.
308 4667 372 4715 et
390 4663 580 4733 postea
608 4668 731 4726 qua
774 4650 1128 4717 dictabimus,
1166 4648 1364 4707 merito
1388 4647 1656 4706 mittenda
1687 4664 1788 4721 pu-

188 4758 488 4818 tavimus:
528 4766 600 4809 ne
630 4749 764 4806 dum
805 4748 1060 4806 volumus
1102 4756 1158 4802 et
1200 4744 1362 4802 nobis
1388 4754 1445 4801 et
1494 4745 1618 4801 aliis
1654 4759 1787 4817 pro:

190 4852 386 4914 desse.
438 4846 495 4902 in
545 4828 805 4918 laqueum
834 4841 1175 4897 dilabamur.
1215 4840 1273 4897 id
1318 4837 1469 4895 enim
1510 4847 1568 4894 et
1599 4837 1706 4893 fuit
1732 4842 1789 4891 et

189 4955 282 5004 est
332 4952 394 4999 et
430 4939 619 4996 divina
659 4944 934 5010 prasente
990 4934 1163 5006 gratia
1210 4932 1320 4989 erit
1370 4945 1593 5003 semper
1647 4929 1786 4986 milii

195 5039 436 5097 insitum
479 5044 538 5097 et
582 5030 946 5103 propositum,
988 5036 1227 5085 mortem
1276 5014 1695 5100 optare'potius
1730 5034 1789 5082 et

192 5132 418 5192 exitum
456 5125 622 5197 hujus
670 5122 819 5193 vita,
862 5135 1031 5194 quam
1066 5118 1302 5192 aliquid,
1335 5134 1449 5177 non
1491 5120 1619 5175 dico
1648 5118 1790 5174 scri—

196 5229 339 5285 bere
356 5229 456 5279 aut
470 5220 689 5284 dicere,
720 5217 816 5274 sed
845 5231 914 5273 ne
941 5215 1186 5287 cogitare
1216 5212 1463 5285 quidem,
1483 5211 1630 5285 quod
1654 5226 1789 5283 apo-

189 5316 410 5381 stolica
437 5311 707 5373 doctrinae
734 5324 801 5366 ac
822 5307 1094 5369 Ecclesia:
1115 5306 1235 5374 Dei,
1259 5307 1418 5379 cujus
1442 5314 1500 5362 tu
1527 5307 1788 5379 princeps

187 5428 281 5478 es,
318 5420 633 5481 repugnare
680 5404 959 5461 videatur.
998 5399 1181 5469 Quare
1217 5400 1262 5456 si
1292 5400 1435 5457 forte
1460 5415 1655 5472 parum
1687 5400 1788 5457 ad-

187 5501 494 5567 v’ertendo,
544 5496 754 5570 aliquid
800 5494 1142 5567 huiusmodi,
1177 5501 1273 5549 aut
1313 5494 1479 5549 etiam
1511 5507 1582 5551 ex
1627 5492 1785 5564 igno-

184 5596 398 5664 rantia,
456 5590 804 5665 scripserim,
841 5590 1101 5655 dixerim,
1133 5586 1517 5661 cogitaverim,
1580 5595 1680 5642 aut
1726 5586 1786 5643 in

183 5694 446 5748 futurum
481 5687 784 5761 scripsero,
817 5685 1034 5754 dixero,
1067 5686 1406 5758 cogitavere,
1438 5681 1589 5756 quod
1623 5695 1788 5739 aures

183 5784 509 5843 sanctitatis
538 5793 648 5840 tua:
676 5796 803 5856 qua
833 5781 986 5855 regni
1017 5780 1286 5842 cuilorum
1308 5779 1492 5837 claves
1526 5778 1612 5838 bis
1633 5787 1782 5859 tem-

1888 4559 2322 4619 Petrus'autem
2368 4566 2589 4636 quando
2633 4567 2737 4640 ipsi
2784 4570 2966 4627 claves
3017 4574 3175 4645 regni
3210 4578 3477 4635 caelorum

1889 4655 2292 4713 commendata:
2339 4655 2605 4725 fuerunt,
2668 4659 2932 4718 Ecclesiae
2985 4665 3156 4721 totius
3221 4667 3481 4742 princeps

1888 4749 2247 4816 constitutus,
2293 4752 2540 4823 apertius
2580 4761 2711 4809 tunc
2760 4755 2845 4812 vel
2879 4759 3190 4815 restituitur
3222 4762 3303 4817 vel
3347 4777 3481 4819 cono

1890 4840 2160 4899 ﬁrmatur.
2196 4844 2337 4902 Nam
2389 4861 2460 4902 ne
2493 4845 2635 4903 forte
2676 4847 2901 4920 aliquis,
2958 4852 3217 4923 quoniam
3254 4866 3338 4911 ter
3369 4856 3479 4912 Du-

1890 4936 2100 4992 minum
2129 4949 2446 5010 negaverat,
2494 4938 2748 4997 amisisse
2789 4942 2969 5014 ipsum
3013 4941 3271 5001 Ecclesia:
3318 4948 3480 5019 prin-

1889 5031 2132 5102 cipatum
2187 5039 2432 5103 putaret,
2495 5041 2579 5089 ter
2626 5036 3004 5107 interrogatur
3059 5054 3130 5094 an
3180 5039 3503 5100 Dominum'

1888 5134 2139 5196 amaret,
2169 5123 2265 5195 qui
2296 5122 2472 5182 multo
2500 5125 2825 5195 prudentior
2845 5128 2958 5200 jam
2986 5138 3155 5201 atque
3183 5133 3477 5189 sublimior

1890 5215 2065 5288 gratia
2112 5215 2433 5283 Salvatoris,
2467 5232 2581 5273 non
2620 5217 2849 5275 ell‘ertur
2897 5225 3350 5293 prtesumptione,
3402 5242 3475 5282 ne

1891 5325 2117 5367 rursum
2166 5310 2461 5382 negatione
2505 5324 2974 5383 prosterneretur,
3005 5332 3074 5371 ne
3121 5318 3384 5390 lacrymis
3419 5331 3478 5381 et

1889 5420 2080 5462 amaro
2102 5404 2233 5463 fletu
2269 5405 2469 5464 iterum
2502 5405 2607 5466 sibi
2635 5406 2703 5462 ad
2734 5409 3156 5478 propellendum
3192 5413 3475 5483 piaculum

1888 5514 2030 5570 epus
2063 5500 2231 5566 esset,
2262 5500 2362 5557 sed
2406 5499 2497 5574 pia
2533 5502 2884 5559 confessione
2932 5520 3120 5562 amare
3159 5506 3383 5579 quidem
3410 5523 3474 5564 se

1890 5594 2056 5650 tertio
2081 5588 2515 5663 respondit,sed
2539 5595 2673 5664 quid
2707 5605 2940 5664 amaret,
2974 5599 3158 5670 ipsum
3194 5600 3338 5655 scire
3373 5603 3473 5664 ait,

1886 5685 1977 5746 cui
2004 5685 2141 5740 nihil
2181 5697 2362 5758 potest
2388 5692 2512 5744 ease
2534 5690 2847 5746 ‘occultum.
2880 5690 2973 5771 Sic
3013 5685 3283 5749 Deminus
3316 5701 3475 5754 terna

1889 5779 2345 5857 interrogatione,
2378 5792 2645 5855 ternaque
2671 5782 2821 5841 Petri
2849 5783 3197 5845 confessione
3224 5786 3475 5858 amandi,
