4102 6144
516 214 625 283 Μ

1725 218 2045 283 GEORGII
2089 219 2188 279 TR
2204 219 2607 285 APEZUNTII

3700 226 3808 292 872

522 343 680 393 terne
708 335 926 391 curavit
982 334 1294 407 negationis
1323 336 1520 394 vulnus
1567 334 1738 407 quod,
1796 338 1925 393 ﬂetu
1964 337 2107 393 Petri
2138 343 2187 402 Α
2218 320 2488 396 lirmando
2539 355 2799 412 expresse
2852 340 3114 396 dixerunt
3169 350 3229 396 ut
3274 357 3437 398 nemo
3493 342 3809 414 ambigeret

523 436 779 486 sanatum
811 425 878 481 ad
910 426 1226 483 cicatricem
1274 444 1452 499 usque
1491 430 1840 499 productum,
1871 427 2099 484 creden-

521 523 650 576 dum
696 528 804 576 est.
855 519 1013 575 Tunc
1058 521 1207 575 enim
1267 522 1716 593 interrogationis
1757 523 1908 578 illius
1939 525 1991 578 vi
2043 534 2103 578 et

519 613 885 671 confessionis
908 614 1116 669 virtute
1152 614 1492 691 humillimae,
1531 615 1845 671 cicatricem
1879 630 2104 687 quoque

522 708 695 777 ipsam
742 705 1006 762 abolitam
1057 722 1220 761 nemo
1267 708 1563 773 dubitavit,
1598 724 1663 764 uc
1717 709 1840 764 ideo
1883 720 1967 764 ter
1996 710 2102 763 sibi

523 808 583 853 ut
611 813 746 854 sano
778 799 891 871 jam
920 806 978 853 et
1013 797 1301 855 humiliter
1331 812 1519 871 aperte
1547 803 1973 857 commendatur
2002 799 2103 856 Ec-

518 894 709 960 clesia,
751 905 811 948 ut
839 902 1025 965 pascat
1056 909 1189 949 oves
1227 910 1509 965 agnosque
1540 895 1781 961 Domini,
1807 910 1927 965 qua
1954 910 2105 950 com—

524 997 554 1040 n
576 987 803 1043 endatio
834 987 1129 1044 militantis
1149 987 1412 1044 Ecclesiae
1438 987 1603 1043 Petro
1629 987 1955 1053 tunc‘laeta,
1979 1002 2105 1043 sue-

520 1081 844 1137 cessoribus
875 1081 1051 1136 etiam
1103 1082 1223 1159 suis
1274 1080 1415 1135 facta
1463 1084 1836 1152 cognoscitur.
1873 1080 2107 1152 Oportet

520 1174 695 1241 enim,
722 1172 869 1230 sicut
901 1187 1034 1229 oves
1059 1173 1296 1245 agnique
1326 1183 1562 1241 veteres,
1604 1174 1858 1230 videlicet
1890 1175 1944 1229 in
1976 1174 2102 1241 ﬁde,

520 1275 687 1337 atque
717 1265 945 1332 novelli,
998 1266 1067 1320 ad
1111 1266 1259 1320 diem
1311 1280 1486 1337 usque
1517 1266 1788 1322 adventus
1839 1266 1892 1320 iu
1933 1267 2103 1339 gloria

523 1359 741 1417 Domini
795 1375 893 1431 per
944 1358 1356 1416 successionem
1406 1360 1657 1414 duraturi
1704 1371 1853 1425 sunt,
1909 1350 2101 1416 eodem

525 1453 715 1524 utique
766 1453 931 1508 modo
982 1452 1143 1507 illum
1187 1466 1513 1523 permanere
1559 1453 1644 1508 cui
1697 1454 2104 1525 commendatio

521 1546 662 1603 facta
694 1554 801 1602 est.
837 1544 1145 1601 Universali
1177 1561 1309 1614 ergo
1342 1546 1601 1602 Ecclesiae
1631 1546 1792 1601 Petro
1821 1547 2105 1617 proposito

518 1642 791 1698 decenter
846 1655 997 1696 mors
1030 1654 1252 1711 quoque
1309 1640 1414 1695 sibi
1470 1641 1811 1711 praedioitur,
1861 1651 1922 1695 ut
1975 1641 2107 1695 hinc

2211 448 2329 487 eam
2366 447 2589 505 quoque
2638 433 2881 490 Graecam
2929 436 3262 504 particulam
3297 436 3598 493 nonaliter
3633 452 3806 507 quam

2209 523 2536 581 allirmative
2568 526 2643 580 ibi
2689 525 2923 597 positam
2952 540 3094 580 esse.
3143 524 3248 582 Sed
3285 528 3353 583 de
3386 527 3593 597 duplici
3648 538 3807 599 pote-

2209 627 2349 673 state
2379 620 2425 673 si
2460 620 2773 689 particulae,
2804 620 2971 675 latius
3000 621 3162 675 nobis
3192 620 3247 674 in
3276 620 3404 677 ali's
3442 621 3656 676 dictum
3719 632 3807 677 est

2208 720 2264 765 et
2294 712 2459 783 vulgo
2488 721 2658 782 patet.
2693 712 2828 779 Quis
2858 713 3009 770 enim
3031 729 3139 767 nou
3170 713 3396 777 viderit,
3430 714 3584 769 aliud
3625 717 3805 786 signi-

2210 806 2362 860 lirari
2419 822 2543 860 cum
2585 807 2825 870 dicitur,
2884 807 2943 863 St
2981 824 3103 861 amo
3160 816 3231 872 te,
3278 823 3381 860 non
3411 807 3638 861 detraho
3670 809 3804 879 tibi;

2208 899 2357 953 aliud
2392 918 2405 953 :
2433 898 2492 954 Si
2523 917 2764 954 amarem
2791 910 2859 963 te,
2888 917 2993 955 non
3018 900 3350 954 detraherent
3377 900 3519 954 tibi?
3546 900 3799 955 Alterum

2208 996 2356 1050 enim
2388 1003 2444 1049 et
2476 1009 2719 1051 amorem
2743 994 2979 1049 atlirmat
3008 1007 3066 1048 et
3092 1010 3203 1048 non
3236 994 3569 1053 detrahendi
3601 994 3806 1049 volun-

2209 1094 2377 1142 tatem
2399 1085 2712 1150 contlrmat,
2735 1088 2970 1142 alterum
2995 1104 3027 1143 e
3044 1086 3274 1158 regione
3296 1102 3546 1142 amorem
3570 1085 3800 1157 quidem
3825 1147 3831 1152 ,

2210 1181 2294 1234 vel
2327 1179 2640 1251 suspendit,
2674 1179 3023 1251 dubiumque
3053 1180 3205 1242 facit,
3226 1180 3313 1235 vel
3347 1181 3575 1251 penitus
3611 1190 3796 1250 negat,

2208 1280 2530 1341 quantoque
2556 1271 2756 1344 (amor)
2795 1273 2970 1343 major
3002 1280 3260 1342 negatur,
3288 1278 3441 1326 tanto
3465 1270 3796 1326 detrahendi

2209 1364 2462 1419 voluntas
2515 1363 2806 1420 asseritur.
2842 1362 3016 1419 Item:
3054 1361 3113 1418 Si
3161 1378 3239 1416 me
3282 1364 3544 1427 audisset,
3596 1362 3800 1417 doctior

2207 1466 2338 1511 esset
2366 1475 2385 1512 :
2418 1457 2734 1523 signiﬁcant
2765 1457 2914 1513 enim
2944 1472 3053 1512 non
3095 1472 3219 1512 esse
3245 1455 3490 1523 doctum,
3523 1472 3654 1511 eum
3682 1472 3797 1519 non

2207 1552 2469 1607 audierit.
2500 1550 2704 1607 Contra
2734 1569 2748 1607 :
2779 1548 2839 1605 Si
2871 1549 3065 1604 multos
3104 1551 3283 1605 audiri
3314 1550 3514 1616 doctos,
3549 1550 3597 1603 si
3632 1549 3799 1603 multa

2211 1647 2331 1716 legi,
2355 1646 2401 1700 si
2426 1645 2595 1699 multa
2622 1646 2836 1717 scripsi,
2863 1660 2965 1700 cur
2990 1661 3070 1698 me
3095 1644 3405 1715 imperitum
3441 1653 3599 1705 putas
3624 1643 3648 1696 7
3678 1641 3797 1698 Non

527 1738 698 1792 vitam
750 1735 919 1792 etiam
971 1734 1187 1790 Domini
1240 1736 1659 1805 exprimendam
1720 1750 1819 1805 pro
1873 1734 2105 1801 viribus,
2142 1719 2181 1775 Β
2209 1746 2296 1791 est
2327 1752 2466 1806 opus
2517 1736 2674 1808 plura
2707 1738 2895 1792 dicere
2930 1735 3000 1791 de
3040 1751 3101 1790 re
3136 1733 3448 1801 manifesta,
3488 1751 3599 1805 qua
3646 1734 3798 1805 pleni

523 1832 739 1888 duabus
783 1817 1027 1888 disceret
1075 1830 1409 1899 rationibus,
1461 1833 1723 1901 quoniam
1775 1831 2107 1888 universalis

524 1933 711 1997 pastor
740 1923 1072 1981 estvicarius
1100 1922 1308 1980 Christi
1349 1924 1666 1994 praecipuus
1697 1923 1801 1977 fuit
1833 1925 2106 1980 constitu-

432 2084 433 2087 η
522 2026 617 2075 tus
644 2026 703 2072 et
731 2017 992 2088 quoniam
1023 2015 1210 2072 crucis
1242 2015 1498 2086 patibulo
1533 2014 1708 2072 Deum
1747 2024 1874 2069 erat
1898 2015 2109 2084 gloriﬁ-

522 2122 774 2177 caturus,
801 2126 1043 2181 quorum
1092 2109 1329 2165 alterum
1370 2108 1610 2164 trahitur
1639 2124 1702 2165 ex
1742 2109 1937 2165 altero.
1970 2109 2106 2165 Nam

524 2207 568 2266 si
594 2220 702 2260 non
727 2215 811 2259 est
841 2218 1035 2258 servus
1056 2201 1282 2258 domino
1310 2202 1503 2271 major,
1548 2210 1766 2273 Oportet
1795 2204 2007 2273 patroni
2030 2205 2108 2259 la-

523 2300 688 2354 bores
712 2300 978 2353 ctientcm
1008 2293 1219 2349 subire;
1254 2294 1325 2349 Et
1369 2295 1468 2365 qui
1507 2293 1729 2351 labores
1760 2294 1969 2351 domini
1996 2311 2107 2355 su-

526 2390 626 2445 mit
663 2390 771 2452 sui,
808 2390 855 2445 is
903 2398 1137 2444 mortem
1189 2403 1297 2442 non
1336 2385 1502 2442 debet
1549 2385 1785 2443 similem
1813 2403 2106 2455 recusare;

531 2499 707 2557 quare
740 2484 870 2537 vitm
901 2496 1121 2555 quoque
1154 2481 1322 2537 totius
1356 2481 1586 2535 imitatio
1627 2495 1729 2551 pro
1765 2480 1973 2537 viribus
2013 2498 2110 2537 ue-

525 2579 769 2636 cessaria
816 2590 900 2634 est
955 2594 1081 2649 qua:
1133 2576 1349 2647 liquido
1382 2575 1667 2648 Evangelii
1706 2575 1891 2631 verbis
1923 2577 2109 2649 expri-

526 2676 717 2729 mitur.
781 2671 917 2727 Natn
976 2680 1153 2737 morte
1216 2670 1400 2725 erucis
1457 2667 1783 2724 extensione
1842 2668 2106 2725 manuum

518 2766 631 2823 sub
660 2764 840 2820 oculis
869 2763 1015 2819 Petri
1054 2763 1258 2833 posita,
1291 2762 1480 2817 statim
1513 2762 1565 2817 ei
1599 2761 1828 2830 dicitur,
1861 2762 2108 2833 Sequere

527 2874 638 2933 me,
669 2857 723 2913 id
755 2868 869 2921 est,
918 2855 1027 2924 Qui
1075 2865 1253 2910 morte
1294 2870 1380 2909 me
1419 2865 1714 2911 secuturus
1752 2871 1836 2923 es,
1882 2857 2108 2927 vestigia

524 2968 749 3023 quoque
782 2950 1011 3006 vivendi
1043 2951 1097 3004 iu
1129 2964 1191 3002 ea
1233 2950 1508 3018 sequeris.

593 3045 793 3111 Petrus
824 3044 992 3115 igitur
1029 3042 1327 3097 Dominum
1354 3042 1713 3112 sequebatur,
1742 3042 1987 3111 dumque
2015 3056 2106 3097 εει

522 3144 817 3205 queretur,
848 3133 987 3188 vidit
1017 3133 1286 3188 Joannem
1323 3133 1393 3202 (is
1421 3132 1571 3207 enim
1603 3132 1912 3202 discipulus
1938 3146 2103 3202 quem

523 3228 791 3300 diligebat
828 3221 1013 3296 Jesus)
1067 3234 1412 3295 sequentem.
1446 3223 1510 3279 Et
1547 3225 1874 3280 curiositate
1906 3224 2109 3280 mentis

524 3322 801 3387 humanm,
823 3334 932 3389 qua
965 3322 1141 3389 magis
1173 3318 1352 3373 aliena
1379 3332 1544 3388 quam
1572 3327 1762 3374 nostra
1784 3317 2106 3388 quaerimus,

525 3412 760 3468 nimium
794 3414 1262 3482 cummotus(uon
1305 3416 1455 3466 enim
1499 3419 1619 3467 erat
1665 3411 1850 3468 adbuc
1883 3413 2110 3489 omnino

526 3504 853 3581 perlectus),
886 3508 1051 3561 audet
1068 3521 1096 3559 a
1128 3505 1359 3560 Domino
1381 3516 1593 3575 petere,
1618 3520 1726 3576 qua
1751 3516 1928 3561 morte
1945 3506 2108 3561 Joan-

524 3621 626 3659 nes
663 3610 1008 3665 moreretur,
1060 3600 1252 3655 dieens
1282 3614 1296 3652 :
1329 3598 1589 3678 Domine,
1622 3601 1705 3653 hic
1735 3608 1914 3653 autem
1942 3600 2112 3669 quid?

525 3695 791 3759 Dominus
820 3702 1006 3748 autem
1049 3702 1105 3747 et
1154 3691 1295 3746 hante
1323 3692 1705 3748 curiositatem
1756 3692 2112 3762 reprehendit

524 3807 629 3849 nec
665 3788 1002 3846 moriturum
1041 3787 1310 3844 Joannem
1345 3802 1522 3857 usque
1566 3786 1636 3842 ad
1683 3787 1894 3842 exitum
1943 3787 2110 3858 hujus

525 3886 709 3942 saeculi
741 3876 827 3956 (ut
858 3899 962 3956 ego
998 3881 1264 3954 arbitror)
1298 3880 1568 3948 ostendit,
1618 3881 1853 3938 dicens:
1886 3879 1948 3935 Si
1992 3896 2111 3934 eum

523 3975 639 4031 υυιυ
669 3988 884 4029 manere
913 3973 1078 4028 donec
1109 3973 1318 4028 veniam
1340 4013 1355 4039 ,
1386 3972 1513 4043 quid
1550 3973 1624 4026 ad
1655 3981 1703 4026 te
1724 3974 1749 4026 ?
1796 3970 1935 4027 llinc
1961 3988 2112 4043 quae-

527 4056 814 4124 il-tiuncula
848 4070 1103 4125 nascitur
1150 4082 1209 4123 re
1248 4067 1448 4133 facilis,
1481 4067 1747 4121 varietate
1785 4067 2110 4137 opinionum

522 4147 781 4217 nillicilts.
810 4145 945 4241 Nam
980 4162 1136 4214 multi
1181 4160 1294 4231 jam
1351 4169 1632 4231 mortuum
1680 4174 1803 4214 esse
1844 4160 2109 4215 Joannem

525 4256 908 4319 contendunt,
960 4255 1212 4310 nonnulli
1260 4255 1526 4309 extremis
1579 4255 1921 4324 temporibus
1984 4270 2111 4309 eum

527 4349 721 4406 Enoclt
757 4358 814 4405 et
842 4350 961 4405 Elia
990 4349 1322 4404 moriturum
1351 4349 1674 4419 opinantur.
1708 4348 1868 4415 Quod
1896 4364 1998 4404 nos
2023 4364 2113 4404 se-

2216 1837 2344 1884 sunt
2374 1827 2544 1895 libri,
2583 1829 2745 1901 plena
2779 1831 3093 1899 priscorum
3148 1830 3450 1884 volumina.
3500 1828 3633 1882 Ἐάν
3666 1843 3800 1899 quo-

2212 1940 2321 1995 que
2350 1923 2538 1980 Gram
2565 1923 2922 1993 conjuucﬁo,
2971 1922 3195 1978 easdem
3248 1922 3420 1976 habet
3470 1931 3795 1991 potestates.

2212 2018 2393 2073 Testis
2450 2027 2533 2071 est
2585 2016 2946 2082 Priscianus,
3000 2015 3490 2093 grammaticorum
3546 2016 3797 2069 ominum

2210 2095 2734 2174 excellentissimus,
2761 2124 2860 2161 nec
2891 2111 3073 2165 minus
3104 2109 3157 2162 in
3181 2106 3386 2163 Graecis
3405 2122 3574 2175 quam
3611 2105 3667 2160 in
3700 2103 3801 2160 La-

2215 2204 2344 2257 tinis
2374 2203 2578 2257 litteris
2611 2203 2843 2270 peritus,
2899 2202 3104 2271 quippe
3148 2202 3243 2265 qui
3289 2200 3517 2256 Graecus
3572 2200 3797 2255 natione

2212 2296 2333 2352 fuit.
2370 2296 2494 2351 Fuit
2524 2296 2671 2350 enim
2697 2311 2763 2350 ex
2795 2294 3068 2361 Caesarea,
3105 2294 3578 2366 Cappadoeensis,
3607 2308 3711 2350 nec
3741 2293 3817 2347 in.

2212 2391 2364 2447 ltalia
2388 2431 2403 2457 ,
2436 2389 2530 2443 sed
2572 2389 2806 2446 Athenis
2832 2397 2889 2443 ct
2924 2386 3113 2443 Graece
3143 2388 3343 2444 didicit
3389 2399 3445 2446 et
3477 2388 3697 2445 Latine.
3747 2386 3797 2444 ls

2212 2483 2266 2539 in
2300 2483 2459 2539 libris
2493 2483 2569 2536 De
2602 2485 3011 2547 constructione,
3043 2482 3134 2537 ubi
3166 2482 3235 2537 de
3262 2481 3639 2555 subjungendi
3680 2498 3799 2538 mo—

2210 2577 2304 2642 do,
2336 2586 2393 2632 et
2431 2579 2498 2632 de
2536 2575 2808 2645 particula
2838 2577 2906 2643 si,
2943 2576 3167 2631 easdem
3217 2576 3444 2631 omnino
3478 2576 3800 2640 aitliabere

2213 2670 2388 2740 ipsum
2442 2671 2587 2725 vires
2636 2683 2773 2739 quas
2817 2670 2911 2723 ἐαν
2942 2668 3154 2737 Graeca,
3210 2670 3375 2738 idque
3424 2676 3535 2725 tam
3584 2662 3801 2727 Latinis

2212 2781 2375 2835 quam
2414 2764 2620 2819 Griecls
2650 2748 2894 2819 ostendit
2930 2764 3221 2834 exemplis.
3262 2763 3373 2829 Sed
3400 2760 3587 2820 sermo
3624 2764 3797 2820 etiam

2213 2859 2331 2927 ipse
2354 2856 2578 2914 Gnaeus
2607 2858 2964 2927 perspicuum
3008 2858 3060 2911 id
3092 2858 3242 2923 facit,
3269 2857 3409 2914 adeo
3437 2867 3500 2913 ut
3526 2857 3803 2928 exemplis

2212 2963 2352 3021 opus
2391 2966 2497 3005 non
2552 2951 2645 3007 sit.
2711 2950 2937 3006 Dicatur
2991 2950 3155 3005 alicui
3200 2966 3395 3006 carnes
3434 2951 3527 3006 die
3570 2950 3799 3008 Sabbati

2212 3043 2523 3101 comedenti
2551 3062 2564 3098 :
2588 3036 2789 3098 Caritas
2816 3053 2875 3098 tu
2903 3046 3135 3099 comedis
3159 3047 3215 3098 in
3240 3044 3476 3100 Sabbato
3503 3044 3529 3098 ?
3570 3059 3802 3115 respous

2213 3142 2359 3205 deat,
2410 3139 2535 3191 Ἐὰν
2596 3138 2778 3206 φάγω,
2812 3139 2866 3190 τί
2898 3139 3033 3209 ripa;
3064 3139 3162 3204 si;
3216 3140 3268 3193 id
3301 3148 3405 3205 est,
3448 3137 3507 3195 Si
3556 3143 3797 3207 comedo,

2212 3236 2338 3306 quid
2369 3234 2441 3288 ad
2476 3233 2565 3287 le?
2599 3234 2752 3288 Patet
2784 3233 2913 3303 quin
2964 3232 3258 3288 comedere
3290 3234 3513 3289 asserit.
3537 3234 3703 3301 Quod
3753 3236 3799 3290 si

2213 3331 2445 3389 dic-uret,
2508 3325 2565 3382 Si
2602 3329 2951 3391 συγκαίει-ειη,
2990 3326 3117 3397 quid
3146 3327 3217 3383 ad
3240 3334 3310 3383 te
3335 3326 3361 3380 ?
3414 3342 3524 3383 non
3573 3329 3804 3385 omnino

2213 3423 2507 3480 emuedere
2532 3423 2883 3487 concederet,
2911 3421 3006 3475 sed
3041 3422 3202 3491 quasi
3245 3422 3499 3493 negando
3533 3424 3640 3478 sub
3669 3439 3805 3478 con-

2214 3514 2424 3569 ditione
2460 3522 2715 3584 poneret.
2749 3515 2867 3569 Hoc
2889 3514 3176 3574 in,Gr-.eco
3208 3528 3463 3569 sermone
3485 3530 3599 3577 non
3617 3526 3805 3586 potest

2214 3608 2431 3679 liquido
2464 3608 2694 3680 percipi.
2722 3607 2831 3664 Sed
2856 3610 2993 3672 latet
3010 3609 3179 3673 adeo,
3215 3619 3275 3665 ut
3308 3610 3604 3680 peritiores
3631 3612 3802 3667 etiam

2212 3702 2383 3774 hujus
2414 3704 2594 3757 artatis
2620 3702 2818 3774 fugiat,
2845 3704 2950 3758 nisi
2988 3703 3201 3759 Latinae
3247 3704 3450 3777 lingua:
3484 3708 3805 3778 proprieta-

2217 3806 2299 3851 tes
2329 3794 2694 3865 inspexerint.
2725 3795 2896 3868 Cujus
2933 3799 3012 3853 rei
3038 3814 3210 3854 causa
3242 3807 3346 3864 est,
3372 3799 3639 3870 quoniam
3667 3802 3809 3857 sub-

2210 3887 2463 3956 jicientia
2501 3890 2670 3941 verba
2707 3890 2916 3943 minuta
2953 3889 3191 3960 quadam
3236 3890 3514 3945 scribendi
3546 3891 3618 3946 ab
3656 3892 3805 3947 indi-

2217 3981 2475 4036 cantibus
2532 3981 2845 4037 diderentia
2906 3983 3356 4054 distinguuntur.
3415 3982 3603 4040 Prima
3648 3986 3803 4042 enim

2217 4077 2508 4147 praesentis
2540 4076 2794 4131 indicans
2848 4091 3088 4147 persona
3120 4089 3176 4133 et
3226 4094 3364 4135 voce
3415 4090 3472 4135 et
3517 4081 3806 4152 scriptura

2214 4172 2405 4224 eadem
2435 4176 2524 4225 est
2562 4183 2690 4223 cum
2740 4170 3134 4241 subjungeudi.
3170 4169 3327 4227 Sicut
3379 4173 3434 4228 in
3489 4177 3805 4246 preposito,

2228 4259 2356 4314 Volo
2388 4277 2508 4315 eum
2559 4277 2793 4327 manere,
2832 4262 2972 4314 Θέλω
3006 4262 3168 4316 αὐτὸν
3222 4265 3447 4333 μένειν,
3491 4265 3625 4320 illud
3652 4267 3803 4319 θέλω

2218 4363 2400 4426 potest
2441 4364 2498 4409 et
2542 4358 2660 4407 voto
2719 4365 2777 4410 et
2828 4350 3015 4410 υειιωη
3052 4357 3160 4413 dici
3198 4358 3413 4413 Latine.
3465 4358 3574 4414 Sed
3615 4359 3801 4416 uellent

527 4452 786 4512 quentes.
821 4454 1014 4517 aperte
1044 4442 1426 4507 ostendemus,
1459 4441 1513 4495 id
1546 4440 1726 4510 ipsum
1754 4449 1815 4495 et
1841 4456 1940 4511 per
1964 4442 2115 4496 hunc
2146 4443 2189 4499 D
2220 4447 2374 4501 nullo
2418 4458 2580 4517 pacto
2619 4447 2900 4513 convenit,
2949 4449 3179 4503 omnin)
3212 4454 3361 4505 enim
3394 4470 3421 4506 a
3457 4460 3626 4508 renus
3669 4454 3801 4509 alie-

527 4531 814 4608 Evangelii
836 4536 1024 4592 locum
1060 4534 1386 4605 signiﬁcari,
1410 4544 1466 4588 et
1493 4534 1618 4589 aliis
1646 4533 1955 4589 rationibus
1985 4549 2116 4589 con-

531 4631 741 4687 ﬁrmari
776 4644 835 4689 et
883 4642 1004 4688 tum
1046 4632 1224 4703 ipsius
1252 4630 1485 4686 Joannis
1514 4631 1570 4685 in
1618 4630 1945 4709 Apocalypsi
2000 4638 2114 4684 tum

530 4727 808 4799 Evangelii
845 4727 1181 4781 auctoritate
1219 4740 1286 4780 ac
1338 4725 1653 4781 testimonio
1710 4723 2114 4795 signiﬁcantius

530 4821 927 4891 comprobari,
970 4829 1138 4891 atque
1167 4820 1305 4875 adeo
1340 4818 1708 4875 demonstrari
1742 4836 1757 4873 :
1795 4817 1857 4872 Si
1889 4820 2112 4889 (inquit)

529 4931 648 4969 cum
682 4914 796 4970 solo
820 4929 1029 4968 manere
1052 4914 1216 4967 donec
1240 4914 1447 4967 veniam
1469 4950 1484 4977 ,
1510 4914 1639 4982 quid
1671 4912 1741 4965 ad
1763 4912 1857 4965 te?
1898 4910 2112 4975 Graece,

530 5009 575 5061 si
614 5006 843 5062 verbum
872 5006 941 5062 de
971 5006 1141 5061 verbo
1185 5005 1515 5075 exprimitur
1539 5046 1554 5071 ,
1592 4996 1701 5060 non
1732 5003 1821 5059 Sic
1849 5021 1971 5059 eum
1998 5006 2113 5059 volo

531 5115 787 5167 manere,
842 5100 960 5163 sed,
1001 5096 1059 5153 Si
1114 5114 1233 5153 eum
1270 5099 1385 5153 voto
1439 5113 1673 5164 manere,
1710 5097 1975 5168 scriptum
2007 5109 2112 5153 est.

532 5193 741 5251 Verum
784 5194 1075 5265 quoniam,
1126 5194 1275 5249 sicut
1323 5193 1597 5263 particula
1626 5192 1672 5246 si
1698 5192 1842 5261 apud
1878 5207 2000 5260 nos,
2034 5194 2116 5248 sic

530 5286 676 5358 apud
710 5284 929 5341 Graecos
970 5284 1270 5339 indicativo
1313 5280 1538 5355 quidem
1585 5281 1753 5338 verbo
1798 5283 2112 5355 conjuncta,

540 5377 871 5435 allirmative
902 5377 1138 5448 capitur,
1172 5376 1527 5449 subjunctivo
1560 5386 1744 5439 autem
1792 5376 2115 5446 suspensive

536 5471 994 5542 dubitativeque,
1036 5471 1284 5541 jungitur
1309 5480 1493 5524 autem
1543 5469 1635 5523 hic
1680 5468 1999 5535 indicativo,
2032 5469 2115 5523 id-

534 5567 682 5623 circo
716 5582 826 5622 non
847 5566 893 5619 si
923 5565 1019 5621 sed
1043 5566 1119 5620 sic
1141 5564 1337 5621 Patres
1365 5562 1714 5635 interpretati
1735 5571 1887 5627 sunt,
1909 5578 1977 5617 ne
2008 5564 2115 5617 sci-

534 5660 664 5714 licet
690 5661 735 5713 si
786 5658 1300 5729 particulaLatinae
1328 5656 1640 5727 Graeanque
1684 5657 1884 5727 lingunt
1911 5656 2115 5713 seiolos

536 5761 765 5825 propter
789 5751 1066 5822 duplicem
1102 5760 1433 5823 potestatem
1464 5752 1730 5805 turbaret.
1760 5746 1847 5803 Sic
1868 5762 1998 5805 vero
2030 5748 2114 5804 al-

2222 4554 2377 4593 num.
2411 4538 2593 4603 Quare
2639 4553 2740 4591 nec
2773 4540 2918 4593 ullus
2955 4555 3198 4610 unquam
3243 4540 3298 4594 id
3330 4534 3620 4612 cegitavit.
3650 4534 3801 4608 Quas

2218 4630 2292 4684 ob
2340 4646 2428 4685 res
2478 4642 2535 4685 et
2570 4630 2901 4685 auctoritate
2949 4632 3176 4686 illorutn
3209 4634 3303 4703 qui
3349 4633 3719 4689 traduxerunt
3744 4642 3799 4689 et

2219 4726 2625 4779 consuetudine
2656 4725 2957 4778 multarunt
2989 4728 3343 4793 saeculorum,
3366 4738 3420 4783 et
3447 4728 3621 4798 ipsius
3650 4728 3802 4785 Grae-

2219 4818 2267 4871 ci
2295 4819 2574 4872 sermonis
2612 4819 2971 4886 proprietate,
3004 4831 3062 4874 et
3100 4822 3366 4891 quoniam
3399 4836 3491 4877 res
3524 4824 3643 4895 ipsa
3690 4824 3803 4878 dis-

2215 4911 2468 4984 iunctiva
2504 4912 2790 4965 dubitandi
2829 4926 3017 4968 vocem
3058 4930 3169 4969 non
3223 4914 3437 4986 patitur
3464 4955 3479 4980 ,
3519 4916 3804 4977 aﬂirtnaus

2219 5001 2485 5055 Dominus
2509 4990 2645 5055 dixit
2673 5019 2687 5055 :
2711 5002 2796 5057 Ita
2833 5005 2946 5057 rota
2971 5021 3089 5060 eum
3118 5022 3352 5074 manere,
3377 5010 3540 5063 donec
3565 5011 3803 5080 ueniam,

2218 5096 2346 5165 quid
2378 5095 2446 5147 ad
2481 5094 2580 5148 te?
2616 5094 2722 5150 Sed
2755 5096 2904 5154 dicet
2936 5098 3177 5156 fortasse
3211 5098 3490 5172 quispiam
3519 5106 3803 5161 neminem

2222 5204 2466 5259 unquam
2500 5204 2697 5243 ausum
2736 5191 2908 5247 fuisse
2952 5193 3114 5249 aliter
3136 5210 3303 5266 quam
3337 5193 3668 5255 al‘lirtnative
3701 5201 3807 5254 Dc-

2218 5281 2418 5336 minica
2449 5282 2564 5337 base
2598 5284 2764 5338 verba
2806 5284 3200 5356 interpretari;
3235 5288 3546 5362 sedﬁoncc
3590 5293 3802 5346 veniam

2216 5388 2329 5429 non
2353 5384 2665 5430 extremum
2691 5376 2844 5432 illum
2868 5377 3183 5448 signiﬁcare
3207 5382 3507 5438 adventum
3536 5381 3799 5442 Domini:

2217 5483 2377 5538 posse
2419 5484 2658 5541 namque
2709 5473 3008 5527 adventum
3055 5473 3274 5531 Domini
3329 5477 3594 5548 appellari
3629 5482 3800 5536 etiam

2215 5579 2341 5641 cum
2374 5579 2483 5634 quo
2520 5566 2901 5637 unusquisque
2943 5578 3171 5624 vocatus
3198 5612 3213 5638 ,
3254 5579 3467 5627 natura:
3499 5574 3800 5642 concedit;

2218 5665 2279 5712 ut
2300 5656 2441 5712 velle
2465 5656 2736 5715 ioaunem
2773 5660 2853 5715 sie
2879 5662 3065 5717 vivere
3095 5673 3309 5719 asserat
3336 5705 3352 5731 ,
3383 5661 3562 5722 donec
3592 5667 3797 5735 veniat,

2218 5748 2274 5805 id
2304 5760 2389 5807 est
2422 5750 2600 5807 donec
2646 5753 2824 5824 ipsum
2856 5769 2956 5827 per
2999 5766 3235 5813 mortem
3266 5758 3338 5815 ad
3366 5771 3424 5816 se
3458 5761 3695 5820 vocarit.
