4044 6154
265 330 379 397 873

1048 334 1128 397 ΙΝ
1174 335 1436 411 lLLUD,
1487 351 1504 384 ι
1543 338 1662 399 SIC
1699 338 1899 401 νοω
1938 337 2103 399 EUM
2144 337 2489 411 MANERE,
2531 354 2550 387 ο
2595 338 2761 400 ETC.

3435 337 3544 401 8⁸14

339 439 456 498 Hae
494 441 771 498 sententia
802 441 1001 509 divisa,
1032 444 1272 513 primum
1323 456 1546 502 constat
1578 447 1848 503 Joannem
1881 452 1928 508 Α
1964 448 2318 504 Pentecostes
2359 448 2601 505 adventu
2638 449 2908 505 Paraeleti
2946 449 3013 505 ad
3047 448 3449 525 perfectionem
3483 455 3540 507 in

266 538 451 592 vivere
477 537 657 594 donec
695 538 926 606 veniat,
980 540 1269 596 Dominum
1322 541 1547 615 dixisse.
1600 542 1846 598 Alterura

246 640 402 703 ergo
435 643 755 702 qumratur,
790 648 860 688 an
892 632 1050 700 illud,
1087 633 1262 689 Donec
1292 635 1524 697 veniam,
1557 633 1718 690 linem
1750 650 1851 691 sae-

264 729 372 785 culi
400 728 568 800 hujus
602 726 900 797 significet,
942 727 1028 782 vel
1067 728 1365 783 terminum
1404 728 1622 783 vivendi
1659 729 1712 783 iu
1744 728 1849 784 hoc

253 821 465 879 saeculo
493 830 784 877 monstret.
802 820 965 887 Quod
994 829 1171 885 certe,
1196 821 1241 875 si
1272 821 1398 892 quis
1423 822 1691 887 attenda‘t,
1720 838 1850 892 pro-
1882 807 1885 809 i

265 917 353 971 cul
385 932 414 970 a
467 931 602 971 vero
633 930 756 977 esse
801 915 1102 971 videbitur.
1145 914 1294 971 Nihil
1341 914 1488 970 enim
1521 914 1670 970 aliud
1714 915 1852 971 dicit

263 1011 358 1079 qui
391 1011 467 1067 ita
503 1010 660 1077 dicit,
687 1010 798 1072 nisi
830 1018 890 1065 ut
916 1010 1132 1079 planius
1156 1021 1211 1068 et
1238 1012 1342 1065 sub
1372 1010 1550 1067 oculis
1580 1020 1849 1082 ponatur,

268 1103 401 1158 Volo
440 1117 567 1157 eum
604 1101 797 1157 vivere
826 1100 1006 1157 donec
1050 1100 1353 1173 moriatur;
1392 1101 1489 1158 sed
1545 1103 1848 1159 absurdum

267 1211 365 1265 per
401 1195 641 1265 seipsqu
670 1201 846 1249 totum
875 1194 1042 1249 fuerit
1066 1194 1111 1249 si
1141 1210 1388 1251 connexa
1418 1196 1542 1251 talis
1573 1196 1849 1266 expositio

265 1290 452 1347 fuerit.
482 1292 859 1351 Conueetatur
891 1295 1058 1367 igitur
1083 1304 1141 1352 et
1171 1295 1394 1351 dicatur
1424 1314 1438 1352 :
1470 1298 1560 1354 Sic
1583 1314 1699 1353 eum
1734 1298 1848 1353 colo

264 1404 486 1444 manere
524 1388 692 1444 donec
721 1389 934 1444 veniant
962 1430 981 1455 ,
1019 1388 1150 1459 quid
1206 1391 1277 1444 ad
1318 1400 1369 1444 te
1393 1392 1421 1448 ἲ
1458 1391 1510 1446 id
1562 1403 1668 1457 est,
1711 1394 1848 1449 Volo

263 1497 390 1537 eum
425 1483 610 1537 vivere
667 1484 842 1539 donec
881 1485 1190 1550 moriatur,
1221 1484 1354 1556 quid
1386 1486 1454 1541 ad
1515 1488 1607 1542 te?
1660 1488 1846 1543 Dicam
1884 1498 1886 1500 '

261 1586 456 1646 aperte
486 1577 632 1646 quod
667 1580 830 1633 moan
857 1579 912 1634 in
943 1588 1185 1635 mentem
1220 1581 1437 1637 incidit.
1465 1582 1638 1637 llomo
1671 1592 1846 1650 certe,

264 1684 377 1724 non
401 1669 529 1727 dico
550 1671 747 1727 doctus
770 1682 827 1727 et
855 1674 1063 1743 gravis,
1083 1673 1178 1729 sed
1209 1673 1567 1731 mediocriter
1591 1674 1846 1731 eruditus

261 1776 332 1821 ac
369 1762 583 1827 levior,
637 1765 683 1819 si
724 1765 850 1820 data
882 1766 989 1821 sibi
1038 1777 1309 1837 potes‘ate
1344 1769 1586 1824 hominis
1619 1769 1854 1839 alicujus

1964 541 2067 596 hac
2099 541 2208 596 vita
2242 541 2493 599 ultimam
2542 543 2777 614 apostoli
2830 552 3222 615 pervenerunt,
3256 552 3437 607 tamen
3476 561 3543 601 eo

1962 633 2073 699 die,
2103 649 2217 706 quo
2250 634 2367 692 haec
2395 645 2514 693 acta
2564 635 2793 693 fuerunt
2824 637 2998 693 multo
3027 636 3385 695 sublimiores
3423 652 3547 691 om-

1963 727 2132 783 nlbus
2174 730 2596 786 successoribus
2649 730 2768 786 suis
2819 730 3011 787 fuisse.
3073 728 3243 787 Fides
3288 714 3436 787 enim
3486 730 3541 786 in

1962 820 2244 878 Christum
2280 823 2610 879 cruciﬁxum
2644 832 2702 880 et
2729 840 2760 880 e
2791 825 3029 881 mortuis
3055 825 3405 890 suscitatum,
3442 840 3544 881 sua

1962 917 2138 986 gratia
2167 927 2224 973 et
2257 917 2513 975 doctrina
2545 915 2849 975 Salvatoris
2880 918 3205 973 conﬁrmata
3232 917 3536 990 plurimum

1962 1027 2061 1067 eos
2088 1010 2342 1067 elevabat
2376 1012 2431 1067 in
2463 1010 2606 1069 dies.
2640 1009 2767 1067 Fuit
2798 1021 2981 1067 autem
3009 1011 3131 1067 dies
3160 1012 3271 1076 ille,
3300 1024 3412 1083 quo
3438 1012 3545 1066 Do-

1966 1103 2151 1158 minus
2189 1096 2567 1175 htec‘peregit,
2610 1104 2809 1160 tertius
2835 1105 3200 1176 apparitionis
3242 1120 3354 1160 suae
3406 1103 3542 1159 Nam

1962 1198 2066 1253 etsi
2091 1199 2292 1269 saepius
2323 1213 2382 1253 se
2416 1206 2525 1252 tam
2562 1198 2894 1255 mulieribus
2932 1214 3096 1269 quam
3130 1198 3267 1253 viris
3311 1198 3546 1254 manili--

1963 1290 2152 1358 stavit,
2185 1300 2241 1347 et
2266 1289 2431 1346 aliter
2458 1290 2583 1346 aliis
2627 1291 3095 1363 modopluribus,
3127 1293 3289 1347 modo
3323 1291 3545 1367 paucio-

1963 1386 2140 1451 ribus,
2184 1394 2366 1441 tameu
2402 1385 2569 1440 tertio
2601 1382 2844 1442 dicimus
2876 1384 2967 1441 die
2999 1399 3148 1447 nunc
3196 1384 3543 1456 apparuisse,

1960 1479 2222 1552 quoniam
2259 1479 2440 1535 tribus
2493 1480 2737 1535 maxime
2770 1479 2971 1536 diebus
3000 1481 3285 1550 apertius,
3319 1494 3547 1552 expres-

1961 1573 2105 1638 sius,
2138 1574 2534 1630 miraeulosius
2560 1574 2821 1645 apparuit
2855 1574 3092 1645 primum
3124 1575 3179 1631 in
3215 1574 3338 1647 ipso
3364 1591 3551 1631 resur-

1958 1666 2225 1724 rectionis
2253 1668 2362 1734 die,
2412 1658 2616 1725 deinde
2670 1668 2727 1724 in
2780 1678 2978 1737 octavo
3014 1683 3046 1723 a
3091 1668 3544 1732 resurrectione;

1967 1762 2220 1826 tertium,
2246 1761 2472 1833 quando
2517 1763 2747 1831 Petrum
2784 1762 3031 1835 prtefecit
3061 1761 3352 1839 Ecclesiae,
3386 1777 3450 1819 ac
3479 1763 3547 1818 de

266 1854 418 1918 Vitae,
469 1865 637 1925 atque
671 1858 1049 1929 interrogatus
1093 1861 1177 1915 sic
1211 1862 1539 1931 respondeat
1571 1900 1586 1924 .
1618 1856 1621 1859 ⁷
1662 1838 1852 1931 parum
1891 1838 1929 1889 δ
1961 1856 2193 1914 Joannis
2215 1866 2396 1913 morte
2426 1858 2831 1928 pronuntiavit,
2859 1857 2973 1919 duo
3003 1860 3351 1932 Sacramenta
3381 1857 3573 1915 diseir

265 1948 731 2005 animadvertisse
774 1952 1064 2018 potabitur
1096 1969 1110 2006 :
1146 1956 1427 2023 quonmdo
1463 1956 1631 2027 igitur
1682 1959 1851 2013 Deum

266 2054 368 2094 ore
406 2056 509 2096 suo
554 2043 634 2121 sic
664 2043 1224 2117 locutum-quispiam
1251 2048 1595 2106 crediderit?
1620 2050 1727 2107 Sed
1757 2069 1853 2106 cu-

266 2134 558 2197 riositatis,
592 2132 848 2207 inquiet,
877 2151 1111 2211 arguere
1150 2136 1481 2214 discipulum
1529 2128 1724 2201 voluit.
1765 2146 1857 2201 Sic

266 2228 535 2295 arbitror,
596 2236 667 2285 et‘
695 2230 927 2304 Cyriilo,
961 2232 1083 2288 vito
1108 2233 1693 2308 doctrina‘prtecipuo,
1729 2254 1858 2293 san-

268 2322 464 2378 ctitate
500 2338 719 2395 magno,
766 2326 1062 2395 prudentia
1094 2320 1705 2406 et‘eloQUentia‘gravi,
1746 2336 1855 2397 hoc

268 2414 455 2485 ipsum
501 2407 1522 2501 placuisse‘lc‘gimus,‘et'iilud,‘quid
1567 2416 1640 2485 ad
1676 2431 1770 2486 te?
1801 2433 1854 2489 id

266 2520 466 2581 aperte
501 2513 766 2570 ostendit.
802 2514 909 2572 Sed
942 2508 1497 2599 inreprebendendo
1548 2522 1710 2580 Petro
1765 2540 1844 2581 sa-

268 2616 618 2660 cramentum
645 2606 813 2662 etiam
842 2608 978 2664 illud
1016 2610 1231 2683 aperire
1257 2613 1458 2677 voluit,
1480 2631 1588 2673 non
1620 2618 1855 2677 moritu-

270 2689 404 2751 rum‘
457 2696 731 2755 Joannem
782 2717 959 2772 usque
1007 2702 1080 2759 ad
1131 2712 1386 2760 extrema
1428 2707 1613 2763 saeculi
1666 2709 1854 2784 hujus.

269 2787 410 2844 Nam
444 2790 489 2845 si
522 2790 864 2850 curiositatis
898 2795 1077 2864 ipsum
1110 2809 1343 2867 arguere
1375 2801 1724 2861 solummodo
1763 2818 1859 2859 νος

267 2881 504 2949 luisset,
542 2885 675 2941 illud
724 2886 1004 2957 ttltimum,
1036 2892 1163 2961 quid
1188 2893 1259 2946 ad
1290 2901 1359 2961 te,
1393 2895 1500 2962 vel,
1532 2895 1645 2951 Cur
1677 2896 1857 2960 aliena

274 2978 505 3043 quaeris,
536 2975 764 3043 dixisse,
796 2981 932 3037 satis
955 2997 1241 3055 superque
1268 2997 1410 3052 erat,
1438 2989 1581 3044 sicut
1601 2990 1860 3055 omnibus

272 3066 443 3121 simul
495 3071 914 3140 quaerentibus,
965 3074 1010 3128 si
1051 3090 1120 3130 eo
1169 3090 1315 3132 anno
1372 3078 1668 3147 restiturus
1712 3094 1860 3137 esset

276 3173 514 3229 regnum
556 3159 768 3227 lsracli,
811 3165 1096 3235 respondit
1124 3167 1408 3225 leuis-sitne
1436 3186 1674 3242 arguens
1701 3190 1713 3227 :
1740 3172 1861 3228 Non

272 3262 352 3306 est
377 3262 611 3309 uestrum
638 3271 949 3326 cognoscere
1002 3268 1239 3329 tempora
1271 3261 1354 3317 vel
1384 3273 1674 3317 momenta.
1708 3264 1863 3321 Nunc
1888 3260 1934 3284 "

275 3353 464 3400 autem
497 3361 606 3400 non
656 3349 835 3417 arguit
869 3352 1047 3406 solum
1081 3368 1205 3407 cum
1243 3354 1626 3410 vehementius
1661 3356 1864 3412 intule-

275 3439 372 3503 rit,
409 3441 536 3511 quid
577 3442 648 3495 ad
679 3443 773 3497 te?
810 3460 1001 3499 verum
1029 3446 1194 3500 etiam
1229 3448 1297 3503 ad
1334 3449 1495 3503 linem
1527 3464 1701 3520 usque
1738 3451 1864 3506 vita:

275 3535 446 3607 hujus
492 3536 771 3593 victurum
822 3541 1093 3596 Joannem
1138 3545 1377 3599 asseruit
1425 3541 1619 3600 dicens
1665 3562 1680 3599 :
1725 3543 1866 3601 Volo

271 3644 408 3683 eum
453 3646 677 3688 manere
712 3631 891 3689 donec
950 3639 1187 3691 veniam.
1242 3636 1321 3693 Ita
1369 3648 1424 3693 et
1487 3636 1863 3703 conditionem

279 3724 406 3777 vitae
449 3722 678 3779 Joannis
711 3727 932 3795 aperuit
962 3738 1017 3783 et
1062 3728 1449 3784 curiositatem
1499 3730 1644 3786 Petri
1677 3732 1866 3787 redur-

275 3818 422 3886 gu’t.
465 3818 646 3872 Exivi:
676 3830 854 3875 autem
907 3836 1080 3877 sermo
1118 3824 1218 3877 iste
1264 3822 1322 3876 in
1381 3823 1664 3895 discipulos
1726 3824 1867 3897 quod

276 3911 585 3984 discipulus
614 3913 705 3969 ille
740 3932 847 3969 non
878 3918 1126 3973 moritur.
1170 3917 1355 3975 Exivit
1385 3933 1569 3974 sermo
1598 3919 1667 3974 ad
1700 3920 1869 3979 disci-

278 4007 467 4077 pulos.
506 4008 548 4061 A
593 4024 705 4078 quo
755 4009 963 4065 exivit?
1008 4025 1106 4081 per
1162 4027 1326 4081 quem
1362 3998 1665 4082 dissipatus
1721 4012 1867 4068 fuit?

277 4101 408 4169 quis
436 4088 725 4171 discipulis
753 4102 1018 4159 omnibus
1058 4104 1415 4174 prtedicavit?
1441 4106 1557 4162 Duo
1600 4116 1749 4162 certe
1776 4123 1866 4163 so-

280 4194 398 4248 lum
434 4209 744 4249 sermonem
780 4196 925 4251 hunc
954 4196 1173 4251 Domini
1205 4198 1543 4263 audierunt,
1592 4198 1789 4261 Petrus
1813 4209 1868 4253 et

272 4287 544 4353 Joannes,
574 4287 792 4342 caeteris
826 4289 1121 4343 Dominum
1154 4304 1218 4344 ea
1259 4288 1575 4361 replicasse.
1608 4305 1732 4360 quae
1768 4290 1868 4346 Pe-

280 4393 405 4439 trus
433 4394 491 4439 et
528 4382 768 4440 Joannes
800 4386 1069 4441 secretius
1109 4395 1459 4457 acceperant,
1498 4386 1723 4441 minime
1748 4402 1869 4442 cre~

280 4476 528 4532 dendum
574 4487 682 4533 est.
731 4477 975 4533 Joannes
1007 4486 1189 4533 autem
1220 4518 1237 4544 ,
1289 4488 1348 4533 et
1400 4478 1716 4550 virginitate
1754 4487 1869 4534 tum

1965 1954 2108 2024 pulis
2141 1953 2654 2024 patefaciens;‘setl
2698 1954 2843 2023 quod
2876 1952 3150 2023 sequitur,
3199 1952 3381 2007 forsan
3434 1952 3546 2007 alio

1964 2033 2246 2103 trahitur?
2275 2047 2656 2118 Nequaquam.
2679 2045 2824 2115 Quid
2846 2046 2996 2103 enim
3028 2045 3317 2117 sequitur?
3345 2044 3410 2100 Et
3441 2060 3545 2118 non

1963 2141 2096 2195 dixit
2130 2141 2177 2194 et
2204 2139 2384 2205 Iesus,
2418 2139 2571 2205 Quod
2604 2157 2709 2195 non
2744 2141 2995 2209 "teritur,
3030 2141 3144 2207 sed,
3177 2138 3263 2202 Sic
3286 2124 3549 2206 cumrato

1964 2250 2200 2300 manere,
2234 2237 2399 2311 donec
2428 2236 2662 2303 ueniam,
2694 2234 2822 2310 quid
2848 2235 2918 2290 ad
2950 2236 3047 2291 te?
3092 2218 3317 2289 Putabit
3348 2232 3549 2303 aliquis

1964 2327 2452 2399 forte,tperspicuo
2484 2328 2575 2382 hic
2603 2327 2999 2399 evangelistam
3032 2322 3143 2381 illis
3168 2325 3547 2381 contraditere

1958 2422 2061 2492 'qui
2108 2422 2454 2478 arbitrentur
2487 2436 2597 2476 non
2652 2421 2983 2477 moriturum
3033 2419 3214 2487 ipsum
3275 2406 3448 2498 usQue
3479 2417 3547 2471 ad

1960 2505 2131 2569 ilnem
2160 2516 2343 2571 sa-culi
2376 2514 2564 2587 hujus,
2595 2529 2725 2576 cum
2761 2515 2969 2570 scribat
3001 2529 3017 2569 :
3046 2512 3165 2568 Non
3199 2512 3332 2566 dixit
3372 2511 3420 2565 ei
3457 2510 3543 2563 Je-

1964 2624 2053 2664 ιω
2081 2608 2222 2683 quod
2269 2625 2375 2665 non
2405 2610 2656 2673 moritur,
2700 2624 2875 2678 usque
2915 2608 2984 2664 ad
3026 2617 3269 2670 extrema
3303 2602 3549 2669 tempera

1965 2703 2182 2761 scilicet
2207 2703 2310 2775 (sic
2340 2703 2489 2770 enim
2531 2703 2903 2774 supplendum
2939 2717 3162 2773 semper
3198 2700 3327 2772 est).
3368 2700 3549 2756 excla-

1968 2797 2253 2873 mabitque
2293 2796 2361 2854 ab
2400 2811 2469 2858 eo
2512 2797 2636 2868 ipso
2676 2798 3032 2869 explanatum
3065 2810 3190 2857 e556:
3220 2794 3383 2858 vobis
3401 2793 3548 2873 quod

1968 2871 2270 2964 quaeritur,
2294 2899 2458 2963 atque
2486 2898 2698 2948 mutare
2741 2907 2854 2953 non
2893 2900 3185 2965 oportere.
3214 2892 3327 2963 Ego
3366 2871 3548 2951 autem

1970 3001 2071 3056 pro
2112 2986 2379 3059 modestia
2421 3002 2636 3047 summa
2677 2995 2734 3051 et
2795 2986 3047 3059 virginali
3090 2986 3405 3043 humilitate
3442 3000 3551 3057 qua

1969 3079 2200 3148 gloriam
2240 3080 2541 3159 humanam
2600 3078 2849 3146 Joannes
2883 3080 3113 3146 omnino
3152 3080 3387 3141 calcavit
3416 3122 3429 3144 ,
3472 3078 3547 3136 ita

1969 3172 2096 3226 eum
2146 3172 2439 3244 scripsisse
2477 3172 2809 3237 crediderint
2846 3181 2906 3241 ut
2954 3182 3012 3240 et
3039 3173 3328 3245 veritatem
3374 3171 3552 3247 digito

1970 3265 2316 3329 monstrarit,
2342 3273 2398 3318 et
2434 3264 2654 3329 inanem
2695 3265 2863 3345 hujus
2903 3265 3089 3329 saeculi
3116 3264 3355 3339 gloriam
3389 3262 3552 3333 abic"

1967 3359 2123 3414 cerit.
2154 3358 2269 3413 Non
2293 3359 2439 3421 enim
2461 3367 2623 3429 negat
2655 3374 2792 3427 rem,
2818 3357 2912 3415 sed
2934 3372 3251 3425 sermonem
3283 3365 3340 3411 et
3360 3354 3548 3411 verba.

1970 3454 2352 3527 Subjiciantur
2381 3454 2565 3516 oculis
2597 3453 2804 3517 omnia.
2856 3452 3000 3533 Quid
3049 3453 3211 3520 desita
3236 3449 3419 3510 dixit?
3459 3450 3552 3505 Sic

1969 3565 2091 3605 cum
2122 3550 2239 3608 volo
2283 3565 2500 3610 manere
2544 3549 2711 3609 donec
2740 3548 2975 3621 veniant,
3021 3542 3352 3614 afﬁrmando
3384 3543 3550 3602 Jcsus

1971 3644 2135 3712 dixit,
2173 3652 2230 3703 et
2275 3644 2567 3715 quisquam
2604 3642 2868 3718 negabit?
2892 3639 3033 3709 Quid
3083 3637 3384 3711 discipuli?
3411 3653 3553 3708 quo-

1971 3738 2135 3797 !!me
2166 3737 2219 3793 id
2261 3752 2387 3809 cuitu
2426 3735 2633 3793 exisset
2667 3736 2722 3791 in
2774 3734 3054 3812 publiCum
3084 3771 3099 3796 .
3132 3731 3550 3790 intellexerunt,

1970 3828 2118 3907 quod
2153 3830 2397 3891 Joannes
2432 3843 2543 3891 non
2578 3824 2852 3889 moritur?
2891 3826 3078 3886 Teneo
3123 3821 3550 3882 afﬁrmatiouem

1970 3922 2191 3986 Domini
2225 3930 2281 3979 et
2330 3922 2707 3994 apostolorum
2755 3917 3090 3981 sententiam
3124 3913 3374 3972 omnium
3403 3912 3554 3983 quod

1970 4032 2081 4077 non
2116 4014 2376 4075 moritur.
2418 4013 2563 4081 Quid
2602 4022 2791 4082 postea
2822 4009 3108 4080 Joannes?
3156 4023 3267 4062 non
3301 4016 3412 4081 tam
3448 4006 3556 4063 vir-

1972 4111 2139 4183 ginali
2167 4108 2441 4169 modestia
2465 4107 2896 4178 [tumultumque
2926 4102 3195 4179 praeditus
3219 4114 3383 4171 quam
3412 4100 3557 4153 veri-

1974 4205 2103 4263 tatis
2153 4202 2383 4269 anticus,
2445 4200 2577 4278 quid
2622 4200 2737 4262 ait?
2782 4196 2908 4262 δεό-
2945 4213 3051 4254 non
3094 4195 3226 4252 dixit
3283 4195 3332 4248 ci
3380 4192 3554 4256 Jews,

1972 4298 2112 4373 quod
2144 4315 2247 4354 non
2280 4298 2535 4358 moritur.
2564 4295 2690 4369 ,Non
2719 4292 2869 4360 enim
2917 4291 3033 4351 hoc
3056 4289 3293 4354 verbum
3322 4284 3557 4362 protulit

1970 4395 2156 4464 Jesus,
2195 4393 2293 4457 sed
2336 4392 2462 4451 aliis
2490 4389 2681 4455 verbis
2713 4402 2847 4450 usus
2875 4395 2981 4454 est.
3032 4380 3289 4456 Quibus?
3321 4381 3411 4443 Si;
3435 4396 3561 4448 cum

1972 4489 2090 4545 volo
2122 4502 2341 4551 mare
2369 4486 2533 4543 donec
2559 4485 2793 4543 vatiam.
2818 4476 3241 4549 Animadverte,
3265 4472 3415 4549 quad
3444 4487 3559 4533 non

281 4570 537 4640 cerporis
571 4579 685 4626 tum
724 4571 956 4641 Spiritus
983 4572 1232 4641 apprime
1265 4572 1529 4642 praeditus
1559 4581 1613 4627 et
1650 4572 1865 4628 caeteris
1893 4584 1946 4645 ι)
1975 4581 2148 4643 stetis
2173 4578 2414 4640 Joannes
2446 4579 2520 4634 ibi
2550 4617 2567 4643 ,
2615 4573 2743 4631 Non
2791 4574 2930 4635 dixit
2964 4573 3012 4629 ei
3062 4570 3221 4637 Jews
3270 4564 3413 4642 quod
3457 4581 3562 4619 ηοιι

283 4662 586 4718 virtutibus
614 4679 888 4730 summus,
922 4665 1071 4732 quod
1105 4673 1161 4718 et
1191 4664 1492 4721 dilectione
1552 4664 1766 4720 Domini
1807 4672 1866 4719 et

282 4756 773 4811 commendatione
801 4756 995 4813 Matris
1022 4757 1141 4829 ejus
1167 4758 1488 4829 percipitur,
1518 4773 1863 4830 nequaquam

283 4852 343 4908 id
367 4851 521 4923 quod
560 4851 628 4906 ad
653 4850 883 4922 gloriam
918 4868 1073 4907 suam
1116 4852 1393 4923 pertinere
1426 4852 1672 4914 videbat,
1704 4853 1869 4909 sociis

282 4944 448 5015 quasi
494 4943 865 5016 iactabundus
918 4944 1286 5015 praedicasset.
1340 4945 1694 5016 Relinquitur
1736 4959 1868 5017 ergo

276 5052 320 5093 ra
347 5038 514 5094 Petro
542 5039 813 5095 fratribus
840 5049 1096 5095 enarrata
1137 5038 1306 5096 fuisse
1337 5057 1458 5112 qum
1498 5042 1765 5096 Dominus
1803 5043 1870 5101 de

285 5131 504 5188 Joanne
546 5130 707 5186 dixit.
745 5132 971 5188 Petrum
1011 5147 1196 5187 autem
1250 5128 1412 5187 aliter
1448 5133 1653 5187 dixisse
1704 5148 1868 5203 quam

287 5222 545 5279 audierat
574 5223 730 5279 nefas
748 5234 835 5279 est
858 5224 1033 5279 dictu.
1058 5223 1202 5291 Quid
1225 5240 1357 5296 ergo
1390 5226 1579 5281 retulit
1605 5226 1873 5281 fratribus

291 5315 532 5373 Petrus?
565 5317 725 5385 Quod
761 5318 1023 5372 Dominus
1058 5318 1126 5373 de
1167 5318 1377 5375 Joanne
1409 5321 1585 5374 dixit:
1625 5320 1716 5375 Sic
1754 5337 1873 5374 eum

291 5411 414 5469 uolo
444 5426 658 5465 manere
692 5409 856 5464 donec
898 5410 1131 5466 veniam.
1164 5411 1222 5466 id
1270 5428 1298 5465 a
1338 5413 1533 5476 Petro,
1575 5430 1604 5468 a
1660 5414 1895 5471 catteris‘

294 5506 565 5562 omnibus
591 5505 784 5563 eodem
822 5505 1161 5561 intellectum
1192 5508 1355 5563 modo
1380 5507 1504 5575 fuit,
1529 5511 1674 5580 quod
1704 5511 1873 5565 disci-

298 5600 468 5671 pulus
504 5599 596 5653 ille
639 5613 745 5653 non
780 5597 1033 5651 moritur.
1075 5598 1258 5673 Quare
1291 5600 1408 5671 ipse
1446 5617 1667 5671 quoque
1698 5604 1876 5658 delin-

298 5710 473 5766 quere
506 5692 638 5749 mihi
674 5692 911 5751 viderer.
939 5692 987 5747 si
1018 5708 1126 5747 nou
1157 5697 1227 5747 ita
1254 5693 1401 5748 hunc
1433 5696 1642 5751 Domini
1676 5713 1885 5752 sermu-

302 5803 430 5843 netn
482 5798 764 5856 caperem,
808 5784 953 5839 sicut
1016 5799 1210 5840 omnes
1244 5786 1499 5858 disripuli
1543 5799 1673 5845 tunc
1722 5792 1883 5844 intel-

306 5885 581 5940 lexerunt.
616 5876 798 5935 Facile
843 5892 1084 5950 namque
1120 5879 1475 5953 crediderim,
1512 5886 1763 5953 quamvis
1795 5886 1881 5942 die

1979 4675 2247 4740 moritur;
2277 4672 2523 4738 stetisset
2556 4668 2741 4728 autem
2785 4668 2839 4729 si
2866 4682 2988 4729 rem
3032 4666 3205 4744 ipsam
3235 4675 3439 4735 negare
3462 4675 3561 4739 vo-

1979 4767 2201 4824 luisset.
2230 4765 2338 4824 Sed
2372 4764 2606 4839 addidit,
2654 4761 2783 4826 Sed,
2824 4759 3042 4832 supple.
3076 4756 3211 4818 dixit
3260 4771 3280 4809 :
3321 4752 3407 4817 Sic
3444 4767 3564 4807 eum

1980 4862 2097 4921 volo
2145 4877 2361 4917 manere
2393 4903 2409 4928 ,
2469 4859 2637 4915 donec
2687 4858 2916 4911 eretriam.
2943 4850 3231 4917 Sermonis
3286 4846 3457 4920 igitur
3512 4854 3567 4897 ct

1981 4957 2280 5013 verborum
2311 4955 2664 5012 collationem
2692 4951 2875 5013 facit.
2898 4964 3039 5007 anon
3069 4960 3280 5002 rerum.
3325 4942 3463 5000 Nam
3521 4941 3565 4993 si

1985 5066 2173 5107 rerum
2220 5048 2399 5105 facere
2447 5046 2803 5107 collationem
2838 5041 3141 5102 voluisset,
3194 5035 3328 5091 illud
3388 5033 3567 5089 solum

1982 5145 2300 5213 scripsisset
2334 5159 2348 5196 :
2379 5140 2501 5203 Non
2535 5141 2675 5194 dixit
2705 5139 2755 5193 ei
2795 5135 2943 5207 quod
2988 5130 3414 5195 non'moritur;
3457 5128 3572 5183 hoc

1988 5239 2137 5294 enim
2182 5236 2255 5291 ita
2300 5235 2559 5296 dictum,
2612 5234 2799 5295 statim
2843 5229 3084 5287 ostendit
3115 5225 3261 5297 quod
3316 5223 3572 5285 moritur.

1990 5329 2120 5393 Sed,
2156 5327 2275 5383 Non
2298 5327 2433 5381 dixit
2457 5325 2594 5397 quod
2626 5341 2730 5379 non
2764 5324 3011 5387 moritur,
3050 5320 3253 5389 inquit,
3282 5317 3375 5371 sed
3404 5316 3569 5377 dixit,

1990 5422 2076 5479 Sic
2102 5439 2219 5476 eum
2247 5420 2361 5475 volo
2393 5434 2609 5473 manere
2629 5424 2791 5475 donec
2813 5416 3042 5479 veniant,
3068 5412 3197 5483 quid
3223 5411 3291 5465 ad
3319 5420 3365 5465 te
3385 5410 3411 5464 .9
3442 5410 3574 5465 Per-

1990 5517 2245 5585 spicuum
2292 5528 2425 5578 ergo
2455 5519 2577 5576 est,
2625 5509 2941 5571 verborum
2974 5508 3153 5578 ipsum
3211 5503 3567 5559 collationem

1994 5608 2195 5672 facere,
2227 5622 2340 5660 non
2371 5619 2585 5665 rerum,
2628 5602 2882 5673 quamvis
2926 5611 2982 5657 et
3011 5616 3198 5681 rerum
3241 5599 3426 5655 dicere
3462 5612 3571 5652 non

1997 5700 2217 5757 dubito.
2249 5699 2404 5754 Alter
2435 5697 2585 5754 enim
2622 5712 2804 5751 sermo
2849 5707 3083 5750 mortem
3122 5694 3349 5747 omnino
3389 5704 3572 5761 negat.

1998 5791 2145 5864 quod
2182 5791 2444 5861 quoniam
2476 5788 2674 5843 falsum
2705 5794 2789 5843 est
2822 5802 2931 5840 non
2969 5785 3127 5847 dixit,
3148 5786 3267 5846 Non
3293 5784 3583 5852 moritur;-

2001 5887 2158 5953 alter,
2191 5880 2412 5957 quando
2442 5880 2749 5939 moriturus
2771 5890 2876 5950 est,
2902 5879 3177 5947 ostendit;
3216 5879 3399 5934 Donec
3431 5881 3576 5933 enim
