4044 6154
553 338 660 406 875

1744 327 2065 392 GEORGII
2108 323 2637 386 TliAPEZUNTlI

3719 314 3816 379 816

556 457 774 512 veniam
805 451 1028 523 (inquit)
1057 449 1182 506 volo
1214 449 1396 520 ipsum
1429 447 1510 503 sic
1543 461 1789 508 manere,
1846 452 2013 514 atque
2046 446 2132 494 vi-
2167 444 2212 497 Α
2242 453 2369 493 vere
2427 446 2485 492 et
2534 436 2794 504 deripere
2827 432 3064 495 scilicet,
3106 445 3169 486 ac
3201 429 3254 484 in
3302 441 3554 484 errorem
3599 424 3815 481 domum

557 567 688 606 vere
728 551 961 606 scilicet.
1000 550 1147 614 Quas
1180 545 1252 600 ob
1285 560 1374 600 res
1403 545 1447 600 si
1482 543 1606 614 quis
1638 540 1935 610 diligenter
1957 537 2133 592 Evan-

553 645 681 715 gelii
719 643 887 705 verba
925 643 1226 704 examinet,
1249 649 1304 693 ct
1331 638 1600 693 assertive
1628 635 1837 690 dictum
1869 647 1990 688 csse
2009 671 2024 693 ,
2049 627 2136 683 Sic

556 757 673 794 eum
711 739 826 794 volo
860 754 1074 792 manere
1127 739 1291 789 donec
1343 734 1586 796 ueniam,
1627 727 1949 800 perpendat,
1987 723 2132 795 quod

556 835 764 888 frustra
790 840 885 887 aut
918 829 1198 901 superﬂue
1237 829 1446 884 dictum
1483 834 1672 896 putare
1703 822 1855 877 nefas
1881 829 1967 875 est
1995 837 2007 871 :
2046 819 2134 873 vi-

556 928 786 981 deretur
815 938 998 980 autem
1027 939 1148 978 esse
1179 921 1542 992 superﬂuum,
1592 919 1637 974 si
1687 919 1752 973 ad
1788 914 2132 988 singulorum

556 1021 766 1074 exitum
814 1020 1110 1073 adventum
1179 1015 1395 1071 DOmini
1439 1012 1692 1077 referas;
1757 1011 1802 1066 si
1873 1009 2133 1082 prmdicta

558 1131 751 1170 omnes
804 1114 966 1168 simul
1011 1111 1269 1179 discipuli
1313 1125 1411 1181 per
1466 1108 1555 1163 illa
1610 1106 1784 1162 verba
1822 1120 1929 1160 non
1992 1103 2132 1156 mori

556 1207 822 1263 Joannem
847 1222 1021 1276 usque
1051 1205 1116 1259 ad
1148 1217 1395 1259 extrema
1427 1216 1674 1271 tempora
1707 1199 2133 1278 intellexerunt;

555 1301 600 1353 si
648 1299 881 1367 denique
924 1297 1164 1351 Joannes
1213 1297 1331 1366 ipse
1388 1310 1499 1348 non
1553 1306 1762 1355 rerum,
1808 1290 1902 1344 sed
1940 1290 2134 1342 verbo-

557 1406 679 1444 rum
707 1402 762 1445 et
784 1389 1060 1444 sermonis
1092 1389 1221 1444 facit
1242 1389 1615 1450 collationem,
1642 1385 1751 1449 vel,
1776 1384 1921 1455 quod
1951 1383 2136 1437 verius

557 1495 663 1550 est,
696 1479 861 1539 etiam
899 1498 1118 1536 rerum:
1171 1482 1295 1552 quis
1331 1479 1631 1541 dubitabit,
1669 1479 1846 1548 ipsum
1881 1475 2133 1531 Touitrui

561 1573 757 1636 tilium,
787 1590 953 1642 quem
989 1570 1252 1629 Dominus
1288 1573 1526 1628 maxime
1558 1572 1808 1625 omnium
1837 1569 2135 1640 diScipulo-

561 1683 683 1720 rum
737 1665 966 1733 dilexit,
1015 1667 1104 1722 cui
1148 1666 1374 1722 Matrem
1422 1666 1667 1721 moriens
1719 1668 1775 1720 it:
1811 1679 1977 1720 crure
2035 1662 2136 1717 soli

555 1761 990 1823 commendavit,
1035 1761 1214 1817 adhuc
1257 1757 1464 1824 vivere,
1496 1762 1884 1830 victarumque
1939 1757 2021 1812 vel
2067 1755 2133 1811 ad

562 1864 809 1909 extrema
865 1856 1052 1909 sznculi
1109 1854 1316 1923 hujus?
1355 1855 1435 1909 vel
1499 1854 1652 1926 sicut
1695 1853 1785 1907 ille
1845 1852 1938 1923 qui
1979 1853 2140 1922 longe

564 1958 692 2000 aute
720 1945 859 2001 alios
895 1947 1072 2015 ipsum
1110 1945 1321 2009 dilexit,
1366 1947 1667 2008 ordinavit,
1703 1944 1966 2009 instituit,
1997 1959 2140 2014 pne-

565 2038 885 2095 destiuavit.
909 2041 1107 2093 Verum
1139 2049 1410 2111 quantum
1444 2039 1537 2094 hic
1561 2038 1847 2109 Evangelii
1878 2037 2140 2094 locus-ad

565 2130 707 2186 hanc
736 2147 848 2185 rem
883 2129 1154 2199 ceuferat,
1188 2148 1259 2187 ne
1292 2133 1520 2186 nimium
1565 2139 1784 2187 crescat
1817 2143 1872 2187 et
1918 2138 2141 2186 modum

565 2223 798 2280 excedat
862 2221 1078 2291 oratio,
1119 2222 1252 2280 satis
1284 2223 1397 2295 jam
1457 2224 1550 2281 sit.
1594 2223 1753 2279 Nunc
1813 2222 2147 2280 ratiuncuiis

565 2331 788 2388 quoque
819 2318 1122 2384 nonnullis,
1154 2317 1395 2388 idipsnm
1427 2315 1691 2372 aiiirmari
1737 2317 2069 2388 aperiamus.

638 2409 881 2465 Primum
933 2408 1100 2479 igitur
1140 2408 1415 2472 dicimus,
1452 2407 1750 2476 diligenter
1794 2407 1851 2460 in
1886 2404 2145 2460 omnibus

567 2497 872 2569 Scripturis
904 2497 1191 2553 canonicis
1220 2497 1504 2554 observari
1540 2507 1831 2568 oportere,
1872 2495 2020 2567 quod
2055 2494 2147 2550 ni-

569 2592 646 2646 hil
700 2591 927 2656 frustra,
979 2589 1115 2646 nihil
1178 2591 1474 2660 superﬂue,
1522 2590 1660 2646 nihil
1717 2591 1837 2646 sine
1878 2605 2043 2646 causa
2086 2589 2144 2644 itt

567 2685 704 2756 ipsis
744 2687 1016 2755 scriptum
1054 2695 1159 2739 est.
1209 2684 1419 2755 Spiritu
1479 2685 1625 2740 enim
1667 2692 1864 2740 saneto
1901 2684 2146 2752 dictante

566 2790 760 2832 omnes
790 2774 1011 2846 scripta
1037 2784 1190 2837 sunt,
1228 2774 1471 2843 Spiritus
1518 2789 1650 2828 vero
1699 2783 1924 2828 sanctus
1956 2771 2144 2827 omnia

569 2871 694 2934 scit,
739 2869 929 2924 omnia
960 2867 1266 2938 praevidet,
1299 2869 1482 2922 omnia
1525 2866 1769 2922 breviter
1794 2875 1850 2922 et
1883 2873 1942 2919 ut
1985 2880 2150 2935 opor-

571 2972 649 3017 tet
680 2969 736 3018 ct
769 2971 1033 3034 quantum
1065 2971 1283 3032 oportet
1313 2970 1368 3016 et
1409 2960 1551 3015 sicut
1583 2968 1842 3032 oportet,
1881 2958 2147 3029 disponit,

569 3056 807 3123 dictitat,
849 3057 982 3114 edit.
1021 3057 1143 3113 Non
1183 3064 1267 3112 est
1299 3071 1430 3127 ergo
1471 3053 1769 3125 quidquam
1809 3053 1866 3109 in
1900 3049 2154 3123 Evange-

2247 531 2563 596 iutrudere;
2597 532 2792 585 deinde
2847 528 3085 584 infertur
3122 541 3135 579 :
3171 524 3286 595 Ego
3318 529 3495 596 autern
3546 519 3700 573 oravi
3730 533 3819 587 pro

2248 637 2319 690 te,
2365 642 2429 680 ne
2480 624 2690 692 deﬁciat
2731 623 2863 692 ﬁdes
2906 633 3038 686 tua;
3091 628 3147 671 ιι
3185 633 3310 672 vero
3365 614 3661 684 aliquando
3705 628 3819 666 con-

2241 739 2419 777 versus
2473 721 2728 788 conﬁrma
2785 719 2976 788 fratres
3015 725 3128 769 tuos
3168 713 3211 769 ‘.
3271 709 3374 768 Ubi
3421 710 3535 764 duo
3589 708 3819 762 maxima

2244 828 2429 885 aperte
2479 815 2865 885 exprimuntur
2908 810 3166 883 mysteria
3213 824 3231 862 :
3266 801 3689 878 primumquod
3728 800 3820 854 Pc-

2245 910 2311 965 tri
2352 908 2524 963 solius
2572 918 2628 963 et
2674 920 3055 962 successorum
3116 916 3368 966 suorum,
3417 898 3471 954 id
3518 908 3607 951 est
3642 894 3821 950 Eccle-

2243 1006 2337 1059 siae
2373 1004 2655 1067 Romanae,
2689 1001 2849 1069 cujus
2880 1000 3032 1054 urbis
3062 997 3329 1052 duntaxat
3351 995 3675 1065 episcopum
3696 1004 3820 1044 con-

2242 1109 2353 1154 stat
2389 1096 2562 1152 fuisse
2603 1096 2825 1151 Petrum
2851 1136 2866 1161 ,
2920 1108 3025 1148 non
3079 1089 3301 1147 deﬁciet
3338 1088 3508 1149 fides;
3549 1085 3816 1146 alterum,

2242 1192 2388 1261 quod
2427 1197 2759 1244 cmterorutu
2790 1186 3014 1242 deﬁciet
3063 1180 3381 1253 aliquando.
3413 1178 3596 1245 Quare
3625 1174 3817 1245 inquit,

2248 1285 2320 1337 Tu
2353 1279 2643 1352 aliquando
2671 1293 2972 1342 conversus,
2999 1276 3259 1344 conﬁrma
3301 1273 3496 1344 fratres
3533 1277 3674 1324 tuos.
3705 1268 3820 1321 Ali-
3867 1256 3870 1259 ’

2245 1381 2463 1449 quando
2499 1386 2683 1432 autem
2711 1373 2853 1432 dixit
2879 1415 2894 1442 ,
2927 1379 2988 1428 ut
3019 1369 3363 1432 ostenderet,
3387 1365 3668 1422 neminem
3699 1379 3816 1436 apo-

2243 1473 2510 1526 stnlorttm
2542 1467 2784 1540 Spiritus
2823 1467 3003 1523 sancti
3037 1463 3428 1520 conﬁrmatum
3459 1457 3636 1526 gratia
3674 1472 3816 1513 erra-

2246 1577 2453 1627 turum.
2482 1565 2578 1619 sed
2603 1576 2971 1625 sucressores,
2990 1559 3056 1614 ad
3079 1542 3559 1613 confirmationem
3589 1566 3818 1622 quorum

2247 1659 2458 1720 Petrus.
2495 1657 2601 1710 hoc
2645 1663 2728 1710 cst
2754 1653 2928 1724 ipsius
2958 1665 3309 1707 successores
3337 1644 3598 1705 converti
3629 1645 3819 1718 juben-

2249 1763 2367 1815 tur;
2403 1749 2548 1819 quod
2580 1749 2764 1818 reipsa
2793 1745 3096 1816 perfectura
3129 1760 3148 1801 :
3182 1757 3325 1813 saepe
3353 1755 3593 1809 namque
3615 1749 3818 1794 caetera!

2247 1844 2399 1899 orbis
2455 1841 2713 1897 Ecclesiae
2751 1855 2779 1893 a
2837 1839 3082 1892 Romana
3135 1835 3474 1891 conﬁrmatae
3519 1842 3672 1894 sunt,
3710 1831 3818 1899 ipsa

2246 1938 2316 1992 ab
2341 1936 2463 1990 aliis
2483 1947 2788 2002 nunquam.
2815 1930 2921 1986 Sed
2953 1939 3199 1998 tempora
3227 1942 3450 1998 quoque
3481 1924 3820 1996 praefectum

2246 2028 2392 2084 Petri
2431 2027 2857 2082 admirationem
2885 2066 2902 2089 ,
2937 2023 2982 2078 si
3014 2022 3445 2077 comiderantur
3474 2059 3491 2081 ,
3522 2019 3816 2086 adaugent.

2245 2137 2295 2178 et
2327 2123 2487 2176 tidem
2528 2122 2607 2177 rei
2645 2121 2856 2176 iaciunt
2888 2117 3217 2185 ﬁrmiorem.
3245 2097 3440 2169 Claves
3487 2111 3817 2183 promittun-

2249 2227 2362 2280 tur,
2391 2231 2516 2271 cum
2542 2215 2659 2284 ipse
2687 2221 2815 2268 ante
2852 2212 2990 2266 alios
3019 2209 3220 2264 Filium
3261 2207 3354 2262 Dei
3389 2205 3499 2259 vivi
3535 2202 3820 2257 confessus

2247 2319 2393 2367 esset
2422 2326 2439 2379 ;
2475 2309 2598 2364 fidei
2636 2324 2742 2362 non
2780 2305 3075 2362 defectura:
3106 2304 3336 2376 gratiam
3368 2317 3398 2354 a
3441 2300 3820 2370 proficiscente

2249 2402 2312 2459 in
2337 2416 2558 2458 crucem
2594 2398 2748 2470 quasi
2780 2405 3113 2452 testamento
3140 2394 3377 2463 accepit,
3417 2388 3819 2462 pascendamut

2248 2494 2434 2549 ovium
2464 2492 2790 2562 simpliciter
2822 2488 3100 2555 omnium,
3139 2495 3306 2558 atque
3337 2474 3608 2555 agnorum
3639 2490 3826 2536 aucto-

2252 2587 2498 2652 ritatem,
2548 2593 2673 2658 post
2723 2582 3237 2646 resurrectionem,
3279 2592 3473 2650 parum
3525 2585 3818 2647 antequam

2249 2678 2518 2761 Dominus
2543 2679 2599 2734 in
2631 2675 2817 2733 cmios'
2842 2673 3187 2730 ascenderet.
3231 2672 3514 2739 Quorsum
3558 2667 3719 2733 inec?
3756 2665 3822 2722 Ut

2251 2760 2610 2832 ostendamus
2633 2782 2868 2827 mortem
2896 2768 3122 2840 quidem
3162 2765 3308 2824 Petri
3339 2773 3398 2820 et
3426 2777 3604 2834 genus
3631 2760 3822 2817 mortis

2252 2865 2662 2941 praedicendum
2709 2863 2904 2926 fuisse,
2940 2860 3171 2918 Joannis
3203 2867 3383 2914 autem
3429 2866 3688 2917 mortem.
3721 2854 3824 2909 nisi

2252 2959 2379 3033 quis
2415 2959 2471 3015 in
2516 2957 2778 3014 extremis
2812 2955 2980 3028 hujus
3015 2952 3205 3009 smcnli
3248 2950 3490 3007 futuram
3522 2963 3647 3004 cum
3701 2963 3828 3018 apo-

2255 3054 2414 3111 stolis
2450 3053 2764 3120 existimet,
2797 3066 2908 3106 non
2953 3049 3128 3106 fuisse
3161 3044 3535 3102 scribendam.
3571 3043 3666 3098 Ade
3695 3040 3826 3113 quid

563 3151 656 3205 liis
684 3149 897 3220 absque
924 3164 1120 3221 magno
1156 3147 1420 3220 mysterio
1464 3145 1697 3234 dictum.
1753 3141 1861 3198 Sed
1913 3141 2020 3196 nisi
2075 3155 2144 3196 eo
2170 3173 2214 3234 ϐ
2252 3147 2400 3206 enim
2437 3147 2794 3210 moriturum,
2825 3158 2952 3199 cum
2987 3140 3250 3213 Dominus
3278 3138 3345 3195 ad
3373 3154 3500 3194 eum
3537 3137 3749 3193 venerit
3771 3135 3825 3189 in

564 3256 797 3314 prorsus
816 3252 977 3312 pacto
1008 3236 1444 3296 intellexerimus
1473 3233 1731 3306 praedicta
1765 3234 1977 3290 Domini
2023 3249 2148 3290 ver-

570 3337 664 3403 ba,
701 3336 781 3391 sic
813 3348 1006 3391 omnes
1033 3334 1268 3404 apostoli
1300 3348 1362 3389 ac
1396 3329 1652 3404 discipuli
1683 3330 1777 3401 qui
1810 3339 1944 3386 tunc
1962 3336 2144 3393 erant,

570 3437 924 3498 acceperunt,
951 3427 1154 3481 frustra
1195 3435 1340 3480 totus
1375 3424 1467 3478 ille
1488 3425 1644 3477 locus
1674 3420 1742 3476 de
1769 3419 1982 3477 Joanne
2010 3433 2147 3473 con-

569 3519 813 3588 scriptus
862 3533 984 3574 esse
1026 3517 1326 3571 videbitur.
1378 3513 1493 3569 Cur
1561 3510 1714 3568 enim
1785 3520 2144 3583 posteaquam

577 3611 912 3667 universalis
944 3609 1206 3666 Ecclesiae
1230 3607 1556 3680 praeiectura
1587 3607 1749 3662 Petro
1779 3614 1833 3660 et
1858 3617 2147 3660 successo-

573 3705 731 3760 ribus
757 3704 953 3760 collata
989 3712 1095 3766 est,
1135 3713 1192 3758 et
1214 3717 1375 3757 .mors
1419 3703 1541 3772 ejus
1572 3699 1752 3768 qualis
1786 3698 1967 3752 futura
2000 3704 2148 3752 esset
2178 3734 2182 3741 -

570 3797 640 3852 ad
674 3805 924 3867 apertum
961 3793 1031 3849 de
1060 3791 1291 3849 Joannis
1321 3803 1499 3848 morte
1531 3790 1870 3846 disseritur?
1899 3789 2050 3844 "Nam
2077 3788 2148 3844 de

570 3888 720 3947 Petri
771 3888 996 3955 quidem
1055 3893 1232 3940 marte
1268 3882 1574 3953 prtedicere
1616 3883 1806 3938 multis
1847 3883 1915 3938 de
1963 3883 2149 3938 causis

549 3970 842 4052 oportuit.
874 3979 989 4034 Non
1020 3977 1169 4032 enim
1200 3976 1429 4031 tacenda
1463 3983 1594 4032 sunt
1642 3983 2006 4030 sacramenta.
2047 3973 2150 4029 Sa-

570 4081 916 4128 cramentum
981 4076 1164 4124 autem
1214 4066 1480 4138 quiddam
1535 4081 1661 4123 esse
1705 4065 1854 4138 quod
1910 4067 2151 4123 vicarius

570 4165 803 4231 Christi,
839 4161 1100 4218 Ecclesiae
1132 4176 1246 4216 suae
1280 4160 1610 4230 praepositus
1641 4167 1698 4215 et
1726 4158 1971 4229 pontifex
1995 4173 2148 4213 sum-

578 4275 704 4314 mus
751 4256 1072 4313 immediate
1107 4263 1234 4327 post
1279 4253 1558 4310 Christum
1610 4261 1668 4308 et
1718 4252 1931 4323 primus
1966 4251 2150 4308 crucis

576 4349 834 4407 similiter
856 4358 1036 4404 morte
1068 4346 1371 4401 moriturus
1392 4355 1540 4402 esset
1565 4359 1677 4401 non
1701 4352 1787 4400 est
1810 4343 2147 4416 negandum,

492 4468 495 4469 ν
571 4441 879 4518 praesertim
938 4454 1069 4496 cum
1121 4438 1254 4494 huic
1299 4437 1644 4509 apertissime
1698 4436 1865 4492 vitam
1924 4449 2149 4506 quoque

2250 3240 2353 3296 hac
2395 3238 2711 3294 conditione
2747 3234 3052 3301 comnumi,
3091 3232 3470 3290 scriberetur?
3503 3230 3586 3286 Ad
3640 3245 3826 3300 repre-

2249 3332 2571 3390 hensionem
2607 3331 2943 3386 curiositatis
2982 3329 3178 3387 Petri?
3217 3327 3285 3384 At
3314 3327 3480 3382 unico
3525 3325 3701 3380 verbo
3744 3341 3827 3380 rc-

2254 3427 2568 3500 darguitur,
2596 3441 2666 3481 ne
2691 3435 2903 3495 quaerat
2933 3422 3136 3486 aliena,
3167 3409 3228 3476 ut
3264 3415 3632 3489 interroganti
3661 3417 3826 3472 Petro

2248 3521 2565 3579 satisﬂcret.
2616 3522 2684 3573 At
2721 3520 3001 3587 increpata
3017 3522 3129 3571 ret
3178 3512 3406 3584 quidem
3442 3510 3823 3566 vehementer.

2248 3614 2391 3682 Quid
2425 3613 2574 3669 enim
2607 3613 2792 3667 acrius
2817 3625 2978 3680 quam
3007 3616 3355 3678 quaarentem
3414 3601 3612 3682 audire
3641 3619 3657 3656 ε
3689 3597 3824 3665 Quid

2249 3681 2321 3764 ad
2359 3698 2458 3760 te?
2515 3702 2627 3774 Cur
2685 3712 2871 3758 autem
2923 3697 3248 3755 ailirmando
3300 3693 3534 3758 intttlit,
3565 3681 3820 3746 commu-

2249 3814 2373 3854 nem
2431 3797 2572 3852 banc
2615 3794 2968 3850 mortalitatis
3014 3802 3216 3847 nostra:
3287 3785 3663 3844 conditionem
3710 3798 3823 3837 om-

2248 3889 2416 3945 nibus
2444 3886 2732 3942 certiorem
2775 3893 2940 3953 atque
2993 3877 3371 3937 inevitabilem
3396 3916 3414 3942 ,
3472 3877 3580 3931 nisi
3615 3882 3820 3930 natura

2252 3980 2427 4052 ipsius
2449 3979 2724 4035 Dominus
2753 3976 2916 4032 aliter
2954 3971 3249 4030 statuerit?
3293 3969 3646 4040 Quapropter
3671 3967 3717 4022 si
3747 3964 3821 4020 ni-

2249 4073 2326 4131 hil
2345 4075 2547 4131 irustra
2576 4081 2630 4130 et
2660 4072 2867 4142 absque
2894 4083 3058 4124 causa
3086 4065 3384 4137 Scriptum:
3416 4062 3707 4126 referunt,
3745 4069 3819 4114 to-

2250 4163 2363 4223 tius
2394 4173 2577 4221 autem
2605 4164 2711 4219 loci
2746 4175 2860 4232 quo
2884 4159 2956 4214 de
2984 4157 3195 4216 Joanne
3228 4154 3317 4210 hic
3345 4152 3615 4209 scribitur
3637 4193 3651 4215 .
3677 4150 3818 4204 nulla

2250 4269 2433 4331 potest
2458 4253 2698 4313 inveniri
2727 4268 2894 4310 causa
2922 4250 3028 4308 nisi
3065 4248 3212 4320 quod
3248 4246 3519 4303 Dominus
3554 4244 3726 4299 voluit
3755 4243 3817 4298 ad

2252 4359 2500 4407 extrema
2533 4359 2782 4420 tempora
2813 4345 2992 4418 ipsum
3019 4354 3377 4407 conservare,
3403 4349 3556 4410 patet
3579 4340 3816 4395 nondum

2253 4441 2522 4500 Joannem
2557 4449 2838 4496 mortuum
2872 4450 3016 4491 esse.

572 4528 832 4607 Magistri
859 4531 1197 4604 sequendam
1228 4530 1477 4601 apprime
1522 4527 1757 4586 diceret.
1798 4529 1865 4584 Et
1894 4539 2042 4586 certe
2073 4529 2148 4584 εἰ·
2173 4529 2230 4592 D
2326 4534 2433 4590 Sed
2462 4533 2732 4590 dubitabit
2757 4531 2895 4586 forte
2917 4522 3225 4600 aliquis:Si
3250 4522 3386 4580 nihil
3417 4522 3683 4591 scriptum
3713 4520 3816 4574 sine

577 4638 671 4685 cut
695 4641 820 4697 qua:
842 4625 1157 4682 necessaria
1192 4633 1322 4680 sunt
1347 4625 1549 4693 saepius
1572 4622 1894 4694 repetenda.
1925 4624 2004 4678 sic
2029 4639 2152 4694 qua:

578 4722 721 4779 nihil
770 4717 1100 4785 conferunt,
1142 4731 1304 4772 nemo
1351 4717 1583 4783 scribit,
1630 4715 1956 4787 prafectura
2001 4716 2150 4772 Petri

577 4814 740 4870 aliter
771 4826 916 4883 saepe
940 4819 1106 4890 atque
1133 4810 1294 4864 aliter
1333 4810 1666 4880 exprimitur
1700 4826 1768 4864 ne
1807 4810 1934 4880 quis
1963 4810 2020 4866 in
2055 4827 2154 4882 po-

575 4918 788 4962 sterum
820 4904 1021 4959 audeat
1054 4903 1256 4959 mutire
1290 4904 1375 4959 vel
1403 4904 1589 4959 dicere
1610 4942 1624 4966 ,
1654 4903 1934 4961 Romanos
1972 4905 2157 4975 ponti-

579 5000 711 5055 iices
737 4998 832 5068 qui
864 4997 1025 5053 Petro
1060 5005 1454 5052 successerunt
1474 5040 1488 5064 ,
1526 4997 1789 5052 Ecclesiae
1818 4998 2151 5053 universalis

578 5107 689 5146 non
738 5104 860 5144 esse
884 5097 1155 5159 pastores.
1184 5089 1452 5155 Quocirca
1484 5089 1669 5144 claves
1699 5091 1850 5160 regni
1881 5091 2151 5146 caelorum

577 5185 630 5240 ei
665 5184 941 5256 praecipue
992 5185 1435 5248 committuntur,
1473 5192 1528 5237 et
1559 5198 1656 5254 per
1689 5183 1837 5237 hunc
1876 5181 2152 5255 Evangelii

580 5282 762 5332 locum
792 5291 953 5345 quem
987 5274 1151 5328 modo
1183 5275 1572 5340 tractavimus,
1600 5291 1730 5342 grex
1764 5291 2030 5346 agnorum
2070 5289 2155 5333 at-

582 5385 690 5440 que
715 5369 900 5422 ovium
931 5365 1143 5419 Domini
1173 5366 1251 5420 illi
1283 5367 1722 5432 commendatur,
1789 5378 1845 5421 et
1879 5378 2007 5423 ante
2033 5386 2155 5439 pas-

586 5463 798 5515 sionem
830 5458 896 5512 ad
927 5458 1148 5512 Petrum
1190 5473 1443 5512 sermone
1477 5473 1746 5514 converso
1781 5470 1836 5514 et
1866 5463 1932 5514 ad
1962 5478 2156 5517 omnes

586 5556 953 5613 communiter
987 5554 1163 5623 primo
1201 5552 1405 5606 dicitur
1433 5569 1449 5606 :
1476 5552 1630 5619 Ecce,
1676 5553 1879 5621 Simon,
1921 5555 2154 5611 Satanas

587 5657 836 5725 expetivit
865 5669 956 5709 nos
985 5649 1217 5704 cribrare
1259 5655 1410 5722 quasi
1451 5655 1680 5708 triticum
1717 5664 1879 5724 atque
1932 5655 2157 5711 convol-

663 5827 678 5855 ⁸
718 5825 849 5881 an.
889 5841 1022 5890 xxtt,
1060 5824 1147 5877 3i.

2257 4643 2422 4684 causa
2455 4637 2560 4690 est,
2599 4639 2776 4696 neque
2808 4623 3008 4678 factum
3057 4620 3230 4674 multo
3265 4615 3460 4688 magis,
3506 4630 3608 4671 cur
3639 4626 3816 4685 puta!!-

2259 4721 2390 4778 dum
2417 4729 2522 4782 est,
2557 4734 2664 4773 non
2687 4717 2919 4774 cessisse
2933 4712 3114 4770 adhuc
3145 4721 3356 4767 natura:
3377 4710 3671 4768 Joannem.
3704 4722 3812 4761 cum

2258 4814 2426 4870 etiam
2450 4811 2614 4883 hujus
2645 4823 2808 4871 causa
2837 4822 2948 4863 non
2979 4805 3245 4862 aii'eratur
3304 4800 3532 4865 certior,
3573 4809 3632 4855 et
3662 4799 3814 4852 multa

2260 4910 2373 4965 sint
2401 4907 2454 4961 in
2476 4901 2777 4974 Scripturis
2805 4914 3041 4971 quorum
3075 4912 3270 4953 causas
3299 4897 3620 4967 ignoremus
3642 4893 3665 4942 ‘t
3687 4891 3814 4945 Liui-

2263 5012 2442 5058 torum
2497 4999 2747 5070 ignorare
2813 5009 2911 5048 nos
2956 5004 3175 5054 causas,
3231 5000 3395 5042 nemo
3435 4983 3540 5039 ibit
3601 4983 3816 5037 inﬁcias.

2261 5097 2439 5153 Causa
2473 5094 2620 5147 enim
2676 5090 2868 5144 mortis
2924 5086 2978 5140 in
3021 5083 3231 5141 Joanne
3271 5076 3616 5141 diﬂ'erendae,
3672 5077 3816 5145 plane

2261 5185 2496 5259 percipi,
2543 5182 2668 5253 quis
2727 5175 2928 5248 poterit
2983 5168 3298 5242 ambigere?
3340 5164 3594 5222 Proiecto
3646 5167 3812 5217 nemo.

2260 5253 2473 5334 illamat
2522 5274 2670 5330 enim
2703 5270 3010 5339 Scriptura,
3046 5262 3227 5319 Enocb
3261 5269 3316 5315 et
3359 5256 3569 5314 Heliam
3615 5253 3681 5308 ad
3724 5253 3815 5307 alia

2262 5375 2404 5438 loca,
2440 5372 2496 5424 in
2523 5368 2689 5422 vitam
2732 5364 2944 5421 scilicet
2975 5359 3276 5430 longiorem
3328 5351 3648 5412 translatos,
3678 5348 3818 5416 cujus

2269 5460 2644 5521 translationis
2660 5474 2821 5514 causa
2852 5457 3028 5525 primo
3056 5450 3277 5519 quidem
3299 5442 3656 5516 Ignorabatur
3675 5456 3690 5506 ;
3709 5452 3818 5491 cre-

2264 5558 2472 5613 debant
2500 5565 2704 5614 tamen,
2738 5545 3148 5618 quia’expresse
3185 5538 3356 5591 dicta.
3391 5533 3484 5588 Sic
3510 5527 3814 5600 accipienda

2265 5651 2422 5706 nonis
2447 5655 2594 5714 sunt,
2621 5653 2677 5699 ut
2697 5617 3002 5697 etiirmitcr
3020 5632 3244 5690 credere
3268 5629 3588 5688 debeamus,
3615 5617 3813 5677 etiarnsi
