4044 6154
236 331 355 420 ἐισι
378 403 383 412 .

1031 353 1123 417 IN
1163 355 1418 430 lLl.UD,
1465 372 1494 407 τ
1523 359 1651 420 516
1683 361 1879 424 VO'LO
1924 359 2085 425 EUM
2129 363 2474 438 MANERE,
2507 382 2526 415 ι
2570 367 2731 430 ETC.

3407 367 3515 436 8'i8

257 467 450 524 nullam
489 479 716 524 causam
737 465 1048 535 videamus,
1081 475 1206 539 post
1234 471 1675 526 incarnationem
1697 472 1833 527 Ver-
1859 473 1904 532 Α
1936 477 2046 531 lum
2079 478 2225 532 aliud
2265 481 2588 535 mandatum
2645 481 2895 536 exstabat
2955 480 3295 544 hominibus,
3347 487 3512 551 quam

256 558 332 625 bl,
357 558 518 630 huius
543 573 765 630 quoque
797 560 900 626 rei,
933 560 1090 616 sicut:
1120 560 1353 616 aliarum
1395 563 1689 618 multarum
1743 579 1830 618 re-
1857 592 1863 598 -

261 669 398 712 rum.
427 667 493 709 ac
515 667 658 723 pene
705 652 954 710 omnium
991 669 1156 710 causa
1183 654 1344 710 nobis
1367 655 1635 710 innotuit.
1707 656 1830 711 Dia-

258 746 411 804 bolus
444 746 592 802 enim
624 746 965 805 licentius-iu
1000 748 1210 804 ultimis
1237 749 1581 819 temporibus
1605 758 1833 821 propter

262 849 476 912 peccata
507 849 703 898 nostra
726 843 985 898 omnibus
1019 843 1133 898 suis
1155 843 1366 898 viribus
1396 853 1606 898 usurus
1627 852 1734 910 est,
1771 853 1830 899 ut

256 935 416 992 etiam
445 934 628 1002 electi,
657 935 702 990 si
723 935 986 1005 possibile
1013 936 1108 1002 sit,
1135 936 1463 991 in'errorem
1493 936 1833 991 contrudan-

259 1035 366 1082 tur.
388 1025 521 1080 Nam
552 1042 677 1082 cum
706 1028 982 1084 revelatus
1014 1027 1122 1083 erit
1144 1032 1312 1082 homo
1345 1026 1659 1096 iniquitatis
1689 1029 1835 1098 (om-

260 1133 356 1174 nes
383 1118 532 1173 enim
573 1118 733 1174 liberi
778 1118 998 1175 arbitrii
1029 1133 1222 1175 sumus
1251 1119 1270 1184 )
1301 1118 1655 1189 praestigiosis
1711 1119 1835 1188 ejus

259 1213 538 1269 miraculis
554 1212 771 1284 decepti
797 1214 1134 1284 periremus,
1161 1212 1270 1268 nisi
1302 1212 1568 1267 Dominus
1599 1210 1837 1280 duplici-

259 1317 340 1362 ter
370 1307 644 1377 praecipue
701 1306 1072 1377 providisset:
1118 1305 1361 1377 primum
1418 1303 1835 1374 Seripturarum

260 1398 700 1470 pra-monitione,
727 1415 851 1470 quae
877 1414 1072 1472 magna
1097 1413 1234 1453 voce
1271 1397 1529 1468 ﬁgmenta
1556 1407 1612 1453 et
1642 1395 1838 1465 impie-

261 1501 426 1549 tatem
460 1493 612 1550 illius
641 1492 961 1563 praedicant,
995 1491 1291 1563 sugillant;
1333 1490 1540 1565 deinde
1584 1496 1665 1546 tot
1710 1503 1838 1545 sau-

254 1595 472 1641 ctorum
525 1586 810 1642 hominum
865 1585 1171 1652 miraculis,
1212 1581 1838 1654 doctrina,prophetiis,

257 1673 397 1746 quos
439 1694 608 1749 parvo
641 1690 888 1751 tempore
915 1686 1215 1751 antequam
1240 1677 1544 1749 impietatis
1576 1675 1724 1732 illius
1755 1675 1841 1730 vis

255 1782 310 1828 et
341 1772 479 1829 I‘alsa
499 1773 750 1828 doctrina
776 1773 1047 1829 missurus
1071 1782 1176 1838 est,
1209 1773 1305 1842 qui
1339 1780 1399 1827 ut
1437 1771 1607 1826 etiam
1643 1778 1838 1825 aucto-

254 1869 420 1921 ritate
465 1882 576 1937 qua
611 1866 846 1922 maxime
879 1881 981 1922 nos
1038 1873 1320 1928 moveant,
1367 1881 1401 1920 a
1453 1862 1846 1919 vetustissimis

254 1958 600 2031 temporibus
623 1967 680 2016 et
709 1959 866 2031 quasi
886 1958 1074 2016 statim
1105 1975 1136 2014 a
1164 1957 1368 2030 triplici
1392 1973 1602 2023 rerum,
1630 1965 1861 2028 temper

255 2068 400 2119 rum,
437 2061 659 2108 aetatum
682 2052 974 2124 principio,
1002 2051 1360 2108 et'reservati
1391 2050 1459 2106 ad
1492 2050 1597 2106 hoc
1634 2047 1868 2106 divini-~

254 2155 353 2203 tus.
374 2147 750 2217 ministerium
786 2153 918 2204 sunt
946 2155 1004 2204 et
1034 2155 1349 2203 reservatus
1388 2159 1514 2200 esse
1566 2142 1839 2213 scriptum

251 2251 357 2309 est,
385 2251 451 2298 ut
484 2242 975 2313 praedicationibus
998 2239 1140 2312 ipsis
1169 2239 1264 2310 qui
1299 2239 1409 2295 sint
1441 2246 1498 2296 et
1518 2253 1619 2295 cur
1654 2251 1839 2292 vene-

250 2337 348 2403 rit,
373 2339 595 2394 sincera
631 2336 956 2408 integraque
981 2335 1090 2391 ﬁde
1148 2333 1466 2395 credamus,
1532 2329 1841 2401 Scripturls

249 2431 596 2502 prtemoniti,
621 2430 793 2497 docti,
818 2427 1152 2494 conﬁrmati,
1180 2415 1328 2498 qtmd
1350 2425 1673 2482 Antichristi
1705 2434 1840 2479 tem-

252 2526 494 2597 poribus
523 2527 743 2582 veuturi
771 2534 922 2582 sunt.
959 2524 1217 2595 Oportuit
1256 2532 1444 2579 autem
1479 2536 1650 2576 unum
1683 2535 1748 2575 ex
1774 2519 1842 2575 il-

250 2620 321 2676 lis
342 2621 569 2677 mittere
605 2619 700 2690 qui
725 2631 854 2675 ante
883 2620 1056 2691 legem
1091 2618 1336 2682 fuerunt,
1379 2631 1551 2672 unum
1610 2614 1704 2684 qui
1738 2614 1841 2669 sub

248 2714 397 2787 lege,
438 2715 665 2770 tertium
705 2714 1104 2786 quiChristum
1143 2713 1323 2782 ipsum
1370 2709 1670 2774 audiverit,
1700 2707 1872 2763 allo~'-
1905 2730 1907 2732 ·

248 2820 425 2868 cutus
498 2811 695 2875 fuerit,
742 2811 1028 2881 multoque
1087 2807 1258 2879 magis
1314 2819 1538 2861 necesse
1575 2802 1842 2859 adversus

244 2905 692 2971 Antichristnm,
711 2904 804 2975 qui
833 2919 891 2959 se
916 2901 1202 2957 Christum
1234 2900 1435 2956 Filium
1470 2911 1591 2953 esse
1627 2896 1722 2951 Dei
1743 2895 1844 2948 (in.
1871 2922 1881 2928 ~

243 3012 365 3073 get,
398 3015 567 3073 quam
620 3000 880 3069 aliquem"
926 3013 996 3053 ex
1050 2993 1464 3052 vetustissimis.
1521 2989 1844 3048 Reservavit

246 3105 448 3152 autem
475 3111 544 3150 ex
587 3093 871 3150 veteribus
898 3090 1075 3147 duos:
1110 3089 1417 3146 reservavit
1465 3087 1635 3161 igitur
1670 3084 1838 3140 etiam

244 3206 316 3246 ex
341 3190 637 3261 apostolis.
672 3188 809 3243 Tres
834 3202 966 3259 ergo
992 3185 1261 3241 reservati
1285 3193 1416 3239 sunt
1439 3183 1702 3237 adversus
1729 3180 1840 3233 An-

245 3284 604 3347 tichristum,
648 3297 746 3352 pro
765 3280 998 3336 veritate
1030 3261 1169 3333 utin
1210 3278 1376 3332 ﬁnem
1440 3283 1718 3330 tantorum
1766 3270 1846 3325 vi-

247 3392 454 3434 rorum
491 3375 829 3439 testimonio,
862 3372 1147 3429 miraculis
1186 3371 1531 3434 conﬁrmato,
1566 3367 1634 3423 ab
1659 3367 1852 3437 impie-

250 3478 377 3527 tate
405 3453 718 3539 incredibili
741 3479 906 3540 atque
929 3467 1175 3524 inaudita
1204 3465 1456 3521 homines
1487 3464 1635 3519 illius
1668 3462 1852 3517 sreculi

251 3562 781 3622 revocentur.~Erit
833 3569 1016 3617 autem
1069 3547 1445 3616 testimonium
1490 3556 1736 3622 Joannis,
1795 3567 1888 3610 ut'

245 3674 368 3731 ego
401 3657 678 3725 arbitror,
709 3657 884 3710 multo
916 3655 1141 3728 majoris
1177 3652 1485 3724 dignitatis,
1519 3650 1663 3722 quod
1688 3649 1847 3705 facile

246 3751 594 3827 percipitur,
618 3750 662 3807 si
693 3750 850 3821 quasi
899 3748 1331 3804 controversiam
1357 3746 1729 3802 instituamus.
1764 3745 1856 3799 Di-

244 3846 394 3905 cant
419 3845 570 3914 impii
589 3845 989 3908 Antichristum
1008 3858 1129 3899 esse
1149 3841 1396 3897 Mess'am
1417 3850 1471 3895 et
1495 3841 1690 3896 Filium
1713 3840 1806 3895 Dei
1838 3857 1853 3908 ;

247 3951 443 3997 testes
488 3939 691 3994 vetusti
718 3948 954 4007 negent,
987 3945 1345 4004 asserantque
1381 3933 1581 3988 Tiberii
1628 3933 1855 4003 Augusti

245 4020 622 4102 temporibus
653 4029 933 4087 Christum
963 4030 1526 4100 vcnisse,quanquam
1567 4028 1704 4081 male
1759 4041 1858 4097 po-

247 4137 464 4185 terunt
519 4137 700 4182 tamen
763 4124 1166 4182 contendentes
1214 4125 1364 4194 impii
1423 4124 1715 4193 replicare,
1745 4137 1856 4178 non

245 4221 447 4276 fuisse
497 4218 622 4275 illos
651 4226 785 4274 tunc
837 4217 1233 4289 Hierosolymis
1273 4226 1329 4273 et
1373 4225 1669 4289 propterea
1709 4216 1848 4271 falso

243 4312 526 4370 attestari
560 4310 706 4381 quod
737 4325 846 4366 non
875 4308 1154 4364 viderunt.
1184 4309 1256 4363 At
1304 4306 1546 4365 Joannes
1571 4317 1629 4363 et
1654 4308 1857 4363 vidisse

243 4404 610 4463 clamabitet
633 4403 855 4459 audisse
891 4401 1049 4457 illum
1076 4413 1132 4457 et
1159 4403 1433 4474 tetigisse,
1468 4411 1524 4456 et
1551 4401 1857 4456 allocutum

243 4498 446 4554 fuisse
482 4505 539 4553 et
575 4497 818 4551 astitisse
868 4494 924 4550 in
972 4508 1138 4550 cruce
1164 4485 1426 4566 pendenti
1480 4503 1536 4549 et
1578 4493 1857 4564 aspexisse

1939 571 2086 640 quod
2119 582 2312 627 natura
2343 573 2395 627 in
2421 574 2764 644 singulorum
2793 574 3110 643 peetorihus
3133 573 3362 629 insitum
3395 584 3515 640 est;

1942 666 2089 722 Elias
2122 668 2414 737 propheta,
2443 668 2536 738 qui
2573 669 2655 726 vel
2693 678 2942 724 mortuos
2973 669 3028 723 in
3057 669 3224 724 vitam
3273 669 3520 725 restituit

1943 761 2194 817 oratione
2233 770 2286 817 et
2325 762 2435 818 sub
2485 763 2604 836 lege
2671 747 3024 829 coruscavit;
3063 762 3308 820 Joannes
3349 776 3523 819 evan-

1942 855 2174 925 gelista,
2223 872 2388 927 quem
2430 858 2696 915 Dominus
2753 858 3053 930 plurimum
3115 858 3332 923 dilexit,
3383 873 3522 926 apo-

1942 950 2210 1004 stolorum
2257 951 2667 1015 sanctissimus,
2702 967 2867 1022 quem
2905 954 2958 1006 in
2998 951 3368 1007 uni'versalem
3418 950 3523 1006 Ec-

1941 1043 2128 1099 clesite
2179 1051 2455 1114 pastorem
2509 1043 2774 1099 Dominus
2821 1045 2906 1114 (ut
2953 1059 3055 1114 ego
3095 1043 3354 1114 arbitror)
3409 1057 3524 1098 non

1945 1137 2279 1208 praeposuit,“
2325 1147 2440 1192 tum
2487 1147 2548 1192 ut
2601 1136 2681 1192 illi
2726 1137 2927 1208 virgini
2978 1137 3216 1207 Matrem
3254 1135 3526 1209 virginem

1943 1231 2378 1296 commendaret,
2412 1237 2526 1285 tum
2561 1239 2621 1286 ut
2662 1231 2822 1287 Petro
2850 1241 2982 1285 tunc
3017 1231 3212 1301 (quem
3255 1228 3527 1286 velociori

1946 1322 2208 1396 martyrio
2254 1323 2598 1392 destinavit),
2636 1322 2834 1382 Ieanni
2862 1333 3050 1395 postea
3088 1325 3144 1379 in
3179 1320 3528 1392 temporibus

1946 1418 2296 1484 Antichristi,
2348 1417 2654 1475 Ecclesiam
2685 1416 3082 1481 committeret,
3115 1426 3172 1473 et
3201 1419 3284 1473 sic
3306 1414 3530 1472 duobus

1947 1511 2233 1584 discipulis
2292 1526 2536 1583 quorum
2586 1512 2727 1567 alter
2800 1509 3030 1577 dilexit,
3088 1509 3228 1566 alter
3294 1509 3533 1566 dilectus

1948 1604 2169 1661 Christo
2220 1603 2459 1660 maxime
2510 1605 2761 1660 omnium
2813 1602 3019 1669 fuerat,
3077 1602 3237 1657 alteri
3299 1602 3357 1657 in
3409 1601 3532 1674 ipso

1947 1696 2229 1769 Evangelii
2280 1697 2460 1759 initio,
2496 1697 2656 1753 alteri
2683 1697 2738 1751 in
2783 1696 2889 1752 line
2915 1705 2974 1752 et
3009 1695 3262 1766 utrisque
3308 1693 3363 1750 in
3399 1709 3531 1765 per-

1949 1789 2327 1847 seeutionibus
2390 1789 2644 1847 maximis
2717 1789 2963 1846 Ecclesia
3024 1788 3529 1846 commendaretur.

1948 1885 2198 1950 Accedit,
2234 1884 2380 1954 quod
2401 1887 2593 1938 Omnes
2621 1880 2856 1952 apostoli
2905 1882 3168 1953 martyrio
3197 1881 3364 1936 vitam
3419 1889 3531 1935 ter-

1949 1981 2250 2044 minarunt,
2277 1988 2335 2033 ut
2355 1993 2518 2034 nemo
2551 1978 2721 2050 possit
2742 1978 3017 2047 ambigere
3040 1977 3427 2037 veracissimos
3453 1976 3527 2029 il-

1947 2073 2032 2128 los
2066 2080 2236 2127 testes
2261 2071 2453 2138 fuisse,
2482 2070 2575 2139 qui
2601 2068 2746 2125 sicut
2780 2067 3042 2124 Dominus
3076 2077 3251 2123 morte
3282 2066 3532 2123 testimo-

1951 2164 2109 2218 nium
2144 2178 2308 2218 suum
2339 2170 2763 2232 persanxerunt.
2792 2160 2924 2216 Nam
2955 2159 3210 2217 Christus
3256 2159 3528 2215 Dominus

1947 2266 2160 2320 noster,
2188 2255 2358 2312 Filius
2386 2257 2504 2320 Dei,
2538 2265 2594 2310 et
2625 2254 2870 2324 pontifex
2900 2255 3171 2309 maximus
3199 2251 3300 2307 fuit
3342 2261 3402 2307 ut
3432 2254 3532 2306 ho-

1947 2367 2062 2420 mo,
2090 2351 2231 2408 sicut
2261 2350 2549 2408 Psalmista
2583 2349 2757 2415 canit,
2794 2347 2871 2402 Tu
2897 2363 2949 2402 es
2999 2347 3246 2404 sacerdos
3293 2347 3347 2400 in
3374 2355 3530 2401 (eter-

1949 2459 2099 2510 nttm,
2137 2446 2419 2500 secundum
2448 2445 2684 2500 ordinem
2715 2441 3086 2498 Melchisedech
3125 2443 3175 2508 ';
3206 2451 3264 2496 et
3287 2455 3414 2504 rex;
3446 2437 3530 2492 di-

1949 2540 2099 2596 citur
2115 2539 2262 2595 enim
2300 2539 2354 2593 in
2391 2552 2682 2608 personam
2708 2536 2867 2606 ejus:
2917 2531 3039 2604 Ego
3058 2541 3240 2588 cutem
3269 2532 3531 2586 constitu-

1951 2642 2033 2687 tus
2066 2650 2185 2687 sum
2238 2647 2330 2686 rea:
2358 2630 2424 2684 ab
2483 2632 2596 2700 ipso
2627 2644 2787 2700 super
2828 2625 2959 2684 Sion
3007 2633 3236 2681 montem
3288 2632 3532 2693 sumtum

1948 2726 2060 2796 ejus
2084 2725 2106 2756 ³
2137 2726 2153 2784 ';
2179 2732 2232 2780 et
2269 2724 2475 2778 Pilatus
2507 2723 2560 2777 in
2589 2721 2766 2784 titulo,
2797 2717 2948 2776 Jews
2981 2718 3293 2775 Nazarcnus
3322 2732 3415 2776 rex
3439 2715 3535 2774 Ju-

1951 2822 2183 2875 dteerum
2205 2837 2221 2883 ;
2244 2827 2526 2888 ctmartyr
2558 2817 2787 2885 primus,
2822 2813 3212 2877 et-maximus;
3248 2825 3374 2865 nam
3408 2825 3535 2864 cum

1953 2912 2326 2968 testimonium
2361 2925 2463 2965 nec
2517 2910 2584 2964 de
2616 2924 2674 2964 se
2706 2907 2825 2979 ipso
2848 2922 3031 2972 suum,
3059 2905 3204 2976 quod
3236 2903 3406 2959 Filius
3439 2903 3540 2958 Dei

1951 3017 2121 3074 esset,
2147 3003 2324 3062 ,ιιιόωί
2346 3003 2686 3072 acciperent,
2706 3015 2809 3056 nec
2828 2998 3007 3055 Patris
3035 2999 3119 3054 sui
3147 2998 3239 3068 qui
3259 2995 3543 3053 miraculis

1953 3099 2215 3159 inauditis
2241 3097 2545 3153 testabatur
2569 3097 2745 3168 ipsum
2773 3110 2892 3150 esse
2911 3094 3329 3157 Filiumsuum,
3358 3100 3538 3150 morte

1953 3193 2325 3251 testimonium
2348 3190 2750 3264 comprobavit.
2785 3187 2999 3244 Scimus
3024 3197 3174 3242 certe
3197 3186 3418 3242 Judteos
3453 3201 3542 3241 re-

1957 3299 2043 3346 cte
2068 3287 2405 3345 intellexisse
2437 3286 2600 3340 verba
2632 3281 2870 3348 Domini,
2897 3281 3101 3352 quibus
3125 3278 3344 3338 Patrem
3376 3295 3539 3341 suum

1957 3383 2394 3453 omnipotentem
2431 3380 2601 3435 Deum
2654 3375 2987 3448 appellabat.
3047 3374 3205 3431 Unde
3244 3373 3540 3437 dicebant,

1958 3475 2097 3530 mori
2125 3477 2303 3544 ipsum
2356 3471 2663 3527 secundum
2683 3471 2861 3540 legem
2893 3469 3118 3534 debere,
3169 3467 3298 3536 quia
3337 3464 3540 3521 Filium

1958 3568 2054 3625 Dei
2085 3567 2327 3637 seip'sum
2363 3565 2518 3622 fecit.
2545 3565 2658 3621 Nec
2708 3564 2854 3620 enim
2891 3562 3053 3617 aliter
3086 3560 3320 3632 intelligi
3359 3568 3544 3631 potest

1957 3663 2104 3734 quod
2138 3663 2309 3719 Deum
2340 3663 2556 3717 Patrem
2591 3675 2713 3716 esse
2738 3674 2898 3716 suum
2928 3658 3292 3730 praedicabat;
3319 3664 3548 3730 propte-

1959 3771 2050 3811 rea
2080 3754 2251 3810 dicit:
2278 3752 2618 3824 Manifestavi
2636 3767 2822 3805 nomen
2855 3761 3002 3806 tuum
3027 3748 3380 3804 hominibus‘.
3404 3748 3543 3807 Nam
3577 3787 3582 3791 -

1958 3857 2094 3906 ante
2118 3847 2417 3902 adventum
2451 3846 2506 3900 in
2542 3859 2712 3900 carne
2748 3842 2917 3912 Verbi
2955 3841 3304 3898 reconditum
3347 3856 3544 3913 magno

1981 3943 2037 3999 in
2069 3949 2413 3996 sacramento
2451 3938 2712 3994 tenebant
2744 3936 2889 4008 quod
2931 3933 3077 3992 Deus
3104 3936 3177 3989 ita
3212 3943 3304 3990 est
3356 3935 3544 4007 Patee,

1963 4047 2022 4093 ut
2050 4033 2249 4091 Filium
2275 4033 2560 4089 habeath
2588 4028 2900 4087 substantia
2927 4043 3026 4084 sua
3062 4027 3329 4098 genitum,
3362 4041 3547 4096 aequa.

1960 4129 2067 4185 lem
2099 4137 2292 4183 natura
2329 4135 2387 4182 et
2414 4121 2941 4182 consubstantialem
2973 4135 2990 4190 ;
3021 4135 3245 4186 verum,
3272 4117 3534 4189 quoniam

1963 4238 2113 4278 mors
2142 4221 2466 4276 ultimorum
2499 4215 2829 4274 terribilium
2854 4225 2963 4280 est,
2987 4229 3091 4269 nec
3112 4213 3320 4269 adduci
3343 4212 3547 4267 tuentis

1963 4328 2192 4385 compos
2241 4313 2405 4367 homo
2444 4317 2648 4381 potest,
2699 4316 2760 4363 ut
2811 4310 3006 4362 credat
3068 4306 3122 4362 in
3178 4306 3297 4376 ipso
3331 4314 3550 4362 terrore

1966 4410 2162 4467 mortis
2190 4408 2430 4478 aliquem
2451 4405 2540 4461 vel
2570 4403 2640 4460 de
2677 4418 2758 4472 se,
2787 4401 2872 4458 vel
2905 4401 2976 4457 de
3004 4402 3114 4457 alio
3153 4400 3400 4461 mentiri.
3445 4401 3550 4456 hac

1963 4505 2032 4560 de
2064 4518 2230 4559 causa
2276 4477 2546 4572 martyres
2576 4512 2706 4555 vere
2747 4504 3165 4568 nuncupantur,
3229 4495 3324 4565 qui
3370 4477 3550 4552 morte

241 4591 601 4664 sanguinem
641 4602 697 4645 et
728 4604 926 4660 aquam
957 4603 989 4644 e
1014 4587 1184 4644 latere
1216 4589 1416 4644 mortui
1452 4587 1851 4657 prosilientem,

1967 4596 2195 4669 prepria
2234 4593 2683 4666 praedicationem
2715 4605 2874 4649 suam
2937 4604 3124 4645 veram
3156 4604 3281 4645 esse
3317 4587 3549 4644 demon-

239 4697 309 4743 et
389 4696 523 4757 post
586 4683 1055 4738 resurrectionem
1089 4682 1432 4739 comedisse
1513 4696 1578 4737 ac
1655 4681 1861 4736 bibisse

237 4792 394 4834 ctam
446 4776 564 4842 illo,
605 4783 662 4830 et
711 4788 910 4828 manus
942 4781 1109 4844 atque
1167 4772 1337 4846 pedes
1383 4772 1633 4828 cruciﬁxi
1691 4772 1862 4829 vidis-

239 4887 319 4930 se
365 4868 780 4940 palpasseque.
814 4865 1074 4923 Miraeula
1108 4881 1330 4939 quoque
1360 4865 1636 4932 narrabit,
1686 4865 1861 4921 multo

237 4967 434 5038 plura
476 4977 643 5033 quam
699 4962 959 5034 scripsit,
993 4953 1272 5019 si'tamen
1326 4963 1566 5018 mundus
1604 4971 1735 5017 tunc
1770 4976 1862 5016 ca-

239 5071 404 5130 pere
441 5055 1067 5128 poterit,.auribusque
1115 5057 1232 5113 suis
1283 5071 1474 5113 vocem
1550 5056 1699 5111 illam
1753 5071 1860 5110 au-

235 5155 428 5208 disse
485 5151 843 5216 asseverabit,
883 5149 1106 5218 Lazare,
1171 5152 1290 5207 veni
1351 5152 1546 5220 foras‘
1626 5161 1678 5206 et
1716 5166 1850 5219 qua-

239 5243 597 5299 triduanum
662 5257 941 5297 mortuum
1007 5243 1280 5299 exsiliisse
1327 5230 1474 5298 foras
1530 5259 1560 5298 e
1610 5244 1863 5312 sepulcro

234 5337 487 5394 vidisse
541 5344 597 5390 et
650 5336 866 5393 institas
925 5337 1130 5407 quibus
1177 5347 1297 5393 erat
1330 5337 1614 5408 alligatum
1669 5337 1860 5391 Lazari

239 5443 487 5496 corpus
518 5428 772 5482 manibus
799 5428 915 5483 suis
949 5428 1205 5484 solvisse.
1239 5429 1361 5484 Haec
1416 5429 1632 5498 aliaque
1671 5429 1863 5498 hujus-

235 5520 430 5581 moili
460 5520 744 5575 miraculis
776 5519 1090 5575 ailirmabit.
1126 5521 1262 5576 Tres
1308 5521 1474 5592 igitur
1523 5522 1866 5590 temporibus

239 5618 382 5673 illis
435 5613 657 5669 falsitati
709 5617 966 5670 resistent
1013 5625 1180 5670 testes
1219 5633 1232 5668 :
1282 5616 1466 5670 Euoch
1504 5616 1593 5670 ille
1640 5618 1862 5685 justus.

237 5713 444 5786 cujus
481 5718 607 5763 ante
637 5709 906 5764 dilutium
933 5709 1149 5781 iustitia
1175 5709 1397 5770 claruit,
1461 5715 1682 5781 quando
1744 5726 1869 5765 nut-

404 5901 424 5930 '
461 5900 618 5958 Juan.
650 5917 727 5971 ιι,
770 5900 857 5959 45.
957 5903 976 5934 ³
1008 5898 1157 5958 Psal.
1190 5913 1300 5966 δικ,
1347 5899 1393 5954 ί.
1439 5900 1492 5934 ’³
1530 5891 1671 5958 Psail.
1714 5915 1772 5962 ιι.
1802 5899 1854 5954 6.

1964 4697 2236 4748 strarunt.
2265 4688 2483 4744 Primus
2505 4701 2636 4743 vero
2664 4694 2877 4759 martyr
2902 4682 3154 4740 Christus
3175 4698 3300 4738 cum
3325 4680 3549 4737 tradere

1961 4783 2218 4855 spiritum
2247 4780 2361 4837 Deo
2383 4780 2569 4843 vellet,
2590 4792 2784 4851 magna
2808 4791 2942 4834 voce
2972 4776 3216 4832 intonuit
3251 4776 3496 4829 clamans
3522 4793 3538 4831 :

1965 4875 2150 4942 Pater,
2183 4874 2239 4930 in
2273 4889 2464 4931 manus
2513 4880 2637 4930 tuas
2670 4871 2979 4926 commendo
3036 4870 3284 4941 spiritum
3348 4885 3542 4922 meum.

1968 4968 2120 5026 llanc
2165 4965 2608 5027 testiﬁcationem
2668 4979 2769 5035 per
2825 4962 3151 5033 sangttinem
3204 4972 3261 5016 et
3308 4971 3542 5015 mortem

1968 5064 2202 5137 apostoli
2228 5078 2421 5119 omnes
2467 5059 2760 5117 Dominum
2823 5059 2996 5113 secuti
3030 5059 3100 5112 de
3149 5043 3548 5127 praedicatione

1970 5167 2068 5212 sua
2095 5156 2360 5212 fecerunt.
2392 5153 2504 5209 Cur
2535 5152 2775 5210 Joannes
2799 5154 2903 5208 hac
2927 5150 3099 5222 gloria
3119 5151 3270 5208 solus
3301 5149 3552 5221 privare-

1973 5250 2100 5303 tur?
2137 5251 2216 5300 An
2245 5248 2374 5317 quia
2414 5245 2539 5315 plus
2579 5245 2799 5300 caeteris
2826 5243 3157 5300 amabatur?
3184 5242 3301 5299 lmo
3327 5252 3545 5308 contra,

1972 5339 2230 5408 quoniam
2310 5338 2544 5393 maxime
2616 5336 2946 5407 diligebatur
2995 5335 3243 5401 ,idcireo
3346 5344 3553 5401 marty-

1969 5434 2111 5486 rium
2136 5431 2282 5502 quod
2318 5447 2346 5484 a
2375 5429 2593 5484 Christo
2623 5429 2844 5483 initium
2873 5429 3018 5497 cepit
3066 5433 3120 5482 lu
3178 5442 3304 5480 eum
3346 5426 3541 5480 termi-

1969 5526 2210 5580 nabitur.
2247 5524 2311 5576 lit
2341 5522 2484 5578 sicut
2526 5523 2649 5592 plus
2679 5521 2928 5592 diligenti
2963 5521 3206 5579 Ecclesia
3271 5518 3547 5586 incipiens

1967 5618 2073 5689 fuit
2103 5617 2418 5676 commissa.
2461 5616 2532 5671 ita
2568 5615 2690 5684 plus
2721 5615 2922 5670 dilecto
2959 5613 3227 5668 desinens
3253 5623 3540 5665 commen-

1970 5720 2213 5767 dauttur.
2250 5712 2346 5775 Ita,
2374 5710 2647 5781 quispiam
2681 5708 2923 5779 inquiet;
2957 5705 3055 5762 sed
3089 5715 3270 5759 tamen
3309 5700 3550 5758 incredi-

1951 5897 1972 5928 ⁵
2007 5895 2166 5954 Joan.
2196 5914 2327 5968 xvu,
2364 5898 2416 5954 6.
