4102 6144
432 328 537 422 ssi

1211 354 1294 418 IN
1344 355 1604 433 lLLUD,
1649 371 1667 405 ι
1700 357 1817 418 SlC
1858 357 2055 420 νοω
2098 355 2260 419 EUM
2303 357 2651 432 MANERE,
2690 356 2919 421 "ETC.

3594 354 3755 443 882_

434 462 693 539 gentibus
722 462 931 523 multis.
956 462 1138 531 Quare
1162 466 1212 521 si
1288 465 1648 538 Evangelittm
1716 469 2008 538 prophetia
2039 472 2087 529 Α
2121 472 2318 543 primo
2353 489 2462 545 quo
2486 488 2579 543 ego
2605 471 2847 542 bapliaor
2879 468 3298 539 baptizabimim‘,
3329 468 3433 525 hoc
3457 479 3560 537 est,
3586 471 3702 543 Ego

434 573 547 617 non
575 570 681 623 est,
707 573 808 613 nec
836 557 881 613 si
913 568 1084 626 esset,
1115 560 1305 614 multis
1328 560 1535 632 linguis
1564 561 1633 616 ab
1658 559 1783 631 ipso
1803 560 2016 616 editum

432 664 544 720 est.
578 668 681 709 nec
705 653 893 708 multis
922 652 1041 722 ipse
1076 652 1397 724 praedicavit
1426 655 1706 726 gentibus,
1747 655 1843 711 sed
1865 655 2020 713 Grae-

435 749 551 813 cis;
586 762 686 801 nec
707 749 963 802 omnibus
998 747 1225 813 Graecis,
1258 749 1354 803 sed
1386 748 1647 804 Asiaticis
1675 749 1850 804 solum
1875 764 1894 814 ;
1917 765 2023 805 nec

437 838 661 909 regibus
692 837 901 903 multis,
942 837 1208 893 Romanis
1233 840 1382 896 enim
1415 840 1543 895 Asia
1579 854 1713 898 tunc
1770 843 2020 909 subiecta

437 929 545 986 fuit
579 947 593 984 :
628 929 987 1000 perspicuum
1019 938 1105 985 est
1159 942 1294 986 ante
1344 930 1645 986 adventum
1693 930 2022 988 Antichristi

438 1024 921 1093 prephetaturum,
957 1022 1178 1093 quando
1221 1023 1413 1100 veniet
1447 1024 1620 1081 homo
1652 1024 1877 1097 iniquus
1926 1026 2021 1096 qui

442 1117 737 1188 praestigiis
770 1118 887 1172 suis
915 1117 1120 1172 multos
1152 1116 1529 1188 decipiet,qui
1562 1117 1613 1174 vi
1641 1135 1863 1189 quoque
1901 1131 2022 1176 nte-

443 1218 535 1265 tur
567 1209 831 1264 adversus
864 1209 1073 1273 ﬁdeles,
1114 1218 1424 1279 creteraque
1454 1211 1797 1283 huiusmodi.
1829 1212 2021 1269 Enoch

443 1310 501 1358 et
534 1301 679 1369 Elias
722 1302 827 1357 hoe
885 1302 1143 1360 similiter
1174 1304 1399 1359 facient.
1432 1305 1781 1377 Quapropter
1796 1319 1852 1363 et
1875 1306 2024 1362 Scri-

448 1403 613 1463 ptura
648 1410 755 1449 non
787 1404 1055 1461 mortuos,
1094 1398 1187 1455 sed
1221 1399 1333 1455 alio
1373 1409 1562 1469 raptos
1592 1398 1647 1454 in
1678 1415 1911 1471 corpore
1941 1400 2029 1454 di-

450 1490 550 1554 cit,
582 1501 641 1543 ut
670 1488 859 1547 tideles
892 1489 1042 1546 illius
1071 1492 1337 1561 temporis
1372 1491 1590 1549 facilius
1630 1494 1844 1563 possint
1900 1506 2028 1548 cre-

449 1578 607 1644 dere,
638 1581 762 1638 illos
792 1581 943 1653 ipsos
983 1596 1104 1637 esse
1159 1586 1255 1652 qui
1302 1584 1578 1640 divinitus
1617 1585 1684 1640 ad
1723 1587 2030 1656 prmdieano

450 1672 579 1728 dum
610 1682 666 1729 et
704 1674 1164 1745 prophetandum.
1196 1691 1321 1731 cum
1352 1677 1529 1731 multo
1561 1676 1771 1747 fulgore
1840 1678 1893 1727 in
1929 1692 2027 1734 ex-

452 1768 642 1822 tremis
674 1768 1018 1838 temporibus
1053 1769 1320 1825 reservati
1352 1770 1595 1827 fuerunt.
1642 1770 1752 1827 llac
1787 1772 1904 1842 ipsa
1937 1788 2030 1826 ra-

453 1858 629 1925 tione,
692 1861 1003 1931 eademque
1034 1859 1104 1917 de
1139 1876 1328 1925 causa,
1371 1874 1484 1916 tum
1550 1879 1649 1933 per
1689 1864 2034 1933 explanatum

455 1946 736 2020 Evangelii
806 1952 985 2006 locum
1026 1996 1041 2019 ,
1109 1964 1225 2008 tum
1290 1942 1460 2010 multo
1530 1958 1899 2027 expressius,
1961 1959 2038 2014 sia

456 2044 833 2116 gnificantius,
858 2045 1060 2103 clarius
1082 2063 1181 2116 per
1207 2047 1614 2118 Apocalypsin),
1644 2046 1875 2105 Joannis
1902 2064 2040 2120 quo-

456 2152 565 2207 que
588 2140 885 2193 reservatio
914 2139 1197 2195 scribitur.
1219 2139 1332 2195 Nec
1356 2141 1461 2196 ista
1483 2140 1828 2207 sull‘ecerint.
1854 2142 1947 2199 sed
1971 2143 2041 2198 ab

458 2230 812 2300 evangelistis
841 2230 1092 2286 Matthaeo
1114 2241 1171 2287 et
1198 2230 1382 2288 Marco
1406 2231 1652 2303 ipsorum
1678 2232 1914 2289 filiorum
1938 2232 2041 2290 Zc~

460 2318 636 2391 bellaci
677 2324 1005 2391 martyrium
1050 2339 1250 2394 magno
1316 2323 1601 2394 przeconio
1638 2325 2039 2381 conclamatur.

459 2412 595 2470 Nam
634 2430 755 2469 cum
794 2415 1015 2486 utrique
1047 2414 1274 2483 lratres,
1300 2412 1643 2473 aestimantes
1705 2418 1760 2471 in
1797 2419 1897 2474 hac
1933 2418 2041 2472 vita

464 2525 693 2579 regnum
718 2509 925 2566 Christi
954 2510 1230 2574 futurum,
1268 2512 1655 2582 petiissentab
1711 2527 1777 2568 co
1820 2524 1877 2567 ut
1904 2514 2046 2568 alter

466 2602 520 2656 in
561 2600 769 2656 dextris
812 2604 930 2672 ejus
960 2604 1099 2658 alter
1141 2607 1194 2659 in
1250 2605 1495 2660 sinistris
1528 2604 1792 2661 sederent
1818 2644 1835 2665 .
1877 2617 2047 2677 atque

466 2692 535 2748 ad
603 2694 709 2749 hoc
766 2711 957 2763 preces
1018 2698 1186 2751 etiam
1246 2713 1360 2751 suae
1421 2701 1532 2765 (ut
1582 2699 2046 2768 evangelistarum

467 2779 739 2854 scriptum
769 2789 907 2841 alter
939 2789 1163 2856 reliquit
1198 2791 1213 2857 )
1250 2792 1440 2845 matris
1466 2792 1873 2855 adhibuissent,
1898 2793 2048 2863 igm'v

468 2893 593 2931 rare
626 2877 775 2949 ipsns
808 2879 939 2950 quid
982 2887 1252 2949 peterent,
1281 2881 1516 2951 primum
1547 2882 1862 2945 audierunt.
1895 2883 2052 2939 de’n-

467 2966 538 3023 de
572 2968 654 3023 sic
683 2968 1003 3040 interrogati
1044 2970 1297 3027 fuerunt:
1340 2972 1568 3029 Potestis
1612 2974 1788 3028 bibere
1832 2974 2051 3029 calicem

467 3078 626 3132 quem
661 3079 754 3132 ego
776 3064 1032 3119 bibiturus
1064 3048 1180 3121 sum
1201 3066 1227 3120 .’
1274 3069 1713 3137 responderunt:
1742 3067 2050 3123 Possumus.

2124 581 2225 636 pro
2257 565 2417 621 vobis
2443 566 2771 635 ceterisque
2805 559 3128 619 hominibus
3156 562 3479 634 sanguinem
3516 580 3698 618 meum

2121 652 2427 721 ell‘undam,
2451 654 2544 710 sed
2576 670 2677 709 vos
2702 670 2922 725 quoque
2954 669 3056 724 pro
3087 654 3325 711 veritate
3356 656 3704 725 puriﬁcatio-

2122 745 2214 801 nis
2241 756 2440 803 vestra!
2493 747 2820 818 sanguinem
2869 759 3112 803 vestrum
3160 747 3480 803 ell‘undetis.
3547 747 3706 805 Ilunc

2122 831 2353 895 calicem
2383 839 2838 911 baptismumque
2877 839 3245 911 sanguineum
3272 840 3516 896 Jacobus
3565 842 3705 910 qui-

2125 926 2247 984 dem
2276 929 2388 1000 jam
2419 928 2566 985 bibit
2592 940 2650 986 et
2708 929 3022 1000 baptizatus
3054 938 3161 993 est,
3195 932 3265 986 ab
3299 929 3515 987 Herode
3551 933 3709 986 occi-

2124 1034 2262 1090 sus;
2293 1022 2537 1078 Joannes
2585 1038 2739 1086 vero,
2783 1023 3049 1090 minime;
3079 1022 3383 1080 bibiturum
3410 1040 3542 1096 ergo
3582 1026 3708 1095 quis

2123 1125 2284 1186 negat
2306 1116 2329 1169 Ἰ
2350 1115 2607 1171 Christus
2643 1118 2789 1171 enim
2816 1116 3087 1174 Dominus
3116 1127 3308 1173 noster
3354 1119 3424 1173 de
3456 1119 3707 1188 utrisque

2126 1207 2392 1264 fratribus
2427 1207 2567 1263 dixit
2602 1228 2614 1264 :
2648 1208 2886 1265 Culicem
2924 1210 3141 1280 quidem
3166 1216 3355 1266 meum
3405 1212 3605 1278 bibetis,
3661 1221 3710 1265 et

2128 1300 2388 1370 baptism
2424 1315 2539 1354 meo
2569 1298 2988 1369 baptizabimiui,
3022 1300 3129 1355 hoc
3160 1310 3268 1367 est,
3298 1300 3584 1372 Sanguine
3614 1317 3711 1355 ve-

2127 1402 2246 1449 stro
2266 1392 2427 1448 infusi
2453 1409 2551 1464 pro
2571 1394 2802 1449 veritate
2822 1393 3156 1449 moriemini.
3184 1393 3297 1450 Nec
3325 1393 3495 1450 refert
3510 1394 3555 1451 si
3589 1395 3715 1464 quis

2128 1483 2298 1547 dicat.
2333 1486 2520 1540 animo
2542 1485 2694 1540 illum
2724 1494 3019 1557 martyrem
3054 1484 3247 1541 fuisse.
3281 1484 3404 1540 Non
3433 1484 3583 1540 enim
3629 1484 3716 1539 di~

2128 1577 2212 1632 xit
2259 1576 2550 1643 Dominus,
2598 1576 2841 1634 Calicem
2916 1575 3140 1649 quidem
3183 1592 3365 1634 meum
3420 1578 3632 1641 bibere.
3661 1586 3718 1632 et

2129 1668 2402 1740 baptismo
2420 1685 2531 1740 quo
2549 1686 2651 1741 ego
2666 1670 2917 1740 baptizor
2939 1669 3203 1741 baptizari
3226 1672 3399 1740 parati
3416 1671 3595 1747 eritis,
3618 1671 3718 1727 sed

2135 1779 2251 1819 rem
2282 1764 2455 1834 ipsam
2478 1773 2535 1818 et
2562 1762 2891 1820 effusionem
2917 1762 3201 1835 sanguinis
3225 1772 3416 1832 aperte
3442 1764 3721 1834 allirman-

2140 1858 2230 1923 do,
2260 1855 2454 1913 Bibetis
2477 1864 2534 1912 et
2562 1856 2988 1929 baptizabimini,
3021 1856 3224 1927 inquit.
3262 1856 3422 1924 Quod
3456 1857 3501 1912 si
3535 1857 3722 1913 docto-

2141 1952 2220 2006 ris
2251 1950 2487 2022 alicujus
2516 1952 2816 2006 auctoritas
2848 1950 3146 2008 nonnullos
3171 1951 3485 2021 perturbat,
3532 1952 3727 2007 sciant

2141 2041 2405 2097 Joannem
2432 2040 2915 2113 Chrysostomum,
2947 2042 3108 2112 cujus
3132 2042 3438 2097 auctoritas
3471 2056 3581 2096 non
3614 2041 3721 2095 im-

2146 2133 2348 2187 merito
2377 2148 2571 2205 magna
2600 2148 2825 2203 semper
2850 2132 2955 2188 luit
2984 2143 3040 2188 et
3066 2142 3153 2189 est
3186 2133 3239 2187 in
3271 2130 3541 2196 Ecclesia,
3594 2147 3723 2186 cum

2146 2226 2277 2282 illud
2319 2226 2553 2283 Matthzei
2584 2236 2848 2299 exponat,
2881 2226 3119 2283 Calicem
3154 2225 3365 2295 quidem
3390 2241 3563 2280 meum
3579 2225 3727 2278 bibe-

2146 2321 2236 2384 tis,
2274 2323 2359 2376 his
2392 2321 2578 2377 verbis
2614 2322 2729 2379 uti;
2764 2322 2951 2391 Magna
2980 2318 3139 2382 vobis
3178 2327 3330 2383 certe
3353 2319 3494 2374 bona
3526 2316 3729 2387 praedi-

2148 2428 2238 2470 co.
2286 2414 2534 2487 martyrii
2579 2410 2729 2471 enim
2782 2429 2989 2470 corona
3057 2402 3349 2482 patiemini
3397 2423 3456 2467 et
3485 2412 3729 2466 violenta

2151 2515 2350 2571 morte,
2383 2506 2530 2560 sicut
2552 2515 2606 2559 et
2635 2520 2758 2575 ego,
2788 2521 2819 2560 a
2875 2506 2985 2559 vita
3020 2503 3341 2560 dcccdetis.’
3382 2503 3658 2576 Praeterea
3684 2503 3729 2557 si

2148 2596 2343 2653 licebit
2375 2606 2495 2669 qua:
2517 2600 2682 2668 plane
2714 2598 2999 2668 Scriptura
3031 2595 3292 2667 prmdicat
3324 2612 3432 2651 non
3470 2596 3615 2651 sicut
3644 2595 3731 2649 di-

2148 2690 2668 2761 ctmturaccipcre,
2699 2689 2793 2745 sed
2837 2689 2903 2743 ad
2939 2688 3181 2743 animum
3236 2695 3401 2757 atque
3467 2685 3732 2741 intentiu-

2154 2798 2280 2839 nem
2312 2780 2773 2844 referreameor
2802 2797 2873 2836 ne
2898 2779 3059 2835 facile
3091 2779 3353 2850 pleraque
3377 2776 3563 2833 omnia
3586 2792 3738 2832 com-

2154 2884 2301 2932 mota
2330 2856 2635 2937 labescant,
2664 2871 2932 2929 labefacta
2966 2871 3361 2936 ruantgdiruta
3397 2870 3452 2924 in
3496 2869 3731 2927 nihilum

2154 2971 2480 3041 redigantur
2511 2982 2569 3026 et
2589 2968 2934 3026 Antichristo
2971 2965 3304 3023 latissimam
3348 2966 3490 3023 viam
3528 2980 3737 3036 praepa-

2158 3076 2281 3122 rent
2307 3073 2473 3136 atque
2504 3054 2779 3135 aperiant.
2815 3104 2821 3111 .
3196 3050 3200 3055 ⁴

475 3154 537 3210 Et
574 3154 841 3212 Dominus
877 3158 947 3213 de
978 3159 1250 3215 ambobus
1271 3200 1287 3224 ,
1328 3159 1562 3216 Calicem
1615 3163 1825 3234 quidem
1875 3176 2051 3219 meum
2082 3175 2129 3238 ο
2227 3158 2577 3215 Credendum
2608 3157 2785 3230 igitur
2805 3167 2913 3225 est,
2939 3156 3213 3214 Joannem
3240 3153 3425 3210 adhuc
3444 3152 3652 3219 vivere,
3682 3159 3741 3209 et

468 3247 655 3304 bibetis
686 3248 729 3305 ⁸.
787 3248 1025 3306 Calicem
1089 3252 1179 3309 hic
1239 3268 1403 3309 nemo
1456 3253 1694 3320 dubitat,
1755 3255 2052 3310 violentam

474 3351 733 3408 mortem,
776 3343 829 3397 id
863 3354 949 3399 est
985 3345 1333 3416 mysterium,
1371 3346 1672 3417 appellari:
1703 3346 1819 3401 sive
1851 3348 1931 3403 sic
1957 3346 2058 3403 Ju-

470 3435 718 3490 dmorum
754 3435 941 3507 lingua
966 3447 1023 3491 ct
1072 3438 1375 3509 Scriptura:
1419 3436 1824 3495 consuetudine
1883 3438 2058 3496 fuerit

472 3538 816 3597 usurpatum,
859 3530 975 3584 sive
1006 3530 1188 3593 aliter,
1223 3531 1361 3585 nihil
1393 3530 1583 3585 refert.
1610 3530 1702 3586 Sic
1731 3531 2055 3599 Matthmus;

474 3614 692 3678 Marcus
715 3629 895 3677 autem
929 3624 999 3677 ad
1040 3623 1155 3679 lucc
1185 3625 1337 3679 addit
1362 3643 1378 3677 :
1408 3623 1476 3678 Et
1501 3624 1773 3696 baptismo
1829 3641 1933 3695 quo
1962 3640 2059 3694 ego

474 3713 735 3786 baptizor,
766 3714 1047 3787 baptizari.
1073 3715 1323 3787 Cumque
1342 3715 1422 3772 illi
1452 3717 1902 3787 respondissent:
1931 3714 2061 3772 Pos-

473 3823 678 3870 sumus,
707 3808 959 3864 similiter
993 3811 1194 3866 infert:
1225 3809 1459 3866 Calicem
1481 3810 1692 3873 quidem
1718 3826 1890 3864 meum
1924 3810 2064 3866 bibe-

452 3902 542 3957 ἐἱε
575 3912 624 3957 et
646 3902 907 3974 baptismo
958 3920 1064 3975 quo
1108 3920 1200 3975 ego
1230 3905 1489 3972 baptizor,
1515 3903 1939 3975 baptizabimini.
1968 3905 2063 3959 ba-

474 3993 739 4065 ptismum
764 3994 854 4050 hic
881 3994 1212 4068 intelligens,
1232 3996 1557 4051 cll'usionem
1578 4012 1745 4066 super
1773 4010 1831 4051 se
1848 3997 2059 4067 proprii

476 4087 782 4156 sanguinis.
826 4086 954 4142 lltcc
981 4079 1223 4143 Jacobus
1257 4097 1311 4143 et
1343 4086 1586 4143 Joannes
1619 4103 1728 4142 non
1777 4087 2063 4143 intellexe-

386 4182 389 4183 ⁷
479 4186 631 4241 runt,
663 4176 843 4232 adhuc
876 4177 1024 4233 enim
1062 4186 1303 4245 terrena,
1335 4178 1669 4248 piscaturam
1710 4192 1776 4232 ac
1804 4180 1940 4232 retia
1972 4179 2060 4232 ni-

482 4268 710 4335 mirum,
741 4271 1017 4327 colebant.
1061 4268 1192 4327 Ideo
1221 4271 1291 4327 de
1349 4283 1481 4341 potu
1550 4279 1608 4326 et
1664 4272 1731 4326 de
1784 4269 2061 4340 baptiSmo

478 4363 738 4433 aquatica
762 4360 871 4417 dici
890 4372 1168 4434 putantes,
1194 4362 1345 4419 illico
1364 4378 1423 4419 se
1444 4379 1606 4435 posse
1628 4362 2058 4432 responderunt.

480 4452 551 4510 Et
576 4453 869 4509 Dominus:
900 4452 1135 4511 Calicem
1159 4455 1370 4529 quidem
1401 4472 1572 4511 meum
1604 4456 1788 4512 bibetis
1843 4467 1895 4511 et
1962 4459 2060 4510 ba.

552 4614 576 4649 ¹
605 4614 804 4674 Hstth.
827 4632 920 4685 xx,
938 4617 1030 4673 22.

2161 3252 2216 3307 in
2248 3252 2511 3307 extremis
2535 3250 2879 3323 temporibus
2909 3250 3177 3323 martyrio
3237 3249 3605 3307 moriturum:
3638 3261 3744 3303 nec

2160 3344 2495 3404 credendum
2561 3343 2766 3409 solum,
2836 3343 3039 3399 verum
3092 3342 3257 3398 etiam
3307 3338 3741 3411 pmdicatidum.

2161 3434 2568 3503 Scripturarum
2589 3434 2737 3490 enim
2766 3441 3111 3490 sacramenta
3140 3432 3235 3503 qui
3259 3434 3569 3489 taciturnus
3603 3432 3738 3485 reti—

2162 3541 2275 3598 net,
2313 3547 2421 3586 non
2445 3529 2643 3587 evadet
2670 3528 2919 3598 impune,
2954 3526 3262 3597 praesertim
3286 3524 3343 3580 id
3383 3524 3532 3596 Quod
3588 3532 3645 3578 et
3680 3524 3738 3577 ia

2162 3624 2391 3681 dubium
2420 3610 2565 3693 apud
2590 3636 2785 3676 omnes
2811 3619 2992 3675 dicam
3024 3619 3204 3675 adhuc
3238 3618 3493 3673 vertitur.
3522 3616 3591 3671 Et
3631 3616 3743 3670 nisi

2161 3715 2416 3790 perutilis
2446 3715 2631 3770 futura
2650 3722 2799 3770 esset
2831 3713 3165 3771 Christianis
3196 3712 3365 3782 hujus
3400 3709 3743 3781 prtetlicatio,

2163 3825 2276 3863 non
2302 3807 2560 3879 equidem
2610 3819 2758 3864 tanta
2792 3822 2923 3866 cura
2981 3804 3313 3863 crediderim
3366 3803 3746 3872 conscriptum

2163 3884 2356 3955 fuisse.
2381 3901 2665 3971 Scriptum
2696 3911 2782 3955 est
2810 3916 2944 3971 ergo
2976 3907 3119 3953 utet
3171 3896 3414 3952 sciamus
3460 3905 3517 3949 et
3552 3894 3751 3965 przcdi-

2164 4007 2354 4048 cemns
2379 3993 2724 4062 posterisque
2746 4002 3008 4046 constans
3035 4000 3091 4046 et
3114 3990 3329 4044 ﬁrmum
3365 3987 3750 4058 relinquamus
3790 4014 3791 4017 η

2164 4084 2315 4155 quod
2346 4094 2404 4141 et
2441 4085 2703 4140 Dominus
2720 4094 2777 4140 et
2797 4099 2894 4155 per
2917 4081 3217 4153 Evangelia
3246 4090 3304 4136 et
3334 4094 3437 4150 per
3464 4078 3738 4150 Apocaly-

2166 4179 2307 4250 psim
2336 4180 2505 4237 nobis”
2528 4178 2781 4243 tradidit,
2816 4174 3252 4245 commendavit,
3284 4183 3343 4229 ut
3391 4172 3495 4228 hac
3522 4185 3749 4241 quoque

2167 4269 2471 4344 Scriptura:
2522 4270 2942 4341 prtemonitione
2988 4278 3155 4339 atque
3207 4266 3460 4323 doctrina
3517 4265 3604 4319 vel
3636 4276 3753 4317 mo-

2166 4374 2407 4421 neantur
2428 4374 2485 4419 et
2513 4362 2674 4419 fidem
2696 4371 2919 4419 servent
2942 4362 3115 4418 futuri
3138 4358 3402 4431 temporis
3418 4355 3750 4413 Antichristi

2169 4456 2360 4515 ﬁdeles
2378 4498 2394 4525 ,
2425 4459 2506 4513 vel
2529 4456 2931 4516 inexcusabiles
2946 4459 3190 4529 undique
3214 4452 3341 4511 facti
3362 4450 3757 4512 conticescant.
