4102 6144
415 313 533 416 ssa

1617 319 1874 384 GEORG
1889 322 1946 383 ll
1981 322 2539 389 TRAPBZUN'HI.

3599 327 3702 397 8&1

424 480 3676 512 MM

948 651 1104 742 MA
1132 651 2462 746 BTYRIUM'BEATISSIMI
2544 658 3173 752 MARTYBIS

1213 873 2056 1033 ANDREZE
2137 881 2392 1033 DE
2495 880 2954 1039 CHIO

577 1150 714 1225 QUI
765 1151 1536 1216 CONSTANT-INOPOLI
1581 1153 1824 1229 OBIIT,
1883 1152 2107 1220 ANNO
2147 1155 2394 1217 PRIMO
2431 1156 2657 1220 PAULI
2707 1159 2758 1218 [1
2807 1161 3072 1227 SUMMI
3119 1167 3574 1231 PON-TlFlCle

1055 1329 1108 1390 Α
1155 1328 1544 1394 GEORGIO
1592 1328 2200 1394 TRAPEZUNTIO
2243 1331 2570 1399 LATINE
2604 1334 3064 1401 SCRIPTUM.

1692 1477 1835 1540 (Acta
1858 1486 2140 1530 sanctorum
2178 1478 2242 1528 29
2275 1479 2431 1544 Maii.)

2006 1655 2088 1673 ἰι-θ

487 1786 529 1842 l.
572 1782 936 1857 Quandojam
964 1781 1440 1843 triennioeCrcta
1463 1781 2000 1852 Constantinopolim
2032 1787 2077 1845 Α
2107 1783 2412 1846 adhaerere,
2452 1793 2515 1840 ut
2543 1784 2819 1840 bellorum
2855 1784 3076 1844 laborcs
3120 1788 3353 1846 subeam
3390 1833 3404 1858 ,
3437 1793 3694 1864 pericula

419 1881 802 1951 navigassem,
855 1882 1169 1936 universam
1221 1880 1366 1936 illam
1406 1879 1600 1934 urbem
1633 1895 1756 1934 cum
1811 1876 2002 1934 Galata

415 1974 579 2028 simul
612 1973 667 2028 in
699 1972 1070 2028 admiratione
1096 1982 1263 2042 atque
1289 1970 1493 2042 gaudio
1525 1972 1706 2042 reperi
1742 1988 1849 2026 non
1875 1987 2003 2041 par-

416 2085 508 2130 vo,
541 2078 770 2139 propter
807 2068 1089 2138 singulare
1121 2073 1179 2123 et
1207 2067 1518 2122 inauditum
1575 2067 1766 2121 multis
1792 2073 2002 2135 tempo-

415 2165 570 2219 ribus
603 2163 837 2220 Andreae
861 2164 928 2217 de
953 2162 1116 2228 Chio,
1144 2178 1244 2231 pro
1272 2162 1402 2218 .lesu
1426 2161 1634 2218 Christi
1661 2159 2003 2232 professione

416 2258 762 2330 martyrium.
803 2255 930 2312 Fuit
952 2257 1100 2312 enim
1127 2258 1291 2327 paulo
1322 2268 1449 2312 ante
1477 2255 1718 2312 mirabili
1745 2265 2003 2310 constan-

415 2351 487 2404 tia
540 2366 640 2418 per
679 2349 912 2417 gratiam
961 2349 1056 2403 Dei
1117 2361 1355 2418 gestum.
1411 2348 1547 2404 Nam
1616 2363 1718 2420 ego
1777 2348 2001 2419 quidem

415 2455 606 2496 mense
651 2439 950 2496 Novembri
991 2442 1275 2511 applicui,
1308 2458 1453 2496 anno
1504 2441 1573 2495 ab
1618 2441 2003 2498 incarnatione

415 2532 634 2589 Domini
669 2532 829 2592 {465.
878 2533 1129 2589 Andreas
1162 2549 1293 2588 vero
1335 2543 1545 2605 martyr
1572 2534 1778 2590 Christi
1809 2533 2009 2604 praeci-

411 2643 559 2698 puus
599 2626 670 2681 9.9
697 2627 787 2682 die
829 2629 1038 2683 mensis
1078 2628 1225 2689 Maii,
1269 2626 1518 2691 ejusdem
1563 2627 1692 2685 anni
1732 2643 2002 2682 coronam

417 2719 670 2791 rrartyrii
704 2720 1090 2776 misericordia
1118 2720 1325 2776 Christi
1356 2733 1714 2784 consecutus,
1744 2721 1798 2776 in
1831 2721 2005 2778 caelos

352 2803 357 2808 ’
412 2811 752 2868 ascenditad
788 2827 914 2866 cum
968 2827 1078 2882 pro.
1121 2828 1237 2883 quo
1279 2812 1481 2874 multos
1513 2813 1792 2869 cruciatus
1838 2812 2006 2882 susti-

415 2901 563 2958 nuit.
607 2902 813 2958 Verum
852 2903 1001 2973 quod
1045 2906 1434 2962 admirabilius
1477 2906 1579 2961 rite
1626 2906 2027 2980 consideranti

413 2993 722 3063 videbitur,
749 2995 884 3049 illud
925 3005 1032 3062 est,
1073 2997 1222 3067 quod
1265 2996 1372 3052 nisi
1416 2997 1651 3053 Andreae
1677 3001 2002 3071 martyrium

418 3083 690 3143 divinitus
758 3089 1099 3146 deStinatum
1179 3089 1368 3146 divina
1432 3094 1606 3162 gratia
1668 3083 2005 3147 Christianis

2109 1892 2304 1947 magna
2341 1893 2439 1946 pro
2486 1879 2823 1949 imperatore
2858 1882 3078 1937 mortali
3125 1883 3454 1954 suscipiam.
3489 1887 3705 1957 gladius

2106 1968 2161 2025 in
2194 1969 2538 2026 Christianos
2566 1972 2916 2028 Christianus
2955 1977 3070 2045 ipse
3115 1985 3280 2031 natus
3326 1977 3704 2052 distringam?

2103 2072 2159 2120 et
2182 2063 2422 2134 denique
2449 2065 2502 2119 in
2539 2075 2771 2121 mortem
2809 2083 2992 2136 ruere,
3025 2083 3191 2138 quam
3216 2070 3535 2140 fugiendam
3567 2089 3701 2128 cen-

2105 2156 2216 2213 suit
2250 2157 2635 2229 philosophus,
2660 2167 2723 2214 ut
2751 2161 2805 2214 in
2837 2169 3104 2216 asternatn
3148 2177 3214 2217 ac
3245 2178 3432 2219 veram
3461 2175 3700 2222 mortem

2106 2248 2323 2305 deferat
2355 2251 2645 2321 praeceps?
2679 2250 2808 2308 llzec
2843 2254 2954 2308 ille.

2177 2342 2270 2398 lll.
2318 2341 2522 2401 Verum
2576 2344 2710 2400 dum
2766 2345 2883 2401 hzec
2940 2345 3424 2421 Constantinopoli
3477 2349 3738 2418 flerent,.

2105 2437 2363 2516 Andreas
2404 2440 2659 2497 febribus
2710 2440 2958 2513 graviter
3006 2441 3295 2497 laborabat
3331 2438 3698 2514 ctelibe'mqne

2106 2549 2168 2589 se
2208 2527 2498 2604 perpetuo
2552 2533 2674 2591 fore
2730 2534 2954 2606 Regina:
3011 2535 3414 2591 misericordia:
3487 2536 3696 2608 Virgini

2107 2623 2282 2692 vovit,
2313 2625 2359 2680 si
2403 2625 2684 2681 evaderet.
2728 2624 2952 2681 Sedatis
3000 2624 3156 2682 illico
3199 2626 3474 2695 febribus,
3531 2629 3700 2699 paulo

2107 2726 2235 2788 post
2263 2718 2429 2790 quasi
2451 2733 2520 2774 ex
2546 2727 2727 2775 morte
2759 2719 3034 2784 surrexit,
3053 2728 3112 2777 et
3139 2718 3289 2778 albis
3315 2736 3374 2777 se
3397 2723 3701 2780 vestimen-

2107 2810 2180 2868 tis
2228 2810 2451 2879 induit,
2499 2825 2559 2868 ut
2607 2812 2825 2871 scilicet
2866 2830 3152 2886 nunquam
3201 2815 3454 2871 oblivisci
3509 2825 3700 2887 posset

2107 2903 2440 2960 munditiem
2470 2906 2744 2976 corporis,
2771 2922 2936 2976 quam
2965 2906 3251 2962 Creatoris
3281 2907 3485 2962 obtulit
3517 2906 3697 2966 Matri.

2107 2995 2648 3069 Constantinopolim
2679 2997 2883 3072 deinde
2929 2979 3108 3070 petiit,
3156 3015 3264 3055 non
3296 3010 3357 3054 ut
3403 3010 3702 3062 mercator,

2111 3098 2208 3146 aut
2239 3105 2410 3159 vagus
2440 3090 2670 3171 quidam
2716 3107 3043 3164 magnarum
3075 3091 3301 3147 urbium
3337 3090 3698 3148 visendarum

415 3189 579 3248 Opem
624 3179 955 3252 tulissethct
985 3181 1203 3238 animos
1239 3195 1438 3238 eorum
1481 3182 1773 3247 ﬁrmasset,
1807 3198 2004 3251 magna
2035 3179 2081 3201 ⁵³
2109 3183 2449 3254 cupiditate;
2479 3199 2695 3240 summa
2728 3185 2879 3239 enim
2916 3185 2972 3240 in
3016 3184 3222 3258 juvene
3271 3183 3464 3250 viginti
3507 3195 3565 3240 et
3615 3199 3702 3239 se-

415 3268 473 3323 in
499 3285 596 3324 eos
625 3271 809 3326 clades
839 3286 906 3326 ac
929 3287 1179 3328 aerumna
1200 3273 1206 3279 ’
1227 3271 1432 3345 ingens
1469 3274 1539 3328 ab
1577 3273 1808 3328 inimico
1840 3287 2010 3344 gene-

417 3363 495 3417 ris
526 3362 780 3426 humani.
816 3367 1070 3436 procella:
1103 3368 1158 3421 in
1193 3382 1403 3423 morem
1435 3366 1850 3423 fuisseteﬂusa.
1877 3366 2008 3434 Qui-

416 3456 542 3512 dam
575 3458 721 3513 enim
746 3499 761 3522 ,
797 3476 960 3530 quem
996 3461 1228 3516 honoris
1273 3477 1437 3518 causa
1477 3479 1585 3516 non
1615 3462 1845 3516 nomino
1870 3463 2008 3529 ’,ἐι

417 3545 828 3617 Traieznntina
889 3563 1048 3609 ortus
1097 3554 1276 3618 urbe,
1337 3552 1828 3625 peripateticorum
1885 3551 2010 3624 phi-

418 3644 684 3714 losophiae
712 3643 1156 3713 professor,sive
1181 3662 1279 3702 sua
1304 3656 1525 3717 sponte,
1556 3657 1619 3702 ut
1644 3646 1799 3701 multi
1828 3646 2007 3711 aiunt,

418 3737 538 3792 sive
566 3736 856 3804 impulsus,
891 3739 1081 3793 nescio
1112 3781 1128 3806 ,
1171 3748 1275 3795 nec
1301 3778 1317 3804 ,
1347 3740 1393 3794 si
1427 3741 1623 3801 sciam,
1663 3739 1853 3794 dicere
1907 3755 2009 3792 au-

418 3830 556 3894 sim,
597 3845 819 3886 crucem
875 3831 1093 3887 Demini
1157 3832 1380 3904 negavit
1427 3841 1481 3887 et
1532 3831 1852 3887 blalrutueto
1906 3831 2008 3886 ad—

419 3922 600 3977 laesit.

495 4017 538 4073 ll
601 4017 785 4085 Quare
830 4016 1138 4074 Turcarum
1178 4034 1274 4075 rex
1309 4019 1529 4086 elatus,
1590 4019 1768 4075 virum
1816 4032 2011 4091 quem-

430 4114 581 4180 dam,
611 4113 772 4184 cujus
805 4128 1007 4170 nomen
1052 4130 1143 4169 me
1178 4114 1338 4197 l'ngit,
1370 4116 1666 4187 ipsumque
1691 4114 2010 4187 Trapezun-

423 4210 564 4266 lium
601 4208 816 4265 militia
847 4206 1248 4283 peritissimum
1282 4211 1335 4264 in
1391 4225 1674 4265 carcerem
1720 4214 2006 4281 conjecit:

425 4304 655 4375 dignum
683 4312 860 4366 ratus,
893 4312 949 4357 ut
985 4300 1375 4373 philosophum
1400 4305 1688 4359 concivem
1711 4321 1874 4360 suum
1915 4323 2009 4362 vo-

420 4396 547 4452 lens
607 4396 870 4452 nolensve
924 4394 1276 4462 imitaretur;
1359 4397 1622 4466 cupiebat
1682 4399 1832 4453 enim
1886 4401 2009 4472 ejus

2112 3285 2260 3348 ptem
2287 3291 2562 3332 annormn
2587 3277 2831 3350 gravitas
2850 3287 3019 3347 atque
3051 3278 3364 3332 constantia
3391 3275 3657 3332 illucebat
3684 3291 3699 3330 :

2112 3383 2241 3423 raro
2293 3367 2421 3439 quis
2475 3370 2641 3424 inane
2676 3369 2907 3424 verbum
2958 3369 3029 3424 ab
3063 3384 3158 3422 ore
3193 3367 3372 3438 ipsius
3425 3368 3703 3424 excidisse

2111 3461 2361 3525 audivit;
2390 3476 2420 3516 a
2445 3463 2574 3532 joco
2600 3463 2746 3517 enim
2781 3462 3002 3532 penitus
3036 3472 3158 3517 erat
3193 3462 3433 3516 alienus.
3465 3460 3579 3517 Cur
3612 3460 3705 3532 igi-

2113 3564 2205 3610 tur
2230 3556 2370 3610 ivit?
2401 3557 2446 3611 A
2492 3557 2667 3628 gratia
2704 3557 2823 3624 Dei,
2857 3567 2918 3611 ut
2958 3572 3061 3628 ego
3089 3556 3355 3621 arbitror,
3391 3555 3460 3610 ad
3492 3566 3704 3625 martyo

2113 3647 2259 3704 rium
2288 3649 2616 3714 vocabatur,
2648 3658 2708 3704 ut
2738 3649 2854 3718 ipse
2889 3648 2944 3704 in
2975 3648 3134 3705 caelis
3159 3648 3386 3705 Christo
3421 3664 3549 3704 cum
3577 3649 3703 3703 aliis

2115 3742 2456 3815 martyribus
2485 3742 2796 3804 assisteret,
2828 3751 2886 3797 et
2929 3741 3193 3796 omnibus
3241 3741 3574 3812 prodesset,
3609 3741 3701 3811 qui

2115 3832 2438 3907 ptiilosOphi
2471 3835 2588 3889 sive
2624 3832 2872 3902 levitate,
2921 3833 3040 3889 sive
3071 3843 3288 3889 terrore
3313 3831 3537 3888 fuerant
3570 3848 3704 3888 con-

2117 3927 2354 3984 turbati.
2391 3927 2591 3982 Statim
2617 3941 2742 3982 eum
2773 3926 2830 3981 in
2865 3927 3059 3982 urbem
3085 3925 3376 3998 applicuit,
3406 3937 3704 3983 accusatus

2111 4019 2240 4084 fuit,
2295 4019 2443 4090 quod
2477 4033 2604 4075 cum
2643 4017 2980 4074 Christianis
3011 4029 3448 4074 convcrsaretur
3470 4059 3486 4084 ,
3521 4018 3704 4074 eccle-

2112 4115 2337 4186 siasque
2370 4114 2607 4182 viseret,
2635 4115 2795 4186 quasi
2820 4113 3178 4170 Christianus
3213 4129 3433 4170 summa
3463 4128 3590 4167 cum
3628 4129 3705 4167 re-

2113 4210 2318 4282 ligione
2345 4224 2411 4265 ac
2439 4208 2738 4269 devotione
2766 4208 2959 4269 homo.
2983 4207 3077 4278 qui
3109 4221 3332 4261 crucem
3359 4205 3705 4261 Alexandriae

2111 4302 2378 4375 negavit,
2414 4301 2803 4369 conculcavit,
2842 4302 3024 4373 sputis
3075 4299 3308 4358 fmdavlt
3336 4338 3355 4366 ,
3389 4310 3445 4356 et
3479 4299 3704 4355 demum

2113 4400 2169 4453 in
2202 4407 2454 4454 stercora
2485 4397 2746 4469 projecit.
2778 4393 2923 4458 ,llaec
2959 4403 3300 4451 mercatores
3333 4394 3575 4465 Egyptii,
3605 4394 3703 4464 qui

421 4505 588 4562 opera
629 4489 708 4545 uti
743 4489 799 4544 in
847 4503 908 4543 re
945 4490 1194 4544 militari.
1248 4488 1500 4559 Cumque
1532 4490 1853 4566 Christiano
1899 4508 2006 4548 non
2038 4509 2080 4566 ς
2116 4503 2248 4547 tunc
2280 4492 2336 4546 in
2391 4491 2532 4547 urbe
2564 4491 2822 4556 aderant,
2858 4489 2927 4545 ad
2959 4490 3206 4562 judicent
3245 4487 3593 4550 detulerunt,
3623 4502 3708 4543 se-

423 4584 750 4648 conflderet,
795 4582 865 4638 ad
900 4581 1276 4636 Mahumetnm
1325 4584 1608 4639 intrudere
1635 4583 1914 4655 cupiebat.
1939 4587 2010 4642 At

426 4679 519 4735 ille
545 4678 736 4735 animo
769 4685 978 4751 martyr
1013 4694 1028 4734 :
1066 4676 1468 4748 Philosophus,
1499 4677 1743 4741 dicebat.
1781 4679 1837 4734 in
1868 4679 2008 4735 deli-

423 4773 523 4826 ciis
559 4769 864 4836 educatus,
901 4769 1112 4843 majore
1139 4786 1238 4842 spe
1271 4769 1515 4842 ipsarum
1545 4770 1756 4828 Christi
1786 4786 2010 4829 crucem

424 4864 682 4938 negavit;
737 4879 841 4935 ego
898 4874 1122 4930 autem,
1181 4864 1273 4934 qui
1327 4878 1429 4934 pro
1488 4865 1826 4932 imperatore
1887 4882 2057 4923 meo.

427 4958 647 5013 mortali
678 4967 759 5012 tot
805 4967 1100 5027 tantosque
1144 4957 1388 5022 labores,
1436 4941 1562 5013 cum
1595 4959 1818 5030 Scythis
1869 4960 2014 5017 bella

422 5049 621 5121 gerens
657 5049 778 5113 tuli,
830 5049 1178 5118 vulneraque
1229 5046 1422 5115 excepi
1455 5045 1660 5116 (dixit,
1711 5057 1769 5101 et
1820 5030 2013 5118 aperto

429 5152 673 5210 pectore,
709 5142 1004 5196 cicatrices
1033 5139 1384 5208 ostendebat)
1410 5155 1510 5210 pro
1544 5141 1880 5211 imperatore
1905 5156 2017 5195 cce-

425 5236 547 5290 lcsti
577 5246 809 5291 mortem
832 5234 1073 5289 timebo?
1101 5234 1258 5290 Absit
1281 5251 1311 5288 a
1333 5249 1420 5288 me
1448 5243 1598 5288 tanta
1628 5234 1863 5290 insania.
1884 5235 2017 5302 Quae

428 5347 584 5386 mens
614 5341 876 5399 praeterea
909 5337 1061 5382 esset
1083 5343 1227 5392 mea,
1259 5327 1345 5381 vel
1376 5326 1584 5397 potius,
1608 5341 1733 5396 quae
1754 5327 2011 5391 stultitia,

425 5426 711 5480 vcritatem
739 5422 952 5476 doloris
988 5421 1234 5492 fugiendi
1269 5435 1433 5474 causa
1469 5419 1728 5490 prodere,
1757 5434 1822 5473 ac
1850 5431 2014 5474 aster—

427 5536 496 5576 na
546 5516 904 5588 cmlcstiaque
962 5530 1130 5586 regna
1183 5511 1479 5584 repudiare
1510 5552 1525 5576 ,
1579 5511 2012 5583 Malmmetoqne

496 5710 516 5729 ’
560 5709 767 5763 Aliudit
813 5708 877 5761 ad
917 5710 1248 5776 Amyrutzen
1287 5703 1721 5772 Trapezuntium
1760 5705 2004 5773 philoso—

430 5780 597 5846 phum
626 5782 718 5849 qui
754 5797 819 5835 ex
845 5779 1164 5833 Christiano
1199 5781 1482 5849 Agarenus
1520 5779 1703 5831 factus
1733 5787 1842 5849 est:
1872 5776 2003 5844 Ejus

429 5846 741 5918 cpistoiam,
788 5851 850 5906 ad
893 5850 1278 5906 Bessariunem
1312 5847 1603 5912 directum,
1634 5863 1748 5916 qua
1796 5846 2006 5917 'l‘rapc-

2113 4601 2221 4656 que
2253 4585 2403 4656 ipsos
2455 4583 2662 4640 vidisse
2691 4598 2820 4638 eum
2866 4591 3161 4652 negantem
3185 4619 3203 4643 ,
3234 4578 3707 4648 conﬁtentemque

2114 4678 2263 4748 quod
2324 4677 2645 4733 Mahumeto
2717 4675 3074 4741 adlmreret,
3132 4672 3416 4731 audivisse
3479 4681 3740 4727 attesta--

2116 4772 2342 4828 bantur.
3478 4765 3483 4771 ’

2193 4862 2289 4918 ιγ.
2331 4862 2601 4917 Trahitur
2644 4865 2699 4916 in
2755 4859 3031 4931 judicium
3089 4855 3342 4912 Andreas
3404 4855 3657 4927 iniquum
3688 4896 3706 4920 ,

2116 4955 2585 5024 accusationeque
2622 4953 2853 5009 recitata
2881 4991 2897 5018 ,
2936 4963 3220 5018 nunquam
3254 4961 3320 5002 se
3347 4963 3380 5001 a
3411 4945 3576 5011 Chio,
3613 4945 3707 5000 ubi

2121 5057 2314 5110 natus,
2349 5047 2730 5115 educatusque
2760 5043 2887 5110 fuit,
2917 5042 3026 5097 nisi
3060 5052 3192 5096 tunc
3227 5043 3529 5096 recessisse
3561 5040 3710 5096 aftlr-

2124 5140 2330 5202 mabat,
2363 5139 2532 5208 idque
2579 5138 2769 5191 multis
2808 5135 3048 5190 testibus
3083 5134 3452 5205 approbabat,
3485 5133 3712 5190 univcr-

2117 5246 2346 5300 seruique
2377 5231 2500 5286 Chii
2540 5231 2822 5285 civitatem
2863 5228 2969 5282 huc
2994 5228 3173 5296 ipsum
3205 5228 3350 5282 scire
3377 5227 3582 5283 aiebat.
3616 5227 3712 5284 Juo

2117 5323 2222 5378 de:
2247 5323 2468 5392 iniquus
2486 5321 2584 5377 hac
2611 5324 2664 5375 in
2691 5339 2747 5375 re
2771 5336 2878 5375 non
2901 5335 3023 5374 esse
3039 5317 3347 5374 audiendos
3362 5318 3710 5376 Christianos

2121 5417 2403 5472 censebat.
2459 5415 2615 5469 'l‘nnc
2665 5414 3115 5471 Christianorum
3180 5411 3519 5478 multitudo,
3583 5428 3707 5483 qua:

2122 5513 2454 5570 circumfusa
2492 5511 2817 5581 stabat,jSi,
2855 5509 3039 5580 inquit
3070 5548 3084 5572 ,
3128 5505 3577 5562 Christianorum
3632 5518 3710 5562 te-

2111 5714 2334 5757 zuntcm
2367 5722 2394 5759 a
2435 5703 2635 5758 Turcis
2679 5709 3049 5773 expugnatam
3097 5699 3382 5765 describit,
3409 5696 3699 5754 edidimus

2113 5788 2304 5844 supra,
2337 5777 2443 5831 col.
2490 5776 2612 5830 723.
2657 5775 2812 5830 Εοιτ.
