4044 6154
432 363 538 427 885

1390 366 1855 431 MARTYRIUM
1900 370 1961 433 S.
2004 368 2332 433 ANDREJ!
2380 372 2483 432 DE
2520 372 2723 437 ClliO.

3581 358 3701 430 886

433 476 752 533 alimonium
808 480 861 535 in
915 466 1234 553 hujusmodi
1288 497 1454 539 causa
1498 483 1848 539 refutandum
1896 492 2005 548 est,
2037 488 2076 545 λ
2109 490 2181 544 sit
2213 492 2580 559 prchoncmla
2601 490 2627 544 τ
2660 490 2850 554 Erras,
2884 489 2988 559 ipsi
3016 486 3348 559 respondent
3377 503 3393 542 :
3425 500 3556 541 nam
3584 500 3697 541 nos

433 569 950 627 Mahumctistarum
996 590 1220 645 utroque
1271 576 1531 631 similiter
1580 593 1689 630 non
1736 577 2003 645 recipien-

2112 591 2165 636 et
2198 583 2263 636 ait
2305 584 2451 637 illam
2487 585 2585 638 tibi
2613 584 2757 638 viam
2782 582 3002 653 aperire
3028 583 3334 643 studemus.
3359 585 3416 635 et
3442 578 3586 633 hanc
3607 575 3697 631 in-

431 666 584 722 dum.
614 666 751 722 Nam
783 669 929 723 sicut
963 683 1066 724 nos
1097 669 1477 724 Christianum
1516 668 1655 723 falso
1689 680 2010 723 accusatum
2112 690 2281 745 super
2313 676 2408 729 tibi
2453 675 2678 731 felicem
2727 673 2960 731 reddere
3009 686 3299 730 conamur.
3323 671 3466 728 -Νοη
3512 671 3699 727 colim-

429 758 581 831 juste
607 760 974 828 defendimus,
1007 762 1091 819 sic
1141 761 1543 817 Mabumetista:
1598 763 2009 817 accusationem

434 868 663 908 suorum
699 869 881 908 veram
912 869 1033 908 esse
1075 853 1439 909 contendunt.
1471 852 1651 921 Quare
1679 855 2013 922 prtetermis-

430 945 509 1004 sis
560 945 792 1001 teStihus
821 988 837 1011 ,
894 962 986 1001 res
1020 948 1133 1017 ipsa
1183 948 1475 1017 quaerenda
1516 960 1617 1002 est.
1672 947 1792 1001 Non
1852 947 2049 1001 aliter-

435 1036 644 1103 igitur,
683 1052 849 1107 quam
889 1036 1060 1093 Judaei
1112 1037 1422 1093 secundum
1485 1037 1778 1115 Mosaicam
1834 1037 2013 1107 legem

331 1166 334 1169 η
432 1129 764 1186 circumcidi
814 1145 947 1186 suos
983 1130 1253 1200 prepheta
1300 1142 1484 1187 vester
1511 1130 1717 1202 jussit:
1753 1133 1924 1199 quare
1964 1127 2011 1184 si

434 1221 693 1292 genitalia
745 1221 913 1291 hujus
966 1220 1211 1277 membra
1269 1222 1438 1277 simili
1489 1229 1617 1277 nota
1669 1220 1795 1276 lmsa
1832 1226 2011 1281 sunt,

438 1324 613 1370 morte
654 1315 777 1389 jure
825 1315 1131 1384 plectetur;
1174 1313 1258 1369 sin
1312 1301 1563 1379 minime,
1616 1328 1740 1368 cum
1777 1312 1893 1384 ipsa
1952 1326 2015 1367 re

434 1419 603 1460 causa
643 1404 1051 1459 determinetur
1077 1419 1199 1471 sua,
1225 1413 1279 1461 et
1308 1404 1387 1459 nil
1422 1404 1802 1474 ambiguitatis
1832 1401 2017 1457 homi-

437 1513 566 1552 num
614 1496 821 1552 animis
868 1496 1198 1553 remanebit.
1249 1497 1533 1569 Spoliatur
1588 1498 1802 1553 interea
1853 1494 2016 1551 miles

435 1589 680 1657 (Zbristi,
714 1590 1005 1661 nudusque
1042 1606 1070 1645 a
1101 1598 1252 1646 tanta
1301 1590 1657 1647 multitudine
1702 1589 2011 1661 aspicitur:

436 1682 647 1737 nullum
693 1681 749 1737 in
782 1697 850 1736 eo
893 1681 1155 1738 iudicium
1182 1723 1197 1746 ,
1228 1684 1392 1744 nulla
1426 1681 1870 1738 circumeisionis
1901 1696 2017 1736 ma-

434 1775 582 1837 cula.
617 1774 831 1831 nullum
882 1774 1396 1831 Mahumetistarum
1427 1780 1657 1846 apparet
1689 1773 2011 1844 vestigium.

2116 781 2261 833 rem,
2297 764 2499 836 inquit,
2536 768 2748 823 caduca
2774 766 3017 829 aeternis,
3044 782 3155 821 non
3191 764 3446 822 felicibus
3468 762 3690 828 misera,

2114 876 2224 914 non
2261 862 2490 929 profana
2522 861 2721 917 beatis.
2749 861 2857 916 Sed
2889 860 3028 931 quid
3045 874 3184 929 opus
3210 867 3297 913 est
3323 855 3552 912 verbis?
3581 853 3699 924 Ego

2114 952 2436 1008 felicitatem
2474 954 2638 1025 hujus
2673 953 2865 1010 seculi
2900 952 3058 1008 nihili
3087 952 3231 1007 facio
3262 968 3275 1005 :
3310 966 3412 1021 ego
3440 964 3691 1010 crucem,

2113 1048 2450 1115 passionem,
2500 1048 2951 1117 sepulturamque
2993 1046 3197 1104 Christi
3247 1046 3353 1101 mei
3386 1030 3692 1111 nunquam,

2067 1189 2071 1192 .
2115 1138 2323 1193 auxilio
2355 1138 2506 1194 illius
2541 1135 2714 1194 fretus
2736 1181 2752 1203 ,
2783 1139 3015 1210 negabo.
3047 1136 3286 1193 Statuito
3317 1136 3371 1189 in
3418 1149 3503 1189 me
3532 1132 3694 1203 quiil-

437 1869 756 1924 Exclamaut
793 1885 859 1924 ex
887 1869 1077 1924 laetitia
1108 1868 1439 1931 Christiani.
1462 1866 1886 1926 confunduntur
1914 1864 2015 1918 ad-
2045 1849 2084 1903 Β

432 1963 666 2017 γει-επΞὶ
695 2004 710 2026 ,
740 1962 965 2018 ριςνίιειί
997 1961 1218 2031 penitus
1251 1969 1685 2032 prosternuntur
1711 1976 1726 2015 :
1756 1958 1864 2015 nisi
1891 1959 2012 2012 dia-

435 2058 615 2113 bolica
654 2064 775 2112 astu
817 2055 1031 2133 adjuti,
1095 2055 1485 2123 exposuissent
1553 2053 1724 2108 moris
1778 2066 1902 2107 esse
1954 2052 2013 2107 in

434 2149 693 2222 Aigypto,
732 2150 965 2204 minoris
1006 2149 1261 2204 homines
1306 2149 1489 2204 aetatis
1517 2147 1869 2212 circumcidi,
1897 2162 2017 2202 ma-

423 2239 592 2312 joris,
620 2240 666 2298 si
700 2239 766 2297 ad
798 2239 1174 2296 Mahumetum
1206 2241 1300 2297 Dei
1331 2241 1656 2311 prophetam
1685 2248 2015 2294 convertan-

426 2348 554 2399 tur,
587 2332 915 2390 circumcidi
951 2333 996 2388 si
1030 2335 1266 2389 volunt:
1300 2334 1345 2390 si
1382 2349 1516 2389 vero
1562 2335 1867 2388 abhorrent
1908 2332 2016 2389 cir-

436 2416 842 2482 cumcisionem
871 2465 887 2490 ,
929 2426 1084 2481 nullo
1140 2426 1262 2497 cogi
1303 2425 1467 2481 modo
1505 2440 1668 2497 posse
1694 2467 1708 2488 ,
1752 2426 2014 2495 quoniam

437 2518 643 2575 melius
676 2517 752 2575 sit
783 2517 989 2574 lucrari
1018 2518 1260 2575 animam
1290 2518 1537 2575 hominis
1559 2560 1575 2585 ,
1608 2533 1675 2575 ex
1707 2527 1824 2574 toto
1858 2518 2018 2576 nobis

438 2612 609 2670 corde
642 2610 1019 2669 adhaerentem
1053 2613 1109 2667 in
1144 2613 1363 2669 caeteris
1394 2612 1657 2669 omnibus
1689 2625 1890 2685 praeter
1906 2614 2019 2670 eir-

438 2703 863 2769 cumcisionem,
888 2717 1051 2773 quam
1078 2703 1330 2776 rejicere,
1352 2704 1612 2773 quoniam
1641 2705 2019 2765 circumcisio-

440 2814 571 2859 nem
616 2794 965 2863 reformidet.
1004 2794 1102 2851 His
1139 2796 1479 2858 rationibus.
1511 2797 1597 2851 vel
1645 2799 1820 2869 magis
1844 2842 1859 2865 ,
1889 2799 2018 2870 quia

442 2904 615 2956 scene
637 2890 857 2948 favebat
886 2906 1003 2947 sua:
1029 2930 1045 2954 ,
1088 2890 1360 2946 confusus
1398 2888 1589 2962 judex,
1647 2890 1855 2947 nullam
1888 2907 2020 2961 pro-

441 2983 709 3039 nuntiare
751 2982 1093 3040 sententiam
1126 2981 1269 3038 velle
1295 2981 1353 3037 in
1398 2996 1460 3035 re
1497 2990 1649 3049 tanta
1687 2982 1861 3048 dixit,
1911 2982 2019 3039 nisi

444 3091 633 3149 regem
664 3075 1052 3145 consuluerit;
1086 3075 1163 3130 ita
1208 3075 1354 3130 enim
1388 3074 1558 3130 moris
1586 3082 1675 3130 est
1727 3074 1785 3130 in
1838 3075 2024 3133 causis

441 3168 718 3243 ambiguis
743 3179 798 3224 et
819 3168 1031 3224 arduis.

516 3263 583 3339 V.
624 3264 833 3333 ltegem
869 3263 1076 3331 igitur,
1112 3261 1169 3317 in
1224 3276 1511 3319 carcerem
1563 3259 2021 3336 conjectomilite

442 3356 676 3423 Christi,
711 3356 1029 3411 consultum
1060 3354 1240 3411 adiit:
1273 3354 1365 3411 cui
1411 3354 1599 3410 omnia
1636 3370 1761 3410 cum
1800 3355 2029 3417 retulis-_

2050 3223 2095 3281 C

443 3460 554 3512 set,
594 3449 972 3517 interrogatus
1001 3447 1069 3503 de
1101 3455 1262 3503 aetate
1288 3448 1489 3519 ipsius,
1533 3447 1841 3519 habituque
1868 3447 2021 3503 omni
2056 3496 2065 3505 .

441 3541 699 3613 corporis
736 3539 1013 3597 :Juvenis
1038 3584 1055 3607 ,
1093 3540 1273 3610 inquit
1329 3541 1469 3612 ipse,
1522 3542 1707 3598 animo
1760 3541 2022 3607 invictus,

443 3642 615 3703 atque
647 3645 843 3701 magna
866 3638 1097 3697 statura,
1124 3629 1431 3701 grandibus
1460 3631 1676 3687 ossibus
1704 3644 1869 3704 atque
1896 3647 2025 3687 πει·-

442 3723 533 3778 vis
577 3722 942 3778 convallatus.
978 3722 1091 3777 liex
1127 3722 1267 3778 tales
1296 3722 1549 3779 homines
1581 3723 1788 3779 habere
1821 3724 1875 3777 in
1913 3723 2020 3778 mi-

443 3815 569 3873 litia
607 3813 798 3885 cupit:
824 3811 993 3879 Vade,
1028 3812 1228 3885 inquit,
1255 3823 1309 3869 et
1337 3814 1575 3883 primum
1606 3815 1683 3869 illi
1708 3858 1723 3881 ,
1755 3813 1800 3869 si
1831 3829 2022 3871 noster

449 3908 694 3963 voluerit
732 3922 878 3975 esse,
918 3907 1211 3971 oderimus
1256 3910 1706 3983 centurionatum
1748 3908 1802 3963 in
1828 3908 2023 3965 militia

450 4010 677 4067 nostra;
710 3998 933 4067 deinde,
961 4008 1123 4069 prout
1152 3999 1207 4055 in
1235 4000 1436 4059 virtute
1468 3999 1649 4072 ipsum
1676 3998 1860 4057 valere
1895 4015 2029 4056 con-

450 4093 805 4161 spexerimus
827 4135 843 4159 ,
880 4094 947 4149 ad
985 4095 1193 4166 majora
1220 4091 1798 4165 provehemus.‘Quod
1832 4094 1879 4150 si
1922 4094 2027 4151 be-

448 4186 669 4243 neﬁciis
716 4203 825 4241 non
867 4187 1333 4254 commovebitur,
1388 4187 1553 4244 minis
1600 4197 1767 4260 atque
1814 4198 2027 4244 terrore

450 4279 634 4350 ipsum
674 4280 1002 4349 concutias;
1042 4290 1099 4336 et
1143 4281 1189 4336 si
1225 4288 1425 4337 neutra
1462 4281 1671 4353 poteris
1721 4282 2024 4359 prrevalcrc

449 4375 563 4438 via,
591 4372 773 4442 capite
797 4372 1026 4443 plectas.
1053 4372 1243 4429 Altero
1260 4373 1430 4445 igitur
1450 4374 1563 4438 die,
1584 4374 1857 4444 producto
1882 4376 2024 4445 ipso,

449 4465 693 4537 primum
716 4465 862 4536 regis
888 4462 1329 4536 pollicitationes
1396 4475 1787 4537 proponuntur
1850 4466 2023 4521 mira-

2113 1232 2246 1300 quiii
2278 1232 2623 1299 malueritis;
2658 1247 2828 1288 unum
2862 1248 3014 1304 rogo,
3041 1246 3112 1287 ne
3143 1245 3230 1286 me
3250 1227 3438 1286 verbis
3458 1225 3694 1295 amplius

2116 1326 2363 1381 tentetis.

2189 1418 2279 1476 γι.
2323 1417 2421 1474 His
2447 1417 2633 1482 dictis,
2671 1418 2954 1489 conjectus
2985 1414 3131 1471 illico
3155 1415 3209 1468 in
3240 1426 3544 1477 carcerem,
3572 1410 3690 1463 vin-

2118 1512 2261 1567 culis
2290 1520 2596 1577 catenatus,
2630 1511 2867 1581 pedibus
2900 1519 3067 1580 atque
3111 1506 3370 1562 manibus
3415 1504 3691 1575 alligatus,

2115 1605 2182 1660 ad
2221 1604 2509 1663 meridiem
2542 1604 2831 1676 sequentis
2860 1602 3013 1669 diei,
3060 1607 3156 1673 qui
3189 1600 3293 1656 fuit
3329 1599 3401 1653 20
3434 1597 3580 1661 Maii,
3610 1597 3693 1668 ja-

2117 1697 2253 1751 cuit.
2285 1697 2417 1753 Post
2446 1696 2737 1752 meridiem
2772 1694 2958 1752 statim
2993 1692 3372 1764 protrahitur.
3405 1698 3462 1746 et
3487 1689 3541 1743 in
3572 1702 3699 1759 par-

2118 1803 2230 1843 tem
2264 1788 2421 1844 urbis
2471 1802 2596 1858 quae
2627 1787 2903 1842 orientem
2934 1795 3169 1856 spectat,
3194 1798 3366 1855 prope
3400 1798 3570 1847 mare,
3594 1779 3698 1834 du—

2117 1882 2288 1947 citur,
2314 1879 2407 1935 ubi
2440 1881 2506 1955 ad
2539 1880 2725 1948 palum
2759 1879 2943 1935 nudus
2973 1877 3256 1947 alligatus,
3284 1874 3513 1941 ﬂagellis
3534 1882 3698 1942 atque

2117 1970 2255 2029 loris
2308 1972 2581 2039 creditur,
2638 1971 2824 2027 acrius
2882 1986 3045 2041 quam
3104 1968 3215 2025 dici
3269 1965 3500 2039 possit:
3548 1965 3725 2035 prino.

2119 2062 2266 2133 cipio
2313 2062 2648 2134 ﬂagellorum
2680 2071 2736 2118 et
2765 2062 3062 2118 verberum
3109 2058 3510 2116 contremuisse
3560 2056 3701 2114 dicio

2120 2165 2232 2221 tur,
2265 2166 2323 2212 et
2350 2158 2608 2213 manibus
2639 2142 2708 2211 ad
2751 2166 2945 2227 peetus
2973 2154 3295 2216 contractis.
3331 2167 3395 2209 ae
3425 2150 3613 2223 digitis
3634 2148 3697 2205 in

2119 2264 2368 2320 pugnum
2396 2249 2751 2319 compressis,
2781 2264 2976 2319 magna
3001 2246 3341 2305 exclamasse
3367 2261 3507 2302 voce
3535 2263 3549 2300 :
3577 2243 3699 2299 γετ-

2120 2356 2188 2411 go
2218 2340 2410 2407 Maria,
2440 2341 2638 2413 adjuva
2676 2358 2782 2396 mc.
2821 2341 2955 2397 lude
2989 2340 3224 2413 pedibus
3263 2340 3443 2395 altero
3467 2339 3531 2392 ad
3564 2337 3701 2392 alte-
3732 2380 3733 2383 η

2124 2451 2244 2489 rum
2278 2435 2569 2501 adductis,
2620 2435 2775 2491 Stetit
2825 2442 3011 2489 rectus
3057 2433 3112 2489 in
3140 2419 3374 2488 “eisdem
3432 2429 3740 2502 vestigiis,,

2106 2526 2378 2582 mirabile
2411 2524 2559 2580 dictu
2594 2565 2609 2589 ,
2640 2539 2835 2596 usque
2876 2523 2947 2580 ad
2991 2524 3123 2580 solis
3160 2537 3443 2579 occasum.
3486 2521 3701 2576 interea

2123 2618 2254 2675 dum
2293 2618 2454 2674 miles
2478 2617 2692 2690 Christi
2727 2617 2814 2674 his
2851 2616 3193 2673 cruciatibus
3220 2622 3534 2680 exercetur,
3554 2613 3606 2682 Δ⁶Ι”
3612 2627 3701 2667 ra-

2123 2710 2419 2781 pezuntius
2446 2712 2557 2771 ille.
2595 2712 2664 2766 de
2696 2725 2808 2780 quo
2838 2724 3005 2781 supra
3037 2709 3222 2773 retuli,
3255 2724 3287 2765 e
3314 2707 3555 2764 fenestra
3587 2719 3704 2761 tur-
3737 2749 3749 2755 -

2125 2790 2244 2870 ris,
2283 2803 2338 2859 in
2382 2818 2489 2874 qua
2522 2803 2699 2859 fuerat
2730 2801 2999 2865 inclusus,
3032 2801 3353 2874 prominens
3377 2797 3651 2855 clamabat
3683 2813 3700 2851 :

2125 2896 2173 2955 0
2217 2898 2436 2954 felicem
2474 2896 2875 2961 Christianum,
2908 2910 2943 2952 ο
2974 2895 3190 2952 beatam
3226 2909 3351 2965 quas
3407 2902 3461 2948 te
3511 2893 3704 2964 genuit

2125 2991 2387 3057 insulam,
2411 3005 2445 3045 ο
2476 2990 2885 3046 nobilissimum
2910 2997 3077 3059 atque
3104 2987 3253 3043 omni
3283 2985 3447 3042 laude
3476 2985 3701 3056 ilignum

2126 3097 2325 3153 genus,
2361 3079 2509 3136 unde
2541 3088 2697 3136 ortus
2722 3094 2806 3136 es.
2834 3077 3056 3136 Utinam
3091 3077 3256 3133 isthic
3286 3092 3466 3133 essem
3496 3085 3700 3138 tecum.
3735 3132 3738 3134 ν

2132 3180 2195 3228 ut
2228 3173 2423 3229 eadem
2450 3182 2668 3243 paterer
2693 3187 2793 3243 pro
2818 3170 3071 3226 Christo!
3099 3168 3227 3229 Haec
3249 3168 3467 3240 aliaque
3494 3167 3702 3225 vocii'c-

2130 3267 2376 3329 rahatur,
2395 3266 2644 3338 martyrii
2672 3281 2960 3329 coronam,
2986 3271 3046 3319 ut
3065 3264 3330 3327 arbitror.
3355 3262 3701 3318 desiderans.

2128 3357 2431 3416 Carnifices
2460 3368 2667 3425 autem,
2702 3357 2918 3413 Andrea
2955 3356 3206 3423 reducto,
3244 3354 3433 3411 multis
3462 3355 3702 3425 pretiosa

2129 3452 2377 3509 membra
2409 3448 2657 3522 ﬂagellis,
2689 3450 2940 3521 lorisque
2965 3447 3111 3506 finde
3142 3446 3462 3513 dilacerata,
3488 3459 3704 3518 ungunt

2132 3544 2453 3616 unguentis,
2475 3543 2660 3599 cibum
2693 3559 2914 3614 quoque
2944 3552 3114 3615 atque
3141 3548 3333 3613 potum
3364 3539 3436 3595 ad
3469 3538 3706 3595 fulcien-

2130 3637 2254 3694 dam
2291 3637 2345 3692 in
2380 3651 2612 3706 corpore
2643 3636 2907 3703 animam,
2942 3636 3011 3691 de
3062 3635 3404 3691 medicorum
3447 3630 3704 3698 consilio,

2130 3745 2365 3800 quorum
2395 3729 2552 3785 multi
2603 3744 2667 3786 ac
2700 3727 3015 3800 peritissimi
3048 3728 3309 3794 aderant,
3346 3726 3699 3787 obtulerunt.
3734 3778 3738 3786 ,

2132 3838 2196 3878 ac
2223 3814 2442 3893 aquam,
2468 3822 2661 3894 inqua
2691 3837 2801 3878 non
2834 3838 3026 3893 parum
3053 3818 3299 3877 defaecati
3325 3818 3446 3876 auri
3477 3820 3700 3890 pondus
3738 3866 3743 3871 ,

2133 3914 2423 3980 bullierat,
2454 3918 2774 3974 conducunt
2818 3914 2889 3970 ad
2941 3913 3270 3969 bibendum.
3303 3910 3359 3967 id
3406 3910 3703 3975 faciebant,

2130 4024 2244 4082 quo
2271 4008 2489 4080 longior
2516 4010 2624 4064 'vita
2659 4006 2784 4077 ejus
2808 4005 3017 4077 aliquid
3050 4004 3118 4060 ad
3146 4004 3495 4076 negationem
3520 4001 3706 4058 crucis

2131 4099 2379 4164 aﬂ'erret,
2415 4099 2672 4165 simulet
2699 4096 3054 4153 ostenderent
3076 4139 3092 4164 ,
3124 4097 3319 4167 quanti
3350 4095 3522 4150 vitam
3552 4093 3705 4149 face-

2109 4201 2257 4268 rent
2286 4193 2407 4265 ejus
2438 4212 2454 4250 :
2490 4192 2631 4249 forte
2662 4191 2852 4259 etiam,
2904 4189 3163 4261 quoniam
3195 4202 3322 4245 cum
3366 4186 3705 4243 Christianis

2130 4285 2358 4345 enutriti
2389 4285 2525 4347 sint.
2566 4292 2631 4351 et
2645 4282 2895 4339 nonnulli
2928 4295 3120 4337 eorum
3148 4278 3447 4337 Christiani
3474 4278 3703 4346 fuerint.

2130 4375 2623 4451 Nec'ignorabant.
2647 4375 2924 4446 quomodo
2949 4383 3217 4444 martyres
3245 4369 3455 4428 Christi
3482 4370 3613 4425 olim
3647 4368 3704 4424 in

2130 4460 2665 4545 diencruciabantur,
2696 4480 2755 4525 et
2784 4468 2838 4524 in
2874 4474 3041 4523 nocte
3063 4464 3536 4522 eoiivalesoebant.
3555 4460 3708 4529 Qua-

448 4554 551 4611 bili
590 4570 718 4611 eum
750 4554 1182 4625 ampliﬁcatione
1214 4571 1230 4611 :
1261 4554 1437 4627 Caput
1484 4556 1675 4615 statim
1703 4556 1818 4613 eris
1845 4594 1863 4623 ,
1903 4554 2020 4611 Au-
2061 4587 2109 4647 υ
2131 4557 2217 4627 τε,
2254 4562 2513 4647 timentes
2540 4575 2613 4618 ne
2647 4560 2703 4617 id
2734 4558 3006 4617 divinitus
3030 4559 3301 4632 eveniret,
3333 4555 3705 4613 medicamen-

448 4649 606 4716 drea,
647 4655 870 4704 centum
904 4648 1140 4703 militum
1174 4683 1197 4714 ,
1246 4658 1305 4704 et
1348 4664 1380 4704 a
1418 4647 1765 4721 privatorum
1818 4657 2028 4708 tractus

448 4740 773 4797 conditione
798 4778 815 4804 ,
857 4754 984 4795 cum
1022 4740 1400 4811 principibus
1467 4740 1961 4799 connumeraberis
1986 4783 2021 4815 η.

450 4836 722 4907 facileque
783 4834 962 4892 virtus
1005 4843 1063 4892 et
1124 4834 1408 4907 diligentia
1455 4844 1545 4892 tua
1595 4837 1824 4893 extollet
1870 4848 1924 4894 te
1959 4838 2027 4895 ad

457 4928 688 5000 majora.
720 4922 925 5007 Verum
957 4941 1081 4982 cum
1118 4935 1326 4998 martyr
1352 4925 1577 4995 Christi,
1616 4930 1757 4987 uibil
1795 4945 2031 5001 respon-

449 5020 659 5083 dendo,
688 5028 1047 5075 contemnere
1078 5019 1263 5075 oblata
1314 5021 1621 5087 videretur,
1648 5023 1744 5091 qui
1786 5024 2029 5079 circum-

452 5113 564 5169 fusi
595 5122 757 5167 eraut
794 5111 1047 5167 veritatis
1094 5112 1324 5178 hostes,
1372 5112 1465 5167 alii
1520 5122 1812 5185 argentum
1863 5125 2031 5186 atque

452 5224 677 5271 aurum.
716 5207 809 5262 alii
836 5214 1040 5274 vestes,
1068 5206 1162 5261 alii
1190 5205 1591 5274 supellectilem
1624 5207 1831 5261 variam
1866 5209 2029 5278 polli-

453 5304 757 5367 cebautur;
785 5314 1026 5371 cumque
1052 5301 1105 5356 in
1137 5299 1361 5355 silentio
1397 5300 1581 5354 acrius
1611 5309 2027 5368 perseveraret:
2060 5368 2063 5369 ν

453 5394 624 5462 Quid,
658 5393 940 5463 inquiunt.
970 5408 1037 5448 ne
1066 5392 1255 5446 verbis
1298 5390 1524 5461 quidem
1561 5392 1672 5445 tuis
1699 5408 1800 5448 nos
1832 5393 2031 5463 dignos

455 5484 656 5551 putas?
686 5485 841 5556 Digni
876 5486 1141 5554 quidem,
1189 5483 1297 5548 ait,
1340 5498 1436 5537 vos
1468 5484 1603 5538 estis
1638 5484 1811 5539 multo
1860 5486 2031 5556 majo-

456 5577 654 5640 ribus,
689 5591 852 5646 quam
897 5590 999 5645 ego
1043 5575 1229 5628 dicere
1282 5584 1378 5628 aut
1407 5576 1721 5644 excogitare
1781 5592 2027 5646 queam:

458 5670 556 5724 sed
609 5684 741 5732 res,
797 5682 936 5737 quas
974 5666 1227 5731 olIertis,
1287 5666 1436 5721 nulla
1497 5647 1860 5735 responsione
1900 5680 2032 5726 sunt

458 5762 656 5825 dignae.
684 5758 827 5826 Quid
850 5758 998 5813 enim
1028 5760 1290 5813 caducam
1319 5757 1460 5814 hanc
1495 5759 1660 5813 vitam
1696 5768 1861 5829 atque
1885 5776 2033 5818 mor-

458 5856 624 5912 talem
663 5853 872 5926 putatis
905 5851 1091 5924 magni
1140 5852 1341 5922 aliquid
1400 5851 1627 5919 habere,
1679 5867 1789 5922 quo
1821 5856 2031 5912 uela-sti

2133 4650 2206 4719 tis
2235 4656 2359 4731 suis
2380 4644 2659 4733 occultare
2681 4655 2970 4711 veritatem
3014 4651 3331 4709 studebant.
3382 4694 3387 4699 .

2209 4745 2323 4802 νη.
2364 4746 2639 4817 Vicesima
2668 4746 2844 4816 prima
2873 4743 3122 4816 ejusdem
3155 4743 3362 4800 mensis
3389 4742 3484 4799 die
3508 4758 3708 4799 rursus

2131 4823 2483 4915 producitur,
2500 4837 2920 4909 denudatusque
2940 4834 3136 4893 ferreis
3150 4836 3429 4907 unguibus
3451 4843 3705 4906 tergora.

2133 4945 2259 5003 qua:
2277 4929 2455 5002 pridie
2490 4929 2611 5002 ejus
2627 4930 2740 4996 diei
2758 4928 2979 4985 fuerant
3000 4928 3294 4999 ﬂagellato,
3312 4930 3706 4995 dilacerantur,

2100 5026 2103 5029 ’
2133 5040 2237 5081 nec
2266 5024 2568 5095 quidquam
2611 5021 2760 5077 aliud
2820 5019 2951 5075 fecit
2984 5018 3234 5089 dixitque
3287 5019 3445 5075 miles
3477 5018 3707 5085 Christi,

2134 5131 2450 5188 quanquam
2474 5115 2627 5186 prius
2648 5112 2985 5169 contremuit
3005 5111 3062 5167 in
3089 5111 3380 5184 principio.
3402 5126 3708 5181 manusque

2132 5209 2201 5264 ad
2232 5224 2291 5265 se
2332 5206 2585 5271 adduxit,
2614 5205 2818 5275 digitos
2851 5204 2905 5258 in
2944 5217 3159 5275 pugnos
3207 5204 3503 5269 contraxit,
3542 5208 3709 5273 pedes

2134 5302 2192 5357 in
2246 5301 2440 5357 iisdem
2473 5297 2721 5368 vestigiis
2754 5297 2954 5359 tenuit,
3004 5312 3310 5367 magnaque
3346 5311 3477 5353 voce
3508 5299 3707 5353 clama-

2134 5393 2253 5449 vit:
2289 5391 2453 5459 Virgo
2480 5391 2666 5453 Maria.
2688 5390 2817 5460 juva
2850 5404 2957 5445 me.
2992 5388 3082 5444 Sic
3105 5388 3508 5460 Trapezuntius
3539 5393 3707 5445 etiam

2133 5487 2348 5553 eadem,
2386 5499 2509 5556 qua:
2544 5483 2723 5554 pridie
2754 5482 3169 5540 vociferabatur
3199 5522 3215 5549 ,
3245 5498 3275 5538 e
3330 5484 3469 5538 turri
3503 5482 3705 5537 iterum

2134 5589 2299 5649 atque
2321 5579 2518 5633 iterum
2552 5577 2853 5642 repetebat.
2880 5577 3219 5633 Advenientc
3250 5590 3429 5645 nocte,
3456 5594 3706 5647 unguen-

2138 5673 2207 5727 tis
2240 5672 2496 5737 illinitur,
2530 5662 2783 5725 similiter
2805 5678 2862 5725 et
2890 5670 3306 5725 medicamentis
3329 5681 3495 5740 atque
3520 5673 3703 5742 aquis.

2138 5767 2191 5821 in
2228 5764 2430 5836 quibus
2462 5780 2657 5835 magna
2687 5765 2862 5818 virtus
2887 5765 3004 5819 auri
3041 5763 3223 5818 fuerat
3249 5762 3455 5825 infusa,
3482 5770 3701 5819 susten-

2140 5871 2306 5925 tatur,
2334 5859 2487 5930 quasi
2523 5858 2746 5915 charum
2782 5857 2959 5914 crucis
2988 5857 3176 5913 hostes
3197 5855 3429 5912 salutem
3452 5857 3575 5928 ejus
3610 5856 3706 5913 ha-
