4044 6154
425 307 538 379 881

424 529 638 584 cautes,
670 518 913 589 Spiritus
940 519 1119 574 sancti
1144 519 1378 589 gratiam
1403 519 1458 573 in
1490 519 1833 576 medicorum
1866 519 2008 587 peri-

427 614 589 674 tiam.
621 612 847 683 cibique
882 628 948 669 ac
992 622 1155 682 potus
1183 613 1637 669 commoditatem
1664 613 2010 667 derivantes.

427 706 791 763 lllucescente
842 721 1083 777 namque
1125 705 1257 772 die,
1298 721 1469 761 sanus
1509 706 1739 760 omnino
1805 715 2014 775 martyr

427 800 635 859 Christi
668 802 924 872 apparuit
953 843 966 865 ,
1008 818 1132 871 qua:
1170 817 1259 856 res
1294 802 1713 859 medicamentis
1757 800 1873 856 lieri
1904 818 2015 857 non

432 907 615 968 potest
650 915 661 953 :
695 912 818 968 quae
847 912 970 951 cum
1009 896 1337 953 naturaliter
1364 906 1627 967 agerent,
1654 896 1903 967 longiore
1934 897 2019 951 in-

433 990 625 1060 digent
673 1002 964 1061 tempore,
1016 992 1579 1061 frequentatioueque
1624 992 2014 1054 conveniente,

435 1102 506 1139 ne
538 1084 749 1156 digesta
778 1086 833 1142 in
866 1084 1098 1140 dubium
1132 1084 1341 1151 aliquid
1381 1083 1671 1138 conferant
1712 1098 1726 1136 :
1761 1082 1909 1152 quod
1942 1094 2020 1137 ta-

436 1192 563 1232 men
627 1178 853 1234 minime
891 1175 1074 1235 facere
1107 1187 1362 1246 possunt,
1408 1176 1455 1237 si
1496 1179 1682 1232 denuo
1712 1192 1917 1247 corpus
1958 1192 2021 1232 ac

437 1270 647 1340 sapius
686 1270 1022 1335 exagitetur,
1050 1272 1167 1325 sive
1206 1269 1374 1325 etiam
1419 1269 1671 1325 atrocius
1711 1269 2019 1324 crucietur.

437 1360 571 1432 Qua:
601 1363 775 1420 virtus
805 1379 972 1434 opem
1014 1363 1217 1422 adcrre
1269 1370 1450 1435 potest
1501 1371 1699 1433 praeter
1744 1362 2024 1419 divinam?

436 1451 697 1511 Profecto
722 1455 897 1533 nulla.

518 1546 652 1604 illi.
699 1525 966 1607 Vicesima
1015 1522 1261 1611 secunda
1320 1549 1570 1620 ejusdem
1631 1548 1844 1611 mends
1911 1549 2027 1615 die,

440 1642 775 1714 producitur
813 1643 1076 1701 similiter
1119 1652 1241 1714 post
1276 1644 1562 1701 meridiem
1589 1686 1605 1708 ,
1640 1660 1705 1699 ac
1745 1661 1943 1701 manus
1969 1626 2029 1701 et

445 1736 617 1807 pedes
649 1736 732 1793 sic
764 1745 1122 1804 torquentur,
1162 1746 1226 1797 ut
1257 1754 1329 1793 ne
1352 1738 1655 1810 digitorum
1685 1741 1907 1808 quidem
1936 1755 2027 1795 ar-

447 1831 629 1895 ticuli,
674 1846 778 1888 nec
817 1831 1064 1899 cubitus,
1096 1847 1199 1888 nec
1237 1847 1417 1905 genua
1447 1832 1507 1889 in
1538 1833 1679 1891 lacis
1708 1835 1824 1891 suis
1854 1850 2031 1891 rema-
2066 1816 2104 1868 Β

445 1933 649 1981 uerent
673 1966 690 1991 ,
730 1924 827 1982 sed
865 1925 1007 1983 locis
1048 1925 1165 1982 suis
1202 1927 1391 1983 omnia
1428 1927 1701 1985 salirent:
1730 1927 1825 1999 qui
1874 1926 2032 1983 dolor

449 2018 721 2074 maximus
747 2019 997 2073 omnium
1024 2030 1130 2074 est.
1156 2018 1371 2075 Caetera
1399 2021 1657 2077 similiter
1682 2030 1831 2092 gesta
1857 2021 2034 2076 dicta-

448 2125 558 2181 que
584 2151 599 2176 ,
632 2127 743 2167 non
783 2113 853 2167 ab
882 2113 1009 2183 ipso
1040 2111 1217 2169 solum
1248 2154 1265 2180 ,
1304 2114 1397 2185 qui
1439 2120 1621 2172 tamen
1670 2114 1811 2171 nihil
1856 2115 2029 2182 aliud,

448 2204 558 2261 nisi
592 2206 800 2278 :Virgo
830 2207 1025 2274 Maria,
1049 2209 1181 2275 jura
1215 2224 1329 2271 nte,
1360 2208 1417 2265 in
1450 2208 1726 2280 principio
1757 2209 2028 2278 dolorum,

451 2297 620 2370 idque
657 2301 827 2356 semel
866 2300 1178 2368 clamabat;
1214 2317 1406 2358 rerum
1449 2303 1622 2357 etiam
1654 2319 1686 2359 a
1716 2302 2033 2373 Trapezun-

449 2394 531 2450 tio
560 2393 657 2450 illo
678 2437 694 2459 ,
730 2396 827 2466 qui
860 2396 1188 2467 martyrium
1218 2396 1300 2452 sic
1348 2399 1642 2467 expetebat
1671 2410 1687 2460 ,‘
1735 2410 1795 2453 ut
1826 2399 2031 2465 multis,

448 2488 621 2544 etiam
655 2488 1089 2555 Mahumetistis,
1116 2487 1480 2545 audientibus
1506 2490 1708 2561 saapius
1734 2501 2033 2560 repeteret,

450 2598 577 2654 quae
605 2581 753 2637 dicta
782 2582 1041 2651 superius
1089 2592 1242 2655 sunt.
1277 2582 1614 2639 Medicorum
1647 2600 1871 2656 quoque
1902 2586 2029 2641 dili-

452 2675 641 2745 gentia
669 2673 930 2729 similiter
956 2715 973 2742 ,
1020 2673 1133 2729 imo
1168 2675 1335 2730 etiam
1380 2674 1555 2743 major
1596 2674 1766 2732 fuisse
1806 2677 2033 2733 dicitur.

456 2769 731 2827 Vicesima
762 2769 925 2825 tertia
958 2768 1047 2824 die
1070 2768 1371 2824 incolumis
1405 2780 1681 2838 sanusque
1711 2785 1820 2825 non
1858 2770 2038 2826 medi-

452 2880 647 2921 corum
687 2877 843 2931 arte,
880 2864 976 2922 sed
1019 2867 1169 2923 illius
1198 2866 1358 2937 primi
1406 2868 1689 2941 martyris,
1728 2880 1786 2925 et
1818 2871 2035 2927 Domini

451 2960 704 3014 omnium
735 2960 863 3015 Jesu
900 2959 1109 3017 Christi
1144 2962 1450 3035 productus
1479 2962 1751 3026 Andreas,
1771 2979 1918 3019 novo
1946 2980 2039 3035 ge-

455 3070 588 3111 nere
627 3056 908 3112 cruciatus
962 3066 1194 3112 vexatur
1239 3073 1257 3113 :
1308 3054 1573 3113 humeros
1627 3057 1890 3115 carnibus
1940 3074 2038 3128 per

1628 303 1955 367 GEORGII
1995 305 2561 393 TRAPEZUNTJL

426 427 648 493 herent,
682 439 935 494 magnam
971 422 1041 480 iis
1069 423 1240 481 rebus
1271 424 1452 480 inesse
1500 425 1766 480 virtutem
1818 424 2013 495 prredi—
2038 423 2089 486 Α

3598 308 3707 373 883

2189 426 2280 485 lx.
2328 427 2603 486 Vicesima
2641 443 2785 484 nona
2835 425 3082 501 ejusdem
3140 427 3345 485 mensis
3377 428 3469 483 die
3500 471 3516 494 ,
3559 444 3701 485 anno

2118 521 2301 591 primo
2335 521 2698 592 pontiﬁcatus
2723 538 2877 593 papte
2913 522 3063 579 Pauli
3093 523 3324 579 secundi
3350 524 3549 579 ultimo
3575 538 3704 595 pro—

2117 614 2349 675 ducitur
2384 616 2635 672 Andreas
2669 616 2738 672 de
2769 616 2962 683 Chio,
2998 630 3205 689 martyr
3253 615 3462 674 Christi
3512 619 3704 689 praei..-

2117 723 2282 782 puus,
2314 710 2366 765 in
2392 709 2576 767 locum
2604 709 2828 786 solitum
2858 709 2922 763 ad
2946 709 3270 767 orientalem
3288 709 3445 767 urbis
3466 719 3701 781 partem,

2125 819 2301 874 prope
2326 820 2498 870 mare,
2525 819 2719 867 sanus,
2748 820 2934 866 ritas,
2954 805 3107 858 vultu
3137 803 3285 868 ιλιιιο,
3309 803 3513 860 decora
3541 804 3697 859 facie.

2120 897 2545 962 lilahumetistae,
2570 897 2653 952 his
2673 897 2837 954 rebus
2864 900 3022 961 moti,
3046 896 3574 953 medicamentorum
3595 898 3706 951 vir.

2124 1002 2241 1045 tute
2300 991 2382 1046 sic
2440 990 2647 1046 factum
2710 990 3078 1054 asserebant,
3140 1000 3195 1045 et
3245 989 3699 1060 ingratitudinem

2098 1086 2274 1146 ,illius
2302 1096 2634 1140 accusantes
2666 1105 2679 1140 :
2709 1085 2828 1140 Dion
2864 1084 3034 1147 vides,
3069 1085 3409 1149 clamabant,
3447 1084 3708 1138 Andr-ca!

2126 1177 2258 1233 Tua:
2289 1179 2417 1232 vita:
2453 1195 2587 1232 cura
2638 1177 2801 1233 nobi;
2856 1178 3046 1234 habita
3089 1186 3209 1240 est;
3245 1187 3437 1233 nostro
3495 1178 3705 1242 studio,

2128 1275 2239 1329 imo
2274 1272 2419 1343 regis
2451 1274 2662 1342 ipsius,
2699 1273 2996 1330 incolumis
3020 1289 3105 1335 es,
3139 1283 3196 1329 et
3232 1272 3437 1327 virtute
3468 1271 3710 1327 medica-

2128 1364 2469 1435 mentorum,
2502 1380 2558 1425 et
2605 1370 2908 1424 Mahumcti
2957 1369 3153 1440 gratia.
3185 1365 3281 1438 qui
3314 1378 3367 1423 te
3401 1366 3523 1422 vult
3574 1364 3708 1420 deli-

2129 1474 2378 1519 ramenta
2405 1463 2858 1520 Christianorum
2890 1462 2960 1518 de
2990 1477 3158 1517 cruce
3193 1477 3256 1517 ac
3288 1461 3547 1530 passione
3584 1460 3707 1516 Iesu

2131 1555 2461 1625 despicere:
2493 1571 2617 1626 quae
2662 1554 2929 1611 beneﬁcia
2984 1554 3245 1625 quoniam
3302 1553 3552 1625 ingratos
3606 1565 3708 1605 non

2132 1649 2328 1711 sentis.
2379 1660 2557 1705 morte
2590 1649 2868 1705 morieris.
2904 1646 3024 1704 Non
3072 1657 3157 1703 est
3191 1660 3378 1711 mors,
3428 1646 3509 1702 sic
3543 1660 3710 1709 mors,

2133 1744 2236 1802 ait.
2270 1742 2365 1799 sed
2400 1744 2531 1798 vita.
2562 1744 2746 1811 Quare
2786 1743 2957 1798 nolite
2992 1751 3186 1810 putare
3213 1781 3228 1805 ,
3265 1736 3350 1796 m'e
3395 1740 3583 1796 verbis
3625 1754 3716 1792 ve-

2136 1835 2267 1889 stris
2306 1835 2504 1891 terreri
2539 1851 2705 1905 posse
2740 1850 2881 1890 :nec
2928 1832 3330 1889 medicamenta
3370 1831 3714 1900 proluerunt,

2136 1931 2341 2001 quippe
2382 1947 2506 2000 qua:
2548 1930 2635 1985 vel
2684 1929 2739 1985 in
2776 1928 3025 1984 minimis
3060 1926 3404 1990 vulneribus
3453 1926 3541 1980 vis
3596 1934 3717 1995 post

2138 2027 2339 2078 multos
2372 2024 2491 2079 dies
2513 2022 2721 2094 aliquid
2747 2022 2949 2077 aﬂ‘erre
2984 2029 3236 2092 possunt.
3262 2020 3346 2075 Me
3368 2029 3556 2075 autem
3582 2034 3715 2075 crus

2138 2116 2355 2172 Domini
2414 2114 2588 2170 nostri
2639 2113 3017 2171 Jesu'Cbristi
3047 2156 3063 2177 ,
3114 2124 3174 2168 et
3221 2111 3383 2184 Virgo
3436 2111 3606 2171 Maria
3650 2112 3713 2165 ad

2138 2209 2287 2265 hunc
2316 2209 2461 2263 diem
2485 2206 2838 2264 conservavit
2863 2216 3029 2279 atque
3062 2204 3389 2262 reservavit.
3420 2202 3523 2258 ilic
3555 2203 3717 2260 dictis

2139 2302 2322 2358 securi
2376 2299 2938 2371 caput'supposuit,
2992 2307 3050 2353 et
3104 2300 3172 2352 ad
3231 2295 3496 2354 cuicui:
3551 2311 3715 2365 regna

2140 2396 2402 2451 evolavit.

2217 2490 2285 2546 Χ.
2331 2491 2488 2546 Tune
2524 2490 2722 2551 mortis
2756 2490 2878 2561 eius
2914 2487 3179 2553 ministri,
3216 2497 3283 2543 ut
3318 2487 3487 2557 iudex
3534 2486 3713 2558 jusse-

2142 2595 2247 2648 rat,
2281 2593 2443 2653 caput
2475 2593 2531 2639 et
2568 2593 2828 2639 truncum
2856 2596 3065 2651 corpus
3106 2581 3329 2636 trahere
3352 2581 3623 2636 velociter
3648 2579 3711 2633 ad

2144 2696 2295 2733 mare
2323 2688 2616 2734 conantur.
2650 2676 2972 2732 Exclamant
2993 2676 3316 2736 Christiani.
3339 2674 3435 2744 qui
3458 2673 3714 2745 laerymis

2139 2773 2333 2829 eﬂ'usis
2365 2770 2825 2835 circumstabant,
2853 2784 3091 2840 quorum
3136 2783 3331 2839 magna
3372 2778 3497 2824 erat
3533 2767 3717 2831 multi-

2141 2869 2319 2932 tudo,
2357 2866 2733 2938 sepeliendum
2784 2881 2910 2921 esse
2964 2872 3271 2928 mortuum,
3320 2880 3428 2919 non
3483 2863 3539 2918 in
3573 2879 3719 2919 mare
3781 2904 3785 2905 κ

2146 2963 2580 3035 projiciendum.
2636 2960 2751 3018 illis
2822 2959 3211 3015 resistentibus
3245 2998 3261 3025 ,
3318 2959 3524 3030 regiam
3568 2959 3722 3011 aiunt

2142 3058 2489 3128 maiestatem
2546 3070 2668 3112 eSSe
2729 3053 3173 3117 consulendum,
3236 3052 3535 3123 scpeliriue
3592 3052 3722 3107 velit

454 3148 668 3219 gladios
716 3150 1021 3213 denudant,
1068 3149 1357 3205 studentes
1389 3164 1613 3221 semper
1635 3193 1652 3219 ,
1700 3167 1767 3206 ne
1801 3153 2037 3206 celerior
2063 3167 2109 3229 ρ
2144 3150 2323 3219 ipsum
2352 3152 2463 3219 jam
2498 3158 2801 3211 mortuum,
2835 3162 2904 3201 an
2942 3146 2996 3200 in
3032 3161 3183 3200 mare
3214 3145 3451 3216 projiei?
3487 3144 3607 3200 Hoc
3627 3162 3721 3199 au-

454 3257 606 3297 niors
652 3243 835 3312 ipsum
879 3243 1187 3298 invaderet.
1248 3242 1558 3313 Sperabam
1604 3246 1773 3308 enim,
1832 3247 1874 3300 si
1926 3252 2035 3299 non

453 3334 759 3388 acerbitate
798 3348 863 3388 ac
898 3335 1286 3405 ninguitudiue
1325 3336 1603 3399 dolorum,
1644 3342 1883 3391 attamen
1917 3336 2040 3392 diu-

457 3425 725 3483 turnitate
756 3441 826 3482 se
883 3417 1170 3491 victuros,
1209 3428 1309 3482 sed
1361 3427 1541 3484 derisi
1575 3429 1804 3484 tandem
1840 3428 2041 3499 jacue-

452 3528 610 3573 runt.
660 3518 945 3574 Declinato
982 3519 1076 3575 die
1120 3519 1407 3576 reducitur
1432 3561 1450 3587 ,
1530 3520 1698 3578 sicuti
1737 3525 2040 3593 superiori-

454 3613 567 3667 bus
610 3612 845 3675 diebus,
887 3613 1056 3670 dictis
1083 3612 1363 3685 lactisque
1391 3654 1406 3680 ,
1447 3615 1869 3671 medicamentis
1903 3632 2043 3685 quo-

458 3718 571 3775 que
606 3718 719 3758 non
774 3704 938 3759 aliter
989 3719 1158 3775 quam
1220 3708 1374 3777 prius
1429 3706 1716 3762 adhibitis.
1760 3706 1856 3761 Die
1899 3709 2043 3761 vice-

457 3798 602 3853 sima
638 3807 834 3869 quarta
873 3799 1122 3871 ejusdem
1172 3801 1382 3857 mensis
1410 3842 1426 3867 ,
1465 3800 1663 3856 eodem
1703 3801 1869 3857 modo
1906 3801 2046 3856 ﬁunt

457 3892 674 3959 omnia,
699 3892 1008 3966 eodemque
1038 3892 1094 3948 in
1126 3893 1270 3962 loco,
1292 3908 1410 3966 quo
1448 3894 1505 3949 in
1531 3894 1621 3950 die
1649 3896 1843 3950 clunes
1867 3894 2046 3951 carni-

456 3989 572 4042 bus
589 3987 886 4041 novaculis
916 3988 1252 4057 spoliantur,
1274 4004 1387 4043 non
1412 3987 1745 4055 subito,'sed
1771 4004 1895 4046 cum
1927 4006 2045 4045 ine-

469 4096 530 4134 ra
552 4122 565 4142 .
605 4091 666 4135 ut
712 4079 925 4135 doloris
957 4081 1231 4138 acerbitas
1276 4081 1451 4153 magis
1481 4082 1807 4140 sentiretur.
1830 4081 2048 4138 Caetera

466 4174 655 4229 omnia
702 4174 963 4229 similiter
1005 4184 1149 4241 aeta,
1198 4183 1259 4229 ut
1304 4175 1364 4230 in
1414 4174 1798 4246 superioribus
1822 4177 2047 4241 diebus,

468 4267 731 4337 dictaque
764 4267 958 4321 eodem
993 4267 1159 4321 modo
1201 4266 1370 4321 etiam
1419 4283 1452 4322 a
1497 4266 1877 4337 Trapezuntio
1906 4284 2054 4324 mar~

472 4369 590 4431 tyre
619 4360 807 4415 animo
849 4369 1017 4430 atque
1063 4360 1368 4427 voluntate,
1403 4361 1496 4431 qui
1545 4360 1653 4416 illis
1681 4360 1901 4431 diebus,
1927 4364 2051 4435 qni-

472 4452 580 4507 bus
617 4450 867 4508 Andreas
902 4453 1221 4523 patiebatur
1244 4496 1261 4520 ,
1304 4453 1564 4509 similiter
1603 4470 1633 4511 e
1666 4455 1817 4511 turri
1857 4457 2051 4512 clami-

2144 3244 2310 3306 dito,
2356 3245 2472 3313 ipse
2504 3241 2672 3313 judex
2722 3240 2789 3295 ad
2833 3256 3016 3311 regem
3070 3238 3352 3309 procurrit
3403 3238 3530 3307 (nec
3574 3239 3719 3292 enini

2118 3335 2611 3404 licetjudicibus,
2654 3333 2879 3401 quando
2927 3346 3113 3402 regem
3143 3330 3551 3386 cumulandum
3603 3344 3720 3384 esse

2142 3429 2401 3491 audiunt,
2438 3428 2743 3499 quidquam
2780 3427 2968 3482 facere
3003 3426 3260 3490 ulterius,
3288 3424 3399 3480 nisi
3423 3426 3539 3495 regi
3576 3426 3721 3495 prius

2143 3522 2438 3593 veterani).
2492 3522 2601 3577 Sed
2646 3520 3101 3577 {Christianorum
3162 3534 3385 3591 quoque
3440 3522 3721 3590 primates,

2149 3634 2315 3692 quam
2356 3616 2622 3672 velociter
2652 3624 2931 3685 poterant,
2968 3628 3151 3685 regem
3185 3612 3401 3669 adeunt
3434 3613 3571 3682 :qui
3601 3627 3718 3667 cum

2148 3709 2521 3779 percepisset,
2549 3707 2752 3778 quibus
2777 3705 3117 3763 cruciatibus
3141 3748 3157 3772 ,
3190 3714 3246 3761 ct
3276 3704 3526 3779 quandiu
3559 3718 3722 3759 vexa-

2126 3810 2237 3856 tus
2279 3801 2385 3857 iuit
2420 3801 2688 3867 Andreas,
2716 3799 3045 3856 efferbuisse
3080 3799 3159 3853 ira
3194 3799 3419 3865 dicitur,
3452 3807 3509 3852 et
3539 3796 3719 3869 verbis

2151 3898 2205 3951 in
2239 3896 2481 3965 judicent
2515 3897 2594 3953 sic
2622 3894 2908 3950 atrocibus
2961 3906 3098 3949 usus
3125 3891 3298 3948 fuisse
3321 3933 3336 3953 .
3367 3902 3426 3947 ut
3457 3892 3722 3946 exanimis

2149 4006 2220 4045 ne
2264 3990 2496 4045 mntirct
2544 3988 2770 4059 quidem
2797 3986 2971 4058 judex
3006 3986 3250 4057 iniquus.
3286 3984 3396 4040 Sed
3440 4000 3503 4039 ea
3537 3984 3638 4049 ira,
3673 3994 3723 4039 et

2147 4080 2257 4135 illa:
2294 4080 2548 4153 ingentes
2576 4079 2738 4135 minae
2784 4080 2950 4153 simul
2981 4092 3107 4134 cum
3144 4076 3330 4133 verbis
3361 4077 3721 4132 evanuerunt.

2146 4168 2935 4244 Christiaulsdeindejubct,
2981 4184 3041 4229 ut
3088 4171 3365 4229 Andream
3405 4171 3723 4233 honoriﬁce,

2151 4271 2319 4327 sicuti
2347 4270 2510 4335 decet
2534 4270 2714 4325 virum
2758 4266 2982 4333 iurtem,
3010 4267 3306 4343 sepeliant.
3339 4267 3444 4334 Qui
3475 4259 3719 4338 apposito

2152 4367 2582 4439 capitecorpori
2612 4381 2736 4433 suo,
2788 4366 2856 4421 ad
2891 4365 3139 4423 Galatam
3173 4367 3560 4437 deportarunt.
3596 4362 3721 4417 sidc-

2157 4472 2241 4516 rat
2280 4470 2465 4515 autem
2499 4460 2796 4516 universus
2830 4446 3194 4529 utrarumque
3223 4457 3445 4513 urbium
3475 4500 3491 4524 ,
3535 4457 3725 4512 Galate:

474 4548 649 4608 tabat.
698 4546 805 4603 Die
838 4546 1100 4603 vicesima
1164 4548 1385 4618 quinta,
1446 4560 1630 4621 partes
1679 4550 1881 4623 pedum
1904 4601 1907 4604 .
1932 4568 2056 4624 quae
2085 4538 2131 4594 ί)
2161 4567 2325 4624 atque
2345 4552 2881 4622 Constantinopolis,
2912 4552 3171 4622 populus,
3201 4551 3304 4606 viri
3332 4550 3495 4605 simul
3522 4568 3587 4606 ac
3618 4564 3718 4604 uill-

474 4641 624 4703 iutcr
651 4656 833 4712 genua
865 4640 1170 4713 clunesque
1205 4652 1358 4709 sunt,
1390 4646 1655 4701 carnibus
1681 4646 1936 4702 similiter
1961 4647 2054 4703 de-

476 4736 805 4802 truduntur;
866 4744 1067 4792 caetera
1120 4735 1317 4793 eodem
1375 4739 1545 4794 modo
1597 4739 1745 4795 dicta
1790 4751 2061 4812 gestaque

474 4832 729 4885 fuerunt.
764 4828 1044 4886 Vicesima
1093 4838 1247 4887 sexta
1288 4831 1414 4899 die,
1452 4848 1638 4902 surae,
1674 4833 1735 4889 id
1773 4843 1897 4901 est,
1933 4849 2057 4889 rar-

477 4939 625 4980 nosae
679 4933 865 4995 partes
924 4924 1127 4993 pedum
1154 4948 1193 4993 ,ρ
1230 4940 1355 4996 qua:
1414 4936 1547 4981 sunt
1602 4926 1750 4981 intra
1790 4941 1966 4998 genua
2007 4936 2060 4982 et

480 5016 718 5087 poplites
752 5058 768 5081 ,
808 5015 1074 5073 simiilter
1111 5018 1378 5074 carnibus
1414 5017 1788 5074 denudantur.
1821 5017 2061 5075 Cretera-

480 5125 590 5181 que
621 5109 785 5173 facta,
818 5110 989 5174 dicta,
1014 5123 1307 5181 procurata
1340 5112 1599 5181 similiter
1630 5112 1877 5169 fuerunt.
1909 5113 2064 5170 Vice-

483 5204 620 5259 sima
645 5206 879 5277 septima
910 5207 1024 5271 die,
1048 5208 1247 5274 lentur,
1270 5223 1505 5279 quaeque
1531 5208 1679 5264 circa
1700 5208 1883 5278 ipsum
1908 5215 2058 5271 sunt,

483 5298 741 5368 corporis
770 5310 957 5369 partes
988 5299 1367 5355 emoriantur.
1410 5298 1680 5356 Vicesima
1717 5308 1912 5354 octava
1949 5299 2060 5366 die,

486 5403 661 5449 totum
690 5408 891 5464 corpus
916 5409 946 5448 a
975 5394 1156 5465 capite
1176 5395 1243 5450 ad
1265 5394 1783 5468 pedcsvcrberibus
1808 5393 2064 5459 creditur,

486 5498 547 5542 ut
579 5488 865 5545 doloribus
887 5489 1188 5555 renovatis,
1227 5491 1450 5546 tandem
1484 5500 1822 5547 moveretur.
1851 5490 2065 5546 Maxilla

486 5596 709 5650 cinoque
740 5598 849 5637 una
885 5597 997 5637 uno
1034 5582 1143 5638 ictu
1195 5581 1474 5637 denudata
1505 5599 1673 5639 carne
1704 5583 1807 5638 fuit
1832 5623 1848 5649 ,
1898 5598 2062 5653 quam

486 5674 790 5729 Christiani
834 5676 1116 5743 rapientes
1162 5684 1494 5741 servarunt,
1528 5676 1745 5746 fuitque
1792 5676 1844 5730 in
1879 5691 2067 5731 mona-

491 5766 665 5821 sterio
711 5766 856 5821 beati
892 5768 1165 5824 Francisci
1206 5768 1465 5825 inusitato
1498 5770 1744 5842 fragrans
1777 5771 1946 5825 odore
1983 5781 2067 5827 at—

492 5870 600 5935 que
634 5857 892 5914 mirabili.

2162 4647 2348 4711 lieres,
2401 4647 2559 4717 pueri
2609 4656 2775 4717 atque
2829 4648 3043 4714 puellm,
3101 4646 3261 4702 liberi
3310 4656 3363 4701 et
3417 4646 3583 4711 servi,
3636 4658 3724 4697 nec

2161 4739 2603 4795 Christianorum
2636 4741 2812 4794 solum
2841 4783 2853 4804 ,
2893 4756 3083 4794 verum
3114 4742 3281 4794 etiam
3321 4738 3725 4795 Malmmetistei—

2120 4862 2121 4865 η
2164 4847 2284 4886 rum
2324 4832 2483 4887 multi
2534 4832 2902 4886 admiratione
2939 4832 3221 4895 commoti,
3270 4845 3376 4885 non
3426 4835 3723 4902 pauciores,

2164 4940 2329 4995 quam
2361 4918 2551 4981 decies
2580 4922 2771 4980 decem
2814 4925 2983 4980 millia
3017 4924 3153 4994 :qui
3189 4938 3406 4987 omnes,
3440 4925 3531 4981 alii
3566 4926 3723 4992 tacry-

2166 5031 2410 5087 mantes,
2454 5019 2546 5075 atii
2581 5018 2774 5075 laudes
2802 5019 2922 5090 ejus
2959 5006 3437 5093 [medicantesget
3471 4999 3561 5073 alii
3602 5034 3724 5073 eou-

2166 5115 2420 5169 stantiam
2470 5130 2533 5169 ac
2578 5114 2751 5169 robur
2780 5113 2991 5179 animi,
3046 5112 3138 5167 alii
3177 5113 3525 5182 prudentiam
3576 5123 3727 5180 atque

2167 5208 2523 5287 gravitatem,
2573 5207 2667 5262 alii
2705 5217 3086 5289 contemptum
3116 5208 3489 5263 humanarum
3521 5222 3726 5269 rerum;

2167 5302 2325 5357 multi
2356 5300 2518 5359 ﬁdem
2556 5302 2609 5355 in
2639 5301 2826 5358 Jesum
2858 5301 3166 5364 Christum,
3194 5301 3248 5356 in
3273 5315 3495 5361 crucem
3531 5314 3585 5356 et
3616 5316 3727 5371 pas-

2169 5396 2647 5468 sionemejusaet
2700 5397 2756 5450 in
2805 5396 3213 5451 immaculatam
3245 5395 3528 5466 Virginem
3578 5393 3729 5449 devo-

2173 5491 2377 5544 tionem
2440 5498 2759 5544 narrantes.
2817 5489 3060 5543 Tandem
3141 5488 3195 5543 in
3269 5488 3475 5543 Galatas
3536 5496 3729 5557 partem

2169 5589 2474 5635 extremam
2525 5594 2724 5635 versus
2769 5590 2953 5635 ortum
2990 5580 3129 5634 mari
3161 5578 3475 5649 contiguam
3507 5577 3729 5633 devene-

2174 5685 2337 5736 runt,
2395 5673 2488 5727 ubi
2546 5682 2631 5729 est
2673 5673 2907 5729 ecclesia
2970 5672 3179 5744 Virgini
3221 5671 3408 5730 Maria:
3440 5712 3458 5741 ,
3515 5672 3559 5727 si
3597 5678 3729 5725 recte

2173 5765 2421 5843 tuemini,
2466 5766 2668 5831 dicata,
2705 5766 2778 5822 ibi
2812 5765 3099 5838 depositus
3124 5766 3313 5839 jacet.

2241 5859 2334 5915 X1.
2380 5858 2472 5915 llis
2502 5860 2575 5917 ita
2606 5860 2770 5933 gestit-
2796 5904 2821 5930 ,η
2846 5874 3040 5933 magna
3076 5877 3166 5917 rex
3198 5862 3415 5917 csarsit-
3446 5858 3726 5931 cupiditate
