4102 6144
396 227 496 293 891

1557 225 1918 289 ὈΕΟΠὈΙΙ
1960 229 2479 292 TRAPEZUNTII

3559 212 3667 291 sin

395 343 544 414 ‘quod
577 341 740 398 etiam
773 358 861 399 me
893 350 1122 399 tacente
1155 343 1275 415 ipsa
1306 357 1394 398 res
1425 342 1780 407 exclamaret,
1814 343 1976 397 nemi-
2009 347 2058 409 Α
2089 361 2330 412 unquam
2358 355 2517 399 mtate
2544 343 2830 399 hominum
2867 344 3056 416 major,
3086 339 3330 397 divinior
3360 349 3528 412 atque
3557 343 3667 396 ιιιῑ-

397 455 521 494 nrm
547 437 649 492 ﬁde
673 445 780 491 tam
813 447 1087 502 sanctum,
1116 437 1318 492 virtute
1347 447 1456 492 tam
1479 437 1799 508 probatum,
1825 446 1978 491 tanta

399 531 674 587 charitate
709 529 1016 594 ardentem,
1069 539 1218 586 tanta
1268 545 1365 599 spe
1400 529 1713 598 praeditum,
1750 527 1978 598 pontiﬁ-

398 639 517 682 cem
548 625 811 679 Ecclesiae
853 624 1225 693 gubernacula
1272 622 1535 677 tenuisse.
1573 623 1706 688 Quis
1731 621 1879 676 enim
1911 622 1979 674 ab

365 719 775 776 adolescentia
819 717 965 772 illico
1001 726 1149 770 tanta
1201 714 1327 775 fide.
1380 725 1490 770 tam
1539 715 1809 784 singulari
1847 729 1979 784 pru-

399 813 585 866 dentia
648 811 775 876 fuit,
827 817 887 864 ut
938 825 1066 864 cum
1118 809 1221 863 sibi
1274 807 1521 878 undique
1576 808 1812 879 majores
1868 807 1981 862 fere

401 921 535 978 opes
565 920 730 974 quam
786 903 1012 973 privatte
1062 900 1369 964 afﬂuercnt,
1423 901 1708 954 terrestria
1744 900 1860 954 haec
1895 907 1979 952 ta-

403 1014 530 1054 tuen
562 998 746 1051 omnia
777 1005 836 1051 et
873 996 1081 1049 caduca
1121 1009 1242 1048 esse
1290 993 1512 1062 penitus
1547 993 1893 1062 c0gnoverit,
1930 1000 1985 1045 et

370 1091 625 1160 cognita
660 1089 888 1142 omnino
935 1086 1293 1156 despexerit?
1322 1084 1456 1150 Quis
1507 1087 1560 1139 in
1597 1101 1660 1138 ea
1713 1093 1894 1146 aetate,
1927 1083 1983 1138 in

405 1200 514 1255 qua
548 1183 785 1238 maxime
821 1190 1018 1236 natura
1062 1179 1350 1234 hominum
1389 1178 1765 1248 voluptatibus
1797 1175 1985 1244 exagi-

407 1288 575 1343 tatur,
606 1285 716 1332 tant
743 1273 1007 1348 grandem
1048 1276 1337 1343 pecuniam
1367 1269 1720 1340 pauperibus.
1748 1268 1985 1322 Christi-

407 1386 517 1441 que
557 1369 761 1425 deditis
809 1365 1058 1438 erogavit
1088 1364 1370 1435 unquam?
1403 1360 1539 1430 Quis
1569 1370 1648 1415 tot
1694 1369 1988 1430 tantosque

363 1471 371 1477 '
406 1462 626 1516 labores
649 1459 851 1530 vigiliis
875 1468 931 1512 et
956 1458 1184 1528 jejuniis
1216 1470 1510 1526 perpessus
1541 1453 1668 1509 est?
1710 1452 1846 1519 Quis
1887 1453 1985 1506 de-

407 1559 574 1624 nique
621 1551 837 1608 diurnis
886 1548 1251 1611 orationibus,
1301 1545 1590 1600 nocturnis
1625 1543 1882 1613 lacrymis
1932 1553 1989 1598 et

406 1644 691 1702 continuis
722 1642 978 1715 precibus
1003 1641 1264 1696 Ecclesia:
1298 1639 1558 1692 unionem
1587 1647 1692 1690 tam
1726 1635 1987 1690 ardenter

2082 442 2186 496 iior
2216 458 2317 512 per
2337 456 2619 511 summum
2642 440 2896 511 quemvis
2927 438 3240 509 pontificem
3269 447 3363 490 aut
3394 444 3546 505 gesta
3574 435 3666 495 sit,

2083 535 2284 604 (placet
2309 535 2627 605 vaticinari)
2655 535 2707 589 in
2733 535 2980 588 futurum
3010 532 3122 604 geri
3151 529 3473 600 possit.t\'on
3497 530 3667 589 enim,

2079 628 2210 696 quia
2231 628 2549 683 Graicorum
2570 627 2674 683 hoc
2695 627 2937 682 schisma
2961 625 3304 680 nominatum
3328 631 3436 683 est,
3459 620 3672 675 idcirco

2081 719 2149 774 de
2181 719 2401 775 Graeciae
2435 721 2615 774 solum
2664 718 2990 775 reductione
3043 728 3261 784 agetur,
3318 729 3512 769 verum
3567 711 3671 766 sub

2081 811 2396 868 Grmcorum
2445 813 2690 873 nomine.
2727 815 2822 882 qui
2863 810 3318 880 excogitaverunt
3359 816 3416 862 et
3470 822 3669 876 perpe-

2085 914 2302 960 trarunt
2335 907 2649 962 schismatis
2693 905 3058 961 foedissimum
3087 903 3322 969 facinus,
3363 918 3470 955 non
3507 915 3669 970 parva

2087 999 2317 1068 Europa:
2341 1014 2485 1068 pars,
2508 1009 2564 1054 et
2596 999 2851 1053 universa
2873 997 3019 1061 Asia,
3052 1010 3213 1066 quant
3249 993 3423 1050 solam
3458 1001 3669 1058 partem

2087 1091 2264 1155 multi,
2293 1093 2385 1160 qui
2416 1093 2481 1146 de
2513 1092 2784 1146 divisione
2811 1091 2962 1146 orbis
2992 1092 3360 1160 scripserunt,
3395 1088 3598 1141 Africa:
3617 1093 3672 1140 ct

2087 1183 2320 1254 Europa:
2365 1181 2528 1237 simul
2560 1181 2825 1252 aqualem
2879 1188 3168 1248 asserunt,
3221 1179 3538 1235 Graecorum
3574 1192 3667 1230 er-

2087 1291 2245 1331 rores
2279 1285 2670 1346 susceperunt.
2709 1277 2899 1347 itaque
2937 1291 3064 1332 cum
3108 1287 3488 1344 saepenumero
3536 1271 3668 1326 mihi

2087 1367 2204 1424 iure
2238 1369 2503 1423 acciderit
2551 1368 2834 1438 cogitatio,
2885 1382 2954 1423 an
3013 1368 3068 1423 in
3123 1365 3367 1422 liomana
3428 1365 3670 1418 Ecclesia

2089 1461 2277 1528 plures
2305 1469 2499 1530 gentes
2533 1471 2700 1530 atque
2745 1459 3001 1516 homines
3040 1460 3174 1523 sint,
3206 1473 3273 1513 an
3306 1458 3500 1527 plures
3549 1471 3671 1525 quae

2088 1552 2293 1610 Gra:cis
2318 1554 2606 1608 erroribus
2630 1562 2884 1624 agantur,
2912 1553 3057 1608 idetu
3087 1565 3305 1621 semper
3328 1550 3468 1604 mihi
3494 1551 3670 1602 visum

2090 1655 2197 1706 est.
2241 1643 2368 1699 illos
2413 1645 2676 1700 videlicet
2722 1646 2908 1701 minus
2958 1647 3146 1715 plures
3191 1643 3363 1698 videri
3412 1656 3670 1707 numero,

404 1757 436 1795 a
471 1739 698 1794 Domino
733 1734 928 1808 petiit?
983 1733 1236 1789 Proiecto
1287 1745 1469 1785 nemo.
1504 1728 1640 1783 Nam
1681 1728 1783 1782 etsi
1836 1725 1988 1796 cogi-

2091 1739 2186 1794 sed
2227 1738 2314 1794 his
2341 1738 2593 1793 doctrina
2626 1748 2677 1792 et
2712 1738 2958 1793 moribus
2980 1738 3150 1792 multo
3185 1736 3525 1808 superiores,
3558 1734 3672 1791 imo

411 1832 647 1886 lationes
677 1824 1048 1882 Beatitudinis
1081 1814 1186 1877 tua:
1215 1823 1424 1886 nescio,
1455 1820 1624 1874 rebus
1662 1830 1842 1874 tamen
1879 1817 1988 1872 tuis

410 1923 698 1994 impulsus,
728 1919 1027 1992 praedicare
1066 1914 1414 1981 ausim,uihil
1448 1923 1501 1968 te
1539 1913 1712 1983 magis
1747 1926 1988 1981 unquam

401 2028 665 2087 'Optasse;
698 2013 838 2069 nihil
861 2013 1034 2083 magis
1062 2008 1274 2074 eil'usis,
1304 2018 1362 2062 ut
1397 2007 1622 2068 dicitur,
1652 2004 1906 2075 lacrymis
1935 2013 1990 2058 et

408 2111 669 2181 precibus
714 2124 744 2162 a
779 2106 1011 2162 Domino
1062 2103 1310 2174 petiisse,
1367 2117 1531 2172 quam
1570 2099 1828 2153 Ecclesia!
1878 2112 1990 2152 suae

412 2205 694 2266 unionem,
730 2209 785 2257 et
815 2198 1120 2254 infidelium
1153 2195 1602 2266 depressionem;
1653 2191 1856 2246 ctenim
1889 2205 1989 2259 0p-

411 2301 541 2351 t'rme
595 2297 710 2366 ipsa
749 2292 1085 2362 experientia
1150 2290 1407 2357 magistra
1465 2286 1602 2348 scio,
1670 2281 1991 2336 beatissime

408 2393 592 2454 Pater,
619 2396 746 2441 ante
786 2382 1171 2455 pontiﬁcatum
1207 2390 1358 2434 tuum
1393 2377 1477 2431 sic
1505 2375 1822 2429 Griecornm
1855 2387 1990 2444 gen-

409 2495 545 2548 tem,
573 2498 605 2537 a
647 2476 1204 2536 veritate'catholica
1261 2471 1645 2532 ahb0rruisse,
1704 2478 1764 2522 ut
1810 2466 1992 2520 omnis

410 2580 686 2634 haereseos
719 2573 1019 2628 Romanam
1070 2565 1373 2624 Ecclesiatn
1432 2564 1742 2635 principem
1774 2575 1994 2617 assere-

410 2680 555 2728 rent.
591 2669 673 2725 Ad
714 2666 862 2738 quod
901 2663 1114 2719 scilicet
1162 2657 1503 2716 credendum
1553 2657 1720 2712 astuti
1765 2656 1989 2726 quidam

412 2764 748 2834 malignique
767 2759 1020 2815 homines
1044 2757 1100 2811 in
1125 2754 1556 2826 indignationem
1594 2751 1679 2806 sui
1709 2761 1990 2816 meritam,

381 2856 729 2928 eloquentia
775 2854 882 2918 usi,
926 2851 1025 2921 qui
1079 2851 1137 2906 in
1187 2849 1493 2903 Romanam
1526 2845 1824 2900 Ecclesiam
1857 2842 1993 2896 scri-

413 2961 664 3027 pserunt,
697 2951 862 3005 rudes
893 2945 1333 3027 cavillationibus
1362 2943 1481 2998 suis
1523 2941 1756 3012 populos
1798 2939 1990 3008 impu-

412 3049 634 3112 lerunt;
665 3043 826 3110 cujus
873 3056 959 3096 me
992 3054 1216 3110 quoque
1245 3036 1528 3107 opinionis
1558 3034 1728 3089 fuisse
1760 3049 1870 3087 non
1907 3032 1991 3088 in-

414 3143 584 3196 ttcior.
616 3139 907 3208 Postquam
933 3149 1065 3189 vero
1098 3131 1429 3191 universalis
1455 3131 1699 3184 habenas
1729 3127 1987 3183 Ecclesia:

412 3233 689 3290 Sanctitas
714 3241 805 3284 tua
836 3227 1098 3284 divinitus
1125 3225 1390 3290 obtinuit,
1417 3225 1489 3278 ita
1514 3224 1813 3294 immutatre
1840 3219 1990 3276 Cra:-

413 3341 603 3382 corum
636 3322 885 3378 omnium
915 3322 1125 3374 mentes
1149 3327 1300 3380 sunt,
1329 3326 1389 3370 ut
1420 3315 1605 3370 nullus
1634 3316 1749 3368 fere
1775 3315 1868 3378 sit,
1892 3311 1986 3384 qui

411 3439 524 3478 non
579 3419 808 3472 moleste
860 3415 1002 3469 {erat
1051 3411 1201 3483 quod
1252 3404 1602 3464 tardiuscule’
1640 3407 1707 3460 ad
1757 3407 1987 3477 hujusce

414 3517 677 3571 unionem
737 3507 1120 3566 celebrandam
1187 3503 1485 3559 concilium
1540 3502 1659 3571 cogi
1711 3500 1986 3555 videatur.

412 3610 546 3681 ρυω
597 3619 685 3660 res
737 3617 861 3659 cum
915 3598 1162 3656 inaudita
1206 3595 1603 3667 magnitudine,
1641 3595 1990 3667 prodigiique

415 3706 588 3759 instar
619 3699 709 3763 sit,
760 3697 895 3752 nihil
931 3695 1078 3750 enim
1128 3692 1288 3747 video
1333 3690 1588 3743 humanae
1619 3687 1894 3758 opinionis
1919 3685 1988 3742 ad

413 3795 523 3852 hoc
553 3793 887 3849 inducantur
918 3786 1115 3849 Gratci,
1143 3785 1299 3840 nefas
1329 3785 1467 3840 mibi
1503 3784 1740 3849 videtur,
1785 3781 1829 3837 si
1865 3783 1989 3852 quis

412 3904 535 3946 eam
573 3887 696 3942 loco
748 3882 1000 3939 miraculi
1053 3896 1164 3937 non
1221 3880 1439 3936 habeat.
1467 3879 1647 3945 Quare
1693 3863 1802 3949 jam
1837 3888 1988 3931 certa

413 3989 636 4054 oportet
687 3977 792 4033 hoc
848 3977 1008 4044 signo
1065 3973 1381 4042 conjectura
1431 3970 1678 4033 credere,
1738 3978 1789 4022 te
1839 3967 1988 4020 illum

415 4090 560 4138 esse,
609 4088 720 4144 quo
749 4069 1006 4141 pentiﬁce
1035 4065 1221 4122 omnia
1257 4065 1502 4118 membra
1533 4060 1739 4117 Christi
1767 4059 1990 4116 Christo

417 4167 739 4226 reddantur.
775 4163 1170 4219 Prazdieantem
1196 4159 1363 4214 etiam
1403 4156 1751 4212 Franciscum
1787 4154 1992 4209 Barba-

417 4277 563 4325 rum,
593 4259 769 4315 virum
791 4269 1015 4327 genere,
1048 4252 1322 4320 doctrina,
1353 4250 1582 4314 virtute,
1609 4263 1716 4303 una
1743 4247 1988 4302 omnium

416 4352 576 4416 voce,
621 4349 949 4422 principem,
986 4347 1082 4416 qui
1128 4359 1193 4399 ex
1223 4353 1298 4408 te,
1345 4357 1472 4396 cum
1503 4341 1876 4408 dubitaretur,
1922 4354 1991 4395 ne

418 4451 648 4512 propter
674 4438 1084 4493 monnullorum
1112 4431 1524 4490 contentionem
1551 4431 1787 4485 schisma
1815 4435 1991 4487 orire-

419 4547 544 4605 tur,
567 4534 860 4593 Florentia:
892 4534 1035 4588 bane
1060 4543 1251 4584 vocem
1291 4527 1513 4584 audisse
1539 4528 1757 4594 asserit,
1788 4535 1844 4581 et
1872 4528 1994 4598 qui-

350 4686 356 4694 .
418 4635 542 4688 dem
591 4645 718 4688 cum
772 4627 1028 4698 lact-1min
1061 4643 1076 4679 :
1108 4623 1334 4680 Utinam
1387 4637 1474 4677 me
1506 4623 1689 4691 p0tius
1725 4621 1825 4675 hac
1884 4623 1993 4676 vita

418 4726 684 4784 Dominus
715 4721 974 4793 privaret,
1013 4733 1178 4790 quam
1215 4733 1301 4772 tne
1330 4716 1554 4770 vivente
1587 4730 1684 4769 sua
1712 4715 1995 4769 scindatur

421 4818 687 4875 Ecclesia.
734 4813 780 4869 0
825 4828 1017 4868 vocent
1050 4813 1215 4882 piam,
1248 4819 1304 4865 et
1352 4819 1403 4863 te
1438 4811 1553 4863 solo
1598 4808 1837 4877 dignam,
1887 4823 1996 4877 qua

416 4916 675 4972 eil‘cctum
709 4919 813 4972 est,
850 4916 908 4962 ut
936 4915 992 4960 et
1033 4916 1084 4960 te
1129 4906 1240 4959 vita
1285 4902 1432 4958 Deus
1481 4901 1788 4967 donaverit,
1832 4912 1888 4955 et
1927 4902 1996 4956 ab

417 5009 681 5070 Ecclesia,
714 5002 859 5074 quod
888 5015 1080 5054 omnes
1111 4999 1536 5068 pertimuerunt,
1560 4995 1799 5050 schisma
1816 5004 1998 5050 exter-

401 5106 742 5163 .miaaretur.
788 5096 985 5151 Verum
1032 5095 1168 5159 hac,
1202 5107 1303 5146 nec
1333 5089 1378 5144 si
1418 5090 1486 5144 de
1529 5089 1788 5144 laudibus
1815 5089 1996 5142 Beati-

417 5193 629 5254 tndinin
675 5202 783 5246 tua:
812 5189 996 5244 dicere
1047 5185 1182 5239 mihi
1227 5184 1573 5254 propositum
1617 5192 1783 5248 esset,
1831 5182 1993 5252 digna

417 5303 634 5364 possein
673 5283 926 5340 oratione
957 5277 1272 5348 complecti.
1319 5276 1414 5330 llis
1453 5274 1620 5344 igitur
1657 5273 1766 5326 tuis
1818 5273 1996 5342 preci-

420 5390 526 5441 bus
572 5390 754 5435 niotus
787 5373 1074 5437 Dominus,
1126 5371 1212 5424 his
1258 5369 1367 5422 tuis
1418 5367 1487 5421 ad
1541 5365 1712 5420 Deum
1762 5366 1997 5418 occultis

415 5481 755 5538 clamoribus
781 5471 1067 5531 delinitus,
1103 5476 1196 5520 tuo
1231 5465 1350 5518 zelo
1378 5464 1690 5534 mitigatus,
1727 5472 1835 5515 tua:
1867 5459 1996 5514 lidei

419 5575 620 5630 ardore
644 5577 699 5623 et
723 5564 992 5622 charitate
1011 5559 1303 5619 adductus,
1342 5556 1449 5609 tuis
1479 5554 1786 5619 laboribus,
1811 5553 1995 5623 lacry-

425 5670 550 5726 mis,
580 5660 875 5734 gemitibus
907 5653 1160 5714 innexus,
1185 5660 1389 5704 tantam
1425 5662 1538 5701 rem
1566 5655 1739 5715 parat,
1767 5658 1880 5702 tam
1913 5647 1996 5701 di-

430 5761 633 5822 vinam,
681 5761 789 5806 tam
819 5745 1264 5804 Christianorum
1301 5740 1449 5810 genti
1474 5740 1709 5811 .utilem,
1744 5741 1998 5797 utnulla

2091 1832 2194 1887 hos
2217 1847 2348 1886 vero
2379 1841 2440 1886 ut
2481 1845 2713 1885 numero
2743 1830 2955 1901 plures,
2989 1827 3063 1885 ita
3092 1828 3342 1884 doctrina
3377 1829 3487 1899 jam
3521 1826 3672 1881 omni

2091 1927 2311 1990 amissa,
2356 1934 2412 1980 et
2464 1925 2780 1981 infidelibus
2829 1933 2924 1979 aut
2958 1923 3263 1992 subjectos,
3316 1931 3412 1977 aut
3461 1921 3674 1975 vicinos

2093 2018 2346 2074 moribus
2394 2019 2624 2072 enectos
2677 2032 2819 2084 esse,
2877 2017 3001 2071 illos
3052 2025 3109 2070 ut
3152 2015 3463 2086 pauciores,
3517 2012 3587 2065 ita
3618 2021 3675 2064 et

2091 2111 2371 2166 doctiores
2409 2121 2466 2166 et
2523 2110 2874 2166 institutione
2923 2109 3146 2164 vivendi
3192 2111 3525 2167 ornatiores,
3576 2104 3673 2159 sed

2093 2203 2203 2264 isti,
2251 2215 2360 2256 non
2397 2201 2756 2258 dico"‘Graeci
2818 2209 3053 2272 tantum,
3083 2201 3178 2255 sed
3214 2214 3408 2254 omnes
3457 2208 3670 2268 gentes,

2092 2311 2214 2365 qua:
2234 2293 2550 2349 Graecorum
2599 2308 2820 2349 errores
2864 2305 3065 2349 secutae
3087 2302 3236 2357 sunt,
3261 2291 3447 2345 divino
3470 2290 3673 2361 judicio

2091 2389 2422 2459 deprehensi
2458 2387 2616 2442 multi
2653 2386 2941 2444 servitutis
2985 2387 3174 2460 jugutn
3208 2385 3526 2442 subierunt.
3581 2385 3673 2438 Sic

2093 2499 2288 2538 omnes
2339 2499 2478 2552 pene
2511 2491 2772 2538 auctores
2825 2482 3160 2546 schismatis,
3202 2482 3360 2536 multi
3394 2492 3456 2534 ut
3489 2478 3671 2544 Sci-vi,

2089 2577 2301 2641 Blachi,
2327 2575 2559 2634 Hiberes
2583 2577 3130 2644 innumerabilesque
3152 2575 3244 2630 alii
3274 2578 3361 2630 vix
3379 2577 3670 2638 resistunt,

2090 2675 2588 2743 succumbentque,
2651 2673 2757 2726 nisi
2819 2669 2870 2728 ei
2932 2671 3096 2744 capiti
3124 2673 3454 2742 junguntur,
3514 2670 3666 2724 unde

2091 2767 2324 2822 abscissi
2359 2774 2509 2820 sunt.
2535 2767 2606 2823 Ut
2635 2765 2784 2820 enim
2817 2780 2916 2837 ego
2935 2766 3169 2821 schisma
3200 2779 3391 2820 eorum
3417 2763 3671 2818 laborant

2091 2861 2487 2932 servitutisque
2517 2877 2629 2917 sua:
2681 2875 2901 2916 causam
2949 2871 3103 2930 puto,
3139 2860 3241 2925 sic,
3285 2859 3331 2913 si
3362 2859 3430 2913 ad
3472 2859 3674 2912 verita-
3709 2839 3713 2844 ’

2094 2966 2204 3012 tem
2256 2957 2463 3023 integre
2519 2954 2842 3025 sincereque
2877 2955 3159 3017 redibunt,
3209 2953 3530 3009 libertatem
3577 2966 3674 3008 eos

2093 3064 2493 3105 consecuturos
2531 3048 2756 3102 minimc
2785 3045 2991 3103 diﬂido.
3024 3047 3228 3102 Verum
3260 3047 3404 3102 sicut
3436 3055 3517 3101 tot
3556 3055 3675 3100 tau-

2095 3153 2287 3214 tasque
2320 3156 2530 3214 gentes,
2573 3151 2843 3213 quantum
2877 3156 2935 3197 se
2973 3141 3042 3196 ab
3083 3140 3378 3195 universali
3412 3138 3674 3195 Ecclesia:

2095 3251 2328 3306 corpore
2383 3236 2754 3300 resciderunt,
2807 3234 3042 3289 summis
3091 3233 3329 3288 cruciari
3379 3231 3671 3285 doloribus

2095 3327 2242 3380 Deus
2268 3327 2536 3395 permisit,
2568 3336 2630 3379 ut
2655 3325 2873 3380 tandem
2905 3323 3228 3379 commoniti
3257 3323 3314 3378 in
3341 3322 3483 3379 ovile
3505 3337 3668 3377 suum

2094 3419 2314 3489 regredi
2371 3419 2636 3488 c0gitent,
2695 3419 2773 3473 sic
2821 3417 3155 3473 crediderim
3191 3417 3449 3473 Romana:
3478 3417 3672 3470 Orbem

2096 3513 2354 3568 Ecclesiae
2411 3512 2611 3582 swpius
2663 3511 2951 3582 exagitari,
3011 3512 3139 3582 quia
3171 3525 3280 3565 non
3332 3525 3400 3566 eo
3449 3509 3669 3574 ardore,

2097 3621 2209 3676 quo
2268 3604 2597 3668 debuerant,
2675 3614 2927 3658 errantes
2987 3603 3187 3656 fratres
3242 3601 3671 3672 requisiverunt,

2095 3713 2280 3768 neque
2316 3697 2512 3752 imitati
2543 3697 2833 3752 Dominum
2887 3705 3036 3758 sunt,
3066 3697 3160 3766 qui
3193 3711 3366 3766 usque
3417 3695 3482 3749 ad
3518 3709 3672 3750 assu-

2071 3796 2351 3851 emcndatu
2388 3803 2631 3847 nostram
2663 3800 2927 3846 naturam
2954 3791 3249 3845 humanam
3280 3788 3585 3852 descendit,
3613 3798 3675 3844 ut

2097 3891 2351 3945 amissam
2388 3902 2546 3943 ovem
2577 3885 2716 3942 etelo
2754 3885 3094 3940 restitueret.
3127 3883 3274 3952 Quas
3305 3886 3376 3942 ob
3407 3899 3496 3939 res
3524 3883 3674 3940 Gne-

2098 3997 2286 4037 corum
2323 3986 2450 4036 unio
2487 3982 2655 4036 totius
2688 3977 2840 4034 orbis
2869 3976 2998 4032 unio
3034 3987 3140 4043 est,
3179 3977 3413 4046 Europa:
3458 3976 3675 4033 stabili-

2099 4083 2367 4138 mentum,
2401 4074 2544 4129 Asia!
2576 4073 2744 4137 salus,
2786 4065 3165 4127 Occidentalis
3188 4070 3445 4124 Ecclesia:
3476 4070 3673 4141 gloria,

2098 4165 2399 4222 Orientalis
2458 4163 2704 4228 libertas,
2767 4162 3017 4217 universi
3081 4160 3322 4234 denique
3372 4157 3674 4215 Christiani

2056 4324 2058 4326 τ
2097 4257 2318 4330 generis
2372 4257 2673 4328 reparatio.
2726 4255 2810 4312 Ad
2859 4255 2978 4310 hac
3027 4256 3071 4310 si
3119 4253 3301 4309 nullus
3347 4268 3457 4308 non
3493 4261 3675 4309 mente

2099 4359 2293 4422 captus
2336 4364 2538 4420 negare
2567 4359 2756 4420 queat,
2793 4347 2931 4403 nihil
2962 4350 3119 4420 pejus
3153 4346 3472 4402 Grecorum
3516 4361 3676 4401 aver-

2027 4466 2070 4521 ο
2101 4444 2257 4499 sione
2283 4458 2347 4498 ac
2373 4442 2680 4498 inﬁdelium
2713 4441 3001 4512 impietate
3031 4442 3266 4497 inveniri
3298 4455 3480 4510 posse,
3513 4453 3675 4494 nemo

2104 4536 2357 4608 proiecto
2381 4535 2682 4603 dubitabit,
2706 4534 2844 4590 nihil
2869 4533 3037 4589 fuisse
3070 4544 3166 4588 aut
3198 4534 3317 4588 fore
3345 4532 3677 4590 laudabilius

2098 4629 2508 4700 gloriosiusque
2553 4627 2770 4684 cuidam
2830 4643 3073 4696 unquam
3127 4641 3346 4682 summo
3405 4625 3673 4696 pontiﬁci,

2098 4738 2262 4793 quam
2297 4722 2627 4777 Beatitudmi
2655 4731 2783 4786 tuae,
2816 4721 2863 4775 si
2885 4720 3105 4775 Graecos
3139 4719 3391 4783 reducas,
3425 4718 3676 4774 inﬁdeles

2098 4815 2400 4884 opprimas,
2433 4829 2668 4882 quorum
2700 4813 2938 4883 primum
2985 4821 3136 4866 tanto
3181 4813 3358 4882 majus
3399 4822 3483 4866 est
3509 4820 3675 4880 atque

2099 4907 2366 4972 divinius,
2398 4915 2604 4975 quanto
2646 4907 2726 4961 sic
2756 4892 3072 4961 Graecorum
3111 4904 3407 4959 schismate
3439 4905 3676 4977 ampliu-

2099 5010 2220 5054 cata
2271 4999 2572 5053 inﬁdelitas
2613 5009 2722 5064 est,
2761 4999 2835 5054 ita
2863 5013 3053 5053 eorum
3112 4996 3432 5054 reductione
3462 4997 3677 5053 {acilius

2097 5094 2373 5149 concidet.
2435 5091 2546 5146 Nec
2609 5106 2761 5158 vero,
2822 5091 2951 5163 quia
3011 5091 3261 5162 ingentes
3318 5105 3408 5146 res
3461 5100 3688 5161 semper

2097 5186 2459 5254 consequitur
2500 5198 2695 5253 magna
2752 5181 3070 5247 dilﬁcuttas,
3129 5183 3260 5237 huic
3312 5197 3534 5253 quoque
3576 5186 3674 5238 ad-

2091 5277 2285 5347 juncta
2323 5285 2436 5340 est,
2488 5275 2600 5330 imo
2641 5290 2744 5344 pro
2776 5275 3154 5346 magnitudine
3193 5277 3272 5331 rei
3309 5277 3390 5331 vel
3417 5277 3564 5333 nulla
3596 5279 3676 5332 vel

2096 5385 2286 5440 parva,
2324 5385 2488 5439 quam
2548 5379 2730 5422 tamen
2768 5366 2900 5423 hinc
2948 5367 3146 5438 magis,
3180 5385 3344 5441 quam
3399 5384 3466 5424 ex
3523 5381 3678 5440 parte

2097 5463 2434 5525 Graecorum,
2477 5465 2782 5529 remotione
2812 5461 3059 5516 locorum
3089 5471 3146 5516 et
3175 5463 3436 5517 dilatione
3467 5473 3678 5535 tempo-

2099 5569 2265 5621 rum,
2337 5553 2476 5624 proh
2536 5553 2709 5606 dolor!
2771 5553 2998 5608 humani
3058 5555 3276 5624 generis
3333 5555 3681 5612 adversarius

2097 5645 2404 5700 adinvenit.
2437 5641 2638 5698 Verum
2667 5643 2987 5701 Sanctitatis
3009 5655 3115 5700 tuae
3135 5645 3345 5700 meritis
3372 5644 3543 5716 ipsam
3565 5648 3675 5702 cito

2101 5752 2263 5810 posse
2313 5739 2431 5794 tolli
2459 5735 2801 5794 credendum
2837 5748 2944 5798 est.
2977 5739 3231 5815 Natusic
3270 5738 3454 5796 divina
3487 5742 3676 5810 provi-
