4102 6144
405 235 517 301 εει

1153 240 1252 300 DE
1296 238 2168 302 UNlONE.ECCLESIMlUM
2224 239 2322 299 AD
2362 239 2787 302 EUGENIUM
2831 241 2937 303 IV.

3532 233 3681 304 .894

408 352 618 420 dentia,
659 369 782 424 qua:
813 353 1106 411 Sanetitati
1142 365 1250 412 tua:
1305 367 1510 412 tantam
1544 373 1660 414 rem
1691 356 1993 421 commisit,
2025 360 2067 418 Α
2103 355 2200 411 tibi
2227 357 2456 429 hujusce
2484 359 2562 414 rci
2596 359 2829 430 principi
2860 361 3104 430 reposita
3133 371 3239 416 est.
3270 360 3400 414 Nam
3431 359 3479 416 si
3507 359 3676 416 Atha-

406 447 666 504 effectum
695 459 803 516 est,
836 458 898 504 ut
921 453 1176 521 quamvis
1205 453 1391 508 multis
1409 454 1522 524 jam
1543 450 1760 508 saeculis
1789 451 1984 522 dejecti

408 543 480 599 ab
506 542 765 599 Ecclesia!
790 543 1192 617 grcmioGrzeci
1215 555 1557 610 errant,non
1586 545 1772 600 minus
1801 555 1989 600 tamen

402 651 476 693 eo
499 635 708 701 redire,
733 637 880 692 unde
905 635 1127 692 fuerant
1151 635 1408 704 digressi,
1440 635 1787 708 percupiam,
1822 649 1985 705 quam

409 747 510 786 eos
543 733 795 794 recipere
829 729 1056 786 Occidui
1106 731 1396 802 pontiﬁces
1448 730 1620 801 parati
1677 740 1841 796 sunt;
1877 744 1986 783 non

405 823 571 894 longe
599 821 848 894 profecto
869 823 1050 879 aberit
1076 825 1187 880 tuis
1211 824 1279 879 ad
1316 824 1607 880 Dominum
1632 822 1989 880 intercessio-

405 916 596 982 nibus,
626 924 681 971 et
708 916 976 987 quidquid
1011 915 1235 988 obstare
1266 916 1564 984 videbitur,
1603 926 1864 987 tanquam
1901 912 1987 970 fu-

410 1024 536 1065 mus
580 1020 908 1074 evanescet;
964 1009 1270 1081 praesertim
1317 1012 1363 1066 si
1398 1011 1530 1082 quid
1569 1009 1793 1083 pietatis
1829 1010 1991 1068 nobis

405 1100 660 1174 relictum
704 1108 814 1165 est,
862 1109 922 1156 et
952 1115 1063 1156 non
1100 1103 1322 1172 penitus
1374 1116 1570 1156 omnes
1598 1115 1663 1156 ea
1716 1101 1990 1170 pravitate

403 1190 672 1259 feramur,
708 1203 769 1247 ut
815 1193 1184 1252 redeuntibus
1217 1194 1275 1251 in
1307 1195 1605 1251 Ecclesium
1645 1193 1856 1251 Graecis
1897 1207 1988 1248 se-
2034 1215 2038 1218 ~

405 1285 542 1342 dulo
572 1299 683 1341 non
709 1295 1037 1342 occurratur
1060 1303 1090 1355 ;~
1116 1286 1190 1342 ita
1238 1287 1420 1343 omnis
1452 1287 1508 1341 in
1537 1285 1638 1341 hac
1671 1301 1731 1342 re
1759 1270 1990 1340 d‘illiculo

403 1387 488 1434 tas
517 1387 626 1446 est,
670 1390 731 1435 ut
765 1383 1132 1447 conveniant;
1167 1391 1368 1436 cetera
1412 1395 1517 1450 per
1559 1393 1620 1435 se
1665 1371 1785 1451 ipsa
1835 1380 1986 1446 lient,

403 1472 642 1528 maxime
669 1472 719 1526 si
747 1471 1142 1530 affectionibus
1184 1471 1650 1544 passionibusque
1693 1473 1808 1526 suis
1838 1488 1988 1528 com-

402 1565 566 1618 moda
611 1565 978 1623 adhibeantur
1021 1566 1289 1623 remedia.
1324 1566 1400 1620 Ex
1450 1568 1654 1638 quibus
1683 1567 1815 1623 licet
1844 1583 1985 1623 non-

401 1658 552 1712 nulla
589 1659 748 1725 mihi,
778 1660 871 1731 qui
901 1660 1190 1731 passiones
1221 1675 1350 1716 suas
1377 1660 1530 1727 novi,
1560 1670 1827 1731 quantum
1858 1660 1988 1716 huic

2097 451 2310 517 nasius,
2336 452 2382 506 si
2413 451 2713 524 Gregorius
2741 451 3150 514 Nazianzenus.
3179 454 3226 510 si
3257 453 3424 508 ambo
3465 453 3676 524 Cyrili,

2097 542 2273 597 saneti
2298 542 2399 597 viri
2432 556 2488 597 et
2512 542 2824 613 pontifices,
2850 559 2916 598 ac
2937 544 3145 613 ceteri,
3168 546 3263 616 qui
3292 561 3393 616 pro
3414 544 3678 609 Ecclesia:

2095 631 2297 688 unione
2337 633 2606 704 ingentes
2634 635 2855 692 labores
2903 636 3263 707 periculaque
3319 652 3512 708 aspera
3550 652 3673 708 per-

2094 725 2240 794 ρεςειί
2276 736 2427 790 sunt,
2478 741 2690 784 summe
2739 744 2851 785 non
2900 738 3111 785 tantum
3144 731 3201 786 in
3252 733 3415 786 terris
3472 731 3674 797 solum,

2092 816 2189 871 sed
2222 829 2279 873 et
2309 818 2362 872 in
2399 820 2554 875 caelis
2592 820 2912 884 laudantur,
2960 838 3124 893 quam
3177 833 3337 894 putas
3373 823 3678 880 Beatitudi—

2091 908 2148 965 ni
2183 918 2288 964 [0&2
2332 913 2615 982 paratam?
2645 924 2797 969 tanto
2843 915 3204 971 illustriorem
3265 916 3671 988 majoremque,

2091 1014 2302 1074 quanto
2327 1020 2438 1071 res,
2465 1022 2628 1076 quam
2658 1008 2924 1071 intendis,
2953 1018 3009 1064 et
3043 1009 3397 1066 multitudine
3427 1013 3673 1082 gentium

2091 1105 2148 1152 et
2179 1096 2543 1155 diuturnitate
2575 1101 2839 1173 temporis
2863 1103 3040 1172 major
3066 1112 3121 1157 et
3150 1103 3537 1160 admirabilior
3568 1114 3676 1161 est.

2107 1187 2189 1242 llli
2219 1190 2338 1244 suis
2368 1191 2707 1262 temporibus
2733 1192 3084 1264 incipientem
3113 1194 3363 1252 haeresim
3388 1183 3672 1266 oppresse;

2097 1292 2252 1346 runt,
2282 1293 2338 1336 tu
2369 1282 2815 1355 quingentisjam
2846 1287 3007 1343 annis
3033 1287 3316 1345 fundatam
3344 1290 3673 1348 eradicabis.

2093 1370 2177 1428 Illi
2230 1384 2531 1446 paucorum
2588 1377 2873 1434 hominum
2938 1379 3182 1451 iniquam
3237 1382 3674 1453 propositionem

2092 1468 2463 1524 disseminare
2492 1469 2636 1540 passi
2661 1486 2769 1527 non
2797 1482 2960 1540 sunt;
2996 1480 3050 1526 tu
3083 1472 3397 1530 Graecorum
3429 1476 3674 1535 oumium

2094 1563 2271 1616 varias
2293 1562 2581 1633 Opiniones
2599 1565 2791 1636 majori
2820 1565 2959 1635 parti
2983 1568 3135 1622 orbis
3148 1567 3358 1639 jamdiu
3387 1569 3619 1626 traditas
3645 1585 3678 1627 e

2092 1655 2275 1711 medio
2321 1657 2499 1712 tolles.
2534 1659 2615 1714 illi
2650 1659 2734 1712 vix
2774 1673 3014 1727 unquam
3061 1658 3343 1715 civitatem
3378 1676 3544 1716 unam
3593 1678 3678 1732 re-

405 1751 570 1806 modo
618 1763 969 1821 succurrant,
1024 1751 1251 1809 silentio
1311 1761 1496 1808 tamen
1527 1768 1591 1808 ea
1623 1752 1867 1808 retinere
1901 1753 1986 1807 in-
2017 1722 2060 1779 Β
2092 1748 2414 1819 duxerunt;
2482 1764 2537 1807 tu
2600 1749 2866 1822 magnam'
2912 1762 3124 1822 partem
3189 1753 3444 1824 Europ-1‘,
3501 1730 3676 1810 tutata

411 1845 590 1911 stitui,
637 1845 939 1916 praesertim
980 1847 1241 1918 quoniam
1265 1846 1448 1902 adhuc
1487 1846 1603 1918 ipsa
1644 1846 1986 1918 longiuscule

415 1941 640 2007 absunt,
693 1940 996 2010 praesertim
1045 1941 1306 2012 quoniam
1364 1942 1600 1996 maxime
1654 1939 1772 2011 ipsa
1820 1940 1986 1995 celari

417 2033 702 2090 conducit.
720 2033 800 2089 Tu
820 2048 974 2098 vero,
1004 2032 1328 2089 Beatissimo
1350 2031 1531 2098 Pater,
1555 2032 1649 2103 qui
1669 2047 1887 2104 semper
1904 2046 1988 2087 re-

411 2127 520 2184 bus
553 2125 806 2182 maximis
863 2126 1108 2180 animum
1165 2124 1493 2192 adhibuisti,
1547 2125 1678 2182 huic
1730 2128 1832 2190 rei,
1864 2140 1987 2196 qua:

395 2204 523 2275 non
557 2219 652 2274 uni
695 2218 905 2275 civitati
938 2226 995 2273 ct
1041 2219 1263 2289 populo,
1305 2233 1417 2273 non
1449 2219 1599 2287 genti
1647 2227 1741 2273 aut
1774 2217 1984 2288 regioni

404 2313 526 2380 uni,
558 2312 653 2368 sed
690 2313 790 2368 toti
817 2312 984 2367 simul
1016 2311 1138 2367 orbi
1169 2322 1441 2366 terrarum
1469 2309 1784 2365 libertatem
1819 2319 1986 2380 atque

403 2405 640 2462 salutem
677 2393 914 2461 allatura
943 2412 1051 2469 est,
1086 2403 1368 2470 incumbe,
1397 2411 1457 2459 ut
1486 2402 1725 2474 coepisti,
1763 2403 1986 2459 subeas-

371 2529 375 2533 ι
405 2515 517 2571 que
544 2515 891 2570 quacunque
922 2497 989 2552 ad
1025 2499 1132 2553 hoc
1159 2497 1501 2569 propositum
1531 2495 1675 2552 ferre
1705 2495 1981 2564 videntur,

406 2607 470 2650 ut
518 2592 854 2650 facis..Nou
890 2593 1073 2663 pigeat
1123 2600 1321 2648 cuncta
1374 2606 1715 2662 oppugnare,
1773 2605 1898 2661 quae
1932 2589 1982 2645 ei

372 2731 374 2733 .
405 2685 795 2752 adversantur,
819 2684 998 2741 donec
1030 2684 1204 2740 victor
1230 2681 1299 2738 de
1332 2681 1648 2738 adversario
1677 2681 1982 2739 Christiani
2012 2719 2015 2722 ν

401 2779 624 2852 generis
654 2778 983 2848 triumpbes.
1033 2776 1168 2833 Nam
1211 2777 1257 2833 si
1293 2786 1514 2848 propter
1551 2777 1982 2837 uniusconver-

381 2874 618 2930 .sionem
672 2873 913 2929 hominis
948 2871 1211 2942 gaudium
1268 2872 1324 2926 in
1357 2872 1500 2927 ccelo
1551 2870 1665 2938 ﬁat,
1724 2859 2014 2942 intelligis,

400 2967 650 3039 profecto
680 2974 762 3022 tot
793 2966 1073 3038 gentibus,
1122 2973 1202 3021 tot
1238 2964 1580 3030 nationibus,
1618 2964 1827 3036 regnis,
1877 2963 1982 3020 lin-

383 3061 524 3131 guis
557 3059 1288 3123 inveritatem-conversis,
1329 3070 1536 3130 quanta
1583 3058 1758 3129 gloria
1790 3058 1972 3114 exsul-
2007 3091 2052 3149 ο

364 3161 596 3218 -tabunt
635 3160 786 3228 coeli,
820 3169 880 3215 et
917 3167 1224 3216 te-auctore
1272 3157 1493 3214 Domini
1541 3156 1770 3226 gloriam
1820 3171 1984 3211 enar-

399 3260 620 3315 rabunt.
654 3256 775 3313 Non
825 3258 952 3313 dico
980 3255 1098 3312 haec
1157 3265 1218 3313 ut
1258 3255 1540 3318 exhorter,
1575 3267 1687 3324 quo
1741 3252 1984 3306 libenter

367 3367 549 3423 «agas,
596 3367 724 3424 qua
754 3348 1487 3419 libentissime-suscepisti;
1528 3361 1720 3401 verum
1765 3343 1982 3414 cupidi-

364 3456 566 3502 -tatem
605 3459 808 3504 meam.
845 3458 956 3514 qua
1007 3441 1194 3506 ardeo,
1235 3450 1296 3497 ut
1352 3455 1547 3497 omnes
1581 3440 1718 3495 mihi
1752 3452 1979 3510 genere,

399 3539 751 3611 cognatione,
802 3537 1065 3592 affinitate
1098 3537 1425 3608 coniunctos
1446 3533 1730 3604 recipiam,
1755 3548 1865 3588 non
1898 3532 1982 3585 iu-

398 3635 547 3688 vitus
576 3630 831 3689 ostendo.
862 3629 977 3686 Nec
1006 3630 1154 3686 enim
1193 3630 1333 3701 fugit
1362 3629 1770 3684 Beatitudinem
1805 3636 1978 3692 tuam,

397 3735 602 3797 quanta
655 3726 1060 3796 laus,'quanta
1108 3724 1306 3796 gloria,
1357 3737 1724 3794 quae-corona
1781 3730 1896 3775 tum
1948 3736 1979 3776 a

392 3817 656 3874 Creatore
686 3826 901 3874 nostro
956 3828 1184 3884 aeterno,
1223 3826 1336 3870 tum
1393 3815 1558 3872 etiam
1607 3818 1675 3872 ab
1732 3819 1977 3874 Ecclesia

394 3910 542 3983 ejus,
594 3915 653 3968 et
703 3911 984 3967 universa
1017 3909 1457 3965 Cluistianorum
1511 3919 1677 3980 gente
1719 3911 1980 3981 perennis

2097 1844 2303 1906 Asiam,
2337 1859 2531 1900 omnes
2577 1842 2826 1901 Orientis
2875 1842 3173 1912 Ecclesias,
3227 1857 3467 1917 quatuor
3519 1847 3676 1902 vidc-

2091 1935 2218 1990 licet
2250 1935 2375 1992 illas
2425 1945 2549 2006 post
2597 1937 2829 2008 primam
2871 1939 3099 2008 primas,
3153 1936 3374 1994 Christo
3404 1937 3534 1994 lesu
3571 1939 3674 1995 Du-

2089 2027 2243 2088 mino
2272 2039 2486 2096 nostro,
2521 2042 2578 2085 et
2622 2031 2720 2086 tibi
2767 2033 2888 2102 ejus
2949 2045 3080 2086 vero
3110 2031 3316 2087 vicario
3348 2034 3674 2105 conjunges,

2087 2118 2370 2191 faciesque
2425 2120 2568 2177 ovile
2622 2137 2792 2177 unum
2847 2132 2900 2176 et
2949 2136 3156 2194 corpus
3190 2139 3362 2179 unum
3395 2125 3673 2192 Ecclesiae,

2090 2211 2248 2281 cujus
2279 2227 2403 2265 cum
2437 2212 2732 2268 Beatitudo
2773 2222 2863 2269 tua
2908 2220 3032 2283 post
3074 2212 3356 2270 Christum
3384 2216 3454 2271 sit
3489 2225 3674 2288 caput,

2091 2305 2462 2362 membrorum
2516 2322 2746 2364 suorum
2808 2307 3149 2364 abscissione
3203 2306 3391 2364 dolere
3444 2323 3676 2367 necesse

2089 2408 2196 2454 est.
2232 2399 2404 2466 Quam
2445 2400 2512 2455 ad
2553 2415 2666 2455 rem
2730 2401 2938 2455 utinam
2973 2415 3076 2472 ego
3135 2417 3358 2472 quoque
3414 2403 3672 2461 conferre

2088 2490 2304 2562 aliquid
2363 2508 2619 2564 possem;
2675 2507 2800 2546 nam
2869 2502 3136 2564 quantum
3188 2496 3475 2552 erroribus
3519 2511 3674 2554 meo-

2065 2571 2071 2634 Ῐ
2091 2605 2213 2644 rum
2240 2603 2483 2653 movear,
2518 2589 2605 2642 vel
2637 2602 2701 2641 ex
2732 2585 2856 2652 hoc,
2889 2588 3035 2657 quod
3067 2587 3194 2653 feci,
3230 2589 3326 2660 qui
3354 2605 3450 2647 eas
3489 2601 3676 2661 partes

2087 2684 2252 2739 simul
2309 2699 2430 2738 cum
2473 2681 2735 2754 Opinione
2767 2697 3019 2737 meorum
3061 2683 3283 2754 reliqui,
3331 2700 3512 2757 neque
3543 2687 3676 2745 illuc

2086 2786 2364 2842 revertar,
2396 2775 2502 2830 nisi
2551 2784 2648 2830 aut
2680 2775 3021 2846 compulsus,
3059 2785 3154 2831 aut
3199 2778 3351 2834 unita
3403 2777 3675 2848 Ecclesia,

2087 2871 2172 2925 vel
2203 2887 2271 2924 ex
2301 2869 2388 2924 bis
2418 2885 2540 2940 qua:
2569 2868 2637 2923 ad
2668 2881 2996 2926 accusantes
3025 2881 3283 2940 parentes
3308 2878 3474 2943 atque
3506 2888 3678 2943 agna.

2087 2971 2173 3019 tos
2222 2961 2552 3033 conscripsi,
2603 2963 2955 3033 apertissime
2998 2972 3169 3034 patet.
3208 2965 3407 3032 Quare,
3445 2965 3489 3022 si
3539 2966 3674 3038 quid

2085 3053 2310 3109 Graecus
2353 3053 2422 3107 ad
2458 3053 2773 3108 Graecorum
2816 3068 2929 3107 rem
2979 3055 3288 3109 conducere
3313 3067 3563 3124 possum,
3591 3064 3677 3108 to-

2093 3155 2208 3199 tum
2236 3146 2310 3213 id,
2348 3159 2529 3215 neque
2559 3143 2738 3216 ipsum
2767 3145 3105 3200 Beatitudini
3153 3155 3261 3201 ture
3291 3145 3488 3201 devote
3508 3156 3676 3218 atque

2087 3238 2371 3294 humiliter
2397 3239 2588 3293 ollero.
2627 3236 2734 3292 Sed
2767 3253 2837 3292 ne
2866 3237 3083 3310 longior
3116 3237 3247 3301 sim,
3281 3238 3428 3308 quod
3454 3249 3586 3310 opto
3618 3250 3688 3301 et,

2057 3358 2060 3362 λ
2086 3348 2273 3404 spero,
2305 3332 2641 3388 universalis
2665 3331 2925 3388 Ecclesiae
2945 3348 3138 3398 pacem
3168 3332 3313 3389 Deus
3331 3333 3687 3390 Christiano-‘

2058 3441 2207 3479 .rum
2239 3426 2426 3496 generi
2456 3439 2556 3496 per
2591 3423 2951 3482 Sauctitatem
2993 3433 3142 3481 tuam
3173 3425 3341 3482 citius
3383 3427 3674 3487 concedat.

2084 3523 2279 3576 Amen.

2135 3657 2137 3659 .
2161 3613 2412 3684 Georgius
2439 3613 2482 3668 Τ
2483 3616 2845 3686 rapezunliua,
2870 3613 3232 3669 devotissimus
3260 3631 3323 3670 ac
3343 3615 3675 3672 humillimus

2086 3705 2397 3763 Sanctitatis
2449 3715 2554 3762 tua:
2589 3707 2846 3777 lautulus,
2896 3714 3062 3761 totum
3091 3721 3148 3760 ae
3178 3706 3283 3778 ipsi
3333 3707 3671 3778 commendat

2060 3820 2150 3857 -ac
2171 3801 2335 3858 tradit
2365 3801 2468 3878 (l).

471 4110 1014 4187 (l)__'l‘rapozuminm
1051 4123 1106 4168 et
1138 4113 1281 4169 hanc
1325 4115 1500 4187 ipsius
1531 4116 1838 4176 orationem
1871 4130 1970 4173 seu
2009 4112 2299 4186 epistolam
2334 4109 2745 4171 commendavit
2811 4111 3092 4169 Ludovico
3127 4111 3427 4184 Scarampo
3489 4108 3674 4169 cardi-

395 4183 506 4240 nali
530 4183 782 4242 Frattcist
798 4203 860 4240 us
894 4187 1163 4241 Barbarus
1205 4183 1363 4246 anno
1394 4188 1555 4244 M55.
