4044 6154
367 266 489 332 925

1393 278 1494 340 DE
1534 280 2096 344 SCRIPTORIBUS
2133 285 2318 346 (ΖΜΔ
2335 289 2426 348 BR
2443 289 2526 349 lS.

3519 299 3629 363 926

371 395 845 456 patreaccepcrat
871 388 1184 446 conditione
1210 393 1447 461 reliquit.
1478 396 1586 451 tiae
1613 411 1742 451 vero
1765 397 1961 452 defun-
1989 405 2033 459 Α
2063 418 2171 464 non
2229 407 2346 461 sine
2383 407 2596 462 Archim
2626 448 2638 473 ,
2682 411 2776 480 qui
2831 421 2959 470 tunc
2999 415 3298 488 Syracusas
3334 421 3638 490 condebat,

372 484 461 531 cta
517 478 644 533 libri
682 478 749 532 ad
809 479 1112 538 Phitolauin
1162 482 1582 554 Pythagoricum
1635 504 1957 556 pervenere.

451 570 506 624 3.
539 570 807 626 Zamotan's
841 572 1067 645 Scytha,
1100 574 1418 648 Pythagora:
1458 595 1673 638 servus.
1706 582 1954 659 philoso-

346 659 525 733 phus
556 665 826 719 iunximus
859 668 979 722 fuit.
1013 670 1259 724 Adhunc
1284 673 1534 741 aliosque
1567 668 1959 742 Pythagorihos

378 754 646 813 videndos
700 756 1030 815 Anacharsis
1082 761 1280 832 Scytha
1331 764 1697 835 philosophus
1737 766 1807 822 ab
1846 765 1956 838 Hy-

378 847 659 917 perbmeis
691 849 916 921 Scythis
947 855 1000 908 in
1028 855 1335 910 Calabriam
1378 857 1526 912 venit
1555 869 1801 928 tempore
1819 858 1970 933 Phao‘

373 938 594 1004 laridis,
618 942 772 1012 cujus
793 944 1050 1013 Epistohe
1081 946 1260 1002 adhuc
1294 957 1532 1002 exstant.
1560 946 1713 1002 Hunc
1739 947 1957 1003 lanio!-

381 1029 473 1082 εἰει
508 1039 563 1084 et
587 1030 819 1087 latorem
854 1036 1032 1104 legum
1062 1037 1276 1109 Scytha:
1300 1039 1382 1094 sui
1411 1039 1747 1095 habuerunt.

451 1124 506 1176 4.
530 1122 808 1179 Philot'aus
828 1125 1163 1189 Crotoniata.
1185 1130 1576 1201 Pythagoricus
1593 1131 1955 1202 philosOphus

379 1214 595 1283 primus
645 1214 962 1288 Pythagora:
1004 1235 1216 1276 secreta
1267 1220 1456 1287 edidit,
1504 1239 1531 1276 a
1573 1239 1682 1292 quo
1709 1223 1954 1292 pecunia

367 1308 744 1375 'cupidis‘simn
778 1313 931 1366 Plato
982 1314 1073 1368 ille
1123 1315 1471 1369 Atheniensis
1512 1317 1565 1370 iu
1619 1317 1951 1372 ltaliam've--

381 1398 542 1460 uicus
580 1402 643 1454 ad
693 1401 1080 1473 Pythagoricos
1125 1406 1404 1469 visendos,
1450 1418 1560 1462 tres
1605 1399 1778 1462 libros
1829 1407 1952 1465 illos

381 1485 698 1558 Pythagora:
747 1492 952 1547 dudum
998 1505 1329 1550 memoratos
1363 1495 1496 1549 emit
1549 1512 1614 1550 s1.
1640 1498 1803 1551 minis
1832 1498 1955 1554 Ale-

382 1577 687 1640 xandrinis,
729 1594 868 1648 quas
918 1582 1204 1653 Dionysius
1262 1585 1537 1639 secundus
1573 1587 1956 1661 Syracusano-

384 1681 506 1720 rttut
540 1677 806 1738 tyrannus
836 1672 1022 1727 solvit.
1053 1674 1127 1726 Ex
1147 1673 1349 1743 quibus
1378 1674 1534 1727 libris
1554 1674 1709 1730 lectis
1733 1669 1954 1730 tradunt

379 1757 664 1815 Platonem
691 1765 1066 1833 composuisse
1107 1766 1488 1835 gravissimum
1520 1767 1650 1821 illud
1695 1783 1832 1838 opus
1873 1769 1950 1824 De
1984 1762 2025 1817 Β

379 1864 575 1908 natura
615 1859 816 1921 mundi,
863 1858 918 1912 in
957 1873 1069 1928 quo
1121 1861 1371 1914 Tima'um
1422 1860 1575 1916 illum
1619 1859 1947 1922 Locrensem

379 1944 573 2002 Dorice
613 1947 924 2018 loquentem
959 1951 1191 2005 inducit.
1799 1961 1806 1968 '

451 2037 508 2108 5.
542 2038 807 2092 Alcimi-on
850 2039 1218 2108 Crotoniates,
1275 2043 1676 2114 Pythagoricus
1708 2045 1952 2116 philoso-

379 2130 522 2200 phus
551 2147 613 2185 ac
650 2133 899 2190 medicus
930 2136 1415 2204 praistantissimus
1445 2137 1568 2203 fuit,
1603 2139 1699 2208 qui
1732 2139 1798 2194 de
1825 2138 1946 2210 phi-

378 2223 625 2292 losophia
680 2241 743 2280 ac
785 2227 1054 2282 medicina
1109 2231 1390 2299 complura
1435 2222 1950 2299 scripsit,'animam

379 2317 742 2372 immortalem
769 2318 927 2381 dixit,
952 2334 1016 2374 ac
1045 2326 1310 2389 perpetuo
1354 2322 1561 2375 moveri
1592 2323 1765 2377 instar
1797 2325 1946 2380 solis.

451 2405 484 2456 6
542 2404 704 2458 Milon
747 2407 1084 2482 Crotoniata,
1124 2410 1517 2481 Pythagoricus
1537 2413 1949 2480 celeberrimus,

375 2512 406 2549 ει
438 2496 599 2564 cujus
634 2498 800 2551 demo
852 2489 1075 2554 incensa
1110 2501 1240 2554 dum
1268 2501 1407 2571 fugit
1439 2502 1795 2575 Pythagoras,
1827 2522 1949 2561 cum

374 2587 628 2656 pluribus
657 2589 941 2659 discipulis
967 2607 997 2646 a
1029 2595 1470 2662 persecutoribus
1509 2607 1828 2666 peremptus
1845 2607 1948 2656 est.

435 2679 503 2730 '7.
537 2677 843 2735 Democides
881 2681 1227 2745 Crotoniata,
1262 2685 1344 2738 vir
1374 2691 1572 2742 doctus
1601 2704 1668 2743 ac
1706 2690 1952 2748 medicus

374 2771 673 2836 exitelleus,
714 2782 956 2845 tempore
986 2773 1130 2830 Darii
1168 2773 1378 2832 ﬂoruit.

450 2862 504 2918 8.
539 2863 777 2934 Orpheus
828 2865 1144 2923 Crotoniata
1191 2885 1220 2923 a
1265 2869 1644 2941 Pythagoricis
1685 2874 1951 2940 eruditus,

377 2957 682 3026 Epicureus
713 2958 789 3029 (Ι)
821 2959 942 3024 fuit,
971 2958 1257 3016 Pisistrato
1277 2961 1695 3042 Atheniensium
1724 2977 1954 3040 tyranno

370 3052 626 3113 adhaesit,
685 3042 779 3107 ubi
837 3068 962 3108 cum
1010 3053 1274 3126 degeret,
1318 3057 1676 3128 Argonautica
1728 3060 1950 3118 heroico

371 3148 618 3198 carmine
647 3144 798 3209 lusit,
824 3155 883 3202 et
906 3145 1033 3201 alia.

442 3237 498 3291 9.
536 3237 706 3291 Ascon
757 3236 1094 3305 Crotoniata,
1147 3235 1560 3313 Pythagoricus"
1591 3244 1949 3317 philosophus

371 3326 480 3383 fuit
506 3339 562 3382 et
591 3329 759 3383 multa
792 3331 1119 3400 composuit.
1159 3333 1265 3388 Sed
1295 3349 1418 3389 cum
1442 3351 1621 3390 sermo
1643 3338 1706 3392 de
1727 3338 1951 3393 Crotone

373 3419 750 3484 pmcesserit,
776 3433 1151 3498 opportunum
1185 3422 1361 3478 visum
1379 3434 1463 3480 est
1496 3426 1701 3496 aliquid
1728 3427 1794 3481 de
1820 3429 1950 3482 civi-

369 3509 502 3564 tatis
525 3509 735 3576 origiue
768 3511 974 3590 dicere.
1004 3511 1229 3577 Croton,
1265 3515 1536 3572 Strabone
1567 3526 1727 3583 teste,
1757 3520 1950 3576 civitas

370 3602 503 3654 olim
523 3601 849 3666 Grmcatuit.
877 3620 936 3658 re
968 3604 1165 3660 bellica
1192 3605 1501 3679 litterisque
1536 3607 1948 3674 ﬂorentissima,

372 3690 551 3748 mater
582 3696 911 3752 athletarum
937 3697 1192 3764 celebris,
1213 3713 1450 3768 quorum
1474 3711 1683 3769 septem
1716 3700 1772 3756 iu
1804 3701 1949 3758 ludis

375 3790 542 3845 unius
576 3788 913 3861 Olympiadis
939 3802 1169 3849 caeteros
1198 3808 1392 3849 omitus
1412 3803 1778 3863 superarunt:
1801 3798 1947 3851 unde

371 3878 574 3934 merito
604 3890 663 3951 et
693 3879 794 3935 hoc
817 3891 948 3936 tunc
975 3881 1259 3938 ferebatur
1292 3882 1637 3956 :‘Postremus
1668 3883 1950 3939 Crotonia-

367 3981 549 4026 tarum
596 3972 641 4027 is
668 3975 872 4040 primus
911 3981 984 4027 est
1008 3991 1028 4040 ,-
1076 3982 1344 4044 vetusque
1373 3982 1459 4030 est
1503 3973 1647 4043 apud
1694 3990 1793 4029 nos
1826 3989 1949 4045 pro-

368 4064 649 4130 verbium,
696 4061 833 4130 Quid
874 4063 1106 4121 Crotone
1150 4065 1458 4121 salubrius?
1505 4065 1677 4138 Hujus
1709 4067 1950 4122 civitatis

366 4153 581 4224 primus
616 4146 868 4222 conditdr
901 4157 1003 4210 fuit
1038 4157 1347 4228 Mysteilus,
1381 4157 1622 4214 Achivus
1663 4157 1944 4214 nobiliSsi-

365 4261 514 4316 mus,
538 4247 630 4317 qui
654 4248 721 4303 de
748 4246 1041 4321 habitanda
1063 4249 1279 4304 colonia
1306 4250 1583 4306 consuluit
1603 4250 1943 4320 Apollinem,

365 4353 480 4409 quo
507 4350 752 4408 tempore
783 4339 1019 4402 Archias
1048 4339 1369 4397 Corinthius
1400 4341 1469 4398 de
1499 4343 1805 4400 condendis
1842 4345 1946 4417 Sy-

2063 498 2353 567 adjutorio.
2387 500 2534 554 Idem
2561 500 2851 572 Mystellus
2917 506 3068 561 aliud
3106 525 3330 581 quoque
3362 512 3496 568 satis
3516 529 3632 569 aln-

2061 589 2287 662 biguum
2339 595 2624 648 oraculum
2654 597 2930 667 accepisse
2970 598 3167 666 fertur,
3217 601 3271 657 id
3309 614 3492 660 autem
3524 609 3632 663 tale

2062 681 2212 738 fuit:
2252 684 2347 739 Ubi
2396 688 2460 739 ob
2512 690 2713 743 wthria'
2747 675 2985 760 pluvium
3041 696 3308 757 invenies,
3364 698 3631 764 civitatem

2057 776 2279 843 a'diﬁca.
2336 777 2444 834 Sed
2488 797 2615 837 cum
2649 769 3276 843 {Ethria'sereniuitem
3327 791 3630 860 signiticet,

2058 869 2316 925 confusus
2360 872 2448 927 ille
2494 876 2656 928 deum
2699 893 2806 930 non
2857 878 3457 950 intelligebatzverum
3492 902 3627 949 cum

2001 1039 2005 1042 t
2057 965 2226 1017 multa
2256 973 2313 1018 et
2338 967 2544 1033 Apulia:
2571 975 2625 1020 et
2651 967 2919 1024 Calabriae
2953 970 3073 1027 loca
3110 988 3476 1045 peragrasset,
3506 991 3629 1044 per-

2056 1056 2209 1110 venit
2258 1046 2483 1113 tandem
2531 1060 2596 1114 ad
2645 1060 2823 1116 lrcum
2872 1056 3075 1133 ipsum,
3113 1065 3205 1120 ubi
3241 1081 3364 1122 cum
3406 1065 3630 1134 Ethria

2056 1147 2230 1218 ipsius
2273 1151 2581 1205 concubina
2609 1151 2756 1222 longi
2793 1152 3015 1209 itineris
3043 1155 3232 1212 labore
3267 1155 3422 1212 fessa‘
3445 1156 3625 1228 lacry-

2057 1259 2172 1298 mas
2219 1243 2424 1298 affatim
2475 1246 2773 1316 emisisset,
2823 1248 2961 1305 adeo
2997 1261 3061 1303 ‘ut
3096 1258 3236 1306 terra
3286 1253 3622 1320 madctlcrct,

2055 1337 2323 1392 intellexit
2385 1338 2667 1409 MyStellus
2719 1341 3040 1405 oraculum,
3099 1343 3288 1414 ibique
3345 1343 3620 1400 civitatein

2053 1431 2323 1495 condidit,
2370 1432 2618 1503 undique
2643 1436 2708 1489 ad
2744 1451 2940 1490 novam
2966 1437 3234 1491 coloniam
3268 1438 3462 1493 incolis
3493 1456 3629 1517 conn1

2052 1524 2429 1589 currentibus,
2464 1526 2650 1581 multis
2687 1536 2870 1581 tamen
2915 1538 3044 1584 ante
3067 1530 3384 1600 Pythagora:
3417 1533 3624 1585 advena

2055 1624 2168 1669 tum
2210 1618 2387 1672 anuis.
2432 1617 2555 1672 Fuit
2597 1619 2764 1689 igitur
2812 1619 3017 1676 Croton
3061 1624 3253 1678 civitas
3309 1625 3535 1692 privatis
3569 1635 3624 1682 et

2054 1709 2289 1779 publicis
2322 1712 2489 1782 gestis
2513 1715 2794 1782 prteclara.
2821 1715 2952 1769 Nam
2989 1733 3092 1771 una
3129 1730 3251 1772 cum
3271 1717 3473 1773 Graecis
3501 1719 3623 1777 aliis

2051 1802 2319 1873 adversus
2384 1806 2595 1877 vicinos
2642 1805 2908 1864 barbarus
2952 1808 3270 1874 dimicavit,
3332 1813 3624 1882 pluresque

2051 1895 2199 1950 viros
2234 1897 2609 1967 magnanimos
2634 1900 2911 1968 produxit,
2941 1900 2993 1954 in
3025 1901 3226 1970 quibus
3250 1913 3308 1960 et
3337 1903 3620 1974 Phayllunt

2053 1989 2205 2044 illum
2234 1991 2515 2054 athletam,
2548 1991 2860 2046 saltatorem
2907 1994 3431 2051 escelleutissimum
3468 2015 3481 2049 :
3526 1999 3619 2067 qui

2055 2082 2280 2138 trireme
2338 2098 2435 2137 sua
2472 2092 2661 2136 vectus
2706 2083 2760 2137 iu
2819 2084 3086 2139 auxilium
3133 2083 3446 2142 Graecorum
3493 2104 3619 2142 cum

2053 2173 2486 2247 Atheniensibus
2509 2185 2563 2230 et
2588 2175 3021 2232 Lacedaemoniis
3052 2189 3242 2235 contra
3261 2179 3496 2235 Xerxem
3523 2198 3622 2252 pu-

2053 2267 2260 2336 gnavit.
2288 2266 2459 2337 Cujus
2491 2268 2741 2323 beneficii
2767 2280 2888 2341 post
2913 2271 3116 2327 multos
3153 2289 3327 2332 annos
3366 2278 3622 2330 recorda-

2057 2368 2142 2414 tus
2165 2359 2496 2427 Alexander,
2526 2362 2593 2417 ab
2617 2361 2746 2417 Asia
2792 2376 2917 2418 cum
2954 2349 3076 2420 aliis
3105 2364 3305 2422 Graecis
3333 2377 3391 2424 ct
3429 2367 3622 2424 Croto-

2049 2451 2218 2526 niatis
2299 2451 2470 2520 Spolia
2545 2452 2905 2508 barbarorum
2976 2455 3148 2510 misit.
3219 2456 3322 2512 Sed
3400 2459 3624 2515 omissis

2052 2540 2385 2602 Crotoniatis
2412 2546 2477 2600 ad
2513 2546 2816 2603 Locrenses
2845 2559 3008 2618 atque
3037 2548 3176 2604 alios
3204 2552 3511 2607 veniamus.

2052 2653 2059 2658 '
2127 2639 2213 2692 to.
2258 2638 2484 2692 Timmus
2539 2639 2827 2695 Locrensis
2883 2641 3296 2712 Pythagoricus,
3351 2645 3624 2703 maximus

2055 2729 2439 2800 philosorihus,
2459 2728 2525 2784 ad
2550 2746 2714 2800 quem
2735 2733 3031 2787 videndum
3055 2735 3203 2788 venit
3223 2734 3312 2790 ille
3336 2738 3624 2804 sapientis-

2053 2822 2226 2876 simus
2259 2821 2425 2886 Plato,
2454 2823 2544 2893 qui
2575 2839 2701 2878 eum
2732 2824 3073 2892 in'operihus
3110 2826 3184 2882 De
3213 2839 3410 2888 natura
3440 2833 3623 2886 mundi

2054 2913 2379 2980 introduxit,
2412 2917 2466 2971 in
2494 2916 2709 2987 dialogo
2739 2917 2952 2973 scilicet
2985 2918 3198 2986 Timeo.

2091 3018 2105 3023 ··
2127 3005 2214 3058 tt.
2248 3003 2482 3076 Eurytus
2516 3005 2827 3072 Locrensis,
2874 3008 2988 3065 sive
3023 3009 3375 3076 Tarentinus,
3412 3021 3471 3068 ut
3491 3016 3623 3084 qui-

1975 3107 2020 3164 ο
2053 3096 2176 3151 dam
2191 3098 2451 3167 opinanti:
2464 3116 2508 3162 r,
2530 3098 2919 3171 Pythagoricus
2936 3101 3292 3173 philosophus
3312 3105 3436 3175 fuit,
3453 3122 3618 3178 quem

2050 3192 2214 3245 etiam
2238 3191 2371 3247 vidit
2403 3192 2572 3249 Plato.

2128 3285 2212 3339 12.
2237 3284 2500 3340 Zaleucus
2517 3288 2830 3351 Locrensis,
2849 3289 3247 3362 Pythagoricus
3263 3292 3622 3365 philosophus

2049 3387 2104 3431 et
2134 3378 2481 3448 legumlator,
2511 3382 2836 3438 concivibus
2862 3384 2979 3439 suis
3008 3381 3181 3456 legem
3213 3384 3384 3454 dedit.
3417 3402 3619 3443 consu-

2049 3467 2197 3524 lente
2221 3469 2480 3525 Minerva.

2125 3562 2212 3617 t5.
2261 3563 2469 3620 Theano
2504 3564 2797 3624 Locrensis
2828 3569 3048 3636 mulier,
3089 3578 3241 3625 vates
3286 3570 3452 3643 lyrica
3489 3570 3616 3638 fuit,

2049 3649 2403 3727 quae'lyricis
2461 3658 2799 3717 versibus'de
2846 3663 3016 3732 patria
3061 3678 3157 3719 sua
3195 3665 3362 3719 multa
3395 3679 3618 3736 compo-

2049 3749 2181 3806 suit.
2321 3760 2323 3762 ’

2118 3861 2207 3916 Ην.
2237 3859 2558 3919 Xenocrates
2591 3865 2902 3935 Locrensis,
2941 3877 3100 3939 poeta
3131 3867 3388 3926 heroicus
3411 3884 3476 3928 ac
3493 3885 3613 3927 mu-

2048 3954 2197 4008 sicus
2223 3956 2717 4014 excellentissimus
2749 3959 2871 4016 fuit.

2119 4043 2207 4100 15.
2250 4046 2624 4119 Enryplionius
2655 4050 2949 4107 ιοιτειιεῑε
2987 4051 3070 4107 vir
3107 4054 3301 4110 doctus
3330 4070 3394 4110 ac
3439 4053 3614 4111 citita-

2048 4138 2233 4195 rmdus
2265 4143 2499 4196 eximius
2553 4142 2677 4198 fuit.
2737 4142 2905 4215 Hujus
2936 4145 3066 4202 olim
3113 4157 3290 4202 Statua
3342 4148 3609 4204 citharam

2049 4237 2242 4284 tenens
2279 4230 2421 4300 apud
2452 4229 2654 4288 Locros
2685 4234 2804 4288 fuit.
2838 4233 3190 4291 Locrensium
3221 4238 3368 4293 enim
3419 4238 3611 4294 civitas

2047 4319 2176 4372 oliui
2205 4320 2436 4390 insignis
2466 4323 2590 4386 fuit,
2614 4323 2716 4394 'qui
2739 4323 2917 4380 coloni
2951 4325 3176 4393 profecti
3207 4337 3336 4382 sunt
3362 4344 3395 4382 a
3419 4326 3610 4385 Locris

366 4431 578 4486 mensis
621 4430 914 4486 consil-mm
959 4433 1201 4500 petebat.
1249 4434 1498 4504 Cumque
1547 4434 1710 4489 ambo
1755 4452 1784 4490 ε,
1837 4411 1944 4494 déo
1974 4411 2267 4504 “Cretum
2297 4412 2432 4470 ﬁnes
2470 4415 2863 4482 habitantibus,
2899 4416 3154 4475 Evandro
3183 4421 3611 4493 ductorgpaulo

364 4526 846 4593 interrogarentur
864 4525 997 4595 quid
1029 4525 1081 4578 in
1106 4524 1407 4582 condendis
1418 4527 1648 4583 urbibus
1663 4538 1941 4598 optarent.

365 4614 600 4669 Archias
660 4614 924 4682 divitias,
984 4616 1358 4672 salubritatem
1414 4617 1696 4690 Hystcllus
1755 4619 1940 4693 elegit.
1993 4653 1999 4658 -

366 4705 526 4762 Unde
567 4705 771 4760 factum
813 4717 899 4761 est
947 4717 1009 4761 ut
1043 4706 1327 4779 Syracusae
1349 4711 1578 4775 divitiis,
1613 4712 1818 4769 Croton
1853 4730 1941 4769 sa-

359 4795 626 4852 lubritate
652 4797 934 4868 gauderet.
977 4797 1256 4870 Mystellus
1291 4801 1458 4873 igitur
1477 4801 1568 4858 ubi
1603 4805 1840 4875 primum
1870 4805 1940 4862 ad

362 4889 824 4947 considerandum
847 4889 1025 4947 locum
1061 4894 1234 4962 venit,
1266 4893 1390 4949 cum
1431 4895 1660 4954 vidisset
1691 4898 1938 4971 Sybarim

361 4983 705 5045 aditicatam.
760 4985 832 5037 ita
870 4996 994 5054 post
1032 5002 1060 5039 a
1089 4986 1273 5043 ﬂuvio
1320 4990 1750 5055 deuominatam,
1801 4993 1941 5047 hanc

361 5073 1204 5140 pra-stantiorem,existimavit,
1243 5092 1606 5148 reversusque
1637 5079 1703 5133 ad
1750 5079 1938 5143 deum,

359 5161 612 5234 Sybarim
647 5163 884 5233 petebat.
918 5165 1193 5221 Turbatus
1232 5182 1365 5223 vero
1409 5170 1544 5226 deus
1573 5172 1674 5226 hos
1712 5171 1940 5241 protulit

356 5273 555 5311 versus
586 5276 600 5312 Ξ
692 5282 696 5287 ”

354 5347 526 5419 Terga
561 5352 747 5418 brevis,
788 5351 1047 5424 Mystelle,
1083 5362 1173 5405 tuo
1205 5353 1267 5405 de
1287 5363 1496 5423 pectore
1531 5359 1712 5411 omitte
1750 5373 1762 5414 τ

355 5426 562 5472 (.azlera
596 5425 920 5491 perquirens,
957 5424 1162 5495 frustra
1194 5439 1256 5476 en
1295 5426 1506 5478 venaris
1538 5426 1744 5495 iniqua,

353 5494 420 5544 At
453 5503 649 5544 rectum
681 5498 1025 5562 quodcunque
1062 5494 1244 5555 datur,
1275 5503 1329 5546 tu
1362 5495 1518 5549 laude
1546 5494 1794 5565 probato.

354 5609 490 5676 Quae
555 5624 680 5664 cum
733 5608 1022 5674 audiisset,
1065 5623 1325 5666 reversus
1383 5613 1928 5684 mtrem-constituit,

423 5744 499 5815 (t)
529 5742 834 5815 Epicureus
867 5745 1350 5816 anteiipieurum.

2049 4511 2170 4574 post
2200 4506 2474 4561 conditam
2497 4507 2788 4564 Crotonem
2816 4525 2880 4564 ac
2906 4510 3226 4582 Syracusas.
3248 4512 3402 4570 Nune
3423 4526 3608 4571 autem

2043 4594 2113 4650 de
2143 4597 2468 4666 quibusdam
2497 4599 2758 4671 Rheginis
2785 4601 3094 4662 dicendum.
3176 4674 3180 4678 ι

2115 4691 2202 4745 16.
2237 4689 2466 4748 Glaucus
2505 4694 2894 4765 Pythagoricus
2913 4708 2966 4750 et
3001 4701 3242 4754 musicus
3261 4701 3608 4757 excellentis-

2043 4783 2236 4852 simus,
2265 4783 2564 4858 Rheginus,
2608 4787 2932 4855 Democrito,
2976 4806 3135 4859 quem
3189 4793 3610 4866 ipsePythago-

2042 4892 2194 4932 reum
2211 4877 2392 4946 fuisse
2414 4881 2635 4946 asserit,
2668 4895 3184 4959 contctnporaueus.

2116 4969 2206 5022 ΓΙ.
2242 4970 2614 5025 Andromadas
2662 4971 3057 5044 Pythagoricus
3085 4974 3440 5046 philosophus
3467 4991 3606 5047 quo-

2039 5079 2147 5133 que
2180 5063 2458 5134 Rhegtnus
2483 5074 2541 5118 et
2574 5065 2902 5133 legumlator
2936 5065 3058 5131 iuit,
3097 5067 3190 5136 qui
3231 5065 3606 5127 Chalcidensi-

2040 5154 2141 5208 bus
2170 5153 2458 5210 Thraciam
2486 5155 2863 5212 habitantibus
2888 5160 3034 5227 legcs
3062 5159 3232 5216 dedit.

2115 5248 2200 5302 18.
2238 5248 2567 5318 Pythagoras
2618 5249 2755 5305 alter
2802 5250 3104 5321 itheginus,
3155 5254 3242 5307 vir
3268 5257 3514 5313 ermlitus
3547 5269 3604 5316 et

2036 5346 2337 5394 δίδωθι-ωδ
2367 5340 2881 5408 excellentissimus,
2915 5344 3119 5411 primus
3140 5355 3441 5402 statuarum
3475 5365 3600 5419 pro«

2038 5431 2347 5502 portionem
2387 5433 2780 5500 consideravit,
2817 5435 3117 5506 disiipnlus
3172 5439 3412 5495 Clearchi
3447 5441 3598 5497 Rhe-

2035 5525 2166 5594 gini,
2211 5539 2372 5595 quem
2414 5523 2701 5586 Eucherius
2739 5529 3060 5589 Corinthius
3115 5533 3397 5598 docuerat,
3435 5547 3491 5589 ut
3521 5548 3598 5591 ait

2021 5617 2354 5674 Pausanias.
