4036 6144
412 224 536 288 ’ΒἸΒ
1482 227 1950 291 THEODORUS
1988 231 2205 292 GAZA.
2246 256 2314 267 --
2355 229 2693 291 NOTITIA.
3588 228 3694 290 974

428 336 692 398 [iurari-.1:
712 336 1036 408 principem-
1059 339 1252 395 scribit
1279 341 1423 396 inter
1456 352 1652 398 cetera
1680 363 1693 398 ι
1735 344 1915 398 Dicam
1943 344 2179 414 equidem
2211 355 2411 416 quanto
2441 345 2630 416 dignus
2667 324 2964 399 Theodorus
2990 346 3206 405 honore,
3233 358 3383 413 queat
3416 341 3697 413 plusquam
3794 340 3797 341 ⁷

425 426 711 487 dimidium
732 429 929 481 anima:
966 445 1095 483 mea:
1125 447 1330 498 semper
1360 430 1606 501 diligam,
1645 434 1795 505 cujus
1826 433 2137 500 versiculos,
2169 449 2298 502 quos
2329 433 2392 486 de
2420 428 2584 488 musis
2611 435 2715 488 tuis
2750 431 3141 505 elegantissime
3166 432 3347 494 edidit,
3380 432 3435 486 in
3460 432 3698 484 sacrario

432 515 528 570 illo
562 515 921 587 pulcherrimo
957 519 1122 572 incidi
1156 519 1351 591 jubcas
1377 564 1390 584 ,
1424 522 1778 591 etiam'atque
1808 525 1969 587 etiam
2002 539 2127 595 rogo
2162 532 2210 577 et
2242 523 2474 577 obsecro.
2513 516 2661 588 Quid
2713 523 2850 575 enim
2899 523 3112 592 grauius
3153 519 3547 576 Callimachus?
3575 520 3701 591 quid

431 608 653 660 suauius
680 605 1033 677 Propertius?
1062 609 1188 681 quid
1210 608 1482 680 pulchrius
1514 606 1755 664 Tibullus
1774 610 1957 665 direre
1987 628 2221 681 unquam
2245 613 2497 681 potuisset
2522 611 2547 665 ἵ
2570 610 2727 665 Nam
2753 618 2802 664 et
2829 626 3023 663 nomen
3054 618 3104 663 et
3154 609 3378 679 opicium
3427 602 3701 665 musarum

421 696 693 750 concinne
720 697 1049 765 exprimunt,
1085 704 1135 751 et
1162 714 1349 753 earum
1381 698 1595 754 laudem
1623 698 1695 754 ad
1725 688 1989 768 picturam
2020 699 2320 755 alludentes
2348 686 2555 755 brevius
2588 701 2895 754 concinnat.
2915 690 3123 753 'Nobile
3152 696 3378 752 hominis
3405 698 3699 768 ingenium,

439 792 648 838 tantum
679 784 1473 856 philosophum.in'hujttsmodi
1503 787 1710 842 deliciis
1748 799 2014 858 'prtestare
2034 789 2060 843 !

514 873 587 927 Ex
621 874 810 929 Cra-co
842 875 911 930 ab
940 880 1009 930 eo
1045 875 1097 928 in
1130 868 1384 929 Latinum
1416 888 1726 931 sermonem
1757 892 1912 930 versa
1945 886 2076 933 sunt
2104 895 2117 930 :
2164 877 2368 931 di'liani
2400 878 2465 931 de
2497 877 2818 932 instruendis
2864 877 3075 930 aciebus
3101 874 3251 941 liber,
3305 873 3551 930 Coloniae
3574 889 3702 929 eum

439 963 567 1018 aliis
590 962 949 1031 quibusdam,
972 972 1026 1017 et
1050 962 1296 1019 \‘enetiis
1331 964 1384 1018 in
1435 966 1489 1020 4.
1525 962 1761 1035 Dionysii
1797 960 2196 1021 Halicarnassei
2216 968 2280 1021 de
2300 968 2678 1036 compositione
2701 967 2979 1020 orationis.
3007 964 3352 1034 Theophrasti
3374 964 3437 1016 de
3456 962 3704 1025 historia,

439 1060 490 1105 et
517 1055 690 1107 causis
722 1052 1035 1122 plantarum
1062 1052 1155 1108 lib.
1186 1052 1317 1109 XV.
1349 1054 1652 1109 Aristotelis
1694 1058 1759 1109 de
1808 1057 2033 1112 historia
2067 1058 2387 1111 animalium
2423 1056 2547 1110 libri
2574 1054 2667 1110 IX.
2705 1055 2778 1110 De
2805 1054 3042 1123 partibus
3072 1052 3411 1115 animalium,
3442 1059 3491 1106 et
3520 1065 3706 1105 earum

355 1191 362 1197 .
440 1143 615 1196 causis
646 1141 767 1195 libri
800 1141 899 1197 IV.
934 1141 1007 1195 De
1031 1143 1371 1214 generatione
1405 1143 1726 1199 animalium
1750 1144 1874 1212 libri
1924 1144 1981 1198 Υ.
2014 1144 2408 1202 Problematum
2432 1148 2687 1201 sectiones
2719 1144 2933 1200 XXXI.
2962 1145 3093 1212 Qum
3122 1144 3308 1200 omnia
3333 1157 3459 1197 cum
3493 1143 3710 1198 caeteris

442 1229 756 1285 Arlswtelis
782 1232 1045 1301 operibus
1080 1231 1379 1286 Latinitate
1417 1232 1634 1287 donatis
1684 1234 1886 1302 saepius
1919 1224 2188 1304 impressa
2228 1246 2379 1292 sunt.
2435 1236 2736 1291 Alexandri
2766 1237 3155 1306 problematum
3184 1235 3343 1289 libros
3377 1232 3441 1288 II
3488 1230 3712 1289 excudit

402 1354 409 1359 -
441 1319 665 1375 Basilcte
697 1319 1009 1375 Cratander
1033 1335 1178 1374 anno
1211 1321 1343 1376 1537
1377 1336 1502 1375 cum
1553 1318 2357 1380 ProblematibusAristotelis
2394 1326 2463 1380 ab
2500 1325 2696 1381 eodem
2743 1324 2941 1379 versis.
2995 1324 3070 1379 De
3108 1324 3209 1378 hac
3240 1322 3492 1377 versione
3526 1320 3709 1377 Theo-

443 1409 564 1464 dori
596 1410 922 1464 Franciscus
965 1410 1232 1468 Patricius
1268 1408 1507 1465 Discuss.
1548 1412 1886 1481 peripatetic.
1917 1413 2017 1468 lib.
2050 1413 2094 1468 ll
2133 1431 2145 1467 :
2189 1412 2528 1467 Leonardum
2564 1411 2804 1466 Brunum
2850 1422 3061 1467 secutus
3100 1410 3397 1467 Theodorus
3430 1407 3579 1468 Gaza
3611 1409 3712 1465 cir—

441 1515 503 1551 ca
537 1514 737 1551 annum
772 1498 927 1557 H33.
955 1496 1251 1554 Aristotelis
1288 1498 1443 1552 libros
1473 1513 1651 1554 omnes
1687 1500 1760 1553 De
1809 1501 2165 1568 animalibus,
2201 1511 2249 1556 et
2281 1502 2624 1556 Problemata
2670 1518 2687 1556 :
2726 1518 2819 1555 nec
2876 1518 2979 1556 non
3037 1500 3385 1567 TlteOphrasti
3442 1498 3600 1553 libros
3638 1496 3712 1551 De

443 1586 667 1649 plantis,
704 1597 753 1641 et
790 1585 1091 1645 Alexandri
1121 1586 1452 1655 problemata
1491 1582 1683 1642 Latina
1717 1587 1857 1658 fecit.
1895 1589 2061 1656 Quem
2091 1590 2256 1644 secuti
2281 1599 2403 1644 sunt
2430 1592 2485 1644 in
2532 1606 2592 1643 eo
2624 1605 2842 1644 munere
2876 1598 2983 1643 tres
3017 1590 3113 1642 alii
3163 1587 3451 1641 doctissimi
3502 1584 3711 1645 (ἔτ-ατε.

444 1675 698 1744 ιῒεανῃὶιιδ
736 1675 1148 1741 Trapezuntius,
1179 1676 1458 1731 Bessarion
1483 1718 1495 1741 ,
1558 1687 1607 1731 et
1640 1674 2292 1749 JoannesAgrgrolntlus,
2336 1680 2427 1744 qui
2474 1680 2647 1733 varios
2694 1676 2995 1732 Aristotelis
3028 1676 3189 1730 libros
3220 1673 3520 1729 Latinitate
3543 1673 3714 1727 dona-

452 1774 597 1819 runt.
627 1763 825 1820 l’etrus
858 1764 1126 1819 Pantinns
1161 1766 1226 1819 in.
1249 1766 1479 1835 epistola
1523 1765 1588 1819 ad
1618 1763 1909 1827 b-ctorem,
1944 1784 2107 1837 quam
2147 1768 2382 1837 prazlisit
2406 1766 2689 1822 Michaelis
2738 1766 3008 1834 Apostolii
3047 1764 3370 1835 parmtniis,
3404 1763 3548 1817 inter
3577 1753 3714 1815 alios

448 1855 669 1909 Graecos
700 1855 790 1922 qui
825 1869 959 1929 cum
981 1853 1306 1909 Bcssarione
1334 1854 1387 1907 in
1423 1854 1632 1909 Italiam
1670 1867 1972 1920 venerunt,
2002 1872 2297 1911 recensens
2328 1855 2686 1912 Theodorum
2715 1856 2918 1912 Gazam
2938 1896 2953 1920 ,
2989 1854 3182 1910 scribit
3209 1872 3223 1909 :
3262 1850 3571 1908 Aristotelei
3595 1866 3716 1905 uero

446 1943 744 1998 Theodorus
776 1942 943 2003 Gaza,
973 1940 1204 1997 lacunas
1235 1941 1621 2018 Argyrapulus,
1656 1953 1703 1997 et
1734 1943 1986 2014 Georgius
2007 1934 2406 2013 Trapezuntius
2431 1945 2632 2010 rhetor,
2674 1944 2815 1999 brevi
2840 1960 3022 2000 omnes
3052 1941 3309 1998 Latinum
3341 1939 3614 1996 scribendo
3641 1940 3718 1993 sic

444 2034 741 2099 exercitati,
772 2042 829 2087 ut
865 2043 913 2088 et
956 2032 1105 2088 Gaza
1136 2032 1360 2087 Romani
1383 2036 1639 2088 sermonis
1674 2037 1913 2105 pomeria
1945 2038 2000 2090 in
2028 2036 2344 2090 animalium
2390 2036 2693 2091 Aristotelis
2744 2029 2970 2091 historia
3018 2037 3093 2091 sic
3120 2030 3422 2106 protulerit,
3466 2043 3525 2088 ut
3561 2047 3717 2102 quem

447 2123 530 2176 illi
560 2140 858 2195 comparem
890 2125 975 2177 ria:
1002 2122 1247 2187 habeam,
1286 2124 1568 2195 praeferam
1620 2139 1745 2178 vero
1776 2126 2062 2179 neminem.
2106 2124 2220 2179 Nec
2251 2125 2466 2180 alienus
2495 2136 2581 2182 est
2614 2125 2685 2180 ab
2710 2125 2817 2181 hac
2846 2132 3032 2189 mente
3082 2124 3412 2180 Franciscus
3462 2120 3721 2180 Floridus

448 2210 595 2267 Lect.
630 2214 1007 2267 succisivarum
1034 2212 1131 2267 lib.
1168 2212 1253 2277 IV,
1289 2228 1410 2283 cap.
1447 2214 1534 2279 12,
1572 2213 1666 2282 qui
1702 2212 1757 2268 in
1785 2212 1987 2268 Graecis
2014 2214 2334 2269 auctoribus
2363 2214 2559 2270 Latine
2595 2214 2894 2271 reddendis
2925 2214 3205 2271 Theodori
3230 2211 3607 2284 praestantiam
3627 2209 3715 2265 in-

453 2312 535 2355 tor
564 2317 812 2357 summos
844 2301 989 2387 illius
1016 2301 1227 2358 ordinis
1266 2317 1528 2369 proceres
1556 2302 1812 2360 collocat.
1842 2301 1973 2358 licet
2005 2303 2061 2358 in
2094 2301 2393 2358 levissimis
2424 2303 2656 2360 vocibus
2681 2303 2871 2375 lapsus
2892 2345 2906 2371 ,
2940 2303 3211 2359 maximas
3261 2299 3596 2374 quandoque
3650 2297 3718 2355 de

450 2391 573 2445 lena
604 2390 826 2460 caprina
861 2390 1007 2445 rixas
1030 2390 1228 2459 linguae
1250 2386 1453 2445 Graeca:
1475 2388 1744 2459 imperitis
1780 2389 2091 2457 reliquerit.
3193 2434 3198 2439 .

523 2482 593 2535 ln~
623 2480 1172 2550 interpretationibus
1202 2476 1361 2535 Cave
1395 2478 1803 2535 Problematum
1842 2480 2170 2545 Aristotelis.
2198 2490 2253 2535 et
2279 2481 2449 2537 libelli
2482 2482 2769 2539 Ciceronis
2802 2484 2878 2539 De
2910 2492 3221 2548 senectute,
3244 2482 3458 2537 invenit
3482 2479 3722 2551 Angelus

416 2572 417 2575 “
454 2569 760 2626 Politianus
790 2585 974 2625 meros
1000 2567 1267 2639 quosdam
1296 2611 1310 2637 ,
1346 2584 1485 2639 quos
1535 2584 1635 2625 sua
1671 2570 2135 2638 interpretatione
2165 2569 2513 2641 abstcr’geret
2534 2612 2549 2637 ,
2586 2570 2894 2629 Miscellan.
2921 2589 3041 2643 cap.
3081 2572 3149 2629 90
3178 2582 3237 2628 et
3266 2571 3358 2628 9i.
3403 2568 3469 2625 Et
3494 2570 3723 2639 insuper

451 2660 782 2716 criminatur
818 2656 1197 2723 Theodorum,
1230 2657 1377 2730 quod
1421 2659 1875 2725 dissimulaverit,
1917 2675 2011 2729 per
2045 2675 2208 2728 quem
2244 2660 2483 2716 maxime
2508 2660 2805 2729 profecerit
2829 2705 2844 2729 ,
2888 2651 3258 2732 habueritque
3286 2674 3425 2731 pene
3475 2667 3722 2715 contem-

454 2751 569 2820 ptui
603 2762 657 2805 et
689 2749 955 2814 ludibrio,
987 2747 1148 2819 cujus
1180 2749 1535 2819 potissimum
1571 2749 1862 2804 laboribus
1892 2749 2275 2804 insidiabatur.
2311 2748 2409 2805 Cui
2448 2751 2608 2820 plane
2666 2753 3004 2823 respondere
3041 2760 3258 2822 poterat
3285 2749 3633 2814 Theodorus,
3666 2761 3724 2802 se

456 2839 733 2895 hominem
769 2854 889 2895 esse
919 2856 932 2893 :
962 2853 1073 2894 non
1107 2838 1307 2893 mirum
1350 2853 1503 2909 ergo,
1536 2838 1580 2891 si
1614 2838 1669 2892 in
1703 2837 1985 2908 aliquibus
2020 2837 2316 2901 erraverit,
2361 2855 2455 2909 qui
2504 2840 2557 2894 in
2594 2848 2673 2896 tot
2704 2840 2829 2895 aliis
2864 2849 3104 2896 mentem
3137 2838 3381 2893 auctoris
3409 2833 3723 2907 expressit:

454 2940 507 2984 cl
537 2929 686 2984 aliud
724 2943 857 2983 esse
879 2942 1049 2982 unum
1081 2936 1174 2981 aut
1208 2927 1375 2981 alium
1413 2928 1595 2983 locum
1631 2928 1894 2989 auctoris.
1925 2927 2072 2981 aliud
2102 2934 2277 2983 totum
2309 2944 2449 2998 Opus
2483 2940 2743 2986 excutere
2765 2968 2781 2994 ,
2807 2940 2863 2985 et
2893 2930 3209 2985 examinare
3235 2942 3251 2982 :
3282 2924 3729 2995 stomachsrique
3819 2914 3824 2919 ’

455 3033 514 3073 se
550 3029 662 3073 tam
688 3029 881 3087 parum
913 3029 1047 3071 sano
1072 3015 1289 3088 judicio
1312 3015 1596 3078 Politiani,
1626 3018 1718 3086 qui
1756 3033 1853 3071 sua
1874 3019 1969 3073 .ch
1998 3018 2184 3075 Graaca
2217 3024 2301 3078 vel
2338 3021 2531 3079 Latina
2560 3040 2684 3078 cum
2723 3022 3080 3093 Trapezuntii
3117 3021 3387 3083 conferat,
3410 3033 3576 3090 quem
3606 3016 3728 3072 vin-

458 3123 584 3165 cere
616 3108 832 3164 nullum
872 3108 1155 3178 negotium
1194 3106 1320 3171 fuit,
1354 3107 1569 3161 etiamsi
1605 3109 1839 3162 multum
1868 3108 1971 3163 sibi
2020 3109 2232 3179 placeat
2260 3111 2314 3173 in
2354 3128 2422 3167 eo
2447 3126 2615 3183 opere
2650 3109 3059 3181 Trapezuntius
3082 3150 3095 3175 ,
3126 3120 3184 3165 et
3213 3108 3375 3179 plane
3406 3104 3726 3167 insolescat,

456 3201 550 3271 qui
585 3198 766 3255 credit
801 3212 861 3253 se
890 3212 988 3253 eos
1030 3195 1199 3252 libros
1229 3211 1337 3249 non
1389 3195 1570 3251 minus
1598 3195 1905 3265 elegantius
1935 3198 2373 3272 emendatosque
2406 3202 2559 3267 dare,
2593 3217 2756 3273 quam
2789 3196 2933 3272 apud
2974 3199 3194 3255 Graecos
3242 3197 3573 3253 habeantur.
3625 3193 3731 3248 lla-

461 3306 528 3345 tae
556 3303 789 3343 aureum
828 3287 961 3341 illud
993 3284 1326 3355 eloquentia:
1360 3284 1563 3340 ﬂumen
1593 3285 1907 3341 Aristotelis
1946 3287 2216 3344 Politiano
2247 3289 2443 3355 valuit,
2477 3298 2535 3345 ut
2562 3304 2689 3345 cum
2740 3304 2806 3344 eo
2838 3305 2960 3360 quae
2989 3285 3353 3357 Trapezuntii
3393 3293 3546 3349 sunt,
3572 3297 3733 3338 renc-

458 3376 743 3450 quenturi
771 3376 996 3433 Poterat
1029 3374 1201 3428 tutius
1250 3373 1368 3428 inec
1417 3373 1643 3428 silentio
1677 3373 2049 3440 dissimulare,
2097 3392 2260 3447 (piam
2292 3380 2471 3448 palam
2507 3376 2814 3443 aﬂerendo,
2878 3378 2990 3433 risu
3026 3394 3055 3432 a
3117 3374 3427 3447 legentibus
3487 3370 3731 3441 explodi.

458 3472 599 3545 Quid
628 3470 675 3529 si
705 3484 833 3527 cum
864 3467 1155 3524 bLtussaco
1184 3465 1239 3521 in
1273 3464 1685 3535 prolegomenis
1709 3468 1778 3518 ad
1811 3465 2123 3522 Aristotelis
2153 3467 2439 3523 historiam
2469 3468 2547 3524 De
2583 3466 2921 3524 animalibus
2952 3466 3181 3531 diceret,
3210 3479 3337 3519 ante
3374 3455 3731 3519 Theodorum

460 3564 694 3629 Gazam,
723 3560 1001 3615 neminem
1046 3557 1333 3612 historiam
1366 3556 1505 3609 hanc
1545 3557 1614 3609 de
1660 3555 1995 3611 animalibus
2028 3557 2261 3611 vertisse
2286 3596 2302 3620 ,
2347 3567 2546 3627 praeter
2582 3565 2828 3620 veterem
2858 3555 3012 3611 illum
3061 3555 3423 3623 interpretem
3457 3547 3732 3621 ignotum.

460 3653 553 3722 qui
581 3650 892 3720 philosophi
927 3663 1096 3718 Opera
1149 3648 1320 3703 verbo
1357 3646 1424 3700 ad
1456 3645 1686 3701 verbum
1713 3645 1908 3699 Latine
1940 3644 2212 3700 reddidit?
2247 3646 2481 3712 Quidam
2516 3645 2743 3700 Boethio
2773 3646 3057 3715 antiquam
3094 3643 3240 3698 illam
3276 3639 3590 3696 versionem
3636 3635 3735 3691 bri-

410 3818 415 3821 »
462 3747 662 3809 buunt,
692 3739 791 3795 sed
822 3736 979 3805 falsi,
1011 3747 1071 3791 ut
1102 3738 1299 3806 opinor
1332 3754 1345 3789 :
1376 3750 1499 3789 nam
1528 3736 1697 3790 verbo
1729 3742 1888 3790 tenus
1948 3733 2226 3794 transtulit
2260 3744 2479 3788 textum
2522 3731 2847 3803 PbiIOSOphi
2869 3771 2887 3796 ,
2943 3731 3193 3802 quisquis
3258 3729 3349 3783 ille
3402 3727 3588 3793 fuerit,
3637 3724 3732 3794 qui

463 3828 698 3905 primum
728 3828 884 3898 operi
915 3826 1161 3881 admouit
1195 3840 1441 3881 manum.
1473 3827 1541 3879 At
1564 3839 1688 3897 qua:
1723 3824 1888 3880 hodie
1929 3823 2202 3879 habemus
2234 3838 2264 3878 a
2294 3822 2552 3887 Boethio,
2591 3822 2653 3875 ob
2687 3821 2828 3877 κατὰ
2860 3821 2996 3874 πόδα.
3021 3861 3040 3889 ,
3089 3818 3184 3875 sed
3233 3819 3519 3888 eleganter
3572 3827 3734 3870 versa

463 3931 618 3984 sunt.

516 4034 647 4118 .Nec
677 4039 859 4093 minor
893 4037 1191 4093 Theodoro
1219 4036 1288 4089 lis
1322 4035 1427 4089 fuit
1449 4049 1573 4088 cum
1605 4030 1752 4088 iulio
1778 4030 2077 4102 Sealigero,
2102 4028 2199 4100 qui
2232 4044 2345 4086 non
2384 4035 2599 4083 tantum
2629 4026 2916 4084 historiam
2947 4025 3018 4082 de
3042 4023 3376 4081 animalibus
3396 4019 3733 4084 Aristotelis,

466 4112 562 4187 sed
600 4126 890 4183 Historiam
923 4137 981 4182 et
1019 4129 1091 4181 ne
1123 4124 1306 4180 causis
1343 4123 1656 4192 plantarum
1692 4118 2065 4189 Theophrasti
2114 4135 2255 4175 nova
2289 4117 2747 4189 interpretatione
2778 4126 2838 4171 et
2883 4115 3301 4171 commentariis
3336 4110 3646 4173 adornavit,
3678 4108 3733 4163 in

466 4216 669 4286 quibus
697 4217 768 4270 ob
799 4218 906 4270 non
940 4215 1272 4283 intellectam
1307 4212 1548 4281 linguam
1580 4210 1849 4274 Graecam,
1886 4222 2069 4278 neque
2088 4206 2367 4275 Latinam,
2397 4215 2456 4263 et
2482 4221 2591 4263 non
2633 4204 2809 4275 probe
2830 4202 3100 4260 redditam
3144 4201 3497 4266 sententiam,
3548 4194 3737 4268 sapis-

469 4309 610 4364 sime
640 4314 695 4360 et
731 4306 931 4360 acriter
962 4304 1290 4358 Theodorus
1314 4288 1561 4370 vapulat,
1590 4299 1671 4354 sic
1701 4308 1761 4353 ut
1807 4299 2063 4354 videatur
2095 4295 2254 4352 labor
2281 4296 2374 4351 ille
2408 4304 2726 4365 assumptus
2760 4308 2790 4348 a
2839 4292 3119 4363 Sealigero
3159 4306 3272 4346 non
3304 4288 3412 4344 alia
3455 4287 3527 4345 de
3570 4299 3737 4343 causa

469 4412 633 4469 quam
663 4404 741 4460 ut,
765 4394 981 4462 deiecto
1008 4392 1319 4454 Theodoro,
1356 4392 1592 4461 palmam
1619 4388 1725 4443 sibi
1771 4386 1825 4441 in
1855 4385 2063 4441 Graecis
2097 4395 2261 4456 atque
2289 4384 2500 4439 Latinis
2526 4383 2713 4454 gloria
2746 4382 3164 4452 adipisceretur.
3204 4378 3323 4435 Uno
3352 4386 3532 4434 tamen
3569 4374 3739 4431 verba

472 4464 760 4543 sciendum
796 4494 898 4549 est,
936 4498 1046 4538 non
1082 4497 1205 4537 esse
1264 4482 1500 4545 minora,
1534 4494 1657 4550 qua:
1685 4482 1737 4533 in
1769 4476 2036 4547 Scaligeri
2068 4471 2527 4544 interpretatione
2554 4482 2609 4527 et
2636 4469 3051 4525 commentariis
3084 4468 3233 4523 docti
3283 4473 3496 4529 notant,
3526 4464 3595 4520 iis
3618 4477 3741 4533 quae

473 4575 854 4633 i'nTbeodoro
895 4572 1138 4641 Scaliger
1172 4580 1497 4626 notaverat:
1532 4570 1643 4622 imo
1688 4567 1946 4621 eutndem
1983 4579 2091 4627 non
2128 4561 2490 4632 inteliigentia
2541 4569 2753 4614 tantum
2802 4560 3097 4613 verborum
3122 4598 3135 4620 ,
3169 4557 3263 4611 sed
3300 4554 3355 4609 in
3399 4567 3591 4607 eorum
3616 4567 3744 4608 sen-

477 4667 647 4729 tentia
677 4667 845 4723 etiam
877 4640 1068 4721 Latine
1094 4661 1453 4734 exprimenda
1483 4659 1785 4729 saepissime
1812 4655 1946 4712 labi.
1980 4653 2216 4707 Peraere
2245 4650 2376 4705 item
2412 4656 2499 4703 est
2524 4648 2593 4702 de
2626 4648 3083 4717 interpretatione
3113 4646 3383 4699 librorum
3416 4640 3741 4711 Theophra-

476 4762 568 4827 sti,
600 4775 764 4831 quam
808 4759 1037 4813 molitus
1064 4730 1362 4818 est-Gaza,
1394 4751 1624 4807 Joannis
1659 4748 1899 4817 CriSpini
1937 4742 2205 4815 iudicium
2231 4755 2247 4795 :
2275 4739 2532 4794 liwterum
2562 4738 2700 4806 quod
2724 4737 2963 4791 maxime
2994 4740 3114 4788 erat
3139 4732 3455 4804 optandum,
3492 4730 3744 4801 eloquen-

478 4819 684 4906 tissimo
711 4849 829 4902 uiro
856 4834 1189 4901 doctissimus
1218 4842 1403 4911 obtigit
1440 4843 1723 4903 interpres,
1754 4834 1995 4906 Scaliger
2020 4830 2112 4887 ille
2148 4830 2399 4884 nimirum
2420 4827 2609 4883 Latine
2633 4836 2683 4881 et
2722 4827 2937 4896 proprie
2969 4823 3262 4895 explicans,
3295 4836 3415 4893 quae
3438 4819 3741 4889 Theophra-

476 4950 589 5005 stus
627 4931 843 4995 Critolai
877 4936 1141 5008 quondam
1177 4932 1491 4987 tradiderat.
1531 4928 1643 4983 lloc
1672 4928 1887 4999 quidem
1921 4921 2176 4993 permulti
2202 4919 2383 4975 conati
2425 4932 2552 4975 sunt
2590 4917 2889 4990 perﬁcere,
2906 4916 3046 4968 inter
3078 4930 3209 4985 quos
3242 4911 3536 4968 Theodorus
3570 4910 3743 4972 Gaza.

478 5032 558 5087 uir
580 5000 980 5084 leruditissinius
1022 5035 1070 5080 et
1103 5040 1237 5089 suae,
1266 5024 1319 5077 id
1352 5032 1426 5075 est
1460 5020 1677 5083 (iratae,
1712 5017 1908 5087 linguw
1936 5009 2316 5087 peritissimus,
2354 5007 2504 5077 cujus
2532 5022 2660 5060 sane
2696 5004 2998 5081 laudandus
3023 5014 3095 5056 est
3124 5009 3343 5057 conatus
3367 5040 3395 5065 μ
3432 5000 3525 5054 sed
3568 5008 3743 5053 tamen

480 5122 734 5179 hactenus
767 5127 824 5173 ut
854 5111 1392 5189 agnoscamusillum
1443 5108 1769 5183 siveGra'ci,
1804 5112 1896 5159 aut
1933 5102 2113 5156 Latini
2142 5102 2400 5155 sermonis
2432 5114 2533 5152 non
2557 5099 2631 5151 ita
2665 5097 2915 5150 distincta
2962 5094 3261 5165 cognitione
3286 5134 3299 5157 ,
3332 5093 3439 5147 sive
3484 5088 3581 5155 rei,
3609 5091 3748 5161 quod

484 5208 820 5266 verisimilius
852 5181 947 5273 est,
975 5203 1323 5276 ignoratione,
1356 5181 1577 5268 inﬁnitis
1620 5194 2000 5267 propemodum
2029 5195 2081 5248 in
2116 5191 2243 5244 locis
2278 5191 2443 5259 fuisse
2468 5187 2882 5246 hallucinatum.
2911 5194 2967 5238 ut
3006 5183 3151 5238 Julia
3183 5181 3465 5253 Scaligero
3497 5181 3745 5249 ἁρμοστῇ

485 5309 534 5358 et
565 5299 903 5353 emendatore
931 5271 1058 5364 opus
1090 5291 1354 5347 habuerit.
1390 5286 1669 5357 Quidquid
1699 5293 1769 5338 sit
1803 5284 1870 5338 de
1897 5280 2425 5337 ballucinationibus
2456 5278 2634 5343 Came,
2683 5292 2826 5332 anne
2870 5274 3126 5351 Crispino
3170 5271 3588 5329 eruditissimus
3639 5276 3747 5332 est,

487 5391 732 5462 itemque
762 5358 1190 5457 linguai-Graecae
1222 5380 1587 5452 peritissimus
1609 5379 1747 5446 ι(ιιιί
1775 5372 1964 5431 Cnet-i-
1981 5371 2257 5427 sermonis
2306 5367 2717 5425 distinctionem
2752 5366 2978 5421 nullam.
2998 5364 3187 5428 habet,
3217 5368 3275 5416 et
3303 5374 3485 5443 rerum
3526 5358 3745 5456 ignora-

490 5445 658 5541 tione:
684 5445 913 5533 inﬁnitis
944 5445 1341 5545 propemodum
1375 5471 1428 5523 io
1464 5467 1600 5522 locis
1635 5460 2045 5520 hallucinatur?
2074 5460 2373 5529 Scaligero,
2406 5470 2515 5526 quo
2542 5456 2662 5511 viro
2680 5456 2704 5509 ε·
2727 5452 2871 5525 apud
2898 5451 3554 5521 Crispinummsscrente,
3583 5445 3747 5509 innu-

489 5567 661 5623 meris
691 5578 860 5636 prope
894 5534 1121 5621 suorum
1155 5557 1685 5616 commentariorum
1717 5554 1769 5607 in
1797 5553 2244 5623 Theophrastum
2274 5547 2433 5611 locis,
2456 5543 2811 5600 Theodorum
2847 5544 3122 5598 imitatum
3145 5552 3374 5594 suorum
3404 5534 3746 5609 popularium

490 5625 902 5727 negligentiam,
939 5652 1213 5721 ambiguis
1244 5650 1429 5702 verbis
1458 5645 1557 5709 uti,
1588 5643 1754 5699 nimis
1782 5657 1966 5696 rerum
2010 5654 2147 5711 quas
2199 5646 2399 5694 tractat
2426 5634 3051 5703 ordinem-pervertere.
3089 5639 3145 5683 et
3174 5625 3407 5697 pessime
3444 5636 3499 5680 et
3530 5625 3748 5680 semila-

495 5715 606 5801 utth
636 5715 953 5812 transferre,
987 5743 1053 5798 de
1086 5715 1533 5810 suoque-addere
1564 5743 1754 5791 contra
1796 5730 1956 5787 ﬁdem
2013 5729 2381 5803 interpretum
2413 5765 2445 5795 ,-
2480 5740 2602 5797 quae
2631 5731 2715 5781 est
2746 5731 2805 5779 ut
2844 5716 2959 5794 ipse
3007 5718 3249 5790 explicet
3298 5731 3408 5774 non
3448 5715 3581 5788 quid
3634 5716 3747 5784 ipse
