4036 6144
310 207 450 280 1025

1377 210 1749 278 NOVELLrE
1788 206 2485 276 CONSTITUTIONES.

3446 199 3583 269 1026

299 322 608 404 ἁμαρτίαις
655 332 1140 405 προφασιζόμενοι,
1197 333 1278 388 ὅτι
1327 337 1469 406 ὑπὲρ
1503 335 1600 404 τῆς
1628 333 1899 402 συλλογῆς

2024 333 2356 402 tmnia,quae
2410 331 2544 401 ipsis
2601 331 2894 386 commissa
2951 326 3175 384 fuerunt
3229 344 3260 383 ο
3313 326 3590 399 praedictis

300 430 437 483 αὐτὸ
472 426 688 482 ποιοῦσι
711 429 819 482 τῶν
849 431 913 484 ὲκ
944 429 1125 483 κοινοῦ
1152 429 1384 502 ἐράνων,
1421 432 1738 500 ἀνηκόντων
1770 433 1892 492 ταῖς

302 527 600 593 κοσμικαῖς
647 525 848 602 ὲξῦδοις
873 542 932 578 τε
964 526 1060 581 καὶ
1107 525 1464 596 ὑπηρεσίαις.
1511 526 1623 580 Καὶ
1656 543 1897 580 τοιουτο-

299 618 520 690 τρόπως
544 618 604 671 οὐ
640 620 800 688 μόνον
834 618 1178 687 ὲπιτρίὸεται
1227 619 1398 690 ῥύπος
1429 619 1543 681 τοῖς
1570 618 1895 687 τετελευτη-

302 711 478 774 κόσιν,
517 713 602 780 ἐφ’
638 704 718 774 οἷς
746 711 1009 780 ἄντικρυς
1039 713 1136 765 καὶ
1163 714 1188 764 ό
1215 711 1524 781 Ψαλμῳδδς
1546 711 1635 764 διὰ
1675 713 1774 780 τῆς
1805 711 1898 764 λύ-

306 819 405 872 ρας
429 802 523 854 τοῦ
544 803 862 872 Πνεῦμαίιος
890 802 982 856 τὸν
1010 803 1304 873 ἐπιτάφιον
1336 803 1503 872 ὕμνον
1537 802 1726 856 πλέκει
1753 802 1900 855 Οειόο

300 913 466 966 τερον
533 897 731 965 Τίμιος
786 895 1069 951 ἐναντίον
1119 900 1346 965 Κυρίου
1397 900 1432 952 ὁ
1484 895 1745 963 θάνατος
1780 896 1937 962 τῶν·¹

305 987 495 1040 ὁσίων
539 987 730 1041 αὑτοῦ
755 1006 769 1018 ·
801 988 942 1042 ἀλλὰ
972 989 1068 1041 καὶ
1095 989 1164 1042 τὰ
1185 989 1308 1042 θεῖα
1332 991 1538 1059 τεμένη
1572 988 1900 1057 στυγνάζειν

301 1078 470 1128 οἱονεὶ
493 1076 660 1144 δοκεῖ,
711 1079 1098 1151 περιῃρημένα
1151 1082 1245 1134 καὶ
1295 1079 1754 1150 περικεκομμὲνα
1801 1082 1901 1148 τὴν

307 1170 720 1239 ἐπικοσμοῦσαν
746 1172 884 1225 αὐτὰ
913 1173 1280 1245 λαμπρότητα
1305 1173 1370 1228 ἔκ
1397 1191 1454 1226 τε
1487 1173 1776 1243 φιιιταψίας
1807 1175 1902 1228 καὶ

306 1257 502 1328 ἐτέρας
539 1257 869 1330 ὑπηρεσίας,
929 1263 962 1332 ἢ
1001 1265 1139 1334 πρδς
1170 1263 1230 1316 τὸ
1266 1265 1411 1316 πάνυ
1466 1264 1644 1326 ἐνδεὲς
1678 1266 1904 1318 ἀντιπε-

309 1353 588 1421 ριῖσταται
619 1353 716 1422 τῆς
762 1354 1011 1424 δαπάνης
1072 1355 1428 1426 ἐκλιπούσης,
1475 1358 1541 1426 ἣν
1570 1357 1629 1411 αἱ
1661 1356 1902 1424 ἀφειδεῖς

305 1445 419 1498 τῶν
444 1446 772 1517 πρακτόρων
799 1449 1134 1518 σεσυλήκασι
1165 1451 1370 1519 χεῖρες.

318 1578 323 1583 .
391 1537 458 1590 Ἥ
479 1539 610 1606 γοῦν
647 1538 900 1607 βασιλεία
956 1558 1056 1610 μου
1093 1542 1356 1609 ἀθέμιτον
1386 1537 1718 1596 εἶναιτοῦτο
1758 1543 1907 1610 λογι-

309 1629 542 1699 ζομένη,
578 1629 875 1715 διορίζεται
921 1633 1010 1686 διὰ
1066 1634 1157 1686 τοῦ
1198 1635 1463 1704 παρόντος
1497 1635 1904 1706 χρυσοϐούλλου

1997 423 2477 504 eorutirduii'iitiis,
2507 424 2804 488 Potestate,
2830 423 3132 490 Capitaueo
3160 429 3216 477 et
3245 431 3358 476 toto
3431 417 3567 476 Com

1999 517 2144 571 muni
2167 514 2397 572 Januaa:
2433 525 2700 572 venerunt
2732 517 2796 569 ad
2844 515 3134 583 Imperium
3189 521 3462 578 uostrmn,
3493 511 3598 566 Im-

1999 610 2210 679 perium
2248 620 2497 666 nostrum
2519 611 2727 680 recepit
2758 611 2977 664 eosdem
3037 608 3314 674 hilariter,
3363 608 3588 661 honori-

2005 704 2127 768 Iice,
2159 714 2214 759 et
2246 705 2406 760 locuti.
2438 703 2657 758 fuerunt
2690 719 2812 758 cum
2880 702 3114 772 Imperio
3163 711 3352 756 nostro
3409 699 3593 755 omnia

2004 799 2266 864 capitula,
2309 814 2430 866 qua:
2455 797 2537 852 eis
2566 799 2856 853 commissa
2885 796 3104 851 fuerunt
3133 794 3390 865 petenda,
3420 802 3473 848 et
3502 808 3596 863 pe-

2004 895 2210 947 tierunt
2237 892 2305 945 ab
2337 892 2452 960 ipso
2477 891 2710 962 Imperio
2741 900 2924 944 nostro
2954 890 3208 944 eﬂ'ectum
3233 886 3550 944 earumdem
3581 900 3598 937 :

2005 985 2386 1060 descendimus
2441 994 2495 1038 et
2553 994 2798 1038 nostrum
2857 982 3153 1052 Imperium
3215 980 3603 1036 condescendit

2003 1081 2071 1133 ml
2100 1079 2361 1149 praedicta
2394 1079 2630 1146 capitula
2662 1077 3007 1147 complenda,
3039 1087 3093 1130 et
3121 1075 3331 1145 juravit
3389 1081 3444 1128 et
3468 1088 3595 1142 pro-

2007 1173 2158 1226 misit
2174 1171 2333 1225 dictis
2357 1171 2564 1224 nuntiis
2583 1180 2636 1224 et
2659 1170 3113 1238 procuratoribus
3139 1177 3304 1238 atque
3326 1167 3591 1240 syndicis,

2008 1265 2399 1334 recipientibus
2436 1263 2656 1317 ncinine
2688 1273 2742 1316 et
2771 1262 2887 1316 vice
2923 1261 3246 1317 Communis
3267 1258 3456 1314 Ianua!
3485 1259 3601 1328 ipsa

2007 1356 2240 1426 capitula
2268 1367 2316 1408 et
2336 1371 2575 1426 prteseus
2599 1355 2940 1425 privilegium
2972 1355 3035 1409 de
3064 1369 3228 1408 aurea
3262 1355 3400 1408 bulla
3434 1354 3608 1422 Impe.

2008 1449 2074 1502 ι’·ἰὶ
2106 1447 2274 1501 nostri
2312 1449 2599 1510 munitum,
2632 1448 2697 1499 ad
2721 1454 2908 1499 sancta
2939 1446 3030 1500 Dei
3055 1443 3332 1516 evangelia
3365 1443 3603 1499 ethOno-

2009 1539 2216 1595 rilicam
2247 1547 2300 1594 et
2335 1540 2739 1602 vivilicatricem
2770 1554 2986 1594 crucem
3016 1549 3069 1592 et
3108 1553 3297 1592 omnes
3335 1544 3554 1591 sanctos
3582 1553 3598 1590 ι

2086 1633 2377 1702 Imprimis,
2419 1633 2559 1700 quod
2595 1648 2624 1684 a
2672 1631 2907 1702 presenti
2963 1631 3050 1685 die
3098 1630 3318 1685 inantea
3379 1629 3603 1685 habebit

310 1722 472 1792 λόγου
509 1725 698 1790 αὐτῆς.
734 1727 871 1778 ἐπὰν
928 1729 1009 1790 εἷς
1041 1746 1165 1780 τινα
1193 1729 1302 1780 τῶν
1355 1729 1774 1800 μητροπολιτῶν
1808 1730 1908 1782 καὶ

2024 1725 2313 1798 Imperium
2352 1737 2593 1780 nostrum
2633 1737 2687 1781 et
2715 1740 3070 1780 successores
3121 1725 3242 1794 ejus
3275 1739 3518 1778 amorem
3552 1735 3605 1773 ιιι

311 1817 423 1870 τῶν
457 1819 775 1871 ἐπισκόπων
825 1819 1111 1891 ἐπισυμὸῇ
1143 1822 1398 1885 θάνατος,
1440 1824 1516 1892 μὴ
1545 1823 1682 1875 πόδα
1722 1839 1908 1891 παρα-

315 1909 537 1978 δὰλλειν
563 1910 699 1971 ὅλως
730 1913 856 1974 τοὺς
907 1912 1049 1964 κατὰ
1101 1913 1296 1983 καιρὸν
1340 1913 1543 1976 δοῦκας
1572 1914 1908 1983 οίουδήτινος

316 2001 554 2069 θέματος
582 2003 615 2071 ἦ
647 2021 770 2057 τινα
799 2004 908 2056 τῶν
959 2004 1050 2057 ὕπ’
1080 2005 1281 2068 αὐτοὺς
1322 2007 1655 2076 πρακτόρων
1703 2009 1763 2058 ὲν
1795 2008 1910 2070 τοῖς

315 2095 552 2158 κελλίοις
578 2095 685 2147 τῶν
709 2096 1178 2166 τετελευτηκότων
1207 2097 1536 2167 ἀρχιερέων,
1569 2098 1909 2168 μητροπολι-

315 2189 427 2242 τῶν
446 2188 690 2258 δηλονότι
720 2191 817 2243 καὶ
848 2192 1188 2255 ἐπισκόπων,
1214 2192 1309 2244 καὶ
1340 2191 1400 2243 τὸ
1423 2190 1660 2261 οἱονδήτι
1697 2189 1910 2243 ἐκεῖθεν

317 2281 826 2352 ἀναλαμϐάνεσθαι,
854 2284 887 2354 ἢ
920 2283 1046 2346 τοὺς
1099 2284 1281 2335 ἐκεῖσε
1322 2282 1818 2353 προσκαθημένους
1850 2300 1910 2335 τε

320 2373 416 2427 καὶ
471 2373 917 2445 παρευρεϐέντας
966 2377 1294 2443 «pom/avsi;
1354 2375 1536 2428 αὐτῶν
1593 2374 1626 2444 ἢ
1673 2377 1798 2437 τοὺς
1831 2377 1910 2438 είς

317 2465 631 2533 ὑπηρεσίαν
658 2466 1140 2535 ἁποτεταγμὲνους
1161 2469 1274 2529 τοῖς
1308 2466 1554 2536 ῥηθεῖσιν
1581 2464 1910 2536 ἀρχιερεῦσι

320 2559 694 2626 κατακρατεῖν
722 2558 818 2611 καὶ
849 2557 1033 2610 ἕλκειν
1059 2561 1140 2621 είς
1170 2559 1322 2611 δόσιν
1377 2558 1763 2627 νομισμάτων,
1816 2558 1914 2610 καὶ

317 2649 380 2699 rb
413 2649 647 2720 οἱονδήτι
676 2651 784 2704 ἀπὸ
836 2651 1045 2704 τούτων
1095 2652 1603 2721 ἀναλαμϐάνεσθαι.
1648 2655 1918 2726 Ἀποτραο

321 2745 562 2812 πήσεται
587 2744 678 2798 καὶ
707 2746 816 2808 πᾶς
847 2746 1056 2800 ἐκεῖθεν
1084 2747 1399 2815 διασειστὴς
1423 2751 1489 2819 τῇ
1517 2750 1790 2820 ὲμφανείᾳ
1819 2747 1914 2802 τοῦ

326 2833 596 2903 παρόντος
655 2834 1056 2904 χρυσοδούλλου
1113 2836 1273 2905 λόγου
1325 2840 1425 2906 τῆς
1458 2838 1742 2908 βασιλείας
1787 2857 1915 2910 μου.

322 2923 406 2976 Τὰ
448 2923 504 2975 δὲ
565 2923 978 2995 παρευρεθιντα
1013 2929 1070 2981 ὲν
1128 2929 1239 2990 τοῖς
1271 2913 1520 2992 ’κελλίοις
1562 2929 1672 2983 τῶν
1727 2932 1916 3000 ἀρχιε-

2015 1834 2200 1890 pacem
2226 1828 2543 1888 perpetuam
2577 1834 2698 1871 cum
2721 1808 3016 1872 Communi
3074 1816 3262 1871 Jauuat
3286 1825 3340 1871 et
3409 1814 3611 1870 Distri-

2015 1910 2284 1964 ctualibus
2325 1911 2464 1979 ejus,
2499 1920 2555 1964 et
2583 1911 2724 1979 quod
2759 1909 2981 1962 habebit
3014 1923 3270 1978 gnerram
3303 1912 3368 1962 de
3403 1917 3606 1962 caetero

2015 2020 2136 2058 cum
2172 2002 2458 2056 Communi
2487 2001 2819 2056 Venetorum
2848 1994 2900 2054 et
2942 2016 3064 2053 cum
3104 2000 3326 2055 Venetis
3353 2003 3608 2056 omnibus

2015 2097 2253 2150 inimicis
2294 2097 2517 2161 nostris,
2565 2105 2620 2150 et
2663 2093 2805 2165 quod
2847 2110 2954 2149 non
3013 2093 3178 2150 faciet
3240 2111 3454 2164 pacem,
3483 2112 3605 2150 CUm

2016 2192 2136 2260 ipso
2171 2190 2488 2257 Communi,
2524 2199 2768 2260 treugam
2813 2204 2910 2243 nec
2946 2189 3295 2244 concordiam
3329 2193 3446 2244 sine
3478 2205 3613 2242 con-

2017 2284 2250 2338 scientia
2298 2293 2356 2339 et
2385 2283 2665 2337 voluntate
2695 2282 3018 2338 Communis
3052 2281 3266 2336 Jautue.
3296 2282 3360 2336 Et
3399 2283 3607 2336 dictum

2016 2376 2329 2432 Commune
2380 2375 2576 2432 Janute
2620 2393 2726 2431 non
2771 2377 2930 2431 faciet
2978 2392 3190 2446 pacem,
3229 2387 3470 2448 treugam
3516 2392 3611 2428 uc-

2018 2486 2122 2539 que
2177 2470 2526 2525 concordiam
2589 2485 2710 2524 cum
2772 2469 2888 2539 ipso
2941 2470 3223 2524 Communi
3277 2471 3607 2526 Venetorum

2018 2567 2138 2620 sine
2168 2565 2502 2620 conscientia
2526 2576 2582 2622 et
2624 2565 2904 2620 voluntate
2942 2565 3112 2618 nostri
3143 2564 3383 2631 Imperii.

2091 2660 2247 2724 Item,
2283 2659 2426 2729 quod
2452 2659 2686 2713 salvabit
2718 2673 2812 2727 per
2842 2675 2902 2713 se
2929 2668 2983 2712 et
3039 2657 3289 2711 homines
3323 2657 3404 2710 sui
3431 2656 3610 2727 Impe-

2023 2753 2109 2814 tii,
2143 2767 2282 2822 quos
2325 2752 2489 2806 habet
2515 2761 2570 2806 et
2603 2749 2696 2806 Dei
2729 2751 3104 2806 misericordia
3156 2750 3502 2820 adquisierit,
3554 2751 3608 2804 in

2022 2845 2160 2899 mari
2184 2855 2235 2900 et
2268 2853 2435 2910 terra,
2470 2845 2520 2897 in
2548 2846 2794 2914 portibus
2824 2855 2878 2899 et
2913 2843 3131 2909 insulis,
3167 2859 3307 2914 quos
3362 2853 3417 2898 et
3474 2859 3610 2912 quas

2021 2938 2188 2993 habet
2219 2937 2318 3010 [et]
2344 2938 2408 2993 de
2437 2948 2635 2992 caetero
2662 2938 2842 2993 divina
2894 2937 3094 3006 pietate
3117 2935 3460 3006 adquisierit,
3492 2937 3613 2988 nni-

329 3022 490 3089 ρέων,
523 3020 589 3074 ἄν
629 3039 686 3075 τε
723 3023 905 3094 βιϐλία
952 3019 1107 3089 ὦσιν,
1143 3027 1207 3080 ἄν
1235 3043 1295 3078 τε
1327 3025 1558 3095 ζωαρκῆ
1589 3027 1729 3095 εἴδη,
1757 3027 1822 3082 ἄν
1852 3043 1909 3080 τε

2024 3049 2206 3091 versos
2239 3033 2545 3089 Jamtcnses
2579 3043 2633 3088 et
2672 3033 3040 3089 districtuales
3061 3029 3251 3086 Jauuae
3275 3041 3464 3096 eteos.
3503 3033 3604 3102 qni

325 3113 444 3178 ζῶα
473 3120 568 3168 καὶ
597 3116 764 3189 ἕτερά
788 3135 912 3172 τινα
932 3119 1191 3190 χρειώδη,
1223 3118 1670 3189 παρακελεύεται
1695 3120 1729 3188 ἡ
1767 3119 1922 3189 βασι-

328 3206 451 3258 λεία
484 3225 612 3275 pou,
664 3210 1119 3282 παραλαμϐάνειν
1166 3212 1308 3265 αὐτὰ
1336 3211 1426 3265 τὸν
1468 3210 1555 3280 ἐφ’
1591 3212 1801 3283 ἑκάστῃ
1829 3213 1921 3264 ὲκ-

330 3295 534 3367 κλησίᾳ
563 3299 852 3368 οξκονόμον
903 3293 1139 3354 ἐνώπιον
1177 3301 1274 3354 τοῦ
1321 3301 1526 3374 κλήρου
1564 3301 1788 3368 παντὸς,
1824 3306 1921 3358 καὶ

329 3390 661 3459 οἰκονομεῖν,
706 3389 848 3444 ὥστε
896 3391 1200 3455 ἀνελλιπῶς
1252 3395 1348 3447 καὶ
1380 3393 1644 3464 θεοφιλῶς
1675 3394 1920 3464 γίνεσθαι

333 3483 514 3534 πᾶσαν
544 3483 645 3551 τὴν
674 3483 1138 3555 ἐκκλησιαστικὴν
1172 3487 1488 3554 οἰκονομίαν
1537 3503 1597 3538 τε
1629 3488 1724 3539 καὶ
1751 3486 1921 3540 κατά.-

335 3591 547 3640 στασιν,
582 3575 774 3645 μέχρις
806 3577 872 3630 ἂν
899 3577 1085 3648 ἕτερος
1112 3578 1395 3649 ὲνδημήσῃ
1427 3577 1744 3648 ἀρχιερεύς.

418 3670 539 3723 Ἐπὶ
573 3670 747 3741 τούτῳ
773 3671 882 3739 γὰρ
909 3673 936 3725 ὁ
985 3671 1176 3740 παρὼν
1206 3670 1603 3740 χρυσὸεουλλος
1633 3671 1716 3736 λό)
1732 3687 1791 3733 ος
1824 3670 1923 3737 τῆς

337 3763 616 3834 βασιλείας
650 3782 750 3833 μου
777 3764 1023 3831 ἐγεγόνει
1048 3765 1254 3824 πάσαις
1275 3766 1398 3826 ταῖς
1422 3763 1481 3815 ἐν
1505 3766 1572 3832 τῇ
1604 3761 1760 3834 χώρα
1790 3762 1924 3815 “cati-

336 3872 404 3929 τῃ
445 3856 808 3926 μητροπόλεσι
845 3856 938 3908 καὶ
966 3857 1295 3916 ὲπισκοπαῖς
1332 3855 1412 3916 εἰς
1445 3854 1750 3924 ἀσφάλειαν
1785 3856 1922 3907 αίω-

337 3949 611 4014 νίζουσαν,
643 3946 938 4012 ἀπολυθεὶς
966 3948 1112 4002 κατὰ
1144 3949 1236 4000 τὸν
1282 3947 1620 4018 Δεκέμϐριον
1647 3946 1794 4017 μῆνα
1821 3947 1924 4017 τῆς

339 4035 382 4106 β’
417 4040 798 4109 ὲπινεμήσεως
821 4037 916 4091 τοῦ
946 4038 1123 4110 ,ςψλςι
1151 4038 1323 4106 ἔτους,
1353 4042 1410 4093 ὲν
1444 4033 1490 4107 ᾧ
1538 4041 1600 4092 τὸ
1648 4041 1924 4111 ἡμέτερον

336 4131 562 4196 εὐσεϐὲς
592 4129 688 4184 καὶ
714 4130 1118 4203 θεοπρόϐλητον
1153 4135 1550 4206 ὕπεσημήνατο
1573 4135 1800 4204 κράτος.

338 4295 430 4352 ιν.
471 4295 612 4364 Imp.
653 4295 931 4352 Michaelis
983 4297 1276 4367 Palwologi
1322 4312 1486 4351 aurea
1511 4296 1658 4351 bulla
1684 4313 1778 4367 pro
1818 4293 1925 4350 Ge-

731 4369 1037 4422 nuensibus.
1084 4369 1152 4438 (f)
1205 4372 1293 4440 (Α.
1329 4370 1516 4438 tibi.)

344 4478 578 4535 Michael
619 4482 670 4535 in
705 4481 887 4537 Cristo
924 4482 1034 4538 Deo
1074 4481 1251 4536 Ildelis
1285 4479 1584 4552 Imperator
1616 4480 1925 4536 bloderator

414 4575 729 4632 Gmcorum
754 4575 927 4629 Ducas
943 4574 1182 4645 Angelus
1200 4572 1563 4646 Comln]enus
1580 4571 1924 4644 Paleologus.

413 4692 494 4746 Ex
525 4705 634 4758 quo
659 4688 987 4744 Guillelmus
1010 4684 1329 4742 Vicecomes
1356 4696 1411 4741 et
1449 4686 1793 4742 Guarnerius
1831 4684 1930 4740 Ju-

337 4787 438 4840 dex
463 4783 698 4851 delegati
735 4781 960 4836 fuerunt
991 4780 1248 4834 mandato
1284 4778 1636 4834 dominorum
1670 4795 1923 4844 suorum,

335 4877 588 4930 videlicet
623 4873 837 4927 Domini
867 4872 1082 4927 Martini
1106 4871 1174 4926 de
1200 4871 1365 4927 Facio
1398 4871 1688 4927 Potestatis
1709 4869 1922 4938 Jauutc,

340 4969 402 5022 D.
435 4964 714 5021 Guillelmi
747 4965 967 5020 Boucha
990 4963 1142 5034 Nigr.
1195 4963 1479 5033 Capitauei
1510 4962 1754 5038 ﬂauum,
1797 4971 1930 5016 cou-

344 5075 513 5114 sensu
545 5067 601 5112 et
623 5058 900 5112 communi
931 5055 1162 5111 consilio
1191 5065 1317 5109 octo
1381 5054 1662 5110 Nobilium
1693 5064 1751 5108 et
1818 5054 1932 5106 An-

342 5153 618 5206 tianorum
654 5150 838 5220 populi
870 5158 926 5202 et
948 5148 1270 5204 Communis
1300 5146 1516 5214 Ianua,
1549 5148 1616 5203 ad
1674 5155 1926 5202 nostrum

347 5243 645 5315 Imperium
674 5241 913 5314 syndici,
944 5241 1126 5296 nuntii
1149 5251 1204 5295 et
1261 5251 1662 5310 procuratores,
1714 5239 1783 5293 ad
1846 5243 1929 5293 lo-

338 5336 638 5407 quendum,
703 5336 1021 5406 petendum,
1055 5333 1421 5397 laetandum,
1463 5332 1927 5399 conﬁrmandum,

341 5429 721 5485 at'lirmandum
747 5437 804 5485 et
834 5429 1226 5499 complendum
1268 5444 1393 5484 cum
1440 5427 1681 5498 Imperio
1741 5440 1929 5483 nostro

411 5568 945 5640 (hEdiditDucango
975 5571 1028 5623 iu
1087 5568 1300 5640 Recueil
1345 5569 1408 5622 de
1484 5568 1711 5623 diverse:
1759 5566 1927 5636 piéces

343 5639 475 5713 patir
505 5641 671 5694 l'hist.
704 5644 767 5694 de
793 5639 1004 5713 Const”
1027 5643 1116 5696 ed.
1156 5639 1356 5713 I’aris_.,
1391 5656 1441 5704 p.
1471 5641 1504 5694 9
1537 5656 1659 5708 sqq.

414 5713 699 5783 (q)Aueam
733 5718 922 5780 (prope
946 5711 1264 5780 Ephesum).
1296 5709 1609 5780 Smyrnam,
1634 5711 1925 5780 Adramyt-

665 5805 933 5866 ΡΑτιιοι.
980 5805 1097 5864 Gn.
1145 5805 1350 5863 CLXI.

2021 3127 2324 3182 Januenses
2353 3125 2791 3194 appellabuntur,
2819 3126 2872 3181 in
2896 3126 3148 3194 personis
3178 3136 3232 3180 et
3276 3125 3437 3179 rebus
3466 3139 3604 3177 nau-

2027 3218 2232 3287 fragos,
2263 3219 2388 3271 dum
2420 3228 2598 3271 tamen
2637 3218 2964 3273 testiﬁcetur
3020 3218 3281 3274 Potestati
3340 3216 3602 3272 Ianuensi

2024 3324 2120 3366 seu
2151 3308 2405 3380 Capitulo
2437 3311 2516 3364 vel
2544 3310 2874 3365 Consulibus
2926 3310 3136 3376 Ianum,
3171 3314 3262 3382 qui
3320 3321 3449 3364 tunc
3483 3308 3606 3363 lue-

2028 3403 2138 3457 rint
2169 3403 2219 3455 in
2247 3403 2490 3472 partibus
2519 3401 2816 3469 Romaniae,
2879 3418 2974 3457 eos
3003 3404 3253 3473 cognitos
3299 3401 3604 3459 Januenscs

2027 3493 2108 3549 vel
2129 3494 2405 3549 districtus
2433 3493 2620 3549 Januc
2653 3494 2734 3548 vel
2768 3498 2943 3550 dictos
2974 3494 3304 3552 Januenses.

2097 3587 2232 3641 Item
2260 3589 2406 3642 dedit
2443 3597 2498 3642 et
2529 3592 2800 3644 cancessit
2823 3591 2988 3644 dictis
3040 3590 3246 3644 nuntiis
3268 3601 3321 3643 et
3344 3589 3610 3662 syudicis,

2027 3683 2417 3751 recipientibus
2451 3684 2669 3738 nomine
2724 3693 2776 3738 et
2806 3685 2921 3739 vice
2969 3683 3289 3739 Communis
3342 3682 3533 3739 Ianua:
3559 3693 3617 3738 et

2027 3775 2361 3843 singulorqu
2391 3775 2748 3832 Januensium
2777 3779 3075 3834 secundum
3102 3778 3440 3843 libertatem,
3465 3780 3616 3832 fran-

2027 3869 2256 3921 chisiam
2292 3879 2346 3921 et
2381 3869 2784 3924 immunitatem
2839 3871 2905 3924 d'e
2937 3881 3136 3924 caetero
3169 3869 3220 3922 in
3283 3879 3607 3938 perpetuum

2029 3962 2082 4014 in
2117 3962 2253 4014 mari
2286 3970 2339 4015 et
2372 3970 2541 4026 terra,
2573 3963 2626 4016 in
2655 3963 2902 4032 portibus
2921 3962 3184 4017 etiusulis
3221 3964 3446 4027 nostris,
3472 3977 3614 4031 quos

2036 4068 2089 4112 et
2127 4072 2264 4126 quas
2301 4072 2448 4110 nunc
2486 4059 2649 4111 habet
2677 4055 2807 4128 [et]
2840 4057 2906 4110 de
2932 4065 3130 4110 caetero
3181 4054 3273 4107 Dei
3299 4056 3614 4108 misericor-

2028 4150 2115 4203 dia
2138 4148 2503 4218 adquisierit:
2538 4150 2613 4201 ita
2649 4157 2853 4210 tamen,
2889 4149 3031 4216 quod
3062 4160 3252 4198 omnes
3307 4141 3614 4198 Janueuscs

2025 4250 2083 4295 et
2119 4240 2399 4293 districtus
2424 4237 2784 4292 Janueusium
2840 4244 2898 4290 et
2950 4234 3079 4288 dicti
3141 4231 3446 4287 Jauuenses
3505 4233 3618 4286 sint

2033 4332 2240 4386 Iraucl-i
2276 4339 2329 4384 et
2355 4328 2510 4384 liberi
2534 4337 2589 4382 et
2621 4330 2891 4381 immunes
2916 4327 2971 4380 in
3006 4336 3118 4378 toto
3140 4325 3401 4393 praedicto
3433 4323 3609 4392 Impe-

2035 4423 2113 4475 rio
2146 4437 2265 4476 ιιιοο
2294 4421 2363 4475 ab
2378 4421 2526 4475 omni
2555 4420 2907 4483 commercio,
2939 4419 3139 4480 dacita.
3173 4417 3484 4483 exactione,
3527 4417 3614 4471 in-

2036 4516 2229 4569 traudo
2291 4513 2580 4583 Imperium
2631 4527 2812 4565 meum
2879 4522 2934 4566 et
2988 4510 3258 4573 exeundo,
3313 4508 3508 4562 stando
3562 4519 3619 4560 et

2033 4608 2214 4661 eundo
2246 4606 2313 4659 de
2352 4615 2492 4658 terra
2528 4602 2579 4655 in
2608 4613 2829 4665 terram,
2869 4617 2964 4670 per
2998 4615 3148 4653 mare
3183 4611 3234 4652 et
3257 4615 3353 4667 per
3391 4611 3616 4660 tcrram,

2036 4713 2158 4751 cum
2183 4697 2452 4751 mercibus
2483 4704 2537 4749 et
2569 4696 2686 4748 sine
2717 4695 2992 4747 mercibus
3020 4693 3147 4745 illuc
3176 4693 3368 4746 delatis
3399 4691 3482 4746 vel
3506 4690 3558 4744 ill
3587 4707 3618 4746 c

2038 4787 2254 4856 emptis,
2282 4803 2403 4841 cum
2425 4790 2530 4841 alio
2547 4785 2879 4850 deferendis,
2899 4785 3258 4854 personaliter
3278 4785 3357 4837 vel
3379 4784 3616 4839 realiter.

2109 4877 2242 4932 Item
2271 4880 2419 4933 dedit
2447 4889 2501 4934 et
2521 4881 2796 4935 concessit
2864 4881 2915 4933 in
2945 4881 3107 4933 terris
3157 4878 3534 4950 inlrascriptis
3563 4890 3621 4930 et

2037 4973 2284 5041 qualibet
2308 4988 2497 5027 earum
2535 4976 2601 5027 ad
2636 4974 2870 5028 liberum
2925 4973 3383 5043 proiirietatisjus
3439 4981 3496 5026 et
3525 4974 3624 5025 duo

2043 5064 2216 5128 minii,
2243 5065 2295 5116 in
2319 5064 2492 5127 Auea,
2521 5063 2792 5131 Simit'ris,
2829 5067 2880 5118 in
2905 5054 3238 5130 Landimuti,
3273 5076 3322 5119 el
3360 5063 3457 5120 Dei
3512 5068 3621 5116 uti-

2041 5157 2338 5213 sericordia
2362 5159 2415 5212 in
2439 5158 2940 5230 Constantinopoli,
2967 5169 3023 5212 et
3055 5159 3107 5212 in
3146 5159 3396 5226 partibus
3449 5158 3619 5209 Sarn-

2040 5251 2209 5318 nichi,
2240 5253 2380 5322 apud
2414 5252 2804 5319 Corsantlrum,
2839 5250 2913 5323 (g)
2949 5263 3005 5307 et
3038 5251 3403 5321 inlrascriptis
3427 5250 3620 5303 iusulls

2045 5356 2102 5401 et
2138 5346 2385 5416 qualibet
2408 5361 2621 5409 earum,
2653 5347 2867 5400 scilicet
2910 5347 2963 5401 in
3031 5345 3331 5408 Metelli,in
3375 5344 3524 5406 Seio,
3566 5353 3622 5394 et

2045 5431 2138 5488 Dei
2170 5434 2542 5491 misericordia
2576 5433 2628 5487 iu
2659 5431 2830 5499 Creti,
2858 5436 2908 5488 in
2969 5434 3339 5505 Negropoute,
3397 5432 3618 5502 logiam.

2036 5568 2201 5643 tium,
2259 5582 2312 5626 et
2370 5584 2569 5642 praeter
2613 5573 3124 5643 Constantinopolin
3174 5570 3620 5643 ThessaloniCa-u

2036 5653 2090 5695 et
2125 5641 2512 5697 Cassandriam
2548 5645 2632 5698 hic
2688 5647 2914 5698 indicati
2951 5641 3097 5698 notat
3127 5643 3294 5698 Zach.
3331 5660 3358 5694 tt
3391 5641 3547 5709 Ling.

3200 5798 3275 5860 33
