4036 6144
444 229 590 296 1027

1655 227 2268 292 CPOLITANORUM
2315 228 2526 289 IMPP.

3564 183 3739 284 loss

444 347 733 419 palatium,
760 342 1372 409 ecclesiam,balneum,
1409 342 1631 398 furnum
1663 351 1720 398 et
1739 341 2041 413 Iardinum,
2069 350 2122 412 Α
2161 341 2306 396 intra
2329 339 2501 410 ipsam
2529 336 2842 403 ecclesiam,
2887 343 2940 390 et
2995 334 3266 390 cimiterio
3317 333 3514 404 ipsius,
3568 341 3742 405 atque

445 446 500 494 et
520 439 712 494 domos
751 432 1082 492 sulhclentes
1135 435 1203 490 ad
1255 435 1444 491 stallos
1495 446 1883 498 mercatorum,
1928 433 2024 502 qui

443 527 647 584 ibidem
670 526 917 582 venerint
944 538 1106 580 causa
1142 525 1450 597 negotiandi
1481 541 1498 579 :
1533 526 1608 580 ita
1633 532 1838 586 tamen,
1864 526 2010 591 quod
2062 549 2064 551 >

447 620 670 691 ex'ipsis
701 619 886 689 aliqua
917 619 1111 689 pensio
1136 619 1244 688 peti
1275 632 1382 674 non
1443 619 1609 676 debet
1642 632 1748 673 nec
1779 618 1942 687 exigi,
1975 625 2030 673 et

449 716 502 770 in
532 713 814 785 praedictis
840 712 998 768 terris
1029 722 1086 768 et
1113 712 1310 768 insulis
1347 712 1552 769 habere
1585 711 1788 768 debent
1821 725 1877 766 et
1904 727 2030 782 pos-

395 873 406 883 _
447 808 556 863 sint
577 805 883 864 Januenscs
908 814 960 862 et
983 809 1036 862 ln
1066 805 1312 877 quallbet
1343 792 1533 860 earum
1564 807 1630 860 ad
1663 821 1854 882 eorum
1889 805 2028 860 velle

447 902 726 966 consules,
760 900 967 955 curiam
998 910 1055 956 et
1081 898 1527 970 iurisdictionem
1556 913 1763 953 meram
1792 907 1848 951 et
1887 898 2029 950 mix-

449 1001 562 1048 tam
596 991 650 1047 in
683 992 939 1048 civilibus
987 1003 1043 1047 et
1099 992 1490 1047 criminalibns
1547 991 1808 1046 omnibus
1870 1005 2036 1060 super

449 1087 704 1144 omnibus
726 1085 1097 1142 Januensibus
1123 1094 1178 1141 et
1227 1085 1294 1140 de
1349 1085 1610 1162 districto
1669 1085 1867 1141 Januae
1901 1082 2033 1158 [et]

450 1184 540 1251 qui
567 1180 822 1237 dicuntur
837 1177 1166 1234 Januenses.
1193 1177 1260 1233 Et
1298 1176 1344 1232 si
1379 1178 1608 1247 qntestio
1659 1178 1788 1245 erit,
1853 1185 2035 1232 utrum

451 1272 648 1343 aliquis
669 1272 774 1328 erit
797 1270 1092 1325 .lanuensis
1122 1269 1205 1324 vel
1239 1269 1306 1324 de
1335 1269 1596 1326 districta
1653 1269 1736 1323 vel
1791 1270 2036 1340 appella-

452 1378 562 1435 mr,
593 1366 846 1420 credetur
874 1373 1114 1418 etstetur
1149 1363 1446 1418 assertioni
1476 1363 1768 1419 consulum
1795 1360 2040 1416 Januen-

452 1458 615 1523 slum,
646 1458 737 1526 qui
774 1468 906 1512 tunc
939 1455 1199 1527 temporis
1253 1453 1479 1511 fuerim.
1536 1454 1798 1511 Promisit
1853 1465 2036 1510 autem

452 1558 508 1626 et
537 1549 817 1613 convenit,
846 1547 992 1616 quod
1019 1563 1125 1602 non
1167 1549 1400 1617 recipiet
1424 1548 1659 1617 aliquem
1697 1546 2036 1602 Januensem

455 1657 555 1696 nec
595 1643 662 1696 de
689 1641 945 1695 districto
980 1641 1032 1694 in
1060 1641 1329 1696 vasallum
1369 1641 1647 1695 hominem
1673 1656 1769 1696 seu
1799 1639 2044 1704 ﬁdelem,
2088 1676 2091 1677 ν

2148 433 2325 490 solum
2340 433 2507 488 castri
2545 429 2893 494 Venetorum,
2921 430 3065 500 quod
3114 430 3283 484 estin
3334 429 3451 498 ipsa
3479 427 3734 490 civitate,

2139 527 2187 583 si
2225 526 2425 581 dictum
2444 537 2736 580 commune
2756 523 3049 578 instantem
3070 532 3126 578 et
3141 521 3415 579 eﬂicacem
3439 521 3508 575 ad
3531 519 3736 575 dictam

2139 621 2417 676 civitatem
2465 617 2786 688 capiendam
2821 631 3140 673 succursum
3175 614 3392 671 miserit
3421 615 3735 684 galearum.

2208 714 2343 767 Item
2375 710 2528 767 dedit
2557 720 2614 765 et
2654 710 3072 780 conccssitiure
3116 701 3473 779 proprietatis
3514 717 3570 761 et
3630 707 3738 760 do-

2135 805 2287 860 minii
2315 821 2437 858 cum
2467 808 2622 874 plena
2651 803 3038 874 iurisdictione
3063 817 3212 858 mera
3239 811 3294 858 et
3362 800 3535 856 mixta
3595 798 3700 853 civi

2133 909 2299 954 tatem
2332 903 2444 956 sive
2467 901 2648 956 locum
2683 901 2903 956 Simirri
2927 910 2980 954 et
3007 904 3124 966 eius
3179 913 3396 970 portent
3463 915 3589 952 cum
3638 913 3736 951 su—

2135 993 2395 1060 pradictis
2430 995 2877 1063 possessionibus
2909 1002 2962 1046 ct
2998 993 3253 1048 diStrictu
3279 1003 3338 1046 et
3389 989 3732 1046 habitatori-

2137 1087 2261 1152 bus,
2293 1086 2520 1143 introitu
2556 1090 2818 1158 exituque
2872 1089 3040 1142 maris
3069 1093 3126 1143 et
3154 1096 3320 1144 terra
3379 1087 3619 1142 liberam
3673 1082 3742 1139 et

2138 1181 2471 1248 expeditam,
2497 1189 2760 1253 perpetuo
2786 1181 3181 1253 possidendam
3212 1193 3233 1236 :
3275 1179 3534 1236 vidi-licet
3557 1187 3738 1236 totum

2139 1269 2296 1336 illud,
2331 1275 2478 1343 quod
2511 1277 2752 1345 pertinet
2781 1277 3156 1346 imperatoriae
3217 1273 3521 1347 Majestati,
3568 1273 3742 1329 salvis

2135 1361 2354 1431 juribus
2379 1367 2730 1437 episcopatus
2759 1378 2818 1421 et
2856 1368 3219 1424 ecclesiarum
3254 1367 3430 1438 ipsius
3463 1367 3735 1428 civitatis,

2139 1465 2197 1510 et
2225 1471 2414 1511 eorum
2443 1458 2673 1514 militum
2707 1461 2796 1528 qui
2825 1469 2952 1515 sunt
2985 1459 3314 1529 privilegiati
3347 1460 3401 1514 in
3427 1460 3549 1530 ipsa
3581 1459 3730 1515 civi-

2150 1555 2260 1602 tate
2288 1549 2594 1604 inhabitare
2635 1551 2704 1604 ab
2738 1550 2977 1622 Imperio
3001 1565 3190 1605 nemo
3217 1549 3484 1605 inordine
3508 1548 3741 1612 militiae,

2149 1656 2268 1708 qure
2297 1645 2510 1696 cunctis
2543 1653 2627 1697 est
2652 1644 2801 1700 utilis
2858 1645 2928 1700 ad
2995 1658 3156 1698 usum
3207 1643 3643 1704 mercatienum,
3688 1650 3745 1693 et

455 1737 583 1806 quia
610 1749 830 1804 semper
859 1735 1044 1806 sitsub
1073 1735 1224 1790 curia
1263 1735 1730 1807 etjurisdietione
1751 1734 2040 1790 consulum
2080 1748 2126 1808 Β
2156 1731 2316 1786 habet
2341 1734 2537 1788 bonum
2558 1747 2774 1805 portum
2825 1745 2880 1790 et
2906 1746 2991 1790 est
3017 1733 3244 1790 attinens
3273 1734 3432 1788 bonis
3460 1730 3736 1787 omnibus.

455 1822 832 1888 Januensium,
887 1834 943 1880 et
989 1826 1090 1880 sub
1119 1826 1250 1896 ipsis
1282 1826 1613 1894 respondere
1642 1832 1891 1878 teneatur
1927 1833 2046 1877 tan-

457 1932 619 1985 quam
649 1917 784 1972 civis
808 1924 862 1971 et
899 1917 1170 1971 habitator
1199 1916 1509 1973 Januensis.

529 2010 659 2065 Item
697 2008 1028 2080 promisitet
1077 2009 1354 2073 convenit,
1413 2009 1559 2079 quod
1611 2025 1718 2064 non
1773 2007 2042 2076 impediet

462 2105 544 2159 vel
572 2103 819 2173 impediri
847 2101 1013 2156 faciet
1044 2117 1144 2156 nec
1168 2103 1446 2172 permittet
1483 2103 1536 2156 in
1559 2111 1672 2158 toto
1725 2111 1909 2156 nostro
1934 2100 2044 2155 lui-

459 2195 632 2263 perio,
663 2196 807 2264 quod
835 2192 998 2248 habet
1031 2205 1084 2248 et
1122 2195 1213 2248 Dei
1248 2193 1627 2249 misericordia
1692 2193 2040 2261 adquisierit,

459 2289 694 2362 aliquem
727 2288 1057 2346 .lnnuensem
1091 2290 1172 2342 vel
1200 2287 1268 2342 de
1311 2287 1567 2342 districto
1598 2288 1677 2341 vel
1726 2289 1931 2340 dictum
1957 2285 2050 2340 .Ia-

464 2398 725 2437 uuenscm
763 2396 860 2450 pro
904 2382 1050 2435 l'nelo
1102 2381 1182 2435 vel
1250 2381 1446 2435 delicto
1491 2383 1715 2436 alterius
1751 2382 2047 2436 occasione

464 2475 646 2545 aliqua
675 2474 730 2528 in
768 2474 1019 2542 personis
1047 2474 1130 2525 vel
1175 2473 1358 2534 rebus,
1395 2475 1488 2527 sed
1520 2487 1680 2542 pretia
1713 2489 1842 2527 suos
1863 2482 2044 2527 teneat

465 2576 741 2628 auctores,
781 2562 854 2618 ita
896 2561 1043 2630 quod
1076 2562 1257 2616 caueri
1285 2562 1490 2615 nullum
1524 2565 1780 2616 damnum
1817 2562 1898 2616 vel
1958 2564 2048 2616 lte—

463 2656 674 2712 aionem
705 2654 980 2725 patiantur
1015 2669 1112 2722 pro
1147 2653 1350 2708 delicto
1411 2653 1658 2716 alterius,
1719 2654 1905 2709 debito
1963 2654 2046 2707 vel

468 2751 676 2820 rapina.
711 2747 774 2803 Et
801 2747 846 2802 si
875 2748 1000 2817 quis
1018 2748 1118 2800 erit
1153 2758 1448 2800 accusatus
1479 2747 1562 2800 vel
1615 2747 1936 2815 inculpatus
1964 2747 2049 2800 vel

468 2841 763 2911 requisitos
793 2842 862 2896 de
901 2839 1085 2906 aliquo
1111 2838 1314 2901 debito,
1377 2838 1563 2905 rapina
1601 2841 1684 2893 vel
1720 2840 1920 2892 delicto
1944 2839 2048 2892 ali-

466 2937 646 3006 cujus,
671 2945 1037 3007 cognoscatur
1069 2935 1136 2987 de
1165 2931 1250 2985 his
1280 2931 1381 2986 sub
1404 2931 1556 2985 curia
1587 2941 1640 2986 et
1666 2931 2050 2999 iurisdictione

467 3029 751 3084 consulum
782 3023 1165 3085 lanuensium.
1196 3022 1262 3080 Et
1291 3024 1335 3080 si
1367 3023 1573 3092 aliquis
1605 3023 1668 3078 tle
1702 3033 1849 3078 terra
1874 3024 2049 3078 nostri

2221 1823 2482 1882 Promisit
2512 1828 2709 1882 iterum
2735 1840 2787 1883 et
2812 1829 3066 1883 convenit
3091 1831 3221 1881 dare
3249 1826 3537 1880 annuatim
3576 1839 3734 1880 com-

2149 1916 2504 1974 munilannze
2538 1935 2639 1990 pro
2668 1920 2950 1975 sulemniis
3013 1935 3307 1992 yperperos
3367 1919 3445 1989 (ἡ)
3477 1918 3743 1988 quingen-

2147 2023 2234 2067 tos
2265 2014 2441 2067 etdno
2467 2016 2627 2080 pallia
2652 2017 2939 2078 deaurata,
2965 2027 3020 2069 et
3081 2013 3588 2083 archiepiscopatui
3645 2009 3737 2065 Ja-

2146 2105 2434 2159 nuensium
2492 2119 2788 2176 yperpcros
2823 2102 2910 2158 LX
2940 2116 2995 2159 et
3043 2105 3263 2173 pallium
3302 2119 3476 2158 unum
3507 2104 3742 2158 deaura-

2148 2207 2283 2258 ttnn,
2318 2208 2374 2248 nt
2405 2209 2740 2250 metueretur
2773 2199 2824 2249 in
2871 2195 3156 2265 privilegio
3219 2194 3399 2248 felicis
3454 2192 3738 2246 memorie

2151 2289 2362 2345 Domini
2399 2290 2662 2344 Manttem
2712 2289 3060 2358 imperatoris
3089 2290 3362 2357 quondam
3393 2285 3737 2342 Grtrcortirtt.

2221 2382 2351 2437 Item
2384 2386 2637 2454 promisd
2681 2393 2735 2438 et
2765 2386 3040 2446 convenit,
3073 2381 3215 2452 quod
3277 2397 3388 2436 non
3451 2380 3608 2435 Iaciet
3676 2382 3743 2433 de

2151 2488 2347 2531 cancro
2370 2477 2641 2532 communi
2676 2475 2863 2530 Ianum
2912 2477 3166 2532 devetum
3221 2473 3446 2542 aliquod
3505 2475 3558 2525 in
3623 2484 3780 2524 tot.»

2149 2569 2296 2622 dicto
2357 2567 2612 2638 Imperio,
2647 2569 2791 2638 quod
2829 2569 2989 2622 habet
3016 2577 3070 2621 et
3105 2565 3197 2620 Dei
3232 2565 3610 2620 misericordia
3645 2563 3742 2625 ad-

2152 2663 2425 2730 quisierit.
2472 2665 2536 2714 de
2567 2662 2838 2729 aliquibus
2890 2648 3353 2723 mercatiOnibus,
3402 2657 3741 2712 vicinalibus

2153 2771 2314 2824 atque
2341 2773 2533 2825 gratio,
2594 2756 2687 2809 sed
2743 2753 2875 2824 ipsis
2925 2753 3314 2815 mercatioues,
3366 2751 3623 2812 victualia
3689 2759 3748 2802 et

2152 2867 2378 2922 granum
2401 2849 2675 2920 permittet
2696 2848 3021 2904 contrahere
3071 2850 3138 2915 de
3167 2856 3281 2900 toto
3302 2844 3416 2914 iatn
3462 2842 3748 2912 antedicto

2155 2942 2388 3012 Imperio
2422 2942 2673 2997 omnibus
2700 2952 2754 2995 et
2782 2942 3014 3008 singulis
3033 2939 3425 3004 Januenstbus,
3445 2946 3502 2992 et
3523 2935 3747 2990 deferre

2157 3035 2330 3091 libere
2354 3046 2407 3089 et
2436 3035 2708 3104 expedite.
2737 3035 2856 3088 sine
2889 3034 3074 3103 aliquo
3107 3032 3497 3102 impedimento
3527 3031 3747 3094 ducitur,

469 3121 715 3192 Imperii,
746 3117 828 3175 vel
850 3117 1048 3188 aliquis
1075 3119 1166 3188 qui
1202 3131 1309 3172 non
1334 3118 1406 3171 sit
1457 3117 1523 3170 tle
1584 3126 1774 3171 nostro
1809 3115 2048 3186 Imperio
2076 3124 2124 3179 ο
2157 3129 2475 3185 commercii
2506 3129 2622 3184 sive
2648 3127 2974 3181 εχιιριίοιηε,

473 3226 575 3269 non
604 3212 676 3268 sit
705 3207 1022 3276 Jauuensis,
1047 3205 1335 3268 offenderit
1363 3206 1600 3276 aliquem
1659 3209 2049 3276 praedictorum

467 3307 831 3364 Januensinm
871 3302 958 3359 vel
981 3304 1089 3359 erit
1122 3301 1336 3357 debitor
1367 3301 1433 3355 de
1469 3302 1652 3370 aliqua
1714 3302 2051 3370 quantitate,

476 3399 768 3472 Imperium
789 3406 1035 3456 nostrum
1064 3394 1326 3465 procedat
1355 3406 1406 3449 et
1431 3392 1592 3448 faciet
1609 3392 1881 3464 justitiam
1906 3411 2024 3450 sunt
2040 3425 2056 3436 -

473 3497 699 3552 mariatn
737 3503 791 3551 et
823 3493 1156 3564 expeditam.

544 3590 700 3652 Item,
725 3588 870 3655 quod
903 3598 1010 3638 non
1049 3584 1324 3654 permittet
1358 3585 1422 3638 de
1450 3593 1650 3638 caetero
1700 3584 1753 3637 in
1782 3594 1892 3636 tota
1953 3597 2053 3637 sua

477 3694 624 3738 terra
664 3683 745 3733 vel
780 3679 834 3733 in
880 3678 1070 3735 initdis
1100 3678 1273 3732 nostri
1317 3675 1552 3747 Impelli,
1584 3692 1720 3747 quas
1784 3676 1944 3732 habet
2001 3685 2056 3730 et

436 3775 567 3844 ,Dei
628 3770 1010 3828 misericordia
1072 3770 1417 3839 adquisierit,
1474 3771 1711 3839 aliquam
1782 3781 2054 3824 armatam

472 3867 615 3934 ﬁeri,
646 3866 787 3937 quod
811 3873 1020 3921 armata
1048 3863 1123 3918 sit
1148 3874 1204 3918 et
1234 3879 1357 3921 esse
1390 3863 1587 3919 debeat
1657 3875 1848 3918 contra
1903 3877 2056 3918 cont-

474 3977 636 4019 mnus
673 3957 863 4014 Jannre
886 3957 968 4012 vel
994 3955 1296 4015 Janueuses
1321 3971 1375 4013 et
1410 3956 1696 4012 districtus
1736 3972 1750 4008 :
1828 3974 1933 4011 non
1969 3971 2053 4010 re—

475 4053 716 4126 ceptabit
745 4066 925 4120 neque
952 4052 1223 4122 receptari
1278 4052 1556 4122 permittet
1602 4046 1838 4121 aliquam
1875 4066 2058 4104 arma-

477 4160 586 4203 tam
626 4158 816 4204 eoutra
847 4144 1154 4201 Januenses
1190 4149 1240 4199 in
1274 4155 1386 4200 toto
1418 4144 1564 4200 dictu
1602 4145 1858 4214 Imperio,
1884 4160 2060 4213 neque

473 4241 737 4300 concedet
767 4239 1008 4294 inimicis
1032 4241 1333 4293 communis
1361 4237 1722 4292 Januensium
1753 4249 2051 4293 mercatum

474 4331 721 4404 aliquod,
756 4329 1000 4399 esceptis
1031 4328 1264 4392 PiSanis,
1310 4329 1400 4398 qui
1460 4338 1591 4383 sunt
1638 4329 1823 4383 Iideles
1884 4330 2055 4383 nostri

2230 3222 2364 3278 Item
2385 3224 2639 3292 promisit
2680 3231 2734 3278 et
2761 3222 3041 3286 convenit,
3091 3220 3246 3294 quod
3305 3224 3432 3273 non.
3473 3205 3748 3290 detinebit

2158 3333 2264 3373 nec
2303 3315 2533 3373 detineri
2561 3316 2722 3371 faciet
2774 3330 2876 3370 nec
2937 3315 3216 3385 permittet
3264 3302 3508 3383 aliquam
3556 3313 3745 3376 navim

2158 3427 2333 3482 neque
2368 3412 2575 3482 lignum
2607 3410 2839 3479 alicujus
2873 3407 3163 3464 Ianuensls
3207 3407 3389 3477 aliqua
3421 3394 3745 3469 oceaslone,

2157 3520 2259 3560 nec
2279 3506 2511 3574 aliquem
2552 3503 2877 3559 Januensem
2901 3501 2959 3558 in
2999 3503 3248 3574 personis
3309 3507 3363 3552 et
3405 3500 3597 3563 rebus,
3642 3501 3748 3554 sed

2158 3601 2304 3670 ipsos
2329 3610 2385 3653 et
2416 3600 2561 3668 ipsas
2596 3611 2811 3667 semper
2870 3599 3024 3650 exire
3068 3593 3348 3665 permittet
3374 3593 3443 3645 de
3493 3602 3606 3646 toto
3635 3591 3751 3645 lm-

2155 3692 2310 3762 perio
2343 3691 2710 3761 personaliter
2741 3701 2795 3744 et
2829 3690 3071 3753 realtter,
3109 3688 3210 3741 nisi
3243 3686 3560 3754 inenlpatus
3600 3685 3747 3749 foret

2160 3785 2228 3838 de
2254 3783 2436 3852 aliquo
2467 3783 2671 3846 debito,
2707 3780 2851 3836 furto
2885 3781 2966 3834 vel
3021 3780 3232 3849 rapina,
3271 3776 3339 3830 de
3396 3777 3600 3846 quibus
3645 3777 3755 3832 sub

2153 3877 2308 3932 curia
2339 3875 2698 3932 Januensium
2740 3876 2935 3930 debeat
2960 3873 3220 3944 iudicari.
3406 3869 3418 3880 ’

2230 3970 2364 4024 Item
2402 3970 2650 4040 prOmisil
2698 3985 2748 4024 et
2809 3953 3090 4033 convenit,
3148 3973 3292 4038 quod
3345 3973 3454 4026 non
3503 3973 3751 4042 impona-t

2162 4071 2255 4118 aut
2279 4063 2459 4130 esiget
2492 4078 2591 4117 nec
2624 4063 2766 4132 exigi
2805 4061 2968 4116 faciet
3023 4063 3091 4116 ab
3117 4063 3298 4132 aliqua
3366 4076 3620 4133 persona
3643 4064 3750 4117 ali-

2161 4159 2303 4228 quod
2330 4172 2526 4213 novum
2565 4157 2982 4222 commercium,
3013 4156 3247 4210 (tacitam
3277 4171 3371 4209 seu
3397 4144 3751 4220 exactionem

2164 4255 2216 4308 in
2246 4260 2360 4306 toto
2384 4251 2618 4320 Imperio
2643 4250 2923 4319 prrcdicto,
2949 4252 3091 4319 quod
3128 4251 3288 4305 habet
3335 4249 3420 4305 vel
3471 4249 3752 4320 adquisie-

2166 4347 2233 4400 rit
2264 4346 2358 4400 Dei
2391 4343 2791 4416 miseyicordia,
2823 4344 2889 4396 de
2925 4343 3032 4397 illis
3089 4343 3539 4407 tuercationibus,
3599 4357 3738 4410 quas

479 4425 698 4496 Imperii
724 4441 740 4481 :
764 4433 821 4478 et
841 4436 1030 4478 omnes
1051 4425 1257 4491 piratas
1283 4431 1470 4475 contra
1501 4437 1792 4476 commune
1818 4420 2049 4475 Ianuen-

2163 4441 2293 4493 emit
2333 4434 2880 4492 alanttensibusnec
2944 4434 3073 4506 ipsis
3129 4433 3432 4497 vendiderit
3492 4435 3747 4503 nec‘qui

477 4519 618 4573 sitim
651 4516 721 4573 de
759 4525 876 4571 toto
909 4522 1101 4569 nostro
1124 4513 1362 4584 Imperio
1403 4514 1658 4583 expellet,
1679 4523 1733 4568 ct
1767 4527 2058 4584 perseque-

481 4623 569 4667 tur
591 4625 687 4667 eos
709 4619 875 4681 atque
894 4607 1081 4678 puniet
1109 4607 1404 4662 secundum
1443 4607 1708 4677 justiliuttt
1738 4601 2058 4660 oIl'ensores.

553 4726 684 4782 Item
721 4724 994 4794 promisit,
1017 4722 1277 4780 convenit
1311 4729 1364 4792 et
1402 4719 1753 4775 conﬁrmavit
1785 4721 1933 4790 jura,
1968 4735 2060 4773 ra-

449 4805 452 4808 .
483 4826 660 4880 tiones
697 4819 772 4891 (It)
802 4830 855 4872 et
881 4815 1225 4888 privilegium
1252 4815 1460 4884 jurium
1486 4825 1541 4868 et
1561 4814 1945 4874 iBIIIﬁCIOI'UIIl,
1981 4813 2064 4867 di-

480 4917 605 4969 vina
637 4910 1013 4970 misericordia
1046 4910 1285 4975 favente,
1339 4907 1483 4977 quod
1519 4919 1838 4962 commune
1871 4907 2062 4961 Janus:

482 5024 576 5064 seu
605 5006 929 5075 aliquispro
961 5003 1236 5058 communi
1262 5007 1545 5057 censuevit
1587 5002 1791 5056 habere
1816 5003 1867 5056 in
1927 5003 2062 5056 urbe

485 5115 678 5168 magna
705 5095 1200 5166 Constantinopoli.
1229 5094 1293 5148 Et
1323 5097 1364 5148 si
1399 5093 1660 5149 Dominus
1714 5097 2063 5162 omnipotens

484 5191 819 5248 concesserit
851 5189 1085 5258 Imperio
1126 5199 1318 5248 nostro
1373 5202 1700 5256 recuperare
1755 5201 1812 5244 et
1867 5204 2060 5256 capere

484 5283 684 5336 dictant
717 5281 1016 5345 civitatein,
1050 5289 1180 5335 tunc
1214 5280 1362 5334 dabit
1418 5281 1469 5333 in
1532 5279 1758 5334 civitate
1807 5285 2062 5350 praedicta

485 5373 739 5441 palatium
762 5371 1037 5424 communi
1099 5371 1309 5435 ianuae,
1366 5371 1607 5437 sudium,
1666 5375 2060 5441 posseSsiunes,

483 5474 537 5518 et
568 5463 624 5517 in
648 5463 808 5518 terris
835 5472 889 5515 et
928 5461 1350 5533 gratiamlaciet
1381 5463 1525 5515 dicto
1561 5462 1857 5525 communi,
1906 5461 2062 5515 vide-

486 5557 614 5610 licet
646 5555 786 5623 quod
817 5553 960 5610 dabit
993 5552 1441 5611 dicto—communi
1473 5554 1754 5609 ecclesiam
1791 5552 1847 5606 S.
1879 5553 2059 5630 Mariae

487 5667 652 5721 quam
679 5651 838 5706 modo
872 5661 1054 5706 tenent
1091 5646 1366 5713 Venetici,
1413 5663 1535 5702 cum
1562 5647 1738 5716 logiis,
1780 5663 1899 5714 qua:
1935 5657 2061 5699 sunt

561 5765 637 5836 (It)
673 5764 873 5834 Nempe
906 5766 1120 5835 λόγους,
1146 5732 1682 5835 δε.χρυσοϐοὐ>.λοί›ς.
1715 5759 1883 5817 Zacn.

2165 4527 2761 4591 dicunlurlanucnses,
2790 4528 2896 4582 nisi
2943 4536 3000 4582 ut
3028 4529 3153 4582 hinc
3173 4536 3316 4582 retro
3339 4535 3590 4597 tempore
3622 4525 3745 4601 l'oe-

2170 4623 2292 4677 licis
2357 4621 2634 4679 memoria:
2694 4621 2902 4675 domini
2952 4613 3299 4690 Imperatoris
3391 4619 3745 4674 Kaloioannis

2164 4717 2344 4784 agnati
2366 4716 2534 4769 nostri
2567 4714 2788 4768 solitum
2810 4712 2976 4770 fuerit
3009 4714 3151 4782 exigi
3169 4723 3226 4767 et
3267 4713 3456 4767 haberi
3488 4713 3577 4769 de
3608 4711 3742 4768 civi—

2165 4809 2308 4862 libus
2351 4807 2793 4863 mercationibus.

2235 4900 2487 4955 Proxiiisit
2523 4902 2719 4956 iterum
2745 4910 2800 4955 et
2826 4901 3104 4964 convenit,
3141 4899 3288 4970 quod
3323 4913 3428 4954 non
3466 4902 3745 4972 permittet

2165 4997 2231 5050 de
2258 5005 2456 5050 cretero
2486 4993 2749 5066 negotiari
2794 4993 2938 5048 Inter
2962 4993 3139 5063 Majas
3187 5008 3336 5058 mare
3367 4992 3612 5064 aliquem
3642 4980 3744 5048 La-

2167 5095 2362 5150 tinum,
2385 5088 2488 5142 nisi
2530 5086 2863 5141 Junuensem
2896 5095 2949 5142 et
2979 5086 3326 5162 Pisanutnct
3351 5101 3473 5149 eos,
3506 5088 3608 5156 qui
3625 5088 3738 5142 del-

2167 5180 2460 5234 I'euderunt
2489 5186 2702 5246 portum
2738 5192 2833 5231 seu
2863 5189 2949 5232 res
2982 5174 3262 5242 Vestiarii,
3283 5179 3486 5250 quibus
3506 5177 3746 5233 Januen-

2166 5273 2596 5327 sibus-(levetntn
2628 5287 2732 5324 non
2772 5271 2930 5326 Iaciet
2953 5272 3116 5326 eundi
3169 5273 3311 5326 inter
3367 5269 3544 5342 Majas
3601 5287 3746 5326 ritate

2166 5377 2221 5420 et
2250 5367 2511 5420 redeundi
2571 5381 2689 5421 Cum
2732 5366 3025 5431 Mercibus,
3058 5365 3142 5420 vel
3181 5365 3299 5421 sine
3328 5366 3627 5430 mercibus,
3653 5364 3744 5420 Sed

2169 5463 2334 5516 libere
2370 5460 2582 5530 possint
2619 5461 2694 5514 ire
2729 5476 2779 5513 et
2816 5463 3072 5514 redeundi
3105 5457 3167 5530 (ἱ)
3197 5461 3266 5512 ab
3299 5457 3444 5514 omni
3477 5469 3745 5510 commer-

2167 5554 2252 5605 cio
2281 5562 2335 5604 et
2361 5553 2557 5606 redire.

2237 5645 2498 5700 Pion'iisit
2526 5648 2751 5717 insuper
2783 5656 2837 5699 et
2860 5646 3137 5710 convenit,
3194 5644 3433 5705 firmatis.
3476 5655 3532 5699 et
3580 5641 3742 5698 rutili-

2239 5761 2300 5832 (ἱ)
2333 5760 2678 5834 Legendum:
2714 5751 2990 5828 inminues,
3021 5761 3108 5816 vel
3135 5771 3184 5816 et
3203 5760 3462 5830 expedite.
