4018 6142
318 269 465 345 1029

1389 260 1764 341 NOVELL/E
1786 261 2485 348 ,CONSTITUTIONES.

3453 249 3597 321 1020

321 374 464 429 catis
482 380 995 440 persacrstuentum
1027 371 1114 437 iis,
1146 366 1267 440 qua:
1294 373 1647 428 continentur
1675 374 1728 425 in
1760 386 1902 441 pra:-

2044 390 2233 445 tossint
2266 386 2453 440 venire
2481 396 2605 437 cum
2640 377 2830 450 galeis,
2861 362 3051 439 armis,
3078 369 3308 450 navibus
3337 369 3593 441 etequis,

323 468 462 521 senti
482 464 789 535 privile‘gio,
822 480 917 535 per
942 465 1270 520 I‘otesutem
1301 463 1513 529 Ianum,
1543 464 1899 536 Capitaueum

320 554 509 611 Ianua:
536 564 592 610 et
619 565 746 612 octo
776 554 999 612 Nobiles
1020 564 1077 612 et
1106 556 1375 613 Autianos
1402 568 1455 612 et
1510 566 1682 612 totum
1736 557 1901 611 Com—

323 663 489 705 mune
517 648 1141 705 etConsiliaresJauure
1194 665 1390 707 versus
1451 649 1744 721 Imperium
1808 665 1905 705 uo-

323 741 525 821 strum,
555 744 703 825 quod
736 743 989 800 liberabit
1023 754 1077 799 et
1100 743 1350 801 absolvet
1406 751 1439 797 τι
1473 745 1791 799 carceribus
1853 751 1909 798 et

326 835 561 904 vinculis
588 851 778 891 onmes
812 836 1113 893 Ianuenses
1143 848 1199 893 et
1227 839 1296 891 de
1330 838 1585 893 districta
1644 834 1835 891 Ianua?
1856 846 1911 891 et

322 929 418 998 qui
451 928 706 983 dicuntur
757 927 1086 996 Jauuenses,
1145 931 1241 1000 qui
1302 940 1433 984 sunt
1480 929 1537 983 in
1592 927 1911 984 carceribus

331 1021 504 1081 nostri
533 1020 775 1091 Imperii,
808 1035 863 1077 et
903 1024 1051 1094 ipsos
1090 1024 1271 1079 redire
1304 1034 1354 1077 et
1398 1025 1657 1079 recedere
1686 1024 1914 1094 permit-

330 1121 432 1166 tet.
457 1110 725 1169 Praeterea
748 1116 931 1170 omnia
956 1127 1011 1170 et
1038 1117 1281 1184 singula,
1329 1127 1389 1170 ut
1435 1116 1791 1171 continentur
1816 1130 1912 1171 su-

333 1206 544 1275 perius,
585 1209 837 1277 promisit
859 1219 914 1263 et
958 1212 1215 1265 convenit
1268 1210 1577 1279 Imperium
1639 1220 1912 1274 nostrum,
1965 1205 1968 1208 ’

331 1306 388 1351 et
407 1298 717 1368 juramento
732 1300 1079 1356 confirmavit
1103 1317 1198 1371 per
1225 1316 1283 1357 se
1307 1312 1359 1356 et
1394 1298 1744 1358 successores
1780 1316 1918 1370 prae-

333 1390 498 1447 dictis
521 1391 762 1460 syndicis
795 1403 848 1446 et
879 1388 1084 1448 nuetiis
1128 1406 1182 1448 et
1249 1394 1722 1462 procuratoribus,
1778 1394 1919 1449 reci-

336 1481 611 1552 pientibus
641 1486 860 1541 nomine
887 1498 943 1542 et
971 1486 1089 1541 vice
1111 1487 1432 1543 Communis
1458 1485 1652 1543 Ianua:
1678 1499 1734 1541 et
1804 1489 1918 1541 sin-

335 1574 587 1644 gulorum
624 1573 1010 1643 Januensium,

410 1660 621 1737 Exque
657 1684 789 1741 ergo
829 1673 1118 1739 praedictas
1172 1674 1467 1743 petitiones
1525 1675 1914 1746 praedictorum

338 1760 661 1816 nuntiorum
687 1764 886 1832 recepit
923 1774 980 1820 et
1011 1766 1327 1831 adimplevit
1351 1766 1642 1837 Imperium
1675 1779 1916 1823 nostrum

333 1861 393 1906 et
421 1867 517 1923 per
542 1849 912 1922 juramentum
942 1859 1307 1924 confirmavit,
1341 1859 1663 1925 iuraverunt
1689 1875 1927 1932 namque

338 1946 582 2015 prmdicti
614 1948 815 2012 nuntii,
838 1950 1091 2005 videlicet
1139 1951 1462 2008 Guillelmus
1508 1952 1827 2008 Vicecomes
1872 1962 1927 2009 et

338 2039 657 2097 Gualterios
686 2041 883 2112 Iudex,
908 2044 975 2099 ad
1008 2056 1197 2099 sancta
1236 2046 1329 2100 Dei
1376 2047 1654 2117 evangelia
1680 2059 1735 2101 et
1757 2048 1928 2101 hono-

340 2132 571 2187 rabilem
601 2144 657 2188 et
687 2149 876 2189 veram
909 2151 1129 2190 erucem
1162 2147 1217 2191 et
1244 2152 1437 2193 omnes
1470 2146 1715 2203 sanctos,
1743 2150 1797 2192 et
1844 2152 1932 2193 re-

341 2234 612 2295 ceperunt
634 2241 799 2297 super
830 2229 1048 2284 animas
1074 2244 1207 2285 suas
1230 2240 1287 2285 et
1306 2232 1648 2285 detuinorum
1679 2245 1927 2295 suormu,

340 2315 665 2384 Potestatis,
702 2319 1006 2391 Capitanei,
1035 2320 1426 2385 Autianorum,
1455 2332 1581 2377 octo
1637 2319 1915 2377 Nobilium

343 2420 406 2465 et
430 2410 775 2480 Communis,
807 2429 1001 2469 omnes
1025 2413 1319 2483 petitiones
1356 2411 1574 2483 Imperii
1614 2414 1783 2469 nostri
1801 2415 1935 2469 sub-

342 2503 604 2574 scriptas,
631 2516 689 2561 et
719 2504 906 2575 iurare
967 2506 1203 2561 debeant
1271 2508 1611 2573 multotiens,
1681 2508 1934 2563 videlicet

347 2597 621 2664 Potestas,
644 2598 1000 2667 Capitaueus.
1020 2600 1269 2665 Autiaui.
1295 2610 1420 2655 octo
1450 2600 1673 2656 Nobiles
1699 2612 1752 2655 et
1771 2602 1936 2656 Com-

349 2704 515 2744 mune
536 2686 745 2755 Ianuar,
766 2700 825 2744 ut
849 2692 1181 2759 adimpleant
1212 2692 1341 2755 ista,
1406 2686 1461 2747 et
1507 2708 1604 2763 per
1652 2692 1938 2763 iuramen-

346 2792 465 2837 tom
494 2786 820 2838 conﬁrment
852 2794 907 2841 et
946 2784 1227 2838 ratificent
1249 2783 1596 2854 infrascripta
1633 2805 1649 2841 :

421 2875 676 2947 Inprimis
704 2875 851 2946 quod
880 2864 1392 2935 CommuneJantue
1452 2878 1677 2933 habebit
1737 2879 1803 2934 de
1826 2894 1939 2935 cre-

349 2982 473 3026 tero
504 2984 693 3040 pacem
719 2978 774 3023 et
795 2984 1040 3025 amorem
1080 2979 1403 3040 perpetuum
1426 2985 1551 3025 eum
1583 2970 1820 3041 Imperio
1842 2987 1942 3027 no-

356 3073 475 3118 stro
501 3078 565 3117 ac
595 3062 1015 3119 successoribus
1037 3061 1179 3130 ejus,
1207 3073 1264 3117 et
1323 3057 1430 3118 non
1487 3062 1655 3118 faciet
1724 3080 1937 3135 pacem,

1972 486 1975 491 ’
2011 496 2066 541 et
2090 483 2236 556 quod
2257 482 2466 536 dictum
2492 472 2823 538 Commune,
2849 470 3107 526 Potestas
3158 474 3218 523 et
3264 463 3601 535 Capitaneus

2011 594 2118 634 non
2144 576 2354 648 possint
2380 575 2529 644 ipsos
2576 568 2845 624 detinere.

2082 669 2218 725 Item
2253 668 2395 738 quod
2428 678 2621 720 omnes
2652 661 2953 719 Ianuenses
3010 664 3067 711 et
3117 655 3185 709 de
3240 650 3499 707 districto
3541 658 3600 703 et

2014 763 2107 836 qui
2130 778 2228 834 pro
2247 759 2614 817 Januensibns
2638 771 2697 810 se
2722 750 3099 825 appellabunt,
3134 746 3255 817 quia
3284 744 3492 799 fuerint
3540 740 3596 795 in

2017 857 2250 927 Imperio
2276 860 2484 918 nostro,
2513 861 2569 906 et
2600 847 2938 915 adiuvabunt
2989 841 3058 898 ad
3112 838 3517 896 defendendum
3548 844 3605 889 et

2019 936 2311 1008 defendent
2344 957 2544 1003 terram
2571 943 2739 999 nostri
2791 937 3009 1008 Imperii
3057 946 3113 993 et
3151 932 3407 989 homines
3457 933 3601 986 bena

2023 1046 2128 1100 title
2156 1062 2170 1100 :
2199 1059 2304 1098 non
2334 1050 2512 1095 tamen
2535 1037 2751 1108 possint
2784 1045 3076 1102 propterea
3111 1028 3349 1084 detineri
3408 1039 3608 1096 perso-

2022 1134 2218 1197 naliter
2250 1132 2333 1187 vel
2367 1130 2609 1193 realiter,
2644 1127 2773 1195 quin
2804 1136 3022 1188 semper
3076 1120 3145 1173 ad
3196 1132 3386 1173 eorum
3425 1118 3614 1175 volun-

2025 1236 2188 1281 tatem
2213 1226 2277 1279 de
2301 1232 2488 1277 nostro
2518 1218 2757 1287 Imperio
2813 1215 2968 1271 exire
3004 1210 3221 1282 possint
3249 1220 3303 1265 et
3352 1207 3613 1263 recedere

2022 1315 2385 1390 personaliter
2420 1323 2474 1368 ct
2503 1311 2751 1367 realiter.

2096 1408 2228 1462 Item
2251 1405 2396 1476 quod
2433 1404 2477 1459 si
2503 1402 2685 1471 aliqua
2718 1398 2876 1453 navis
2929 1404 3301 1453 mercatorum
3367 1391 3613 1447 Jauueno

2025 1498 2170 1552 slum
2196 1496 2360 1557 fuerit
2399 1495 2451 1549 in
2499 1490 2737 1561 Imperio
2789 1497 3001 1551 nostro,
3068 1494 3123 1538 et
3182 1492 3312 1535 tunc
3356 1478 3616 1533 acciderit.

2027 1589 2171 1661 quod
2200 1589 2265 1660 υ)
2294 1588 2468 1642 stolas
2504 1585 2830 1641 Pisanorum
2850 1579 2935 1635 vel
2959 1579 3295 1635 Venetorum
3324 1573 3409 1628 vel
3467 1571 3609 1627 alic-

2030 1698 2173 1749 rum,
2202 1683 2292 1750 qui
2318 1682 2521 1737 habent
2550 1689 2807 1746 guerram
2828 1688 2952 1728 cum
2982 1670 3232 1740 Imperio
3287 1677 3500 1732 nostro,
3558 1677 3616 1721 et

2030 1772 2360 1843 Capitaneus
2404 1786 2499 1825 seu
2548 1770 2726 1823 Ducas
2785 1766 2873 1821 vel
2915 1761 3267 1818 Castellanus
3323 1758 3454 1824 loci,
3523 1757 3623 1812 ubi

2023 1867 2137 1938 jam
2168 1865 2313 1921 dicta
2345 1864 2498 1920 navis
2527 1872 2693 1928 esset,
2722 1858 3030 1930 requireret
3060 1856 3128 1910 de
3162 1854 3477 1909 hominibus
3522 1865 3620 1927 nae

2006 1961 2112 2017 .vis
2142 1959 2413 2030 praedicta:
2446 1970 2544 2027 pro
2576 1951 2872 2008 muniendo
2898 1959 3171 2013 castrum,
3235 1954 3293 2000 et
3343 1942 3617 2014 pepigerit

2028 2066 2151 2106 cum
2181 2052 2313 2121 ipsis
2339 2045 2709 2103 Janueusibus
2744 2058 2844 2113 per
2879 2049 3092 2095 tantum
3126 2046 3363 2108 tempus,
3429 2050 3619 2107 quan-

2032 2152 2145 2198 tum
2200 2152 2419 2212 pactum
2482 2137 2677 2194 fecerit
2735 2136 2914 2191 dando
2963 2132 3098 2203 ipsis
3145 2130 3371 2196 solidos,
3430 2128 3619 2184 videli.

2031 2246 2117 2293 cet
2151 2236 2338 2291 decem
2390 2234 2601 2289 dierum
2654 2230 2742 2285 vel
2798 2227 2990 2299 viginti
3055 2225 3142 2282 vel
3196 2225 3360 2281 unius
3416 2224 3622 2279 mensis

2031 2329 2292 2397 vel'plus
2343 2327 2434 2381 vel
2485 2325 2686 2388 minus,
2745 2320 2891 2391 quod
2949 2320 3080 2376 dicti
3148 2317 3478 2385 Januenses,
3529 2320 3619 2386 qui

2038 2402 2364 2493 pepigerint,
2414 2428 2703 2476 teneantur
2734 2404 2997 2471 debitum
3026 2412 3230 2469 debito
3277 2422 3517 2471 castrum
3558 2411 3626 2462 it-

2035 2517 2127 2571 Ind
2175 2514 2467 2571 defendere
2504 2521 2559 2567 et
2607 2510 2820 2565 salv‘are
2848 2509 2995 2563 sicut
3044 2512 3285 2566 castrum
3336 2503 3621 2575 proprium
3717 2578 3719 2581 ι

2034 2608 2414 2674 Januensium,
2444 2615 2501 2661 et
2530 2620 2636 2661 non
2668 2602 2853 2659 facere
2876 2602 3119 2671 aliquam
3163 2593 3431 2655 malitiam
3485 2597 3621 2653 dicti

2036 2699 2207 2759 castri
2238 2713 2333 2755 seu
2362 2698 2708 2753 traditionem
2740 2690 2874 2747 dicti
2901 2691 3069 2746 castri
3109 2689 3407 2763 ;'teneatur
3460 2686 3627 2742 Com-

2038 2808 2205 2847 mune
2233 2790 2443 2863 Ianuar,
2476 2789 2807 2859 Capitaneus
2834 2796 2887 2839 et
2929 2783 3183 2839 Potestas
3226 2792 3420 2838 contra
3463 2781 3615 2852 ipsos

2007 2882 2433 2944 correctionem
2471 2888 2527 2933 et
2557 2879 2848 2931 vindictam
2881 2874 3085 2937 facere,
3133 2864 3278 2928 sicut
3330 2871 3379 2925 si
3437 2879 3628 2925 essent

2042 2979 2094 3032 iu
2126 2974 2289 3030 simili
2319 2988 2482 3028 causa
2516 2970 2811 3025 traditores
2854 2957 3195 3031 communis
3239 2963 3629 3019 Januenslum.

2040 3106 2049 3114 -
2113 3071 2247 3122 Item
2271 3063 2415 3139 quod
2440 3064 2617 3119 nuntii
2649 3059 2875 3139 Imperii
2900 3059 3074 3115 nostri
3116 3071 3360 3128 semper
3395 3056 3487 3123 ad
3534 3046 3636 3109 eoé

360 3168 608 3226 treugam
640 3169 741 3211 uec
774 3153 1126 3211 concordiam
1158 3164 1284 3208 cum
1309 3155 1696 3211 communibus
1753 3155 1940 3211 inimi-
1963 3168 2011 3228 α
2044 3177 2163 3220 rum
2188 3160 2519 3216 voluntatem
2551 3154 2767 3227 possint
2790 3154 3080 3210 esti-abere
3104 3151 3171 3208 de
3193 3149 3412 3215 civitate
3440 3146 3636 3205 Ianua:

360 3249 449 3304 eis
481 3258 679 3305 nostra:
703 3248 1030 3305 communiat
1054 3238 1275 3305 Venetis
1303 3250 1423 3304 sine
1444 3238 1703 3305 scientia
1731 3259 1787 3305 et
1847 3266 1945 3306 vo.

362 3344 578 3399 luntate
609 3342 1051 3421 nostrilmperii,
1082 3344 1226 3400 sicut
1249 3343 1547 3414 Imperium
1575 3353 1824 3400 nostrum
1860 3353 1946 3401 te-

364 3447 533 3490 netur.
552 3451 661 3490 non
686 3436 863 3492 facere
881 3444 1153 3509 treugam,
1170 3452 1367 3507 pacem
1394 3451 1568 3507 neque
1589 3438 1941 3495 concordiam
1980 3452 1983 3453 '

331 3528 887 3587 scumeommunibus
932 3529 1170 3586 inimicis
1217 3530 1422 3585 nostris
1465 3529 1685 3587 Venetis
1706 3531 1825 3586 sine
1856 3545 1953 3588 vo-

322 3655 327 3658 -
366 3624 582 3678 tentate
607 3633 663 3677 et
686 3623 1022 3677 conscientia
1045 3620 1171 3677 dicti
1197 3620 1520 3677 Communis
1562 3619 1945 3678 Januensium.

436 3714 571 3773 Item
605 3718 751 3786 quod
784 3715 1090 3779 salvabunt,
1121 3714 1438 3771 custodient
1463 3726 1520 3771 et
1556 3713 1856 3771 defendent
1891 3715 1947 3771 in

359 3806 538 3865 Jauua
562 3808 885 3864 etdistrictu
914 3806 1131 3872 Januze,
1184 3824 1344 3879 quem
1378 3808 1583 3864 habent
1612 3821 1665 3863 et
1701 3810 1769 3864 de
1842 3824 1951 3865 ca:-

366 3912 487 3958 tero
512 3902 904 3975 adquisierim,
934 3917 1128 3959 omnes
1157 3904 1383 3959 nuntios
1404 3912 1459 3958 et
1482 3902 1668 3960 ﬁdeles
1700 3904 1951 3960 homines

364 3994 541 4049 nostri
586 3992 846 4065 Imperii.,

437 4086 569 4141 Item
602 4089 748 4159 quod
776 4102 966 4143 omnes
996 4086 1359 4143 mercationes
1407 4097 1460 4142 et
1522 4101 1713 4143 omnes
1743 4097 1799 4142 et
1834 4086 1953 4155 sin-

367 4182 621 4261 guli,-qui
654 4192 784 4238 sunt
831 4183 899 4237 do
931 4194 1076 4238 terra
1108 4183 1284 4245 nostri
1340 4180 1582 4255 Imperii,
1630 4183 1844 4254 possint
1873 4184 1954 4238 ire

364 4271 597 4329 Januam
633 4282 685 4329 et
714 4274 894 4333 facere
917 4276 1298 4344 mercantiam,
1332 4286 1387 4332 et
1436 4287 1611 4330 totum
1643 4276 1949 4332 districtum

365 4366 506 4438 ejus,
532 4382 696 4438 quem
724 4364 889 4423 habet
917 4376 972 4422 et
1003 4366 1073 4422 de
1102 4368 1684 4439 cmtero‘adqoisierit,
1753 4378 1829 4435 et,
1858 4384 1955 4424 ex-

368 4461 589 4539 trahere
602 4460 670 4515 de
695 4458 867 4515 Ianua
892 4469 947 4514 et
975 4460 1228 4523 districta
1255 4460 1380 4530 ejus
1410 4460 1477 4515 de
1500 4462 1729 4516 omnibu
1748 4480 1775 4516 s
1809 4478 1955 4517 mero

366 4537 687 4611 sationibus
717 4563 772 4608 et
801 4552 972 4608 armis
1007 4560 1061 4607 et
1098 4554 1258 4624 equis
1286 4523 1457 4608 libere
1484 4554 1605 4608 sine
1643 4546 1824 4623 aliqua
1858 4556 1959 4609 da-
1988 4523 2033 4579 θ

366 4649 479 4702 cita
512 4648 597 4709 vel
626 4648 982 4713 commercio,
1004 4657 1061 4702 et
1088 4648 1233 4717 quod
1264 4647 1378 4702 sint
1406 4647 1571 4705 liberi
1630 4658 1686 4701 et
1740 4649 1952 4704 ft'anclti

371 4743 426 4797 in
455 4740 632 4798 Janua
670 4742 1001 4799 etdistrictu
1030 4741 1173 4809 eius,
1203 4756 1368 4813 quem
1408 4741 1578 4800 habet
1632 4751 1687 4796 et
1757 4742 1954 4813 adqui-

334 4838 546 4904 "sieril,
576 4830 760 4894 eundo
780 4847 837 4895 et
864 4836 1159 4902 redeundo,
1184 4845 1239 4893 et
1268 4837 1413 4905 quod
1434 4836 1696 4892 custodiri
1727 4839 1958 4893 debeant

368 4934 492 5005 sani
523 4942 579 4987 et
604 4920 876 5001 naufragi.»

442 5027 577 5082 Item
606 5024 751 5094 quod
777 5036 885 5079 non
914 5021 1234 5089 permitteut
1258 5017 1502 5086 aliquam
1521 5028 1788 5072 armatam
1829 5018 1945 5071 licri

368 5123 427 5176 in
455 5117 632 5176 Janus
661 5115 747 5173 vel
772 5114 1166 5186 districtuejus
1201 5112 1389 5168 habito
1409 5113 1492 5167 vel
1554 5113 1806 5167 habendo
1860 5128 1957 5180 per

370 5215 591 5284 aliquos
621 5211 878 5277 inimicos
908 5209 1127 5280 Imperii
1153 5206 1329 5264 nostri
1361 5217 1419 5262 et
1443 5222 1539 5276 per
1569 5206 1785 5274 aliquos
1818 5206 1954 5259 alios

369 5318 559 5379 contra
579 5308 789 5379 dictum
827 5303 1126 5374 Imperium
1174 5300 1258 5356 vel
1328 5311 1522 5373 gentes
1584 5316 1681 5355 seu
1749 5299 1955 5355 insulas

373 5402 592 5474 Imperii
622 5399 817 5456 nostri.

443 5498 577 5553 Item
606 5479 749 5563 quOd
767 5488 959 5547 omnes
975 5488 1280 5545 Jauuenses
1300 5500 1355 5545 et
1380 5492 1447 5545 de
1465 5487 1717 5544 districto
1740 5488 1955 5551 Ianuar,

376 5590 462 5660 .ιυί
496 5586 771 5642 voluerint
804 5583 996 5638 venire
1025 5582 1079 5635 iu
1136 5582 1420 5645 servitium
1477 5581 1653 5638 nostri
1708 5580 1953 5652 Imperii,

2049 3269 2104 3315 et
2134 3258 2380 3313 districtu
2412 3252 2601 3311 habito
2622 3260 2677 3306 et
2712 3248 2965 3306 habendo
3026 3247 3197 3302 libere
3249 3244 3387 3301 sine
3422 3243 3610 3313 aliquo

2050 3347 2379 3408 commercio
2405 3361 2557 3402 arma
2592 3355 2647 3400 et
2675 3359 2867 3411 equos.
3694 3356 3703 3408 χ

2122 3440 2254 3497 Item
2284 3454 2407 3496 cum
2442 3452 2669 3495 necesse
2693 3435 2946 3494 habuerit
2980 3433 3266 3505 galearum
3331 3430 3635 3504 Imperium

2063 3545 2311 3593 nostrum
2347 3542 2401 3588 et
2428 3546 2523 3588 eas
2552 3541 2739 3602 petere
2767 3520 3004 3584 voluerit
3034 3542 3132 3597 pro
3182 3527 3479 3584 serviendo
3531 3524 3643 3582 Im-

2054 3630 2203 3700 perio
2226 3637 2432 3691 nostro,
2459 3625 2762 3681 Commune
2793 3619 3006 3683 Ianuar.
3057 3608 3389 3696 Capitonem
3417 3628 3473 3678 et
3528 3619 3639 3676 Po-

2055 3734 2230 3777 tesus
2257 3720 2325 3775 ab
2355 3734 2460 3773 una
2512 3718 2665 3787 galea
2733 3730 2909 3787 usque
2966 3714 3021 3770 iu
3070 3715 3469 3785 quinquaginta
3533 3711 3635 3785 (lt).

2053 3829 2176 3871 cum
2200 3812 2455 3884 expensis
2479 3809 2697 3881 Imperii
2725 3808 2919 3874 nostri,
2953 3806 3099 3863 sicut
3125 3814 3351 3877 apparet
3383 3815 3442 3863 et
3494 3807 3638 3864 seris

2054 3920 2207 3987 ptum
2241 3916 2323 3971 est
2353 3893 2423 3961 de
2450 3903 2710 3975 expensis
2739 3904 2792 3959 iu
2822 3904 2929 3961 isto
2977 3901 3263 3983 privilegio
3300 3910 3643 3987 sacramenb

2056 3994 2162 4074 [at]
2196 4013 2231 4053 ο
2258 4013 2274 4051 :
2306 3996 2565 4053 videlicet
2593 3996 2742 4067 quod
2807 3995 3061 4074 homines
3082 3993 3515 4064 uniuscujusque
3544 4007 3645 4063 gs,

2057 4095 2154 4149 lea:
2188 4092 2431 4163 quolibet
2465 4105 2651 4145 mense
2679 4090 3038 4159 babeautpro
3076 4078 3409 4144 victu‘alibus
3472 4086 3637 4141 Cant.

2055 4186 2148 4242 XC
2172 4188 2238 4241 de
2272 4186 2424 4257 panis
2446 4185 2692 4252 biscotti,
2722 4200 2843 4255 qum
2860 4180 2989 4239 sunt
3021 4184 3087 4237 ad
3122 4183 3335 4254 pondus
3373 4182 3638 4239 Iihrarutu

2058 4280 2511 4338 Bomauhelibrze
2566 4276 2940 4343 XIVMCCCC,
3013 4280 3145 4332 item
3211 4259 3411 4333 carnes
3453 4274 3644 4331 salitas

2058 4372 2218 4429 Cant.
2248 4369 2314 4426 Vl
2333 4371 2521 4435 .Ianu.,
2551 4384 2672 4439 quae
2706 4380 2833 4443 sunt
2860 4369 2983 4423 libr.
3005 4353 3320 4425 DCCCCLX
3357 4366 3641 4423 Romanae.

2062 4466 2189 4521 item
2222 4479 2444 4520 caseum
2483 4463 2578 4517 Iih.
2610 4459 2660 4516 Μ
2723 4461 3024 4523 Romaniae.
3067 4460 3199 4514 item
3234 4461 3419 4513 vinum
3450 4461 3647 4520 admi-

2063 4567 2207 4630 truut
2244 4554 2358 4613 Nisi
2386 4552 2588 4610 CCXL.
2618 4551 2749 4610 Item
2771 4553 2916 4625 quod
2946 4537 3508 4621 hominesidictarum
3548 4567 3642 4621 gn.

2059 4646 2267 4707 learqu
2299 4649 2500 4704 debent
2535 4648 2737 4702 habere
2775 4648 2980 4701 solidos
3045 4644 3264 4716 Imperii
3315 4640 3487 4699 nostri
3546 4648 3648 4711 pro

2063 4742 2525 4813 quolibctmeuse
2572 4750 2624 4794 et
2674 4754 2772 4811 pro
2802 4741 3045 4809 quolibet
3091 4739 3329 4799 homine.
3352 4735 3498 4791 sicut
3554 4730 3645 4790 lt’ic

2012 4889 2014 4892 ,
2064 4830 2371 4891 continetur
2400 4852 2414 4888 :
2459 4833 2712 4888 videlicet
2734 4832 2977 4899 Coiitites
3008 4830 3435 4902 uniuscujusque
3476 4831 3644 4902 galea:

2062 4943 2325 4999 yperpera
2362 4925 2428 4981 VI
2473 4937 2528 4981 et
2580 4927 2903 4992 dimidium;
2962 4923 3028 4978 IV
3065 4924 3320 4981 uantilcni
3384 4924 3648 4980 uniuscu-

2053 5004 2252 5093 jusque
2270 5022 2440 5097 galeae
2470 5016 2657 5091 yperp.
2682 5018 2843 5088 XIII,
2862 5018 3116 5074 videlicet
3170 5018 3398 5088 quilibet
3425 5018 3645 5073 nauclee

2060 5118 2171 5171 rius
2198 5128 2387 5187 yperp.
2422 5113 2490 5168 Ill
2517 5124 2572 5169 et
2595 5113 2713 5169 Itar.
2754 5111 2863 5179 VI;
2928 5112 3644 5182 stipersal;etttes~uniuscu-

2056 5192 2254 5285 jusque
2278 5206 2445 5279 galeae
2466 5222 2654 5279 yperp.
2688 5206 2749 5272 C,
2785 5205 3035 5260 videlicet
3061 5219 3160 5275 pro
3188 5206 3639 5275 quo'ibetyperp.

2064 5302 2129 5368 II,
2163 5312 2218 5357 et
2256 5286 2911 5370 dimidium3panetarius
2976 5290 3407 5366 uniuscujusque
3465 5300 3639 5365 galeae

2063 5410 2254 5467 yperp.
2282 5394 2299 5448 ι
2332 5384 2549 5449 ριτιαιιέ.
2585 5390 2787 5457 XVIII;
2824 5392 3065 5458 voglterii
3098 5388 3261 5446 CVIII
3294 5388 3647 5455 uniuscujus-

2066 5504 2172 5565 que
2197 5489 2362 5558 galea
2426 5502 2613 5559 yperp.
2647 5484 2982 5550 CLXXXIX,
3032 5484 3281 5540 videlictet
3321 5496 3417 5551 pro
3468 5479 3650 5551 quoli-

2068 5588 2159 5637 bet
2188 5580 2207 5635 I
2237 5593 2290 5636 et
2318 5582 2435 5637 kar.
2466 5579 2659 5637 XVIII.
2698 5581 2992 5645 Praedictos
3034 5594 3268 5651 namque
3326 5573 3534 5632 solidos
3588 5582 3645 5626 et

440 5684 507 5754 υ)
540 5682 691 5750 Quod
715 5679 1001 5754 delendum
1021 5691 1146 5754 esse
1172 5677 1410 5744 videtur,
1442 5678 1546 5732 nisi
1581 5677 1807 5732 verbum
1837 5676 2111 5731 aduenerit
2152 5676 2229 5732 vel
2266 5676 2535 5747 ejusmodi
2576 5674 2710 5747 quid
2764 5676 3054 5729 exciderit.

441 5748 514 5822 βε)
550 5748 773 5821 Supple,
803 5752 1061 5805 instruere
1095 5748 1393 5804 teneantur.
