4018 6142
292 319 408 384 1061

1322 314 1692 375 NOVELLE
1729 308 2416 371 (IUNSTlTUTIONES.

3381 302 3532 373 i082,

280 442 446 488 neum,
481 422 722 494 proprias
775 421 1167 487 suieeclesias,
1221 421 1563 478 sacerdotem
1617 419 1696 473 vel
1738 398 1903 480 δίε-Ἀ
1930 419 2077 486 quod
2124 414 2239 471 ﬁeri
2287 419 2479 473 debeat
2535 415 2806 471 Salislalio
2842 414 3014 486 ipsius
3058 411 3299 483 dampui,
3352 417 3518 482 proni

278 518 509 577 rertlntes
538 514 841 581 Januenses
875 526 931 574 et
959 513 1207 591 Latium,
1240 524 1501 571 stateram
1537 524 1592 570 et
1626 514 1828 583 ponde-

278 617 472 665 ratores
510 606 885 670 Januensium.
936 608 1166 673 scribas.
1214 623 1501 664 mansuras
1545 616 1599 661 et
1644 607 1828 660 omnia

264 701 375 757 alia
400 717 498 771 que
545 700 812 758 voluerint
845 703 913 757 ad
965 704 1295 757 voluntatem
1332 713 1388 758 et
1433 701 1690 773 placitum
1729 715 1826 754 en-

278 813 409 852 rnm.
441 797 743 852 Ponderarc
775 809 953 851 tamen
1013 798 1241 853 debeam
1276 797 1471 868 prelati
1506 797 1830 866 ponderare-

278 890 359 944 fes
407 888 638 957 ipsorum
694 898 949 958 preseote
999 888 1182 945 scriba
1254 889 1337 943 vel
1393 886 1734 943 aliouuncio
1762 900 1826 940 ex

276 992 420 1053 parte
459 983 712 1042 comercii
741 980 964 1052 Imperii
1006 984 1203 1040 nostri.
1264 982 1332 1036 Et
1361 982 1463 1052 ipsi
1490 979 1707 1051 quidem
1738 976 1831 1032 ia.-

279 1089 495 1133 nuentes
540 1076 738 1134 habere
764 1076 995 1133 debeant
1038 1074 1409 1131 omnimodam
1435 1073 1744 1132 libertatem
1773 1078 1827 1125 et

278 1164 614 1224 francbiziam
644 1165 713 1222 ad
746 1169 1155 1238 ponderandum
1194 1167 1572 1224 mercacionee
1603 1178 1827 1221 eorum:

276 1257 431 1311 reteri
478 1272 606 1314 vero
634 1259 731 1329 qui
782 1260 1033 1324 rodentes
1075 1270 1204 1316 sunt
1253 1258 1589 1314 commercio
1614 1257 1830 1327 Imperii

279 1349 461 1415 nostri,
498 1350 627 1405 dare
665 1352 899 1408 debeant
929 1367 1027 1421 pro
1054 1352 1169 1423 ipsa
1197 1352 1567 1423 ponderatura
1598 1349 1653 1405 id
1685 1348 1828 1418 quod

273 1453 350 1498 est
378 1443 574 1514 decens
610 1447 909 1504 secundum
962 1446 1369 1503 ordinacionem
1402 1453 1458 1500 et
1486 1444 1838 1501 consuetudi-

272 1550 413 1605 nem,
442 1537 523 1606 ita
552 1539 696 1609 quod
738 1552 847 1597 non
878 1539 1052 1610 possit
1097 1537 1375 1594 occultare
1412 1551 1471 1594 se
1506 1534 1588 1593 vel
1618 1537 1833 1593 defrau-

270 1629 393 1691 dare
424 1633 779 1691 conueniunt.

336 1723 464 1780 Item
491 1742 615 1782 cum
665 1728 719 1781 in
755 1726 951 1785 eodem
989 1724 1109 1782 loco
1154 1727 1265 1783 sint
1295 1725 1525 1783 eeciesic
1556 1733 1667 1781 tres
1693 1723 1831 1781 Gre-

268 1829 469 1879 corum,
503 1834 668 1886 super
695 1818 893 1888 quibus
919 1818 1087 1879 habet.
1106 1818 1476 1873 omnimodam
1511 1826 1833 1887 petestatrnt

270 1910 641 1970 sanctissimus
690 1911 945 1971 dominus
1010 1911 1281 1986 generalis
1348 1910 1681 1983 patriarcha,
1743 1909 1838 1964 de-

273 2000 429 2056 beant
478 2004 625 2071 ipsas
651 2004 919 2063 ecclesias
976 2005 1179 2066 habere
1206 2005 1523 2060 sacerdotes
1566 2002 1748 2067 Greci,
1781 2007 1837 2055 et

272 2104 486 2157 cantare
517 2106 574 2157 ct
600 2094 888 2153 celebrare
929 2096 985 2157 lu
1012 2096 1165 2167 ipsis,
1207 2096 1350 2165 quod
1386 2111 1482 2165 per
1510 2094 1688 2165 ipsum
1713 2107 1838 2146 sam

268 2184 571 2244 otissintum
619 2188 899 2243 dominum
958 2188 1332 2259 patriarcham
1380 2185 1687 2256 generalem
1745 2198 1842 2236 au-

266 2277 467 2337 nuatim
503 2280 669 2337 fuerit
699 2280 1035 2341 ordinatum.
1442 2264 1446 2269 V

275 2423 278 2426 .
332 2370 462 2434 item
488 2370 639 2444 quod
683 2386 894 2441 omnes,
922 2371 1017 2441 qui
1053 2371 1352 2429 secundum
1402 2371 1688 2428 veritatem
1720 2368 1843 2426 luc-

265 2463 372 2521 rint
415 2462 726 2523 Januenses
749 2476 803 2525 et
832 2466 925 2537 qui
959 2467 1332 2527 nominabitur
1342 2475 1409 2531 ,et
1443 2467 1713 2521 tenebitur
1744 2466 1839 2521 Ju-

264 2556 507 2623 nucnsis,
551 2569 676 2614 esse
723 2558 918 2616 debeat
954 2559 1059 2617 sub
1093 2561 1345 2620 examine
1394 2559 1545 2615 carie
1596 2562 1840 2631 ipsorum

261 2643 640 2723 Januensium,
671 2648 797 2708 licet
819 2653 1189 2721 transpositus
1207 2652 1372 2709 fuerit
1394 2652 1467 2709 ad
1481 2653 1645 2711 aliam
1663 2639 1844 2709 natio-

261 2750 409 2821 nem,
440 2739 563 2796 sive
592 2740 863 2800 masculus
898 2740 1061 2797 flleril
1091 2744 1204 2800 sive
1241 2743 1467 2801 femina.
1499 2742 1556 2800 Si
1594 2744 1719 2801 lacti
1756 2760 1845 2801 es-

242 2841 378 2887 sent
409 2830 690 2893 Grecivel
720 2824 945 2895 alterius
979 2836 1235 2903 nationis,
1270 2847 1432 2903 prout
1457 2838 1501 2894 si
1521 2837 1729 2895 Grecus
1763 2842 1844 2896 rei

262 2918 432 2979 Greca
466 2924 553 2982 vel
578 2923 718 2983 alius
740 2926 850 2997 qui
869 2928 974 2983 sub
998 2926 1382 2997 iurisdictione
1409 2937 1597 2988 nostra
1623 2929 1729 2987 sint
1764 2931 1846 2987 vel

259 3033 382 3077 esse
407 3018 651 3077 debeant
675 3022 990 3079 rendabiles
1011 3021 1245 3093 imperio
1269 3031 1478 3091 nostro,
1515 3025 1644 3079 licet
1668 3024 1851 3087 allii-e-

263 3119 456 3168 rentur
492 3112 821 3181 Januenses,
850 3114 1087 3173 debeant
1121 3129 1243 3171 esse
1267 3115 1369 3171 sub
1392 3118 1644 3175 examine
1674 3121 1844 3188 partis
1876 3138 1915 3193 ο

259 3201 477 3277 Imperii
526 3206 728 3274 nostri,
774 3222 878 3263 nec
920 3208 1378 3283 comptttabnntur
1410 3209 1464 3263 in
1512 3225 1743 3268 numero
1793 3222 1848 3267 et

258 3301 609 3357 ordinatione
648 3300 950 3357 Initclrizie
984 3312 1039 3357 et
1084 3302 1349 3359 libertatis
1369 3300 1746 3361 Januensiutn.

331 3393 466 3447 item
494 3394 641 3464 quod
671 3395 1027 3451 concedimus
1053 3395 1194 3466 parti
1220 3394 1461 3465 ipsorum
1489 3394 1845 3454 Januensium

256 3482 434 3546 locum
469 3488 839 3551 Iiabitacionis
874 3489 931 3543 in
962 3498 1105 3545 terra
1128 3488 1499 3551 Smiraarum.
1536 3500 1596 3546 et
1620 3495 1849 3559 permit-

257 3579 427 3638 timus
454 3581 613 3653 ipsos
640 3582 844 3640 habere
866 3583 918 3638 in
951 3584 1141 3638 eodem
1169 3582 1287 3637 loco
1317 3582 1538 3653 logiam.
1569 3584 1849 3651 balneum,

258 3672 511 3738 lustrum,
541 3675 833 3732 ecclesiam
862 3686 917 3730 et
942 3675 1044 3730 alia
1080 3689 1187 3744 que
1214 3675 1530 3746 speciiicata
1562 3686 1690 3731 sunt
1718 3692 1850 3746 par-

258 3768 574 3827 ticular'tter
611 3769 667 3823 itt
694 3768 933 3840 capitulo
960 3769 1032 3824 de
1069 3766 1283 3839 Galate,
1315 3776 1374 3824 ut
1404 3769 1607 3829 dictum
1638 3779 1745 3825 est.

327 3862 464 3918 Item
498 3861 645 3931 quod
668 3861 1006 3921 salvabimus
1033 3869 1144 3916 tam
1167 3862 1221 3918 in
1250 3861 1385 3921 mari
1409 3876 1575 3933 quam
1601 3861 1655 3919 in
1684 3872 1851 3928 terra,

256 3955 311 4012 in
345 3954 606 4026 portibus
628 3965 682 4015 et
706 3948 902 4017 insulis
931 3970 1065 4029 quas
1096 3952 1363 4019 habemus
1400 3962 1457 4011 et
1497 3952 1733 4011 habituri
1763 3968 1858 4007 sn-

256 4066 381 4109 tnus
405 4064 510 4126 per
539 4046 773 4120 gratiam
815 4046 913 4106 Dei
962 4058 1019 4107 et
1044 4045 1497 4104 intercessiOnem
1524 4044 1645 4115 ejus
1696 4060 1855 4103 sanc-

254 4146 474 4205 tissime
499 4146 812 4211 Genitricis,
855 4158 1048 4201 onlnes
1076 4139 1379 4198 Jatrtteuses
1416 4150 1472 4198 et
1493 4145 1561 4200 de
1600 4141 1855 4200 districto

252 4238 434 4297 Janue
466 4248 523 4295 et
544 4254 736 4295 omnes
765 4237 1073 4294 nominatos
1108 4233 1411 4293 Januenses
1440 4244 1494 4291 et
1524 4234 1616 4307 qui
1642 4248 1738 4305 pro
1763 4226 1859 4289 Ja-

256 4336 574 4391 ttuensibus
596 4334 1007 4403 distinguuntur
1030 4330 1115 4387 vel
1148 4331 1503 4394 tenebuntur.
1531 4332 1581 4384 in
1608 4329 1857 4399 personis

254 4438 312 4484 et
346 4428 520 4486 rebus
570 4428 825 4487 omnibus
854 4440 1072 4493 eorum,
1120 4432 1173 4483 et
1202 4423 1307 4487 biis
1338 4423 1416 4496 (tt)
1447 4422 1539 4493 qui
1581 4422 1858 4492 patientur

1934 509 2035 578 ipsi
2067 509 2423 579 probaverim
2450 509 2503 564 in
2534 510 2766 565 veritate
2794 516 2849 562 et
2869 506 3181 577 juraverint
3204 504 3260 559 lu
3289 519 3514 576 presen-

1932 602 2009 657 tia
2066 603 2283 657 illorum
2321 602 2414 672 qui
2471 608 2795 673 potestatem
2827 599 3119 656 habuerint
3157 597 3514 655 Januensium

1934 704 2190 765 preseute
2231 695 2435 751 nuneio
2493 695 2709 764 Imperii
2740 695 2932 750 nostri.
2982 691 3231 751 Probare
3286 692 3521 749 debeant

1931 789 2183 846 similiter
2234 804 2355 846 cum
2388 789 2530 844 veris
2551 788 2879 859 iuramentis
2901 787 3066 843 etiam
3114 787 3205 842 alii
3235 786 3330 859 qui
3367 788 3520 843 inve-

1933 881 2153 937 nientur
2204 881 2258 937 in
2311 882 2507 939 eodem
2537 882 2821 953 naufragio
2855 883 2948 951 qui
2982 880 3258 937 evaserint
3289 882 3357 937 de
3400 882 3521 961 ipsa

1933 975 2177 1047 periculo
2224 977 2636 1053 presentc‘ipso
2689 976 2891 1032 nuncio
2926 973 3138 1045 Imperii
3190 974 3385 1037 nostri.
3427 978 3518 1044 qui

1934 1069 2114 1128 videat
2152 1075 2303 1148 ipsos
2351 1084 2517 1141 testes
2555 1074 2764 1144 iurare,
2795 1078 2858 1124 ut
2894 1053 3059 1139 supra
3091 1069 3300 1127 dictum
3330 1078 3434 1137 est,
3465 1080 3521 1125 rt

1933 1165 2183 1225 subicere
2211 1169 2404 1245 debeat
2431 1166 2536 1225 hoc
2560 1167 2633 1224 ad
2654 1178 3028 1231 ostensionetn
3060 1175 3115 1225 et
3140 1165 3519 1239 probationem

1932 1260 2201 1318 veritatis.
2672 1312 2675 1316 .
2890 1318 2891 1321 η

2006 1355 2138 1410 Item
2200 1355 2348 1423 quod
2402 1354 2768 1427 prestabimus
2818 1368 3034 1425 semper
3087 1353 3522 1437 partiiilustris

1934 1450 2184 1504 comunls
2232 1448 2408 1506 Janue
2438 1457 2493 1503 et
2531 1447 2761 1521 singulis
2793 1444 3155 1522 Ianuensibus
3199 1454 3257 1502 et
3301 1444 3369 1508 de
3408 1446 3524 1502 «iis.

1941 1541 2102 1597 Iritul
2142 1542 2315 1599 Janue
2343 1551 2400 1598 et
2435 1538 2676 1609 illorum,
2700 1540 2792 1611 qui
2825 1539 3157 1595 tenebuntur
3204 1546 3260 1591 ut
3281 1537 3524 1597 Jauucn-

1935 1650 2047 1703 ses,
2076 1634 2385 1692 libertatem
2413 1642 2468 1690 et
2506 1631 2869 1690 francbiziam
2916 1641 2974 1688 et
3022 1631 3423 1687 immunitatem
3456 1633 3523 1686 de

1938 1738 2123 1782 cetero
2159 1741 2373 1796 semper
2400 1735 2510 1799 tam
2546 1725 2601 1780 in
2637 1724 2777 1780 mari
2804 1738 2965 1794 quam
3008 1724 3066 1780 ln‘
3109 1716 3278 1788 terra.
3307 1721 3361 1778 in
3396 1738 3525 1797 por-

1938 1815 2080 1871 tibus
2107 1824 2161 1871 et
2201 1815 2395 1870 lnsulis
2422 1814 2630 1872 nostris
2664 1826 2800 1884 quas
2827 1813 3091 1888 habemus
3120 1822 3174 1889 et
3200 1804 3524 1870 habebimus

1938 1905 2040 1963 Dei
2082 1906 2462 1963 miseiieordiz
2489 1916 2543 1962 et
2565 1921 2663 1980 per
2694 1907 3145 1963 intercessionem
3175 1904 3524 1969 sanctissium

1940 1997 2035 2056 Dei
2060 1998 2385 2065 Genitricis,
2414 1998 2491 2054 ita
2519 1998 2662 2070 quod
2694 2012 2883 2054 omnes
2913 1996 3213 2054 Jauuenses
3233 2008 3290 2055 et
3316 2000 3383 2055 de
3402 1996 3527 2053 dis-

1940 2093 2103 2147 tricta
2140 2091 2321 2148 Janue
2368 2102 2425 2147 et
2463 2093 2556 2161 qui
2599 2098 2855 2148 tenentur
2884 2088 3183 2147 Januenses
3210 2090 3323 2148 sint
3348 2090 3521 2153 {rauci

1939 2194 1996 2242 et
2051 2184 2237 2248 liberi.
2298 2183 2466 2240 nichil
2531 2183 2805 2240 solventes
2857 2184 2911 2238 in
2954 2191 3067 2239 tota
3116 2194 3260 2239 terra
3305 2183 3525 2255 Imperii

1942 2275 2115 2331 nostri
2160 2291 2264 2346 pro
2290 2275 2564 2333 comercio
2596 2290 2698 2333 nec
2735 2291 2900 2333 causa
2935 2275 3168 2347 alicujus
3194 2275 3522 2337 exactionis.

1943 2368 2209 2424 intrantes
2239 2369 2493 2426 vidciicet
2521 2383 2620 2439 per
2648 2378 2817 2426 totam
2865 2380 3063 2429 terram
3097 2368 3315 2439 Imperii
3346 2369 3521 2425 nostri

1942 2462 2027 2517 vel
2054 2472 2313 2520 exeuntes
2344 2476 2409 2518 ex
2445 2462 2585 2533 ipsa,
2641 2465 2938 2521 renuentes
2970 2474 3028 2521 et
3056 2475 3305 2520 ementes
3334 2473 3392 2520 et
3430 2473 3528 2519 cx-

1944 2553 2284 2609 cambiantes
2311 2556 2395 2613 vel
2414 2556 2637 2628 aliquod
2667 2557 2813 2613 aliud
2833 2559 3178 2630 negociantes
3199 2558 3374 2615 modis
3396 2571 3530 2615 con-

1945 2649 2121 2706 suetis
2149 2650 2531 2715 mercscionis,
2564 2659 2745 2721 preter
2773 2650 2855 2707 sai
2893 2659 2949 2718 et
2977 2652 3284 2721 masticem,
3312 2659 3525 2708 stantes

1945 2747 2097 2801 etde
2124 2751 2267 2799 terra
2294 2743 2349 2797 in
2392 2752 2595 2798 terram
2629 2751 2912 2806 exeuntes,
2943 2758 3039 2815 per
3078 2752 3281 2799 terram
3314 2745 3401 2801 vel
3426 2758 3528 2820 per

1948 2851 2123 2902 mare,
2141 2840 2275 2891 cum
2292 2836 2728 2892 mereacionibus
2746 2837 2830 2891 vel
2856 2838 2974 2893 sine
2997 2837 3421 2904 merac'onibus,
3460 2821 3541 2894 atl'

1948 2930 2067 2987 loca
2089 2928 2394 2985 deterentes
2419 2927 2502 2982 vel
2529 2927 2653 2983 inde
2675 2928 3024 2985 extrahentes
3056 2942 3121 2984 ex
3147 2928 3421 2999 emptione
3446 2930 3532 2983 vel

1950 3024 2059 3080 alio
2074 3023 2230 3078 lucro
2246 3007 2296 3079 et
2316 3021 2441 3078 alibi
2462 3020 2783 3088 deterentes,
2801 3022 3156 3093 personaliter
3171 3039 3265 3079 seu
3286 3024 3528 3082 realiter.

2019 3115 2153 3172 Item
2174 3116 2225 3173 si
2252 3114 2375 3187 quis
2400 3114 2700 3171 Janucnsis
2730 3115 2816 3171 vel
2844 3116 2935 3186 qui
2974 3125 3186 3172 tenetur
3212 3128 3269 3170 ut
3287 3115 3534 3172 .ianuen-

1953 3215 2033 3270 sis
2055 3213 2282 3270 solverit
2306 3211 2509 3281 aliquid
2536 3211 2619 3265 vel
2650 3211 3066 3282 dampnliicatus
3096 3210 3235 3267 foret
3265 3211 3322 3265 in
3354 3211 3535 3283 aliqua

1956 3317 2100 3363 terra
2150 3304 2403 3375 subjecta
2460 3303 2692 3375 Imperio
2754 3312 2966 3369 nostro,
2997 3310 3055 3359 et
3107 3297 3348 3373 ablatum
3389 3315 3539 3359 esset

1953 3397 2057 3454 sibi
2105 3397 2316 3453 ratione
2341 3394 2576 3452 staliana
2604 3396 2691 3450 vel
2726 3394 2971 3450 maxerio
2998 3403 3093 3450 aut
3120 3402 3340 3466 propter
3371 3380 3537 3475 aliam

1955 3498 2178 3546 causam
2225 3490 2308 3545 vel
2341 3489 2560 3546 modum
2594 3498 2880 3561 operatum
2914 3485 3080 3545 fuerit
3112 3498 3307 3545 centra
3336 3489 3539 3547 dictam

1954 3578 2311 3634 franchiziam
2326 3590 2381 3636 et
2398 3580 2706 3636 libertatem
2731 3580 2972 3651 ipsorum
2993 3578 3373 3649 Januensium,
3393 3582 3540 3651 quod

1959 3672 2253 3743 imperium
2290 3685 2533 3729 nostrum
2562 3673 2742 3729 facere
2768 3676 2961 3730 debeat
2993 3674 3247 3731 satisﬁeri
3276 3670 3333 3731 et
3373 3675 3541 3731 resti-

1957 3769 2231 3825 tucionent
2276 3767 2391 3824 lleri
2418 3768 2548 3832 iiiis,
2580 3771 2673 3839 qui
2703 3768 2997 3839 dampnum
3030 3770 3172 3837 passi
3196 3767 3422 3847 fuerint,
3453 3778 3541 3825 to-

1957 3874 2072 3919 tum
2114 3863 2165 3919 id
2194 3866 2338 3935 quod
2372 3863 2476 3933 ipsi
2505 3863 2642 3919 tales
2673 3861 2981 3931 iuraverint
3008 3862 3061 3917 in
3102 3862 3386 3933 prescncla
3430 3862 3538 3917 Po-

1966 3954 2184 4016 testatis
2209 3969 2305 4012 seu
2337 3954 2633 4013 Consulum
2653 3953 3003 4018 Januensium
3031 3955 3177 4027 quod
3206 3956 3455 4012 dederint
3475 3955 3543 4012 il-

1955 4050 2049 4107 lud
2080 4050 2171 4106 tali
2208 4052 2366 4107 modo
2406 4060 2497 4104 aut
2526 4049 2765 4105 ablatum
2807 4049 2969 4105 fuerit
3004 4052 3075 4104 ab
3100 4050 3254 4123 ipsis.

2024 4143 2160 4201 Item
2210 4146 2356 4217 quod
2406 4160 2511 4199 non
2544 4146 2787 4212 recipere
2829 4144 3024 4201 debeat
3056 4145 3125 4201 de
3155 4154 3339 4202 cetero
3367 4142 3541 4215 Impr-

1958 4238 2097 4295 rium
2129 4248 2375 4297 nostrum
2413 4237 2649 4310 aliquem
2690 4236 3021 4297 Janueusem
3068 4238 3153 4294 vel
3187 4238 3257 4294 de
3288 4238 3539 4295 districtu

1955 4332 2129 4393 Janue
2162 4334 2216 4389 in
2246 4333 2562 4398 rassallum.
2594 4334 2667 4388 ita
2698 4333 2839 4403 quod
2873 4336 3145 4395 eximatur
3177 4346 3235 4390 et
3272 4349 3384 4390 non
3416 4351 3540 4391 esse

1958 4426 2158 4485 debeat
2179 4425 2286 4483 sub
2320 4427 2577 4482 examine
2610 4434 2677 4482 et
2712 4420 3095 4499 iurisdictione
3128 4427 3417 4491 Potestatis
3455 4433 3541 4485 vel

258 4521 617 4592 naufragium
668 4529 726 4576 et
779 4515 914 4574 inde
957 4518 1256 4583 evaserint.
1308 4516 1353 4570 si
1412 4516 1847 4570 testiﬁcabor!!!"
1882 4511 1927 4566 υ
1954 4516 2253 4577 Cousulum
2304 4518 2689 4587 Ianueusium,
2736 4522 2827 4582 seti
2863 4523 3058 4579 debeat
3094 4522 3207 4589 ipse
3242 4522 3366 4578 talis
3394 4521 3541 4593 iudi-

257 4631 361 4686 per
404 4615 598 4670 literas
632 4611 927 4674 Potestatis
957 4606 1132 4668 Janue
1156 4622 1251 4666 seu
1281 4605 1578 4664 Potestatis
1606 4607 1685 4660 vel
1710 4606 1850 4665 Cou-

257 4706 403 4763 sulis
435 4701 788 4760 ianuensium
826 4702 919 4772 qui
951 4701 1005 4756 in
1052 4698 1307 4772 partibus
1339 4696 1604 4755 Romanic
1637 4698 1851 4754 inveniv

260 4810 432 4856 eatur
461 4813 527 4855 eo
570 4806 816 4867 tempore
867 4808 975 4865 quo
1018 4795 1121 4850 hoc
1178 4793 1286 4848 tale
1334 4792 1646 4861 contigerit,
1685 4790 1855 4845 etde-

264 4902 638 4949 tnonstratum
666 4887 823 4943 luerit
855 4903 953 4959 per
978 4886 1281 4957 huiusmodi
1314 4883 1681 4941 testimonium
1704 4882 1856 4955 ipsus

258 5001 386 5042 esse
413 4985 717 5040 Januenses
742 4980 827 5036 vel
854 4982 920 5036 dc
949 4980 1199 5038 districta
1223 4975 1395 5033 .Ianue
1431 4974 1516 5032 vel
1545 4976 1856 5031 nominatus

255 5091 313 5137 et
350 5078 655 5151 appellatos
684 5074 1009 5134 Ianuenses.

340 5174 484 5226 item
514 5169 659 5240 quod
687 5165 1015 5229 Janueuses,
1052 5170 1107 5221 et
1136 5164 1227 5235 qui
1259 5163 1388 5219 dicti
1422 5162 1627 5219 fuerint
1663 5169 1719 5219 et
1762 5176 1859 5217 uo-

261 5262 470 5322 tninati
513 5260 721 5315 fuerint
746 5255 1052 5313 Januenses
1083 5264 1143 5312 ttt
1172 5269 1362 5327 supra.
1393 5257 1441 5311 si
1468 5252 1757 5325 contigerit
1793 5256 1855 5307 li-

261 5357 349 5412 eri
380 5354 466 5411 eis
495 5350 721 5409 ol'i'cnsio
750 5365 845 5406 seu
890 5349 1185 5419 dampnum
1221 5346 1436 5418 aliquod
1484 5346 1542 5401 in
1564 5346 1728 5402 terris
1756 5347 1862 5399 Ini-

262 5449 414 5523 perii
463 5446 634 5503 nostri
666 5444 735 5500 de
779 5442 1083 5512 naufragiis
1138 5440 1587 5511 provenientilius
1613 5443 1680 5495 ad
1717 5441 1862 5510 ipsos

263 5558 400 5603 cum
446 5540 609 5598 rebus
652 5539 913 5609 ipsorum,
942 5548 994 5592 ct
1029 5538 1323 5605 dampnata
1380 5536 1524 5607 passi
1561 5533 1759 5593 iuerint
1795 5538 1862 5591 de

266 5634 417 5706 ipsis
469 5635 631 5693 rebus
672 5644 767 5703 per
820 5624 1034 5699 aliquos
1069 5628 1342 5698 subjectos
1378 5627 1595 5699 Imperii
1665 5630 1861 5691 nostri,

344 5812 439 5887 (tt)
471 5812 612 5886 Lege
636 5812 749 5869 Iros.

1956 4612 2071 4668 cari
2128 4628 2227 4684 per
2289 4614 2435 4686 ipsos
2476 4623 2636 4685 prout
2676 4616 2841 4669 ceteri
2896 4616 3043 4672 cives
3092 4624 3147 4672 et
3198 4615 3537 4671 habitatores

1952 4704 2150 4764 Janus.

2032 4800 2165 4858 Item
2192 4802 2332 4875 quod
2365 4818 2469 4857 non
2499 4802 2857 4879 impediemus
2880 4817 2979 4862 nec
2998 4804 3245 4874 impediri
3274 4802 3542 4859 faciemus

1960 4913 2058 4953 seu
2091 4897 2346 4968 impediri
2380 4901 2762 4968 permittemus
2797 4896 2851 4951 in
2883 4907 2994 4953 tota
3046 4907 3192 4952 terra
3219 4897 3391 4953 nostri
3439 4898 3542 4953 im-

1961 4989 2117 5056 perii,
2164 5003 2327 5063 quam
2382 4990 2644 5046 habemus
2686 4999 2746 5045 et
2774 4986 3056 5062 de‘gratia
3108 4989 3201 5055 Dei
3237 4986 3537 5047 Genitricis

1960 5084 2323 5159 acquiremus,
2355 5084 2589 5155 aliquem
2616 5080 2943 5140 Januensem
2980 5093 3037 5141 et
3060 5083 3127 5140 do
3161 5084 3411 5142 districto
3440 5084 3539 5141 Ja-

1958 5191 2067 5232 nue
2092 5188 2313 5247 promer
2365 5176 2569 5238 factum
2625 5190 2722 5232 seu
2754 5178 3012 5233 delictum
3056 5176 3142 5234 vel
3194 5176 3400 5233 furtum
3440 5194 3535 5234 seu

1960 5268 2207 5339 rapinam
2234 5267 2314 5321 vel
2356 5267 2595 5322 debitum
2619 5268 2851 5324 alterum
2884 5269 2936 5323 in
2967 5283 3200 5341 persona
3236 5270 3321 5327 vel
3353 5285 3411 5324 re
3440 5270 3541 5323 ali-

1962 5374 2092 5431 qua,
2126 5361 2247 5416 sed
2300 5360 2671 5431 unusquisque
2719 5358 3011 5418 Januoasis
3054 5362 3140 5419 vel
3176 5365 3269 5433 qui
3319 5373 3537 5426 tenetur

1962 5453 2251 5521 innitensis
2288 5455 2389 5509 snb
2423 5454 2579 5521 culpa
2599 5453 2770 5524 ipsius
2798 5456 2887 5509 tali
2928 5456 3089 5511 modo
3122 5457 3423 5511 examinari
3444 5456 3539 5513 de-
3640 5488 3641 5491 η

1963 5545 2092 5603 beat
2121 5546 2220 5600 sub
2265 5548 2417 5599 curia
2462 5553 2517 5598 et
2545 5543 2929 5615 jurisdictione
2960 5542 3256 5618 Potestatis
3287 5546 3369 5603 vel
3400 5546 3543 5603 Ceu-

1967 5641 2098 5697 suiis
2120 5638 2499 5703 Janucnsium,
2527 5650 2580 5695 ct
2614 5640 2755 5709 quod
2780 5629 3037 5711 puniatur
3067 5650 3121 5697 et
3153 5641 3341 5698 reddat
3370 5646 3549 5705 rapio-
