4036 6144
437 266 581 333 1123

1625 260 2231 330 CI‘OLITANORUM
2276 258 2487 333 IMPP.

3550 256 3579 327 Ῑ
3592 259 3696 328 ιιι

433 393 488 436 et
517 390 704 437 tenere
740 384 855 433 rata
888 382 1043 445 grata
1061 382 1108 429 et
1139 370 1292 427 lirma
1336 372 1516 428 onnia
1563 383 1617 426 et
1649 373 1859 442 singula
1900 384 2004 440 quc
2036 380 2077 437 Α
2110 389 2227 428 rum
2272 374 2353 428 vel
2394 373 2713 428 Venetorum
2749 371 2965 428 veniret
2996 370 3050 428 in
3080 370 3562 445 Constantinopoli
3594 374 3697 425 duo

430 493 525 545 per
557 476 732 544 ipsum
768 470 1049 526 dominum
1081 468 1452 527 Atttmiratunt
1505 477 1560 523 et
1589 466 2006 523 santituendos

428 574 584 625 abeo
617 568 759 620 facta
806 574 954 632 gesta
1004 571 1058 615 et
1117 562 1379 631 promissa
1422 568 1476 615 ct
1530 570 1743 629 recepta
1803 560 2006 614 fuerint

426 677 553 715 cum
584 660 1025 730 quibuscumque
1057 654 1296 709 dominis
1350 667 1699 722 quocumque
1731 653 1889 706 titulo
1922 652 2007 705 di-

427 754 651 824 gnitatis
690 751 929 805 existant
962 756 1055 802 :et
1090 747 1182 817 qui
1223 745 1480 807 Oberttts,
1512 743 1717 808 RaII'us,
1754 742 2007 797 Frederi-

428 862 546 906 cus,
571 853 624 898 et
662 840 995 896 Lanl'raneus
1018 848 1143 893 sunt
1171 837 1454 893 substituti
1485 847 1703 891 actores
1724 842 1779 889 et
1811 849 2009 905 preru-

432 948 645 991 ratores
675 933 803 990 dicti
838 932 1041 1001 domini
1071 928 1384 991 Ammirati,
1410 942 1534 983 cum
1562 938 1670 983 tota
1710 936 2005 998 potestate.

431 1030 735 1100 quamipse
763 1027 928 1082 habet
954 1040 1052 1094 pro
1071 1021 1427 1089 supradictis,
1450 1030 1640 1075 tenore
1657 1021 2005 1075 instrumenti

433 1121 670 1195 pubbiici
698 1119 886 1189 scripti
943 1131 1107 1172 manu
1132 1113 1344 1169 Thome
1368 1112 1600 1169 Ortonis
1632 1113 1834 1167 notarii
1864 1127 2011 1168 anno

431 1214 672 1286 prem-nti
699 1213 789 1268 die
822 1210 1100 1280 trigesima
1138 1206 1343 1277 Aprilis
1370 1221 1388 1272 ς
1421 1205 1588 1273 igitur
1615 1215 1866 1260 nostrum
1899 1202 2008 1258 Im-

433 1309 797 1378 perii-mcum
827 1301 1095 1373 pretlictis
1121 1297 1396 1354 nobilibus
1425 1297 1575 1352 venit
1628 1297 1692 1351 ad
1728 1293 2011 1350 inl'rascri-

430 1415 579 1475 ptam
619 1413 808 1471 pacem
854 1405 912 1451 ut
946 1394 1113 1451 infra.

508 1494 690 1551 I'rinio
719 1489 969 1548 videlicet
998 1488 1144 1557 quod
1164 1486 1454 1541 lirmamus
1482 1482 1876 1538 convcntiones
1917 1496 2013 1539 no-

434 1605 535 1645 vas
556 1598 617 1645 et
633 1595 869 1647 veteres.
886 1596 992 1653 (lue
1012 1588 1140 1635 sunt
1159 1576 1300 1633 inter
1328 1574 1617 1646 Imperium
1641 1585 1697 1629 et
1723 1589 2014 1630 commune

433 1681 630 1741 latine,
685 1689 809 1731 cum
841 1668 1220 1727 reservatione
1255 1675 1464 1727 tamen.
1494 1664 1639 1734 quod
1682 1679 1783 1736 pax
1836 1674 1887 1719 et
1947 1681 2008 1719 ea

2113 478 2267 523 rante
2314 468 2455 522 dicta
2481 480 2675 539 guerra
2708 479 2835 521 cum
2875 464 3085 521 Baiulio
3109 463 3443 522 Venetorum
3481 467 3566 518 vel
3599 466 3699 518 ali-

2111 577 2219 630 quo
2262 560 2658 620 ambasiatore.
2694 557 2841 628 quod
2872 572 2936 613 eo
2953 573 3080 613 casu
3110 558 3154 613 si
3191 568 3324 614 tunc
3366 556 3438 629 (ιι)
3468 566 3703 627 ponet-et

2110 656 2346 719 staliam,
2382 672 2485 709 non
2509 653 2843 723 intelligatur
2873 652 3265 709 contrafecisse
3297 668 3512 723 pacem.

2181 745 2313 799 Item
2346 745 2526 799 extitit
2558 759 2656 813 per
2679 753 2920 812 pactum,
2953 745 3099 814 quod
3124 745 3419 814 Imperium
3445 758 3702 817 nostrum

2108 838 2406 895 occasione
2439 836 2585 891 dicte
2633 836 2789 906 pacis
2830 835 2961 892 dare
3023 837 3221 894 debeat
3271 838 3419 893 dicto
3472 838 3707 901 domino

2111 931 2414 985 Avmnirato
2451 944 2647 986 omnes
2693 929 3022 996 Januenses,
3071 946 3213 1001 quos
3266 934 3474 987 habent
3518 933 3705 988 nostri

2109 1023 2283 1082 Cneci
2317 1027 2369 1078 in
2397 1025 2623 1093 imperio
2648 1033 2702 1079 et
2744 1039 2884 1093 quos
2912 1026 3077 1079 etiam
3109 1026 3400 1095 Imperium
3442 1038 3704 1086 nostrum

2112 1119 2275 1174 habet
2302 1126 2617 1170 carceratos
2641 1116 2726 1172 vel
2753 1118 3082 1185 detemptos,
3106 1127 3165 1172 et
3186 1116 3361 1173 libere
3384 1119 3564 1174 eidem
3595 1118 3704 1179 do-

2114 1208 2260 1262 mino
2293 1207 2593 1261 Ammirato
2619 1220 2712 1262 eos
2744 1207 3000 1262 demittat
3057 1216 3113 1263 et
3151 1207 3403 1263 similiter
3436 1208 3709 1266 dominus

2114 1299 2446 1355 Amntiratns
2483 1296 2656 1354 libere
2685 1297 2923 1353 dimittat
2973 1313 3164 1355 omnes
3184 1295 3407 1353 Graecos
3432 1312 3578 1369 quos
3604 1299 3707 1355 bac

2113 1390 2205 1446 bet
2228 1389 2282 1444 in
2306 1404 2597 1446 commune
2644 1399 2856 1444 tantum
2879 1398 2935 1445 et
2966 1390 3061 1459 qui
3112 1401 3242 1465 sunt
3296 1390 3353 1445 in
3389 1392 3705 1455 communi.

2181 1482 2315 1537 item
2347 1481 2531 1536 extitit
2557 1496 2652 1552 per
2675 1490 2915 1553 paetum,
2939 1481 3086 1554 quod
3122 1481 3419 1553 Imperium
3447 1495 3706 1540 nostrum

2116 1589 2224 1629 non
2276 1574 2470 1629 delicat
2509 1589 2714 1645 ponere
2771 1574 2857 1630 vel
2906 1577 3158 1645 accipere
3198 1578 3642 1633 commercbium
3677 1594 3710 1632 a

2116 1663 2293 1721 Greco
2319 1666 2410 1735 qui
2443 1674 2587 1720 emat
2618 1666 2967 1723 mercimonio
3001 1684 3030 1721 a
3068 1666 3366 1730 Iannense.
3396 1676 3452 1723 et
3480 1668 3526 1723 si
3552 1678 3711 1724 esset

433 1781 614 1843 pacta,
646 1774 798 1840 gesta
835 1778 930 1837 per
959 1760 1240 1818 dominum
1271 1756 1638 1812 Anttniratum
1673 1771 1799 1810 cum
1836 1755 2009 1812 Orca—
2042 1767 2090 1829 Β
2121 1757 2175 1812 ἰιι
2228 1759 2689 1821 contentionibus
2721 1759 2862 1827 quod
2896 1759 3065 1829 possit
3103 1758 3184 1813 vel
3224 1758 3421 1814 debeat
3456 1762 3716 1828 recipere

436 1864 587 1923 nibei
611 1857 923 1922 Aumiirati,
956 1855 1065 1910 sint
1088 1851 1246 1906 lirma
1269 1866 1373 1904 non
1397 1848 1747 1905 obstantibus
1773 1863 2011 1905 come“.

434 1957 680 2014 tionibus
715 1948 997 2024 predictis.

506 2049 640 2104 Item
672 2060 771 2118 per
804 2050 1020 2114 pactum
1076 2034 1365 2108 Imperium
1427 2046 1676 2091 nostrum
1714 2035 1782 2091 de
1838 2043 2010 2104 gratia

431 2140 785 2199 donationem
833 2134 962 2190 facit
997 2132 1277 2192 communi
1328 2127 1506 2186 Janue
1548 2130 1616 2184 de
1646 2126 1855 2183 Gallitta
1888 2142 2010 2180 cum

436 2246 679 2295 terreno,
720 2237 883 2302 prout
916 2226 1181 2291 fossatum
1216 2223 1389 2280 tendit
1444 2236 1619 2292 usque
1645 2220 1711 2276 ad
1771 2231 2012 2274 castrum

437 2330 631 2381 sancte
658 2315 876 2380 Crat-is,
904 2324 959 2372 et
988 2314 1132 2370 ultra
1160 2312 1368 2371 dictum
1401 2308 1671 2365 fossatum
1696 2310 2011 2371 cubitorum

436 2422 683 2475 centum,
725 2408 867 2463 infra
896 2407 1041 2477 quod
1070 2420 1179 2461 non
1209 2406 1382 2474 possit
1414 2401 1725 2458 hediliciuttt
1758 2400 2012 2474 Latinum

434 2504 517 2557 vel
538 2499 772 2557 Crocum
800 2511 901 2553 nec
924 2499 1107 2568 aliqua
1140 2495 1244 2551 alia
1276 2495 1493 2548 novitas
1528 2492 1668 2547 ﬁeri.
1692 2490 1883 2562 Itaque
1915 2505 2015 2545 cn.

436 2596 582 2649 bitns
607 2599 827 2648 centum
870 2589 958 2645 isti
980 2592 1090 2644 sint
1116 2588 1169 2642 in
1205 2585 1347 2642 facie
1408 2586 1722 2651 incipiendo
1765 2600 1793 2637 ιι
1835 2583 2015 2654 capite

432 2686 647 2745 Galiata
676 2697 849 2754 usque
875 2680 944 2738 ad
969 2688 1214 2738 castrum
1230 2688 1429 2743 sancte
1456 2678 1651 2734 Crueis
1678 2686 1825 2731 recta
1848 2676 2016 2741 linea,

432 2788 492 2836 et
522 2792 551 2833 a
587 2787 771 2832 castro
815 2782 1001 2830 sancte
1034 2772 1231 2829 Crucis
1288 2786 1464 2843 usque
1507 2770 1575 2825 ad
1616 2780 1825 2826 turrem
1882 2768 2017 2823 Tra-

436 2872 597 2928 Vt'rii.

513 2962 645 3021 Item
671 2961 853 3020 estitit
884 2975 981 3034 per
1020 2968 1239 3031 pactum
1266 2969 1324 3014 et
1362 2957 1692 3028 promissum
1721 2971 1819 3026 per
1846 2956 2019 3026 Impe-

438 3061 585 3119 rium
619 3067 890 3120 nostrum,
924 3060 1070 3123 quod
1098 3052 1266 3124 galeis
1304 3052 1581 3122 aliquibus
1623 3049 2015 3106 Catalanorutn

2121 1850 2329 1904 dictum
2376 1851 2831 1917 commercbium,
2894 1850 3039 1921 quod
3078 1865 3182 1903 non
3237 1852 3569 1919 accipiatur,
3602 1850 3715 1907 nisi

2122 1943 2426 2012 accipiatur
2459 1943 2787 2014 generaliter
2818 1959 2846 1996 a
2896 1943 3100 1997 nostris
3156 1943 3348 1999 Grecis
3388 1921 3712 1999 etnetttibus

2115 2041 2183 2093 ab
2214 2036 2333 2091 aliis
2351 2034 2540 2091 Grecis
2567 2036 2950 2090 mercimonia.
2978 2036 3043 2091 Et
3065 2036 3324 2090 similiter
3350 2034 3519 2090 faciat
3550 2054 3714 2092 como

2118 2136 2282 2183 mune
2316 2125 2689 2183 Januensilms
2741 2130 2855 2183 suis
2885 2127 3199 2183 ementibus
3229 2128 3594 2184 mercimonio
3625 2128 3710 2205 [ει]

2114 2219 2324 2276 Grecis.

2190 2313 2320 2368 ltcm
2357 2314 2537 2369 extitit
2576 2328 2674 2383 per
2704 2320 2950 2383 pactum,
2982 2312 3129 2385 quod
3158 2313 3203 2369 si
3239 2314 3439 2386 aliquis
3487 2314 3708 2371 Grecns

2116 2408 2423 2464 vendiderit
2454 2409 2506 2462 in
2540 2407 2697 2463 Peira
2724 2409 2808 2461 vel
2834 2408 2887 2462 in
2916 2408 3107 2478 burgis
3139 2409 3349 2470 vinum,
3378 2412 3529 2481 quod
3548 2426 3719 2465 cont-

2117 2504 2417 2558 merchium
2455 2503 2771 2573 impositum
2804 2501 3101 2556 secundum
3134 2504 3545 2567 ordinationem
3591 2504 3718 2559 sin-

2116 2593 2362 2651 dicorum
2397 2596 2705 2649 communis
2757 2594 2932 2651 Ianu‘e
2969 2592 3279 2664 huiusmodi
3337 2586 3549 2653 Cret-us
3610 2599 3715 2655 deo

2124 2687 2251 2743 beat
2282 2687 2493 2742 solvere
2526 2698 2684 2757 prout
2705 2688 2796 2744 alii
2830 2686 3159 2755 Janucnses,
3200 2699 3258 2744 et
3276 2689 3528 2744 similiter
3554 2706 3708 2745 com-

2121 2780 2415 2837 merebarii
2458 2780 2673 2850 Imperii
2718 2783 2891 2837 nostri
2932 2784 3192 2851 colligant
3219 2794 3272 2837 et
3303 2783 3581 2852 accipiant
3615 2786 3717 2839 ἰιιιο

2122 2875 2355 2945 positum
2384 2890 2479 2943 per
2498 2889 2597 2929 nos
2614 2876 3041 2930 cetnmercbium
3069 2892 3095 2927 ιι
3132 2875 3502 2932 Januensibus
3522 2881 3716 2933 vinum

2124 2965 2490 3020 vendentibus
2532 2966 2585 3018 in
2617 2964 3096 3036 Constantinopoli
3131 2976 3292 3038 prout
3319 2970 3384 3021 ab
3420 2969 3545 3024 aliis
3572 2969 3707 3025 Cre-

2122 3059 2224 3114 cis.
2261 3060 2320 3115 ΕΙ
2352 3060 2593 3130 predicta
2628 3061 2804 3113 locum
2832 3059 3072 3119 habeant
3101 3061 3329 3116 durante
3358 3076 3557 3132 guerra
3596 3062 3712 3117 Ca-

438 3161 493 3207 ιιι
532 3151 1042 3216 Vettetorum,qtte
1093 3147 1343 3201 venirent
1401 3144 1456 3198 in
1515 3141 2015 3209 COIIaI'JIlIiltOpOiI,

2128 3152 2427 3208 talanorum
2455 3161 2508 3207 ct
2533 3151 2860 3207 Venetorum
2898 3168 3020 3207 cum
3043 3152 3412 3209 Januensibus
3468 3156 3549 3207 vel
3582 3170 3719 3225 quo.

442 3261 548 3298 non
576 3243 767 3298 debeat
801 3241 963 3295 istum
995 3239 1285 3308 Imperium
1308 3248 1557 3292 nostrum
1586 3251 1683 3291 seu
1706 3233 1865 3290 Gt'eci
1888 3235 2020 3287 dare

439 3342 662 3410 ailquod
692 3328 1033 3403 terrigerium
1095 3350 1194 3388 nec
1246 3344 1552 3402 receptum,
1602 3344 1701 3384 nec
1741 3328 2021 3382 dimittere

440 3450 539 3488 eos
561 3445 763 3503 ponere
807 3428 1049 3492 stallam,
1079 3441 1180 3482 nec
1212 3426 1267 3481 in
1303 3426 1425 3482 aliis
1479 3422 1794 3479 forensibus
1821 3419 2020 3475 castris

442 3527 558 3581 sive
586 3520 891 3593 patenciam
924 3519 999 3587 (r)
1036 3516 1306 3571 dictorum
1334 3526 1675 3572 castrorum:
1704 3513 1779 3571 ita
1812 3524 2019 3575 tamen,

446 3619 591 3686 quod
622 3618 675 3670 in
704 3612 810 3668 illis
833 3612 1032 3668 castris
1065 3612 1119 3666 in
1148 3612 1350 3683 quibus
1374 3627 1479 3665 non
1516 3623 1600 3665 est
1625 3608 1875 3678 potent-ia
1900 3605 2024 3661 deto

445 3710 591 3766 {eradi
624 3724 685 3764 se
711 3706 910 3764 abillis
939 3705 1130 3779 galeis,
1163 3708 1206 3762 si
1227 3706 1319 3760 ille
1336 3705 1488 3775 galee
1513 3705 1584 3759 ibi
1621 3703 2022 3758 rvlrescatnen-

447 3817 559 3858 tum
587 3801 924 3871 acciperent,
952 3813 1059 3854 non
1089 3798 1428 3867 intelligatur
1458 3804 1680 3867 propter
1705 3808 1767 3851 ea
1803 3797 2024 3849 deum.

443 3901 556 3956 ctiu
588 3896 741 3967 pacis
779 3894 861 3950 vel
897 3893 1287 3949 contral’ecisse
1327 3899 1573 3946 nostrum
1617 3889 1907 3955 Imperium
1940 3886 2025 3953 jn-

446 3999 694 4047 ramento
714 3999 923 4044 nostro.
959 3983 1071 4041 Ilec
1093 3995 1277 4040 autem
1302 3983 1538 4039 habeant
1573 3981 1751 4035 locum
1789 3983 2025 4035 durante

447 4097 644 4154 guerra
665 4080 813 4137 inter
837 4077 1154 4144 Catalaunos,
1190 4076 1432 4132 Venetos
1459 4084 1513 4130 et
1533 4071 1862 4129 Januenses.

520 4176 653 4230 Item
685 4172 869 4229 extitit
902 4187 999 4244 per
1029 4179 1249 4241 pactum
1280 4178 1334 4225 et
1375 4168 1761 4240 prommissnm
1798 4180 1894 4237 per
1921 4164 2025 4219 ιιη-

446 4269 660 4343 perium
697 4276 973 4332 nostrum,
1002 4264 1151 4336 quod
1207 4263 1253 4335 si
1285 4276 1489 4318 eausns
1542 4259 1850 4324 adveniret,
1877 4260 2024 4328 quot

448 4363 505 4419 in
540 4370 731 4418 nostro
780 4359 1015 4429 Imperio
1043 4359 1137 4417 vel.
1159 4357 1216 4413 in
1257 4356 1443 4428 aliqua
1500 4363 1657 4427 parte
1717 4353 1891 4424 ipsius
1941 4349 2023 4405 vel

447 4449 613 4506 etiam
640 4449 695 4504 in
719 4447 1203 4521 Constantinopoli
1223 4446 1366 4515 quod
1399 4444 1579 4515 aliqua
1614 4443 1769 4515 briga
1794 4441 1877 4496 vel
1910 4444 2024 4497 rixa

448 4542 537 4600 vel
561 4534 896 4601 oﬂ'cnsimtes
920 4522 1118 4596 tierent
1150 4539 1293 4594 inter
1323 4538 1620 4594 Catalanos
1644 4533 1750 4609 [et]
1790 4532 2025 4589 Venetos

446 4652 573 4692 eum
607 4633 998 4698 Janttensibus,
1029 4643 1084 4686 et
1113 4630 1417 4687 .Ianttcnses
1449 4645 1577 4685 cum
1637 4626 1917 4683 Catalanis
1976 4636 2031 4679 et

449 4728 695 4794 Venetis,
723 4728 867 4799 quod
890 4725 1052 4781 Creci
1083 4724 1256 4796 ipsius
1289 4723 1504 4794 imperii
1530 4737 1643 4777 non
1671 4721 1905 4775 debeatt
1931 4717 2029 4772 ali-

450 4821 685 4891 qualiter
722 4820 792 4877 de
822 4820 965 4876 dicta
997 4818 1116 4877 rixa
1147 4820 1229 4873 vel
1257 4818 1407 4888 briga
1454 4831 1511 4872 se
1550 4816 1859 4885 impedire:
1898 4823 1949 4866 et
1983 4812 2029 4866 si

450 4912 575 4985 quis
601 4909 873 4981 dictorum
902 4912 1205 4969 Grecorum
1241 4925 1299 4967 se
1326 4908 1616 4979 impediret
1644 4909 1710 4962 de
1745 4904 2028 4977 predic-is,

451 5006 740 5061 banniatur
773 5005 840 5059 ab
864 5003 1099 5079 Imperio
1125 5010 1312 5056 nostro
1337 5001 1417 5056 vel
1452 4995 1713 5069 puniatur
1770 5011 1869 5070 per
1928 5012 2029 5050 no-

451 5110 629 5154 strum
663 5095 980 5167 Imperium.
1009 5093 1219 5150 Tamen
1253 5092 1454 5146 debent
1482 5089 1747 5159 capitanei
1771 5085 1944 5140 nostri
1978 5085 2032 5140 iu

455 5190 565 5246 illis
601 5188 734 5245 locis
762 5187 977 5259 imperii
1009 5185 1100 5241 ubi
1135 5201 1194 5242 se
1250 5168 1586 5249 invenirent,
1641 5181 1840 5252 quibus
1889 5187 2036 5234 esset

455 5286 605 5355 briga
643 5282 727 5338 vel
780 5279 895 5336 rixa
931 5282 1075 5335 inter
1105 5281 1385 5351 prodictus
1418 5275 1757 5340 Ianueuses,
1797 5271 2032 5326 Venetos

451 5388 507 5429 et
549 5374 863 5439 Catalanos,
901 5383 1091 5429 tenere
1135 5387 1231 5428 eos
1278 5372 1370 5442 qui
1408 5368 1656 5424 facerent
1693 5366 1903 5437 brigam
1966 5372 2021 5419 et

452 5470 673 5526 mittere
704 5466 1007 5524 Januenses
1067 5464 1289 5537 quidem
1353 5464 1420 5518 ad
1464 5461 1791 5517 Potesiatem
1850 5458 2033 5524 Peire,

450 5565 685 5625 Venetos
701 5571 881 5617 autem
916 5561 983 5616 ad
1013 5558 1277 5614 Baiuilum
1312 5555 1673 5613 Venetorum.

521 5656 655 5712 Item
687 5655 865 5710 extitit
893 5668 988 5725 per
1014 5663 1261 5724 pactum,
1283 5649 1431 5721 quod
1454 5649 1501 5704 si
1547 5647 1699 5717 galea
1737 5644 2030 5701 Catalato-

520 5775 588 5835 ir)
621 5767 761 5837 L-‘ge
792 5785 806 5822 :
842 5769 1106 5837 potcnria.

2126 3257 2300 3312 usque
2330 3243 2764 3297 commercbium
2794 3245 2906 3297 vini
2939 3254 3085 3298 esset
3116 3244 3535 3314 disobbligatutn
3565 3249 3614 3299 si
3640 3246 3717 3314 pi-

2123 3340 3712 3406 gnoraretur......................dicte

2122 3438 2343 3497 gnerre.

2196 3519 2326 3574 Item
2349 3517 2529 3574 extitit
2554 3533 2651 3588 per
2672 3528 2911 3587 pactum,
2936 3522 3104 3590 quod,
3147 3520 3193 3573 si
3226 3535 3385 3576 casus
3413 3523 3718 3589 accideret,

2126 3610 2271 3681 quod
2297 3610 2463 3677 absit,
2490 3612 2648 3680 quod
2682 3610 2957 3666 videretur
2982 3610 3215 3683 imperio
3245 3623 3434 3671 nostro
3453 3620 3597 3684 quod
3620 3631 3717 3685 per

2125 3703 2428 3760 Jannenses
2455 3712 2603 3759 esset
2634 3701 2861 3766 factum,
2897 3704 3100 3757 dictum
3130 3706 3212 3760 vel
3245 3720 3532 3777 operatum
3567 3724 3715 3763 eon-

2129 3807 2208 3852 tra
2246 3812 2458 3867 pacem,
2490 3798 2672 3853 taliter
2722 3797 2867 3867 quod
2926 3798 3233 3854 intenderet
3278 3802 3570 3869 Imperium
3617 3818 3717 3857 noo

2127 3900 2302 3947 llrttm
2326 3905 2541 3946 movere
2564 3893 2643 3947 vel
2670 3891 2868 3947 habere
2893 3904 3147 3964 gnerratn
3171 3908 3291 3947 cum
3314 3891 3714 3965 Januensibus,

2130 3994 2256 4039 tunc
2289 3985 2625 4055 intelligatur
2650 3984 2888 4039 vincnllo
2925 3985 3225 4055 juraatenti
3267 4001 3365 4057 per
3396 4004 3554 4043 suum
3588 4005 3713 4046 cer-

2128 4089 2241 4134 tum
2275 4080 2533 4133 nuncium
2562 4089 2614 4135 ct
2645 4078 2941 4148 specialem
2974 4079 3039 4133 ad
3074 4077 3401 4135 Potestatem
3430 4082 3584 4145 Peire
3613 4085 3712 4139 de-

2129 4172 2389 4227 nnnciare
2416 4172 2596 4226 eidem
2629 4181 2683 4227 et
2719 4170 3019 4242 protest-uri
3071 4172 3138 4227 de
3164 4174 3448 4244 prodistis,
3476 4184 3535 4228 ut
3564 4194 3589 4229 a
3626 4178 3713 4233 die

2127 4281 2235 4335 qua
2262 4266 2362 4318 ltoc
2382 4264 2573 4320 fecerit
2595 4279 2767 4334 usque
2794 4266 2860 4318 ad
2888 4275 3016 4319 octo
3043 4281 3264 4321 menses
3289 4275 3417 4323 tunc
3462 4272 3715 4337 proxime

2130 4368 2386 4416 venturos
2420 4375 2523 4411 non
2561 4358 2734 4427 possit
2781 4374 2889 4411 non
2924 4361 3270 4413 obstantibus
3298 4362 3558 4430 pretlittis
3590 4363 3711 4419 ﬁeri

2132 4453 2310 4521 aliqua
2346 4449 2578 4504 offensio
2628 4450 2775 4503 inter
2813 4459 3000 4517 partes
3050 4448 3232 4518 aliqua
3280 4455 3580 4506 occaxione
3626 4456 3708 4508 vel

2134 4544 2314 4598 modo.
2338 4542 2402 4597 Et
2431 4543 2688 4613 similiter
2716 4543 2761 4596 si
2790 4541 3052 4596 I’otestati
3075 4541 3233 4598 I’cire
3258 4544 3537 4599 videretur
3568 4546 3710 4615 quod

2133 4652 2227 4706 per
2256 4635 2551 4705 Imperium
2591 4646 2845 4689 nostrum
2879 4645 2931 4689 et
2963 4634 3172 4690 Grecos
3210 4651 3337 4691 suos
3367 4640 3713 4694 contraveni-

2137 4742 2287 4784 retur
2319 4728 2437 4798 paci
2461 4726 2727 4798 predicte,
2755 4740 3007 4783 teneatur
3033 4728 3282 4782 Potestas
3306 4730 3437 4784 illud
3467 4732 3607 4787 idem
3642 4733 3716 4785 si-

2136 4822 2338 4878 militer
2373 4823 2828 4892 utsupradictum
2879 4835 2967 4878 est
2995 4832 3050 4878 et
3083 4825 3375 4893 protestari
3402 4834 3456 4880 et
3495 4827 3709 4882 denuo.

2134 4916 2281 4970 ciare
2309 4914 2545 4985 Imperio
2568 4924 2778 4978 nostro,
2809 4931 2907 4969 nec
2936 4916 3151 4986 possint
3180 4915 3322 4972 dicte
3349 4931 3529 4989 partes
3562 4920 3711 4974 simi-

2134 5006 2262 5061 liter
2294 5022 2469 5077 ιιςψιε
2490 5008 2556 5061 ad
2592 5017 2714 5062 orto
2748 5021 2962 5064 nienses
3011 5019 3138 5065 tunc
3169 5010 3414 5078 proxime
3450 5023 3709 5070 venturos

2134 5098 2316 5155 Iacere
2341 5101 2549 5171 aliquas
2586 5102 2823 5157 oﬂ‘ensas
2856 5120 2871 5158 :
2900 5104 3100 5173 quibus
3132 5112 3260 5161 octo
3286 5106 3571 5162 mensibus
3596 5105 3711 5161 ela-

2136 5192 2249 5262 psis
2274 5192 2616 5262 dicte'partes
2640 5195 2747 5249 sint
2775 5202 2829 5249 et
2854 5210 2977 5250 esse
3003 5196 3236 5251 debeant
3260 5198 3313 5252 in
3330 5210 3519 5254 eorum
3545 5198 3713 5256 liber-

2136 5290 2250 5335 tate
2286 5296 2393 5336 non
2426 5282 2680 5338 obstante
2713 5284 2858 5339 dicta
2882 5302 3035 5356 pace.

2207 5372 2337 5426 Item
2365 5376 2549 5429 extitit
2576 5391 2672 5445 per
2700 5385 2940 5447 pactum,
2976 5378 3119 5445 quod
3154 5379 3368 5452 navigia
3401 5382 3700 5439 Grecorum

2136 5481 2244 5520 non
2299 5468 2559 5538 navigent
2588 5484 2686 5523 nec.
2712 5471 2970 5541 navigare
3003 5472 3235 5527 debeant
3269 5475 3335 5527 ad
3367 5470 3574 5529 Tanain
3625 5476 3705 5529 vel

2138 5559 2194 5611 in
2222 5559 2357 5611 mari
2383 5557 2555 5623 Tane,
2582 5561 2685 5615 nisi
2714 5565 2933 5632 quando
2958 5564 3169 5635 navidia
3196 5564 3553 5619 Jannensintn
3582 5566 3707 5622 illuc

2138 5652 2478 5723 navigarent,
2503 5653 2654 5706 salvo
2677 5668 2891 5724 semper
2924 5660 3065 5728 quosi
3120 5674 3243 5714 cunt
3277 5659 3569 5729 Imperium
3611 5675 3708 5716 no-

2208 5764 2275 5837 (δ)
2301 5765 2448 5820 Sauli
2486 5783 2500 5822 :
2530 5765 2599 5819 sit
2621 5772 2784 5823 hunc.
