4018 6142
311 326 439 400 1125

1375 326 1749 401 NOYEILIE
1792 330 2474 399 CONSTITUTIONES.

3398 331 3539 398 1126

300 448 707 508 strumintendat
729 443 1064 521 depredietis
1085 446 1152 506 ad
1171 449 1452 506 dominum
1474 449 1677 505 Ducem
1701 464 1857 505 suam
1888 454 1932 513 Α
1962 448 2011 504 ei
2049 447 2132 505 vel
2162 462 2291 514 non,
2348 455 2479 502 tunc
2534 442 2603 502 tle
2642 441 2910 517 predictis
2946 440 3234 511 Imperium
3293 455 3538 499 nostrum

298 542 639 599 ambaxiatam
671 542 1045 598 transmittere
1084 544 1149 598 ad
1172 540 1580 611 impetrandum
1611 539 1753 611 quod
1787 540 1848 594 il-

296 636 375 693 luc
403 634 538 690 dicta
564 635 775 707 navigia
803 634 1107 691 Grecorum
1150 636 1364 707 possint
1401 634 1682 705 navigare,
1714 644 1767 688 et
1800 632 1846 687 si

293 731 529 790 dominus
562 730 674 785 Dux
717 731 983 786 concedet
1012 730 1156 800 quod
1190 744 1253 786 ea
1293 730 1503 801 possint
1536 728 1666 783 illuc
1697 727 1851 781 navie

291 837 427 897 gare,
451 822 589 893 quod
632 824 843 892 possint
880 823 962 880 ire
999 837 1102 878 nec
1145 829 1429 879 moveatur
1478 834 1672 892 guerra
1724 834 1850 890 pro-

290 920 461 983 pterea
493 912 630 967 inter
661 923 866 984 partes.

368 1005 493 1063 Item
524 1006 705 1062 extitit
748 1020 845 1077 per
889 1014 1130 1077 pactum,
1167 1004 1307 1077 quod
1341 1005 1386 1060 si
1423 1018 1521 1076 per
1541 1001 1848 1059 Januenses

285 1110 439 1168 super
458 1095 674 1169 navigio
702 1097 1051 1155 inimicorum
1085 1112 1305 1162 eorum,
1329 1097 1730 1153 Catalauorum
1766 1095 1846 1149 vi-

286 1187 470 1243 delicet
511 1196 565 1243 et
596 1188 952 1256 Venetorum,
986 1198 1317 1261 caperentur
1349 1187 1536 1257 Greci,
1581 1188 1673 1258 qui
1720 1202 1845 1242 cum

282 1281 430 1355 dictis
460 1282 698 1339 inimicis
730 1292 917 1338 essent
955 1283 1023 1339 ad
1058 1283 1269 1339 soldum
1296 1282 1381 1339 vel
1412 1297 1511 1339 sua
1538 1291 1843 1352 spontanea

280 1372 569 1439 voluntate.
601 1377 745 1445 quod
780 1375 853 1430 illi
884 1377 1024 1432 tales
1052 1376 1214 1433 Greci
1241 1380 1452 1447 possint
1472 1374 1670 1437 teneri.
1697 1375 1848 1431 salvo

286 1466 328 1521 si
362 1467 485 1523 dicti
507 1467 669 1525 Greci
697 1468 768 1524 ibi
799 1477 987 1525 essent
1018 1484 1119 1540 per
1146 1470 1257 1525 vim
1306 1471 1475 1541 capti,
1507 1469 1652 1539 quod
1706 1477 1839 1524 tunc

275 1550 568 1616 Linuenses
599 1560 721 1618 illos
756 1561 891 1618 tales
938 1561 1143 1618 Grecos
1195 1561 1444 1617 relaxare
1497 1560 1750 1617 debeant.
1780 1558 1847 1615 Et

280 1651 514 1720 predicta
560 1651 740 1709 locum
780 1654 1021 1709 habeant
1049 1653 1253 1723 elapsis
1302 1653 1478 1707 tribus
1538 1652 1843 1717 mensibus,

274 1744 594 1815 incipiendis
620 1762 651 1802 a
683 1746 773 1804 die
812 1748 989 1803 Ilende
1024 1747 1175 1817 pacis
1203 1757 1257 1801 et
1291 1744 1544 1800 ﬁniendis
1576 1744 1630 1801 in
1663 1745 1847 1802 calen-

1958 542 2131 612 possit
2154 544 2535 599 transmittere
2558 540 2627 596 ad
2648 540 2933 595 dominum
2960 538 3160 594 Ducem
3178 547 3231 593 et
3248 553 3538 594 commune

1957 630 2149 699 Janue,
2176 641 2231 688 et
2249 631 2510 703 quidquid
2535 631 2602 685 de
2618 630 2875 702 predictis
2897 644 2958 685 se
2974 629 3268 684 conveniet
3292 639 3339 683 et
3367 629 3535 684 faciat

1956 739 2079 779 cum
2103 724 2326 779 domino
2349 722 2496 779 Duco
2523 734 2576 780 et
2603 723 2857 781 dominus
2905 723 3017 778 Dux
3056 724 3157 795 (ιι).
3197 731 3254 778 ιιι
3280 738 3402 778 cum
3430 722 3539 778 Im-

1956 813 2110 882 perio
2139 822 2328 869 nostro
2358 812 2489 869 illud
2521 812 2862 886 intelligatur
2877 828 2997 871 esse
3021 814 3247 880 factum,
3277 823 3329 869 et
3353 815 3398 869 si
3421 827 3530 869 non

1957 903 2199 971 placebit
2229 904 2465 977 Imperio
2496 917 2688 964 nostro
2726 906 3005 963 ordinatio
3045 921 3211 977 quam
3247 906 3412 963 faciet
3441 906 3537 963 do«

1958 995 2140 1052 minus
2172 994 2286 1051 Dux
2318 997 2383 1052 de
2413 998 2698 1065 predictis.
2732 999 2884 1070 quod
2915 999 3088 1070 possit
3116 999 3407 1070 Imperium
3440 1013 3535 1054 no.

1954 1097 2125 1143 strum
2154 1091 2525 1146 transmittere
2546 1092 2613 1146 ad
2645 1091 2921 1147 dominum
2944 1090 3147 1149 Ducem
3174 1094 3374 1149 totiens
3396 1106 3536 1165 quo-

1958 1178 2096 1235 tiens
2123 1180 2355 1238 voluerit
2378 1184 2444 1238 ad
2478 1183 2913 1240 conveniendum
2949 1200 3007 1241 se
3030 1201 3155 1242 cum
3194 1201 3281 1244 eo.

2024 1262 2156 1327 Item
2190 1274 2370 1329 extitit
2396 1288 2492 1343 per
2520 1285 2762 1347 pactum,
2791 1277 2933 1348 quod
2968 1276 3271 1335 Januenses
3316 1295 3426 1335 non
3453 1289 3533 1338 tc-

1958 1373 2191 1421 neantur
2220 1380 2451 1436 querere
2484 1373 2802 1441 sanguinem
2852 1370 3152 1429 Grecorum
3181 1372 3265 1427 vel
3296 1372 3534 1446 alicujus

1952 1459 2196 1514 extranei
2225 1462 2317 1530 qui
2348 1460 2419 1516 sit
2449 1460 2551 1516 sub
2585 1458 2821 1533 Imperio
2885 1476 3075 1520 nostro
3105 1480 3201 1536 per
3237 1481 3528 1521 commune

1952 1546 2128 1605 Janue
2157 1551 2240 1606 vel
2270 1553 2428 1609 Peire
2452 1553 2823 1621 bnnnitorum,
2852 1566 2903 1611 ct
2952 1557 3207 1613 similiter
3232 1557 3527 1628 Imperium

1956 1653 2199 1698 nostrum
2220 1643 2616 1716 indulgentiam
2640 1650 2729 1702 dat
2744 1648 2997 1704 omnibus
3016 1648 3383 1706 Januensibus
3400 1665 3531 1705 con-

1954 1738 2038 1787 tra
2070 1748 2208 1803 quos
2234 1735 2466 1791 habebat
2494 1738 2711 1809 aliquod
2748 1755 3087 1809 gravantenr

270 1836 349 1891 d's
376 1838 601 1910 Augusti
639 1840 874 1910 proximi
907 1840 1146 1895 venturi.
1189 1838 1252 1893 Et
1288 1855 1318 1893 e
1349 1852 1616 1895 converso
1667 1839 1714 1894 si
1749 1854 1844 1893 no-

2021 1823 2138 1891 Qne
2183 1830 2365 1883 omnia
2415 1840 2471 1884 et
2526 1830 2739 1901 singula
2806 1824 3181 1904 suprascripta
3233 1834 3526 1907 Imperium

269 1941 434 1986 atrum
468 1931 764 2001 Imperium
810 1933 1083 1989 invenerit
1134 1929 1446 1988 Janucuscs
1468 1932 1683 2003 aliquos
1724 1947 1845 1987 cum

270 2022 1843 2093 nostrolmperio..'.......................

271 2152 289 2171 .
314 2153 329 2171 .
357 2156 369 2171 .
398 2116 542 2186 quod
571 2133 665 2174 eos
692 2118 885 2174 debeat
914 2126 1119 2173 tenere.

337 2208 469 2265 Item
496 2210 682 2266 extitit
734 2225 834 2280 per
893 2220 1132 2278 pactum,
1189 2211 1332 2282 quod
1382 2210 1566 2279 aliqua
1631 2209 1847 2281 navigia

266 2293 564 2353 Grecorum
589 2300 934 2367 nonpossint
968 2300 1049 2355 ire
1087 2300 1171 2354 vel
1204 2300 1381 2356 redire
1412 2302 1477 2355 ad
1522 2302 1638 2356 loca
1667 2300 1847 2356 Cata-

265 2388 515 2446 Ianorum
548 2399 606 2445 et
638 2390 975 2447 Venetorum
1015 2392 1263 2447 durante
1310 2407 1509 2463 guerra
1555 2393 1841 2464 prodicta;

264 2494 489 2552 excepto
510 2486 555 2539 si
580 2483 871 2552 Imperium
902 2494 1147 2540 nostrum
1172 2484 1450 2555 aliquibus
1481 2488 1595 2541 suis
1622 2490 1688 2540 de
1716 2500 1847 2541 cau-

266 2576 339 2632 sis
375 2576 537 2633 vellet
599 2577 664 2632 ad
706 2576 851 2632 dicta
920 2577 1038 2632 Iova
1096 2591 1264 2632 unum
1313 2578 1518 2648 lignum
1568 2587 1842 2633 arinatum

266 2669 671 2736 transmittere,
693 2670 836 2740 quod
868 2679 997 2726 tunc
1027 2670 1178 2726 licite
1202 2674 1370 2740 possit
1404 2671 1610 2726 dictum
1639 2671 1845 2742 lignum

262 2765 639 2817 transmittere
676 2764 1128 2833 quotiescumque
1160 2764 1411 2819 voluerit.

343 2850 479 2909 Item
543 2856 723 2910 extitit
774 2872 871 2925 per
907 2865 1127 2922 pactum
1184 2865 1238 2912 et
1296 2870 1651 2928 conventum,
1696 2860 1841 2930 quod

262 2947 447 3002 omnia
474 2947 776 3004 immobilia
807 2960 951 3004 terre
998 2960 1049 3004 et
1084 2953 1458 3017 possessiones
1481 2950 1844 3007 Januensium

264 3056 371 3112 que
394 3051 587 3099 essent
605 3041 660 3097 in
682 3043 912 3113 imperio
938 3043 1298 3099 restitnattlur
1316 3044 1691 3101 Januensibus
1716 3047 1842 3101 talia

1951 1930 2194 1975 nostrum
2224 1933 2279 1976 et
2307 1923 2696 1979 dilectissimus
2720 1924 2861 1981 (ilius
2885 1936 3070 1981 noster
3098 1927 3352 1984 dominus
3393 1929 3531 1984 blat-

1951 2024 2071 2070 teus
2099 2013 2464 2071 Catacusinus
2494 2016 2750 2086 juramus
2801 2018 2869 2073 ad
2896 2030 3087 2075 sancta
3120 2019 3215 2077 Dei
3244 2026 3527 2094 evangelia

1948 2115 2003 2162 et
2040 2106 2094 2161 in
2142 2105 2439 2164 animabus
2485 2108 2711 2173 nostris,
2752 2112 3116 2181 corporaliter
3166 2114 3326 2170 tactis
3357 2115 3534 2172 sacris

1948 2200 2263 2271 scripturis,
2298 2200 2455 2257 firma
2499 2211 2555 2257 et
2587 2214 2703 2258 rata
2732 2211 2788 2258 et
2823 2213 2975 2275 grata
3020 2214 3281 2278 perpetuo
3331 2208 3533 2265 habere

1947 2300 2003 2350 et
2029 2302 2240 2359 tenere,
2258 2303 2315 2351 et
2340 2294 2391 2349 in
2418 2296 2567 2351 nullo
2589 2297 2965 2354 contrai‘acere
2991 2298 3077 2355 vel
3096 2300 3307 2368 venire,
3330 2302 3533 2373 dejure

1946 2386 2032 2442 vel
2064 2387 2131 2442 de
2163 2387 2350 2455 factop
2369 2392 2529 2445 modo
2564 2390 2648 2445 vel
2678 2390 2917 2460 ingenio,
2948 2393 3044 2448 sed
3074 2408 3139 2449 ea
3168 2408 3292 2450 cum
3323 2393 3529 2451 eﬂ‘ectu

1945 2490 2001 2536 et
2024 2481 2145 2536 sine
2170 2480 2537 2538 diminutione
2593 2483 2776 2556 aliqua
2809 2486 3103 2543 observare
3133 2495 3189 2543 et
3228 2479 3410 2545 facere
3445 2488 3538 2545 iu-

1948 2590 2215 2633 concusso
2250 2576 2558 2634 observari.
2616 2577 2681 2633 Et
2745 2590 2997 2636 teneatur
3069 2580 3323 2637 similiter
3389 2582 3533 2637 alius

1946 2671 2129 2742 dispo.

1952 2764 2276 2820 carissimus
2304 2762 2451 2821 Illius
2481 2776 2668 2821 noster
2714 2766 2970 2822 dominus
3017 2766 3230 2822 Manuel
3289 2766 3531 2822 Catactt-

1948 2857 2125 2923 sinus,
2145 2872 2265 2912 cum
2289 2860 2503 2913 venerit
2519 2859 2888 2929 “coboperaute
2906 2856 3014 2916 Deo
3043 2858 3117 2933 (υ)
3148 2858 3536 2915 Constantino-

1956 2950 2091 3021 poli,
2119 2951 2303 3021 iurare
2340 2956 2646 3014 attendere.
2670 2953 2947 3023 complere
2975 2960 3031 3008 et
3070 2952 3367 3010 observare
3413 2968 3534 3008 om-

1954 3046 2045 3099 nia
2095 3055 2152 3100 et
2189 3044 2425 3116 singula,
2460 3056 2623 3115 prout
2654 3061 2775 3101 nos.
2804 3045 2871 3099 Et
2909 3062 3007 3117 per
3033 3047 3266 3103 similem
3308 3048 3531 3103 modum

261 3136 439 3206 qualia
472 3144 626 3201 sunt,
652 3136 800 3193 salvo
827 3138 971 3206 quod
1005 3138 1050 3193 si
1084 3137 1153 3192 de
1177 3139 1455 3208 aliquibus
1481 3139 1843 3210 possessioni-
1873 3173 1917 3232 ο
1950 3137 2081 3193 dicti
2116 3138 2341 3206 domini,
2372 3138 2629 3201 Ohertus,
2658 3136 2867 3203 Battus,
2902 3135 3253 3204 Fredericus,
3298 3148 3349 3192 et
3382 3132 3531 3194 Lam

266 3230 363 3283 bus
386 3229 729 3300 pervenisset
762 3230 814 3284 in
838 3240 1088 3285 nostrum
1123 3232 1438 3287 vestiarium
1473 3232 1653 3303 aliqua
1681 3246 1847 3303 pecu-

261 3325 372 3390 Iia,
405 3326 521 3395 ipsa
557 3323 781 3379 minime
806 3323 1129 3380 restituatur
1153 3335 1207 3381 et
1242 3333 1519 3382 teneatur.

330 3417 464 3473 Item
494 3416 679 3488 extitit
704 3432 800 3489 per
832 3427 1048 3487 pactum
1087 3425 1140 3471 et
1176 3418 1534 3488 promissum,
1563 3418 1706 3490 quod
1745 3419 1847 3473 ali-

259 3509 381 3580 quis
406 3510 703 3567 Ianuensis
735 3524 840 3563 non
867 3509 1037 3579 possit
1064 3524 1250 3565 emere
1291 3512 1506 3582 aliquas
1534 3515 1845 3582 posscssio-

262 3618 354 3658 nes
387 3605 472 3656 vel
523 3614 701 3659 terras
747 3618 842 3658 seu
870 3602 1059 3657 vineas
1086 3604 1153 3656 ab
1184 3602 1368 3673 aliquo
1402 3604 1602 3667 Greco,
1639 3606 1741 3661 nisi
1780 3607 1845 3662 de

260 3697 521 3750 mandato
550 3694 774 3765 Imperii
804 3695 997 3758 nostri,
1024 3703 1076 3747 et
1101 3693 1144 3748 si
1169 3694 1367 3763 aliquis
1390 3693 1684 3749 Januensis
1701 3710 1850 3749 emc-

260 3799 337 3842 rct
366 3792 495 3845 sine
546 3789 803 3843 mandato
838 3785 1058 3856 Imperii
1096 3786 1297 3852 nostri,
1347 3790 1568 3843 amittat
1598 3787 1845 3857 precium

256 3882 402 3937 dicte
440 3882 831 3953 possessionis.

330 3976 495 4041 Item,
524 3977 665 4046 quod
700 3975 907 4043 debita,
942 3990 1048 4046 quc
1101 3984 1227 4030 sunt
1261 3971 1404 4028 inter
1443 3969 1649 4028 Greeos
1673 3981 1726 4026 et
1756 3967 1848 4025 Ju—

257 4082 522 4133 nuenses,
554 4070 664 4123 sint
693 4069 745 4123 in
783 4084 847 4124 eo
876 4077 1020 4123 statu
1064 4077 1117 4122 et
1141 4068 1285 4136 iure,
1314 4066 1512 4138 quibus
1532 4072 1693 4119 erant
1717 4074 1847 4118 ante

259 4171 807 4233 guerram,excepto
857 4161 999 4230 quod
1032 4161 1078 4215 si
1133 4160 1315 4228 aliqua
1362 4156 1740 4227 pervenissent
1787 4158 1841 4209 iu

257 4242 531 4311 vestiario
559 4252 777 4323 Imperii
810 4254 982 4309 nostri
1018 4252 1101 4307 vel
1136 4253 1192 4306 in
1228 4248 1503 4305 communi
1543 4247 1718 4305 .lauue
1759 4246 1843 4303 vel

262 4349 463 4421 Peyre,
494 4340 581 4402 illa
613 4346 742 4402 talia
793 4346 1007 4403 restitui
1046 4360 1154 4401 non
1179 4345 1429 4399 debeant.

342 4444 477 4497 Itcm
513 4441 693 4497 extitit
745 4455 840 4511 per
890 4452 1110 4511 pactum
1139 4448 1193 4494 et
1226 4446 1579 4502 conventum,
1630 4436 1772 4506 quod
1796 4449 1841 4489 st

1950 3226 2193 3293 I'rancus,
2228 3231 2542 3285 nominibus
2589 3231 2847 3300 predictis
2871 3230 3193 3301 iuraverunt
3237 3232 3304 3286 ad
3336 3242 3527 3288 sancta

1950 3320 2043 3375 Dei
2071 3324 2377 3393 evangelia,
2414 3324 2777 3393 corporaliter
2827 3323 2987 3379 tactis
3036 3324 3211 3380 sacris
3243 3332 3298 3379 et
3328 3325 3534 3380 sanctis

1952 3411 2265 3482 scripturis,
2294 3423 2349 3468 ct
2379 3414 2433 3469 in
2477 3414 2805 3470 animalibus
2843 3413 2975 3470 dicti
3004 3412 3209 3469 domini
3241 3418 3529 3469 Ammirati

1949 3514 2005 3558 et
2055 3505 2258 3560 domini
2333 3506 2492 3563 Ducis
2556 3516 2613 3563 et
2675 3509 2988 3563 communis
3057 3506 3267 3574 Janue,
3347 3510 3531 3563 omnia
3589 3534 3597 3543 -

1948 3600 2261 3668 supradicta
2306 3610 2361 3656 et
2406 3602 2616 3672 singula
2675 3603 2878 3657 habere
2932 3612 3195 3671 perpetuo
3225 3600 3403 3669 ﬁrma,
3437 3617 3533 3657 ra-

1951 3700 2024 3754 ta,
2063 3699 2237 3760 grata,
2273 3698 2327 3747 et
2377 3692 2431 3747 in
2482 3693 2628 3747 nullo
2671 3692 3049 3749 contrafacere
3084 3694 3168 3749 vel
3216 3695 3423 3763 venire,
3466 3697 3534 3751 de

1944 3780 2067 3852 jure
2100 3784 2181 3837 vel
2236 3786 2302 3839 de
2364 3784 2525 3851 facto,
2559 3787 2721 3842 modo
2776 3787 2859 3843 vel
2895 3788 3130 3859 ingenio,
3167 3798 3221 3842 et
3278 3804 3339 3845 ea
3406 3805 3531 3845 cum

1948 3875 2143 3931 eli'ectu
2186 3886 2241 3932 et
2283 3877 2401 3933 sine
2436 3879 2800 3935 diminutione
2837 3881 3132 3937 observare
3154 3891 3206 3937 et
3232 3881 3413 3937 Iacere
3450 3883 3531 3936 in-

1949 3984 2215 4025 concusse
2255 3971 2533 4026 observari
2564 3988 2579 4026 :
2607 3981 2660 4027 et
2684 3975 2827 4042 quod
2859 3982 3145 4029 teneantur
3187 3974 3315 4029 dicti
3356 3976 3532 4027 domi-

1950 4077 2053 4116 nus
2119 4063 2491 4127 Ammiratus,
2534 4064 2739 4119 domini
2808 4065 3150 4121 Lanlranctts
3202 4066 3525 4128 Cattaneus,

1951 4151 2217 4208 Martinus
2256 4154 2324 4210 de
2362 4151 2573 4219 Mauro,
2631 4153 2931 4211 Cattaneus
2961 4155 3184 4226 Spinula
3248 4166 3302 4213 et
3354 4156 3528 4212 Anto-

1953 4246 2096 4301 nius.
2130 4285 2145 4300 .
2178 4285 2193 4300 .
2232 4286 2249 4301 .
2282 4285 2298 4301 .
2330 4286 2345 4302 .
2383 4285 2399 4300 .
2428 4286 2441 4299 .
2473 4283 2490 4299 .
2523 4287 2537 4301 .
2574 4287 2589 4302 .
2622 4248 3067 4303 consiliariidicti
3095 4249 3298 4303 domini
3320 4249 3529 4303 Ammi-

1951 4338 2290 4407 rati,jurare
2342 4354 2558 4409 semper
2599 4340 2666 4393 ad
2730 4342 3065 4397 voluntatem
3096 4342 3315 4412 Imperii
3354 4345 3523 4397 nostri

1957 4432 2237 4488 attendere
2258 4433 2439 4487 omnia
2458 4444 2511 4489 et
2543 4434 2754 4505 singula
2782 4447 2838 4488 ut
2862 4450 3025 4507 supra
3057 4454 3072 4491 :
3104 4451 3334 4492 necnon
3360 4438 3522 4493 etiam

260 4535 449 4606 aliqua
488 4537 628 4589 bona
650 4532 1011 4589 Januensium
1036 4540 1191 4599 capta
1221 4545 1314 4598 per
1336 4528 1628 4582 Catalaunos
1652 4540 1704 4583 et
1736 4525 1840 4581 Ve—
1874 4524 2133 4594 D-jurent
2159 4525 2247 4579 isti
2274 4539 2488 4589 omnes,
2528 4529 2672 4594 quod
2703 4527 2959 4583 dominus
2987 4526 3099 4583 Dux
3127 4528 3311 4600 jurare
3338 4539 3526 4583 tenea-

261 4638 423 4682 netos
458 4626 675 4681 vendita
710 4632 895 4680 essent
926 4636 1167 4692 tempore
1200 4637 1395 4690 guerre
1418 4619 1682 4691 presentis
1706 4617 1847 4673 Gre-

260 4720 367 4784 cis,
400 4729 454 4773 et
487 4718 740 4776 similiter
794 4718 979 4788 aliqua
1036 4717 1176 4771 bona
1206 4713 1510 4769 Grecorum
1560 4722 1715 4781 Capta
1760 4712 1846 4766 vel

263 4812 487 4868 vendita
513 4818 702 4869 essent
748 4808 1142 4875 Januensibus,
1201 4823 1308 4877 que
1343 4817 1529 4862 essent
1561 4806 1843 4871 ammissa,

260 4919 372 4960 nee
403 4905 470 4958 de
494 4903 626 4973 ipsis
654 4901 885 4973 amplius
911 4901 1027 4956 Iieri
1054 4900 1228 4970 possit
1255 4891 1544 4969 requisitio
1565 4898 1768 4967 aliqua.

339 4995 500 5061 Item,
525 4994 670 5062 quod
695 4994 877 5050 omnia
900 4996 1131 5064 dampna
1156 4995 1281 5047 data
1314 5002 1555 5059 tempore
1575 4990 1849 5059 presentis

265 5104 468 5162 guerre
500 5098 556 5146 et
586 5088 729 5145 facta
758 5104 856 5160 per
898 5097 1202 5157 presentes,
1228 5084 1481 5139 videlicet
1512 5099 1605 5153 per
1642 5083 1849 5140 Grecos

266 5186 642 5243 Januensibus
668 5197 721 5242 et
747 5200 845 5256 per
883 5182 1190 5239 Januenscs
1212 5178 1424 5243 Grecis,
1454 5180 1563 5233 sint
1589 5180 1850 5245 remissa,

272 5298 381 5339 nec
404 5284 473 5339 de
504 5282 635 5352 ipsis
651 5280 965 5351 aliqualiter
989 5277 1164 5349 possit
1184 5275 1301 5331 Iieri
1352 5273 1535 5344 aliqua
1567 5274 1850 5345 requisitio

269 5374 363 5432 vel
392 5374 712 5431 emenducio
743 5387 838 5429 seu
870 5369 1171 5427 restitutio.

346 5467 480 5525 Item
516 5467 703 5523 extitit
748 5481 845 5537 per
881 5475 1119 5536 pactum,
1156 5464 1226 5518 de
1277 5461 1385 5535 Syo
1417 5471 1472 5518 et
1501 5460 1669 5526 Folia,
1706 5460 1849 5531 quod

272 5562 571 5633 Imperium
597 5569 852 5616 nostrum
875 5558 1067 5623 debeat
1092 5558 1281 5613 audire
1303 5556 1852 5615 ambaxatores‘suos,

280 5664 338 5713 et
365 5656 410 5711 si
433 5654 541 5727 ipsi
590 5653 733 5707 dicet
773 5651 838 5723 (I)
883 5649 1121 5721 Imperio
1149 5658 1335 5706 nostro
1368 5664 1483 5705 rem
1511 5663 1616 5722 que
1641 5647 1854 5719 placeat

354 5771 422 5843 (ι)
464 5770 625 5843 ιεθεε,
653 5768 849 5843 dicent.
872 5838 883 5843 Δ
906 5837 919 5843 _
1070 5836 1083 5843 -
1109 5835 1141 5843 __
1349 5815 1353 5818 .

361 5835 437 5915 in)
467 5839 692 5896 Videtur
717 5837 923 5909 aliquid
966 5835 1255 5895 excidisse.

1952 4629 2043 4673 tur
2096 4619 2149 4673 in
2186 4621 2463 4689 presentia
2505 4621 2900 4677 ambaxiatoris
2948 4626 3034 4678 vel
3091 4624 3523 4679 aniliaxiatorttm

1950 4712 2173 4785 Imperii
2222 4714 2422 4779 nostri,
2480 4719 2649 4790 quod.
2682 4716 2980 4786 prctlictam
3026 4731 3237 4788 pacem,
3292 4727 3445 4786 pacta
3469 4729 3523 4771 et

1950 4808 2343 4862 ronventiones
2375 4818 2428 4863 et
2476 4808 2687 4878 singula
2722 4823 2883 4879 supra
2915 4808 3063 4863 dicta
3109 4810 3329 4865 habebit
3364 4819 3417 4865 et
3443 4823 3523 4865 te-

1952 4898 2099 4954 nebit
2145 4900 2323 4964 Iirma,
2372 4912 2489 4955 rata
2548 4913 2605 4957 et
2642 4911 2814 4971 grata.
2865 4900 2944 4956 Ad
2997 4917 3227 4973 quorum
3279 4904 3520 4958 omnium

1954 4991 2219 5047 cautelam
2252 5002 2306 5047 et
2334 4992 2668 5049 evidencinm
2719 4994 3014 5064 pleniorem
3050 5012 3276 5066 presens
3306 4998 3524 5065 privile-

1953 5090 2100 5155 gium
2144 5088 2547 5143 sacratnentale
2575 5102 2740 5142 aurea
2789 5088 2931 5143 bulla
2977 5091 3244 5144 munitum
3306 5089 3521 5159 Imperii

1957 5178 2127 5233 nostri
2156 5178 2269 5233 Iieri
2299 5178 2586 5248 iussimus,
2612 5180 2965 5236 translactum
2993 5182 3045 5236 in
3068 5180 3242 5237 Greco
3260 5193 3313 5238 et
3334 5181 3525 5236 Latino

1955 5271 2021 5327 de
2047 5279 2234 5329 nostro
2269 5273 2546 5337 mandato,
2579 5273 2970 5342 interpretante
3016 5285 3072 5331 et
3095 5276 3333 5331 dictante
3366 5276 3524 5328 Iami-

1952 5364 2074 5419 Iiari
2117 5372 2324 5429 nostro,
2356 5380 2551 5435 magno
2602 5365 2895 5436 interprete
2927 5368 3143 5439 Imperii
3186 5370 3380 5434 nostri,
3425 5373 3525 5423 do-

1954 5454 2104 5512 mino
2129 5453 2356 5510 Nicolao
2412 5455 2630 5527 Sagieo.
2669 5456 2861 5514 litteris
2902 5458 3084 5515 rubeis
3137 5476 3297 5514 manu
3334 5468 3520 5513 nostra

1954 5548 2173 5621 propria
2197 5564 2346 5605 more
2366 5548 2531 5604 solito
2560 5550 2925 5619 subscriptum
2955 5560 3007 5605 et
3037 5568 3200 5607 aurea
3231 5553 3379 5609 bulla
3404 5567 3525 5623 pre-

1955 5639 2098 5698 dicta
2134 5641 2359 5699 inferius
2387 5656 2619 5714 appensa
2656 5643 2970 5699 roburatum
3005 5646 3104 5715 (κ).

2030 5756 2101 5830 (tt)
2141 5754 2289 5830 S_auli
2326 5758 2451 5816 duo.

2032 5827 2109 5904 (μή)
2148 5827 2345 5887 Tcnori
2372 5830 2530 5901 hujus
2561 5828 2908 5888 instrumenti
2941 5831 3082 5903 apud
3107 5830 3253 5888 Sauli
3288 5833 3397 5888 Itutt‘
3432 5852 3514 5888 ειε-
