3928 6038
294 238 303 243 .
314 238 349 245 ,ρ
370 232 1112 244 M
1117 232 1548 241 nm
1554 231 1773 240 .———————

222 246 630 282 *
247 281 250 282 ,
256 242 1178 282 ...μμ-.-11111
1155 244 1181 269 -
1190 244 1773 282 -—————IIIIIIIIIIII

2098 231 3649 282 33m

227 272 237 274 ν
2527 272 2590 282 ,,,
3182 272 3197 273 γ
3252 272 3647 276 νκννννύῇν-

1328 449 1795 537 NOTITIA
1872 449 2492 537 HISTORICA
2511 508 2535 531 .

863 657 1067 728 (Gallia
1100 657 1414 716 Christiana
1446 675 1612 725 nova,
1645 662 1789 714 tom.
1822 657 1968 726 VIII,
2006 656 2112 713 col.
2150 658 2306 723 1126,
2336 657 2393 713 in
2426 657 2715 731 episcopis
2743 659 3000 731 Carnot.)

294 1042 579 1098 Gaufrido
626 1046 684 1097 et
731 1058 839 1098 suo
889 1046 946 1096 et
994 1040 1211 1096 summi
1264 1040 1559 1111 pontificis
1594 1041 1819 1111 judicio
1850 1056 1880 1095 e
1909 1048 1961 1114 Α
1995 1056 2233 1095 sensum
2268 1038 2738 1110 praebere,donec
2760 1043 2952 1094 certus
2986 1040 3181 1095 ﬁerem
3207 1041 3355 1095 etde
3374 1040 3643 1097 Gautridi

216 1133 361 1186 sede
392 1132 716 1187 Carnotena
753 1132 1002 1201 dejecto,
1038 1131 1307 1200 factaque
1356 1129 1508 1184 clero
1539 1130 1880 1185 Carnotcnsi

220 1220 470 1275 alterius
502 1220 863 1293 subrogandi
898 1220 970 1275 ab
1004 1219 1237 1273 Urbano
1290 1224 1595 1289 potestate,
1633 1222 1725 1274 lvo
1757 1234 1882 1273 om-

225 1309 395 1363 nium
428 1309 673 1364 calculis
721 1308 945 1363 electus
976 1312 1085 1363 est.
1128 1308 1311 1362 Natus
1343 1308 1394 1362 is
1427 1307 1485 1361 in
1518 1323 1657 1378 agro
1692 1307 1879 1362 Bello-

216 1398 457 1453 vacensi
489 1414 557 1453 ex
606 1414 817 1469 genere
852 1396 1095 1452 minime
1144 1395 1349 1463 nobili,
1384 1400 1449 1450 ut
1478 1395 1602 1466 ipse
1635 1400 1883 1451 testatur

216 1485 492 1558 epistolis
521 1488 577 1553 3,
612 1488 698 1554 12,
730 1487 822 1554 22,
856 1490 1080 1558 patrem
1117 1483 1322 1539 habuit
1351 1483 1655 1556 Hugonem
1685 1485 1754 1539 de
1785 1484 1879 1538 Al-

216 1576 400 1646 toylo,
466 1575 515 1630 si
548 1575 824 1630 Frontoni
878 1575 1045 1637 ﬁdes,
1081 1578 1329 1629 matrem
1361 1590 1494 1627 vero
1548 1572 1878 1628 Hilembur-

218 1663 364 1735 gim,
411 1666 584 1735 cujus
633 1680 848 1719 nomen
898 1662 1247 1717 inscribitur
1298 1661 1628 1731 necrologio
1681 1662 1878 1716 Sancti

224 1752 487 1819 Quintini
521 1752 951 1808 Bellovacensis
983 1769 1036 1806 IV
1068 1752 1209 1807 Idus
1248 1751 1565 1806 Februarii.
1599 1751 1737 1806 Post
1767 1751 1877 1805 hu-

223 1840 557 1896 maniorum
613 1840 949 1896 litterarum
981 1846 1037 1895 et
1070 1839 1454 1912 philosophiae
1487 1840 1688 1894 studia
1721 1839 1878 1893 Pari-

224 1930 331 1985 siis
365 1930 649 1996 confecta,
683 1928 994 2001 theologiaa
1040 1945 1276 1999 operam
1328 1927 1489 1984 dedit
1522 1928 1580 1982 in
1638 1945 1878 1982 monas-

226 2019 373 2074 terio
405 2018 679 2075 Beccensi
711 2019 822 2074 sub
873 2019 1040 2073 beato
1078 2018 1421 2072 Lanfranco.
1459 2017 1719 2071 Primum
1773 2016 1882 2071 fuit

226 2108 547 2163 canonicus
588 2106 943 2179 Nigellcnsis
991 2123 1059 2161 ex
1103 2106 1555 2161 Sammarthano
1590 2111 1789 2161 nostro
1819 2106 1878 2160 in

230 2196 622 2253 collectaneis.
663 2201 868 2251 Postea
897 2201 1138 2251 vocatus
1170 2212 1203 2250 a
1228 2195 1491 2250 Guidone
1542 2195 1879 2250 Belvacensi

223 2286 522 2357 episcopo,
559 2285 878 2355 praeficitur
909 2286 1204 2355 praelatus,
1239 2301 1337 2339 seu
1375 2284 1744 2355 praepositus,
1780 2289 1881 2338 aut

224 2376 405 2430 abbas
435 2374 733 2430 canonicis
766 2373 1137 2444 regularibus
1170 2374 1363 2429 Sancti
1400 2373 1874 2443 Quintini,quam

225 2472 384 2520 extra
431 2480 632 2518 muros
685 2463 847 2518 urbis
896 2479 1016 2518 suis
1062 2462 1403 2517 condiderat
1456 2462 1749 2516 abbatiam
1784 2462 1876 2516 hic

230 2552 557 2623 episcopus.
596 2553 690 2608 lvo
739 2568 853 2607 non
888 2550 1082 2607 solum
1132 2550 1269 2606 huic
1298 2550 1425 2606 loco
1474 2552 1736 2621 quaedam
1774 2568 1875 2620 pa-

234 2642 487 2697 trimonii
538 2641 631 2696 sui
680 2641 897 2711 praedia
946 2640 1213 2704 contulit,
1254 2641 1352 2695 sed
1413 2658 1514 2711 pro
1566 2656 1721 2693 more
1770 2639 1874 2694 ho-

237 2746 429 2785 rumce
459 2737 786 2800 temporum
820 2730 877 2784 in
931 2729 1303 2784 monasteriis
1336 2735 1617 2800 usurpato
1646 2728 1874 2783 theolo-

231 2820 386 2891 giam
435 2819 515 2874 ibi
564 2818 783 2888 docuit,
832 2833 1243 2891 canonumque
1290 2818 1414 2888 jam
1476 2818 1873 2889 peritissimus

231 2907 516 2979 quasdam
549 2906 999 2962 constitutiones
1027 2906 1328 2962 sodalibus
1359 2907 1484 2962 suis
1514 2906 1693 2970 dedit,
1719 2907 1876 2962 unde

226 3010 328 3066 pro
359 2994 777 3049 canonicorum
828 2992 1186 3065 regularium
1240 2993 1576 3048 institutore
1609 3010 1721 3047 non
1764 2993 1871 3047 im-

226 3083 431 3138 merito
485 3082 755 3138 habetur.
805 3081 1220 3139 Collectionem
1274 3099 1508 3153 quoque
1558 3098 1870 3152 canonum,

216 3190 319 3228 seu
348 3189 418 3227 ex
469 3171 793 3227 canonibus
842 3177 1181 3227 sanctorum
1234 3172 1717 3244 compendiosum
1768 3172 1871 3225 de-

224 3268 450 3317 cretum
484 3266 622 3316 tunc
672 3260 957 3332 temporis
986 3260 1377 3328 concinnavit,
1411 3278 1527 3331 quo
1558 3266 1692 3316 ante
1724 3260 1870 3316 Gra-

221 3350 365 3406 tiani
416 3354 680 3421 tempora
730 3350 1045 3405 utebantur
1080 3350 1312 3420 juristae
1345 3366 1357 3407 :
1393 3350 1449 3404 in
1482 3366 1547 3405 eo
1580 3350 1870 3405 Burchar-

224 3441 367 3495 dum
400 3440 710 3495 Vormatize
741 3439 1082 3509 episcopum
1114 3438 1191 3493 ita
1221 3445 1493 3494 accurate
1524 3445 1780 3507 secutus,
1810 3444 1873 3494 ut

225 3528 403 3584 etiam
437 3529 567 3597 ejus
618 3529 827 3582 menda
875 3527 932 3581 in
986 3544 1160 3582 suum
1211 3544 1359 3598 opus
1411 3528 1869 3598 transcripserit,

224 3634 339 3671 non
372 3633 541 3671 secus
573 3632 639 3671 ac
671 3615 797 3687 ipse
823 3616 1693 3687 BurcharduslteginonisJam
1726 3616 1871 3671 mul-

225 3712 312 3760 tos
339 3721 524 3759 annos
550 3707 610 3760 in
643 3704 925 3773 regimine
956 3710 1322 3776 transegerat
1356 3708 1623 3767 Ivo,cum
1658 3705 1866 3773 deiecti

1992 1129 2357 1199 depositione
2379 1132 2435 1182 et
2458 1127 2675 1182 summi
2701 1128 2996 1198 pontificis
3022 1128 3339 1183 voluntate.
3358 1131 3439 1184 Ad
3465 1146 3640 1200 quem

1990 1234 2123 1272 cum
2177 1218 2593 1287 pervenissem,
2629 1217 2696 1271 ad
2733 1216 3072 1287 petitionem
3118 1217 3372 1273 ecclesias
3422 1219 3643 1274 Carno-

1991 1307 2176 1361 tensis
2225 1305 2551 1377 apostolica
2601 1305 2948 1360 auctoritate
2998 1323 3129 1360 sum
3182 1306 3532 1362 constrictus
3591 1312 3648 1362 et

1989 1396 2068 1449 ita
2102 1396 2156 1449 in
2209 1394 2548 1465 episcopum
2583 1400 2976 1448 consecratus.
3014 1417 3039 1445 ››
3080 1399 3155 1449 De
3182 1395 3289 1449 hac
3336 1412 3646 1452 consecra-

1990 1483 2145 1537 tione
2180 1484 2329 1537 facta
2378 1482 2523 1535 forte
2554 1483 2647 1536 die
2696 1482 2825 1553 ipsa
2853 1484 2924 1537 23
2973 1482 3318 1538 Novembris
3370 1484 3506 1538 1090
3539 1483 3644 1539 Ur-

1990 1573 2177 1626 banus
2211 1587 2359 1642 papa
2392 1570 2617 1625 litteras
2641 1571 2709 1624 ad
2744 1570 2965 1625 clerum
3001 1571 3404 1642 populumque
3435 1577 3645 1628 Carno-

1988 1666 2212 1715 tcnsem
2237 1660 2396 1714 dedit
2419 1660 2625 1730 Capua:
2648 1677 2750 1714 vm
2778 1660 3069 1715 Kalendas
3096 1661 3394 1728 Decemb.,
3418 1666 3482 1716 ut
3514 1665 3639 1717 Ivo-

1989 1766 2121 1804 nem
2182 1749 2519 1820 episcopum
2580 1748 2635 1802 in
2694 1748 2957 1803 Gaulridi
3034 1750 3387 1804 exauctorati
3446 1750 3639 1806 locum

1988 1842 2338 1910 reciperent,
2370 1843 2425 1892 et
2456 1838 2715 1893 crastina
2746 1838 2839 1892 die
2870 1839 2938 1893 ad
2976 1838 3313 1893 Ricberium
3346 1843 3644 1895 Senonen-

1988 1944 2112 1982 sem
2146 1927 2677 1998 archiepiscopum,
2710 1926 2805 1982 cui
2854 1927 3150 1997 signiﬁcat
3184 1929 3417 1982 Ivonem
3469 1946 3645 1983 cano-

1990 2016 2116 2071 nice
2148 2015 2394 2071 electum
2429 2034 2461 2070 a
2493 2033 2555 2070 se
2586 2022 2995 2071 consecratum
3032 2016 3234 2083 fuisse,
3268 2016 3404 2087 quia
3436 2017 3562 2086 ipse
3587 2018 3639 2072 ei

1992 2121 2232 2158 manum
2284 2105 2586 2175 imponere
2637 2109 3025 2171 recusaverat,
3061 2108 3343 2175 rogatque
3393 2110 3458 2160 ut
3503 2123 3638 2161 eum

1990 2194 2239 2264 benigne
2298 2193 2750 2263 complectatur,
2811 2193 2982 2263 eique
3050 2194 3119 2247 ad
3188 2192 3456 2248 Ecclesiae
3523 2211 3641 2250 suae

1989 2284 2249 2354 regimen
2297 2282 2578 2337 auxilium
2633 2298 2806 2336 suum
2858 2281 3162 2353 largiatur.
3197 2283 3393 2353 Neque
3442 2288 3638 2339 tamen

1990 2371 2071 2426 sic
2121 2371 2344 2442 quievit
2390 2370 2717 2426 Richerius.
2769 2371 3096 2426 Audiamus
3129 2372 3343 2426 iterum
3402 2372 3637 2426 Ivonem

1985 2460 2233 2531 epistola
2291 2460 2401 2513 12:
2464 2482 2491 2508 «
2544 2460 2895 2515 Senonensis
2955 2460 3431 2531 archiepiscopus
3493 2477 3637 2516 con-

1985 2548 2117 2603 silio
2151 2548 2496 2602 Parisiensis
2538 2549 2795 2618 episcopi
2846 2549 3194 2614 infamatus,
3227 2549 3490 2605 adhibito
3521 2550 3635 2605 sibi

1984 2638 2187 2691 eodem
2247 2636 2563 2691 Parisiensi
2623 2635 2915 2707 episcopo,
2949 2643 3005 2692 et
3056 2637 3284 2692 duobus
3337 2637 3465 2692 aliis
3514 2655 3632 2692 non

1984 2724 2291 2781 dissimilis
2342 2726 2647 2790 vecordiae,
2691 2725 2972 2780 Meldensi
3022 2731 3078 2780 et
3122 2726 3489 2793 Trecassino,
3524 2727 3632 2782 hoc

1982 2831 2133 2870 anno
2167 2815 2424 2886 Stampis
2465 2815 2535 2868 de
2567 2815 2956 2879 ordinatione,
2990 2832 3165 2884 quam
3199 2833 3231 2870 a
3265 2817 3428 2871 vobis
3460 2833 3626 2871 accc-

1984 2920 2205 2975 peram,
2235 2921 2323 2960 me
2354 2904 2498 2960 satis
2545 2904 2877 2960 inordinate
2936 2906 3251 2967 accusavit,
3283 2906 3485 2961 dicens
3538 2922 3629 2961 me

1983 2994 2042 3047 in
2078 2995 2439 3063 majestatem
2474 2994 2694 3064 regiam
2728 2994 3063 3062 offendisse,
3096 2994 3196 3064 qui
3229 3012 3261 3048 a
3291 2995 3427 3049 sede
3456 3011 3632 3065 apos-

1986 3082 2159 3136 tolica
2207 3083 2708 3136 consecrationem
2764 3098 3255 3153 praesumpseram
3313 3083 3631 3152 accepisse.

1980 3170 2126 3225 Cum
2196 3172 2391 3242 itaque
2459 3175 2813 3226 conarentur
2880 3171 3226 3226 Gaufridum
3298 3171 3628 3243 depositum

1981 3268 2184 3317 contra
2210 3261 2511 3314 decretum
2544 3266 2799 3313 vestrum
2836 3260 2891 3313 in
2938 3264 3155 3315 statum
3191 3260 3508 3329 pristinum
3538 3278 3631 3315 re—

1982 3350 2253 3419 formare,
2275 3355 2331 3403 et
2360 3348 2419 3401 in
2450 3364 2539 3403 me
2566 3348 2945 3419 depositionis
2962 3350 3313 3403 sententiam
3350 3350 3630 3420 proferre,

1981 3440 2178 3493 sedem
2229 3436 2609 3507 apostolicam
2664 3436 2970 3507 appellavi,
3004 3443 3061 3493 et
3110 3438 3359 3492 decretis
3392 3444 3627 3508 aposto-

1979 3526 2107 3581 licis
2136 3526 2405 3596 quamvis
2455 3542 2522 3579 ea
2554 3542 2665 3579 non
2718 3526 2829 3581 nisi
2866 3527 2922 3580 in
2972 3528 3235 3581 futurum
3267 3528 3560 3594 timerent,
3598 3545 3631 3581 a

1979 3633 2088 3671 sua
2121 3615 2575 3686 prmsumptione
2625 3617 2907 3681 revocavi,
2939 3617 3391 3688 appellationem
3436 3620 3636 3672 tamen

1981 3720 2086 3760 nec
2118 3703 2392 3775 prosequi
2439 3708 2801 3773 taxaverunt,
2836 3721 2940 3760 nec
2990 3706 3222 3776 plenam
3275 3722 3473 3777 pacem
3510 3722 3633 3761 me-

224 3796 282 3849 in
312 3794 505 3850 locum
539 3794 824 3858 Gaul’ridi,
859 3793 971 3849 tale
1020 3793 1164 3848 nihil
1205 3793 1537 3864 suspicans,
1572 3794 1867 3861 canonice,
1902 3795 1945 3861 C
1984 3810 2115 3849 cum
2173 3793 2387 3847 habere
2435 3792 2761 3847 voluerunt.
2798 3816 2826 3843 ››
2872 3794 3026 3849 lianc
3076 3800 3271 3849 autem
3322 3794 3633 3866 epistolam

216 3886 387 3956 juxta
420 3883 643 3937 monita
690 3882 908 3937 summi
964 3883 1259 3953 pontificis
1296 3882 1537 3946 Urbani,
1570 3901 1601 3937 a
1633 3882 1784 3938 clero
1816 3890 1873 3938 et

225 3971 441 4045 populo
474 3971 696 4027 electus
727 3971 1081 4043 est,regique
1115 3971 1375 4027 renitens
1411 3978 1816 4042 prasentatus,
1841 3990 1874 4028 a

226 4079 334 4132 quo
367 4061 593 4133 virgam
641 4060 883 4132 quidam
936 4060 1291 4131 pastoralem
1343 4062 1582 4133 accepit,
1616 4063 1713 4117 sed
1757 4080 1873 4116 non

231 4150 443 4222 pariter
493 4149 993 4204 consecrationem
1049 4151 1121 4204 ab
1169 4150 1443 4221 episcopo
1506 4167 1518 4205 :
1580 4167 1873 4221 nusquam

228 4240 381 4294 enim
412 4239 571 4293 enim
608 4238 915 4293 Ricberius
944 4239 1302 4294 Senonensis
1334 4239 1740 4309 archipraesul,
1774 4240 1874 4311 qui

232 4326 508 4382 Gaufrido
558 4326 825 4397 deposito
874 4327 1122 4395 favebat,
1155 4329 1309 4381 diem
1366 4328 1521 4382 lvoni
1556 4330 1627 4383 ad
1669 4346 1876 4384 conse-

231 4416 573 4478 crationem,
600 4415 936 4486 petentibus
965 4415 1104 4471 licet
1134 4421 1191 4470 et
1221 4415 1598 4486 pulsantibus
1630 4416 1876 4485 clericis,

233 4505 530 4576 praefigere
574 4502 781 4567 voluit,
814 4505 883 4558 de
915 4520 1029 4574 quo
1063 4508 1155 4558 lvo
1200 4505 1375 4575 epist.
1414 4506 1447 4557 8
1479 4506 1878 4576 conqueritur,

236 4595 333 4648 ubi
356 4593 694 4649 Richerium
717 4593 1113 4649 Senonensem
1136 4592 1640 4664 archiepiscopum
1681 4596 1766 4649 sic
1797 4595 1881 4649 al-

233 4682 493 4753 loquitur
529 4699 542 4736 :
580 4704 605 4731 (ι
638 4680 888 4737 Aliunde
938 4698 1029 4737 me
1078 4682 1366 4754 expetisse
1418 4683 1881 4740 benedictionem

237 4769 953 4836 calumniamini,veritate
985 4776 1133 4826 teste
1166 4787 1366 4826 verum
1399 4772 1757 4843 dicam,quia
1780 4790 1883 4829 nec

239 4861 778 4931 episcopatum,nec
812 4859 1281 4915 benedictionem
1305 4860 1696 4932 episcopalem
1727 4879 1759 4917 a
1788 4880 1885 4919 vo-

244 4947 329 5002 bis
372 4948 536 5020 petii,
588 4964 692 5003 nec
736 4966 770 5003 a
817 4965 1138 5020 quoquam.
1190 4949 1299 5005 Sed
1351 4966 1484 5004 cum
1540 4950 1885 5008 clericorum

242 5035 428 5107 primo
474 5037 728 5109 ingenio,
764 5044 967 5109 postea
998 5037 1275 5094 violentia
1314 5040 1431 5109 regi
1466 5040 1711 5096 fuissem
1747 5058 1887 5112 prae-

1982 3884 2259 3953 scriptam
2294 3882 2448 3937 sicut
2479 3882 2863 3938 etconcilium
2889 3885 3146 3955 Stampis
3181 3884 3445 3940 habitum
3479 3902 3633 3940 anno

1982 3973 2114 4027 1001
2171 3978 2470 4042 putamus,
2504 3988 2619 4043 quo
2672 3974 2763 4027 [vo
2814 3980 3174 4029 memoratur
3219 3975 3530 4045 episcOpus
3574 3974 3634 4029 in

1982 4061 2159 4116 veteri
2194 4060 2398 4115 charta
2428 4061 2582 4131 apud
2616 4060 3149 4119 Sammarthanos:
3180 4085 3203 4112 (ι
3242 4069 3442 4118 Actum
3478 4080 3630 4118 anno

1986 4151 2144 4215 1091,
2177 4149 2378 4202 indict.
2415 4166 2527 4221 xw,
2562 4155 2843 4221 regnante
2875 4150 3164 4223 Philippo,
3190 4150 3248 4206 in
3284 4152 3537 4207 Ecclesia
3569 4154 3632 4208 B.

1984 4237 2245 4301 Quintini
2302 4242 2475 4293 lvone
2523 4239 2811 4294 existente
2858 4240 3089 4307 abbate,
3125 4248 3264 4296 tunc
3313 4243 3631 4298 Carnotcn-

1987 4328 2139 4381 sium
2188 4327 2455 4397 praesule.
2492 4348 2519 4376 ››
2554 4327 2817 4383 Occurrit
2865 4335 2921 4384 et
2952 4330 3009 4383 in
3044 4330 3247 4385 charta
3294 4330 3637 4385 monasterii

1986 4416 2438 4471 Vindocinensis
2507 4434 2660 4472 anno
2732 4419 2861 4472 1091
2936 4420 3255 4474 indictione
3322 4437 3434 4487 xw,
3498 4420 3640 4475 feria

1989 4513 2153 4561 sexta
2200 4506 2582 4560 hebdomadas
2634 4507 2933 4563 Paschalis
2966 4526 3056 4564 xxv
3090 4508 3332 4565 Kalend.
3382 4509 3539 4575 Maii,
3574 4527 3640 4565 eo

1991 4614 2144 4651 anno
2172 4595 2496 4662 ordinatus,
2532 4613 2645 4667 quo
2669 4598 2838 4668 juxta
2870 4605 3047 4671 caput
3076 4600 3330 4657 ecclesia:
3364 4603 3639 4658 Vindoci-

1992 4685 2191 4740 nensis
2241 4685 2457 4756 recepit
2505 4686 2948 4743 conventionem
3017 4690 3139 4746 vice
3195 4691 3424 4747 abbatis
3492 4692 3645 4748 inter

1994 4772 2355 4829 Garnaldum
2425 4774 2495 4830 de
2550 4775 2878 4832 Charismot
2942 4784 3000 4834 et
3068 4780 3404 4836 monachos.
3477 4783 3643 4837 Unde

1987 4864 2123 4934 jure
2152 4863 2524 4919 concluditur
2571 4865 2850 4935 epistolas
2899 4866 3117 4923 Urbani
3170 4875 3287 4924 tam
3334 4871 3404 4925 ad
3458 4888 3647 4942 pepu-

1997 4952 2119 5007 lum
2187 4952 2528 5024 clarumque
2595 4957 3011 5011 Carnotcnsem
3080 4958 3286 5029 Capuae
3354 4976 3454 5015 vui
3521 4960 3647 5018 Kal.

1996 5041 2265 5098 Decemb.
2306 5058 2480 5112 quam
2543 5044 2612 5097 ad
2672 5042 3012 5100 Richarium
3077 5048 3513 5120 metropolitam
3572 5066 3651 5104 vn

240 5130 615 5231 sentatus,‘et
661 5126 1157 5231 indecumnvirga
1204 5128 1547 5231 pastoralia
1579 5147 1709 5202 rege
1744 5131 1888 5186 mihi
1920 5169 1969 5231 Β
2001 5130 2125 5185 Kal.
2162 5130 2449 5231 ejusdem,
2492 5149 2645 5187 anno
2702 5133 2837 5187 1090
2887 5136 3263 5193 ascribendas
3313 5155 3461 5194 esse.
3513 5140 3648 5193 Car-

239 5216 467 5273 intrusa
496 5216 567 5271 ad
600 5215 911 5272 ecclesiam
943 5222 1355 5273 Carnotcnsem
1390 5218 1699 5285 adductus,
1726 5237 1888 5274 cum-

238 5322 351 5377 que
379 5304 611 5360 clericis
643 5306 977 5376 petentibus
998 5311 1052 5362 et
1080 5305 1454 5378 pulsantibus
1484 5307 1710 5363 nullum
1733 5308 1887 5363 diem

238 5392 697 5449 consecrationis
731 5409 868 5448 meis
900 5392 1126 5450 velletis
1160 5394 1719 5466 praeﬁgere,interea
1750 5413 1890 5452 con-

240 5482 445 5540 silium
478 5481 623 5537 mihi
647 5480 758 5537 fuit
786 5481 1053 5539 clectioni
1082 5500 1285 5539 eorum
1316 5500 1429 5540 non
1454 5486 1893 5544 omnimodeas-

570 5612 836 5671 Pyram“
884 5610 1085 5673 CLXI.

136 5766 357 5972 δεἹή

2004 5225 2306 5275 notensem
2360 5221 2761 5293 episcopatum
2823 5225 3071 5295 adeptus
3132 5230 3281 5296 Ivo;
3341 5245 3456 5283 non
3516 5244 3649 5297 pro-

2004 5312 2202 5379 pterea
2235 5326 2435 5364 curam
2470 5311 2717 5367 cmuobii
2748 5313 2945 5369 Sancti
2978 5316 3241 5382 Quintini
3286 5316 3655 5373 Belvacensis

2003 5400 2295 5470 deposuit,
2322 5399 2708 5457 renitentibus
2740 5402 2918 5474 hujus
2949 5405 3203 5461 ecclesias
3237 5405 3554 5470 canonicis,
3584 5409 3657 5463 ad

2005 5504 2152 5561 quos
2186 5487 2391 5544 scribit
2420 5489 2726 5563 epistolam
2764 5493 2849 5564 17,
2887 5498 2948 5549 ut
2980 5493 3156 5550 alium
3192 5493 3303 5549 sibi
3337 5495 3658 5567 praeﬁciant

3296 5640 3330 5681 α
