3916 6034
247 98 307 140 xx
791 131 800 138 .
1345 83 1415 134 D.
1456 79 1581 134 1V0
1616 76 2116 134 CARNOTENSIS
2153 78 2567 136 EPISCOPUS.

252 207 548 272 abbatem,
572 207 728 277 quod
781 205 1019 261 tandem
1053 201 1327 272 obtinuit,
1353 205 1417 257 ut
1445 218 1515 258 ex
1543 199 1809 273 epistolis
1839 199 1902 253 31
1939 204 1992 266 Α
2024 199 2306 256 nonensis
2337 201 2450 272 ipsi
2485 201 2774 272 infensus,
2791 201 2997 257 adesse
3030 200 3240 267 noluit,
3274 200 3376 256 sed
3410 199 3479 254 ad
3512 215 3724 256 eum-

255 301 314 350 et
342 295 411 349 32
455 295 692 365 planum
740 298 848 358 est,
883 309 1014 347 cum
1068 290 1464 363 praelationem
1517 290 1575 344 in
1633 288 1908 342 manibus
2024 289 2154 342 dem
2202 288 2541 344 Richerium
2592 290 2832 361 scripsit
2875 289 3182 361 epistolam
3231 290 3320 343 35.
3371 286 3716 348 Monachis

258 384 530 439 Fulconis
563 383 817 454 episc0pi
850 380 1216 437 Belvacensis
1247 380 1484 434 omnino
1515 377 1785 447 ejuravit.
2023 376 2508 434 Cluniacensibus
2540 379 2876 435 monasterii
2909 385 3073 434 extra
3115 379 3318 434 urbem
3347 377 3709 432 aediﬁcandi

331 489 694 561 subscripsit
723 507 874 545 anno
908 489 1064 552 109-3,
1117 491 1398 558 praecepto
1436 483 1673 539 Roberti
1705 486 1774 537 de
1805 481 1908 537 Bc-
2021 464 2321 521 licentiam
2379 469 2511 523 fecit
2543 485 2601 523 ιιι
2633 469 2828 523 Nonas
2859 467 3145 523 Januarii.
3180 466 3438 523 Concilio
3469 469 3713 522 Arver-

261 580 434 634 lismo
489 555 592 650 pro
644 577 950 632 monachis
1001 555 1236 647 Majoris
1284 555 1640 629 Monasterii.
1691 572 1909 626 Eodem
2025 555 2193 650 ᾨξδξῖξί
2226 557 2531 650 εξᾲῗυίῐῄἀίθ
2561 557 2832 650 Ῡιιι-Νίξνο
2869 558 3027 624 1095,
3060 564 3116 611 et
3161 557 3485 650 Τξιῐᾯηθῐιεί
3522 571 3709 650 ἃξὶξξο

258 686 412 724 anno
444 644 695 738 Philippi
729 669 877 735 regis
906 666 1058 732 odio,
1091 644 1194 734 qui
1223 664 1280 717 in
1311 661 1640 734 legitimum
1687 659 1909 714 Bertth
2024 645 2291 738 Ψθδμδί
2349 646 2700 738 ευδείξνῖβείξ
2744 647 2974 738 (1991⁸6ῖο
3009 645 3228 701 Urbani
3266 646 3313 700 ῙῙ
3346 661 3448 738 PV?
3482 644 3708 738 ευδᾷῖζ

259 758 456 812 uxoris
486 733 814 810 thalamum
851 733 1184 807 Bertradam
1220 733 1492 806 Fulconis
1523 749 1757 804 comitis
1789 755 1910 802 An-
2025 733 2232 788 Ciendo
2275 735 2698 790 Cormaricensi
2752 736 2964 790 abbate
3010 741 3223 790 Sancto
3271 733 3542 789 Martino.
3597 734 3706 788 Ad

2023 822 2294 876 eumdem
2327 822 2564 895 scripsit
2590 841 2742 878 anno
2773 824 2976 879 eodem
3008 823 3344 894 pontiﬁcem
3393 839 3493 892 pro
3527 820 3704 875 VVil-

2023 910 2198 964 lelmo
2222 911 2535 968 Parisiensi
2557 912 2868 984 electo,qui
2893 929 3022 967 cum
3039 917 3097 967 et
3117 910 3370 966 Galterio
3396 909 3706 965 Meldensi

2023 1008 2396 1064 Sanctionem
2455 1010 2938 1066 Aurelianensem
2993 1010 3252 1081 episcop.
3314 1008 3703 1064 consecravit

2023 1099 2179 1170 apud
2231 1099 2569 1156 Carnotum.
2615 1101 2979 1171 Subscripsit
3026 1101 3239 1155 chartaa
3313 1098 3701 1154 fundalionis

2023 1189 2271 1243 abbatiae
2298 1193 2368 1244 de
2418 1191 2559 1245 Bota
2601 1191 2770 1246 tertio
2818 1189 2953 1244 idus
3007 1189 3306 1245 Februarii
3355 1187 3493 1244 anni
3542 1188 3701 1243 1096

2023 1277 2306 1332 ineuntis.
2341 1279 2653 1335 Guillelmo
2699 1279 3043 1334 Nivernensi
3100 1277 3298 1332 comiti
3354 1277 3546 1332 adfuit
3577 1278 3700 1332 do-

261 1396 401 1449 sque
430 1393 578 1449 pane
610 1375 873 1442 retinuit,
919 1391 1128 1444 magna
1161 1374 1343 1428 animi
1379 1374 1652 1427 firmitate
1682 1379 1738 1428 et
1767 1389 1910 1426 con-
2023 1367 2186 1421 nanti
2219 1367 2526 1424 ecclesiam
2559 1369 2756 1424 Sancti
2789 1367 3071 1440 Stephani
3104 1368 3260 1440 apud
3292 1367 3616 1422 Nivernum
3659 1383 3700 1422 a

259 1467 476 1523 stantia
529 1464 718 1537 pellici
751 1464 1101 1535 depravatae,
1134 1467 1190 1517 et
1220 1463 1373 1534 regis
1423 1461 1910 1533 concupiscentiae
2024 1471 2086 1510 se
2117 1457 2448 1512 restitutam
2503 1457 2700 1513 abbati
2733 1461 2791 1512 et
2837 1456 3146 1512 monachis
3192 1455 3702 1511 Cluniacensibus

259 1574 389 1611 sese
418 1559 832 1626 opponentem.
870 1553 949 1608 De
983 1552 1086 1606 hoc
1119 1551 1503 1606 contubernio
1553 1559 1610 1606 et
1639 1551 1724 1605 ira
1756 1550 1908 1623 regis
1940 1572 1988 1637 Β
2022 1561 2175 1599 anno
2210 1546 2367 1612 1097,
2403 1562 2468 1600 ac
2518 1546 2662 1601 diris
2693 1547 2926 1602 devovit
2973 1561 3180 1600 omnes
3208 1545 3310 1616 qui
3355 1544 3490 1599 huic
3523 1543 3694 1600 dono

257 1645 350 1700 his
383 1642 712 1716 expostulat
759 1642 854 1697 Ivo
899 1641 1090 1695 verbis
1133 1639 1380 1710 epistola
1408 1641 1497 1704 22,
1533 1639 1602 1695 ad
1636 1641 1905 1694 eumdem
1940 1633 1980 1637 ”
2021 1633 3381 1706 quoquomodoauderentrefragari.Ecclesiam
3409 1633 3696 1687 cumidem

257 1734 587 1805 Philippum
623 1749 636 1786 ε
672 1755 698 1781 ‹‹
735 1731 1044 1798 Quoniam,
1075 1749 1099 1780 ι)
1131 1729 1345 1799 inquit,
1371 1752 1399 1778 «
1435 1729 1796 1800 przrcedente
1826 1729 1909 1783 di-

2020 1732 2380 1786 consecravit
2415 1732 2613 1786 idibus
2647 1731 3002 1787 Decembris.
3029 1731 3378 1786 Gaufridum
3401 1730 3473 1784 de
3505 1728 3690 1784 Prul-

253 1827 386 1878 vina
417 1822 604 1894 gratia
651 1823 720 1875 de
773 1826 1029 1875 stercore
1061 1835 1284 1890 pauper
1331 1835 1519 1890 usque
1565 1819 1635 1873 ad
1690 1818 1904 1874 solium
2017 1819 2165 1874 liaco
2187 1819 2459 1876 comitem
2486 1821 3198 1891 Vindocinensemjuraet
3220 1818 3525 1891 privilegia
3553 1835 3688 1874 mo-

256 1914 586 1985 principum
622 1926 726 1982 per
760 1925 999 1964 manum
1053 1913 1303 1963 vestram
1337 1907 1602 1963 elevatus
1634 1925 1789 1971 sum,
1824 1909 1908 1961 fa-
2021 1911 2262 1965 nasterii
2295 1911 2678 1967 sanctissimae
2702 1910 3007 1966 Trinitatis
3040 1926 3354 1982 agnoscere
3380 1909 3692 1982 persuasit

256 2007 380 2056 teor
411 2017 503 2054 me
535 2006 664 2071 post
713 1999 894 2054 Deum
943 2015 1045 2069 pro
1091 2014 1265 2068 posse
1315 2013 1442 2052 meo
1489 2001 1701 2052 cuncta
1745 1996 1908 2052 vobis
2017 2001 2220 2056 eodem
2270 2018 2444 2070 anno,
2479 2006 2538 2056 et
2588 2017 2721 2055 cum
2758 2001 2964 2055 abbate
3013 1999 3368 2054 conciliavit.
3424 1998 3689 2069 Scripsit

259 2091 469 2145 debere
493 2105 618 2159 quas
642 2093 832 2143 vestro
859 2091 1192 2158 congruunt
1221 2086 1425 2141 honori
1473 2091 1530 2140 et
1555 2086 1729 2140 saluti
1758 2104 1772 2152 ;
1806 2086 1907 2140 sed
2021 2105 2256 2160 quoque
2277 2089 2507 2144 Urbano
2533 2091 2578 2145 li
2604 2106 2706 2161 pro
2738 2089 3178 2144 consecratione
3224 2087 3546 2142 Daimberti
3578 2087 3687 2141 Se-

3609 91 3723 130 XII

257 848 731 916 degav.uxorem,
768 841 1067 897 nonnullis
1099 840 1296 896 Galliae
1330 838 1679 911 praesulibus
1712 843 1910 910 patro-

255 934 590 990 cinantibus
642 934 817 987 etiam
849 949 914 986 ac
967 931 1114 984 fcede
1146 929 1612 994 conniventibus,
1649 927 1911 998 superin-

253 1025 515 1088 duxerat,
549 1022 639 1076 vir
693 1022 800 1076 iste
833 1019 981 1089 justi
1016 1023 1210 1083 tenax,
1245 1023 1302 1072 et
1352 1021 1580 1072 tantum
1616 1016 1908 1086 ﬂagitium

253 1111 626 1168 dissimulare
659 1127 771 1165 non
803 1108 1027 1174 valens,
1063 1107 1209 1161 diris
1243 1106 1436 1161 modis
1471 1107 1750 1176 fatigatus
1799 1110 1908 1170 est,

256 1203 509 1257 maxime
539 1201 612 1254 ab
646 1200 885 1270 Hugone
917 1197 1133 1252 Puiseti
1169 1197 1429 1264 domino,
1465 1196 1564 1267 qui
1598 1211 1732 1248 eum
1764 1210 1911 1266 pene

258 1308 360 1364 per
391 1307 610 1345 annum
642 1288 701 1342 in
734 1303 962 1341 carcere
993 1286 1280 1351 clausum,
1318 1301 1574 1356 persaepe
1612 1284 1782 1340 etiam
1815 1285 1911 1338 ab-

262 2179 402 2249 quia
448 2181 827 2248 exasperatus
859 2181 1097 2247 propter
1127 2174 1396 2230 salubres
1443 2176 1725 2240 monitus,
1760 2191 1910 2245 quos

264 2267 560 2322 serenitati
601 2269 808 2321 vestras
838 2281 905 2320 ex
955 2281 1193 2319 summa
1238 2263 1518 2318 fidelitate
1547 2270 1603 2317 et
1629 2262 1913 2317 charitate

265 2357 567 2422 direxi,me
588 2354 1026 2420 difﬁduciastis,
1059 2359 1116 2408 et
1148 2353 1299 2407 bona
1328 2351 1680 2424 episcopalis
1699 2353 1912 2406 domus

267 2445 595 2516 diripienda
617 2442 969 2498 adversariis
991 2442 1209 2497 nostris
1234 2441 1608 2512 exposuistis,
1633 2444 1828 2510 gravia
1857 2447 1915 2495 et

267 2533 512 2606 grandia
561 2533 698 2587 inde
732 2548 1041 2604 perpessus
1090 2531 1483 2601 incommoda,
1519 2530 1694 2602 regali
1736 2531 1912 2584 curias

264 2625 336 2681 ad
370 2639 624 2694 praesens
658 2637 762 2677 nec
811 2637 1011 2676 secure
1045 2637 1285 2692 possum
1335 2620 1638 2687 interesse,
1672 2636 1777 2674 nec
1808 2619 1909 2674 ho-

261 2718 443 2766 neste.
480 2709 754 2781 Supplico
803 2708 1001 2779 itaque
1054 2708 1347 2778 majestati
1395 2713 1602 2762 vestrm
1653 2713 1714 2760 ut
1755 2707 1914 2777 regia

263 2799 501 2855 interim
536 2815 629 2852 me
660 2797 1116 2852 mansuetudine
1147 2797 1529 2868 supportetis,
1562 2796 1746 2850 donec
1779 2811 1911 2865 pos-

266 2889 377 2944 sim
410 2886 842 2958 aliquantulum
898 2885 1184 2956 respirare
1216 2890 1273 2938 et
1321 2885 1557 2951 damna,
1591 2900 1717 2955 quae
1765 2882 1910 2937 mihi

265 2992 415 3049 pene
448 2992 634 3047 usque
654 2975 722 3030 ad
759 2974 1067 3047 penuriam
1100 2974 1268 3046 panis
1297 2973 1521 3028 inﬂicta
1549 2978 1687 3028 sunt
1717 2971 1915 3043 aliqua

271 3084 339 3121 ex
369 3071 535 3137 parte
567 3081 858 3137 reparare.
893 3085 920 3113 »

347 3171 611 3228 Vinculis
642 3176 948 3245 exemptus
989 3171 1110 3225 haec
1141 3169 1452 3233 scribebat,
1488 3166 1771 3236 Raynaldi
1805 3167 1918 3222 for-

275 3265 433 3316 tasse
487 3260 787 3316 Remensis
839 3259 1262 3330 archiepiscopi
1314 3263 1371 3313 et
1413 3257 1916 3328 sulfraganeorum

274 3367 468 3421 opera,
503 3351 717 3421 quibus
753 3351 1022 3403 Urbanus
1056 3365 1202 3419 papa
1248 3364 1348 3416 pro
1380 3346 1675 3417 ereptione
1707 3344 1919 3400 Carno-

270 3439 456 3495 tensis
506 3439 761 3511 episc0pi
815 3438 1128 3508 scripserat
1160 3454 1213 3491 \‘I
1247 3436 1530 3490 Kalendas
1575 3435 1917 3491 Novembris

267 3529 426 3583 1092.
468 3527 688 3582 Altaria
737 3543 836 3581 sex
887 3525 1193 3580 Eustachio
1249 3525 1443 3579 abbati
1494 3529 1552 3579 et
1609 3522 1915 3578 monachis

266 3616 463 3671 Sancti
489 3617 639 3672 Petri
664 3615 1041 3672 Carnotensis
1070 3614 1360 3668 concessit
1391 3611 1823 3680 lihera,scilicet
1844 3613 1914 3666 de

265 3707 573 3772 Bruerolis,
607 3707 678 3760 de
710 3703 1114 3767 Ermentariis,
1151 3705 1220 3758 de
1254 3701 1520 3768 Roheria,
1554 3704 1622 3756 de
1671 3705 1910 3766 Buxeto,

261 3795 333 3850 de
365 3795 633 3850 Cruciato
663 3800 719 3849 et
749 3795 820 3848 de
854 3792 1208 3849 Castellariis
1239 3790 1531 3846 Kalendiis
1576 3790 1714 3845 Julii
1753 3791 1907 3846 1093.

260 3884 604 3939 Gaufridum
636 3884 1129 3939 Vindocinensem
1165 3881 1433 3935 abbatem
1469 3881 1827 3935 consecravit
1855 3897 1911 3934 ιιι

2023 2180 2306 2235 nonensis
2350 2180 2538 2246 electi,
2589 2186 2646 2236 et
2696 2180 3059 2250 insequentis
3115 2178 3257 2234 anni
3313 2177 3482 2233 initio
3542 2178 3690 2232 1098

2023 2274 2220 2324 contra
2251 2269 2591 2324 electionem
2613 2270 2860 2324 Joannis
2881 2267 3581 2324 Aurelianensis.Altaria
3613 2268 3693 2322 de

2024 2357 2372 2417 Basenvilla.
2406 2361 2476 2414 de
2523 2358 2902 2414 Bisconcellis
2950 2363 3009 2412 et
3055 2359 3125 2412 de
3154 2356 3510 2414 Bovenivilla
3549 2356 3688 2412 sine

2025 2447 2425 2519 redemptione
2471 2447 2668 2502 vicarii
2715 2447 3022 2501 monachis
3073 2446 3306 2517 Majoris
3337 2445 3682 2501 Monasterii

2023 2535 2312 2590 concessit
2340 2536 2510 2591 tertio
2544 2537 2686 2592 Idus
2706 2535 2863 2589 Maii.
2888 2537 3001 2590 lloc
3019 2537 3222 2591 eodem
3249 2536 3487 2590 ineunte
3516 2551 3680 2588 anno

2023 2639 2174 2678 onus
2206 2623 2572 2694 pontiﬁcium
2623 2623 2896 2678 abdicare
2928 2623 3130 2690 voluit,
3163 2624 3408 2694 ideoque
3440 2621 3682 2677 Urbano

2024 2711 2288 2783 pontiﬁci
2321 2711 2576 2766 maximo
2609 2712 2701 2766 his
2749 2711 2940 2766 verbis
2972 2711 3210 2782 scripsit
3236 2709 3550 2781 epistolam
3579 2711 3678 2764 67.

2025 2831 2052 2858 ‹‹
2087 2809 2229 2862 Ecce
2255 2809 2379 2878 jam
2413 2808 2520 2864 hoc
2572 2813 2868 2864 transacto
2915 2807 3218 2880 septennia
3259 2807 3492 2862 vineam
3526 2806 3673 2862 mihi

2025 2898 2401 2953 commissam
2453 2913 2554 2968 pro
2593 2914 2764 2970 posse
2815 2915 2939 2954 meo
2985 2896 3228 2962 excolui,
3263 2896 3518 2951 fructum
3577 2913 3685 2951 au-

2027 2992 2150 3041 tem
2183 3002 2356 3058 quem
2390 2987 2722 3057 quarrcbam
2757 3005 2871 3043 non
2905 2987 3118 3042 inveni.
3140 2988 3315 3042 Detur
3342 3001 3479 3058 ergo
3506 2985 3683 3040 liber-

2027 3079 2117 3129 tas
2146 3081 2348 3130 octavo
2397 3093 2571 3142 anno,
2621 3081 2685 3131 ut
2739 3079 2844 3130 hoc
2893 3074 3246 3148 principium
3279 3091 3430 3131 veras
3461 3079 3679 3129 octavze

2025 3163 2426 3235 aggrediar,ut
2452 3165 2670 3234 possim
2703 3165 2847 3220 mihi
2880 3165 3264 3230 sabbatizare,
3297 3163 3502 3219 dulces
3534 3163 3684 3218 fruc-

2027 3257 2123 3307 tus
2172 3251 2677 3322 contemplationis
2729 3269 2966 3324 carpere
3007 3259 3065 3308 et
3097 3259 3309 3309 octavas
3341 3253 3500 3308 illius
3532 3267 3678 3323 gau-

2029 3342 2123 3395 dia
2155 3340 2476 3412 praelibare.
2510 3343 2670 3404 Quod
2708 3343 2754 3396 si
2789 3347 2977 3397 vestra
3009 3343 3391 3413 permissione
3424 3342 3476 3395 id
3507 3341 3680 3395 modo

2027 3447 2140 3484 non
2167 3430 2334 3494 facio,
2359 3431 2704 3486 necessitate
2734 3437 2934 3486 tamen
2967 3447 3059 3485 me
3090 3431 3386 3503 oportebit
3411 3431 3464 3484 id
3493 3431 3678 3485 facere

2024 3525 2262 3590 prOpter
2283 3524 2586 3574 renovatae
2610 3519 2668 3574 in
2691 3537 2783 3574 me
2821 3520 2999 3574 veteri
3024 3519 3093 3573 de
3115 3535 3288 3574 causa
3318 3520 3468 3588 regis
3496 3517 3682 3573 inimi-

2025 3609 2214 3675 citias,
2247 3612 2302 3663 et
2335 3614 2570 3680 propter
2601 3609 2987 3680 parochianos
3030 3624 3192 3663 meos
3245 3613 3677 3678 contemptores

2021 3697 2178 3752 verbi
2212 3696 2337 3766 Dei,
2371 3697 2470 3768 qui
2522 3697 2687 3767 proni
2719 3703 2858 3752 sunt
2910 3696 3050 3752 solis
3083 3697 3332 3752 terrenis
3362 3695 3607 3750 inhiare.
3645 3717 3674 3746 »

2026 3785 2319 3841 Pontiﬁcis
2343 3787 2577 3842 hortatu
2601 3786 2918 3859 episcopali
2942 3803 3094 3841 cura;
3118 3785 3270 3840 haud
3299 3784 3668 3841 renuntiavit.

167 4433 176 4444 '
251 4417 729 4484 Cenomanensis,
764 4415 863 4485 qui
895 4415 1199 4470 ordinatus
1233 4419 1322 4468 est
1350 4431 1403 4467 x1
1446 4413 1737 4468 Kalendas
1774 4414 1901 4467 Maii

2020 3883 2292 3947 Quinimo
2315 3900 2442 3939 eam
2467 3885 2621 3939 inter
2644 3884 2924 3940 maximas
2951 3884 3234 3956 procellas
3285 3883 3670 3952 Ecclesimque

2021 3972 2334 4028 Gallicanae
2369 3974 2789 4045 propudiosam
2826 3978 2967 4028 tunc
2991 3973 3270 4044 temporis
3302 3979 3522 4027 statum
3560 3971 3674 4028 lau-

2019 4062 2325 4117 datissime
2357 4062 2683 4129 sustinuit;
2717 4067 2897 4118 testes
2929 4067 3071 4118 sunt
3101 4063 3290 4135 ipsius
3339 4060 3670 4133 complures

258 4153 490 4222 quando
522 4168 736 4223 corpus
769 4150 956 4205 sancti
987 4149 1204 4204 Juliani
1240 4148 1590 4203 translatum
1619 4153 1708 4202 est
1741 4174 1755 4208 :
1789 4149 1907 4204 haec
2018 4151 2247 4216 litterae,
2282 4151 2500 4222 quibus
2525 4151 2646 4223 agit
2676 4152 2745 4208 de
2768 4151 3191 4207 Cathedralium
3213 4150 3591 4206 ecclesiarum
3621 4156 3678 4207 et

256 4244 452 4292 autem
504 4239 654 4292 facta
704 4238 918 4292 dicitur
969 4236 1275 4292 translatio
1325 4253 1416 4290 τίνι
1469 4235 1754 4290 Kalendas
1801 4240 1908 4292 No-
2017 4240 2428 4311 episcoporum
2463 4241 2854 4305 ordinatione,
2901 4241 2971 4295 de
3004 4239 3330 4311 legatorum
3365 4245 3420 4294 et
3467 4239 3676 4295 misso-

251 4328 441 4381 vemb.
478 4344 628 4381 anno
664 4327 822 4390 1093,
853 4344 953 4380 vm
987 4325 1377 4380 ordinationis
1430 4324 1609 4378 lloelli
1645 4326 1904 4396 episc0pi
1943 4314 1982 4374 υ
2017 4345 2145 4384 rum
2177 4346 2209 4383 a
2239 4331 2414 4384 latere
2438 4330 2881 4400 comprimendo
2914 4331 3088 4396 fastu,
3125 4329 3339 4397 quibus
3369 4328 3666 4383 Gallicana

2015 4419 2230 4489 sacpius
2262 4419 2620 4489 gravabatur
2649 4418 2915 4474 ecclesia.
2953 4418 3226 4490 Legenda
3273 4419 3403 4488 ejus
3434 4417 3671 4489 epistola

2016 4509 2139 4573 133,
2161 4508 2228 4562 ad
2258 4508 2613 4563 Richardum
2640 4508 3030 4564 Albanensem
3057 4505 3664 4579 episcopumlcgatum

2011 4597 2420 4668 apostolicum,
2454 4596 2552 4667 qui
2605 4614 2737 4651 eum
2792 4603 3073 4668 tanquam
3125 4595 3366 4668 publica:
3405 4595 3658 4650 simoniaa

2016 4701 2176 4739 reum
2222 4686 2477 4757 graviter
2528 4687 2927 4758 redargueret,
2962 4689 3032 4740 ad
3079 4702 3206 4756 qua)
3241 4683 3540 4754 respondit
3569 4685 3660 4738 de-

2016 4789 2224 4827 canum
2268 4772 2528 4843 quidem,
2564 4778 2863 4828 cautorem
2897 4778 2955 4828 et
2987 4772 3134 4828 alios
3168 4772 3458 4844 quosdam
3484 4772 3538 4826 in
3571 4786 3659 4826 ec»

2016 4862 2197 4918 clesia
2226 4861 2571 4918 Carnotensi
2602 4862 2773 4933 plura
2790 4861 3020 4934 exigere
3051 4863 3105 4916 in
3141 4861 3475 4933 receptione
3501 4876 3658 4916 cano-

2015 4951 2305 5015 nicnrum,
2357 4969 2484 5024 quae
2536 4951 2866 5006 rescindere
2915 4954 3162 5008 conatus
3213 4951 3422 5020 fuerat,
3451 4949 3549 5005 sed
3580 4948 3664 5004 in-

2015 5057 2272 5109 cassum,
2308 5041 2460 5110 quod
2511 5039 2550 5094 ii
2593 5055 2655 5094 se
2703 5044 3013 5096 tuerentur
3059 5039 3325 5112 exemplo
3376 5038 3663 5094 ministro-

2015 5145 2145 5184 rum
2178 5130 2353 5185 curize
2385 5129 2684 5199 Romanze,
2719 5131 2874 5200 apud
2909 5147 3056 5202 quos
3105 5128 3329 5185 venalia
3359 5131 3499 5183 sunt
3539 5143 3656 5182 omo

2017 5219 2132 5275 nia.
2176 5219 2401 5274 Interea
2430 5225 2526 5274 Ivo
2574 5219 2887 5292 episcopus
2932 5218 3248 5274 canonicos
3302 5216 3596 5290 regulares
3633 5231 3660 5270 e

2014 5313 2070 5362 S.
2106 5308 2386 5373 Quintino
2420 5309 2636 5364 accitos
2672 5310 2728 5363 in
2761 5307 3008 5363 ecclesia
3040 5308 3100 5363 S.
3132 5307 3380 5363 Joannis
3419 5306 3476 5361 in
3514 5303 3663 5360 Valle

2020 5395 2278 5451 instituit
2308 5412 2461 5451 anno
2499 5397 2651 5466 1099,
2685 5395 2888 5467 eisque
2922 5394 3107 5450 multa
3140 5394 3390 5467 largitus
3421 5398 3532 5450 est.

258 3973 346 4027 vel
370 3991 425 4027 x1
454 3973 740 4028 Kalendas
761 3971 1120 4043 Septembris
1153 3970 1291 4024 anni
1314 3971 1616 4040 ejusdem:
1652 3975 1907 4024 attamen

260 4062 316 4116 in
342 4062 587 4133 epistola
608 4063 670 4116 21
713 4061 904 4116 adhuc
937 4077 997 4115 se
1032 4061 1088 4114 in
1121 4059 1416 4130 ergastulo
1447 4059 1712 4114 clausum
1745 4057 1907 4123 dicit,

254 4506 411 4574 1085,
445 4521 512 4559 ac
565 4505 827 4574 proinde,
865 4522 966 4576 pro
1019 4504 1154 4557 1093
1203 4503 1514 4573 legendum
1565 4504 1708 4557 forte
1745 4505 1901 4567 1002,

252 4595 349 4664 qui
386 4611 578 4649 annus
611 4611 744 4649 cum
779 4594 1144 4649 ordinatione
1175 4592 1904 4663 optimequudratPraater

257 4686 412 4738 enim
440 4686 560 4752 jam
593 4684 769 4751 dicta,
807 4700 1006 4738 mense
1037 4682 1228 4737 adhuc
1258 4681 1566 4735 Novembri
1601 4681 1737 4736 anni
1770 4682 1905 4737 1093

254 4790 388 4827 cum
423 4773 660 4828 Urbano
715 4790 864 4845 papa
913 4773 1157 4827 Romam
1219 4771 1458 4842 pacilice
1521 4771 1756 4825 intravit
1789 4772 1900 4839 Ivo,

252 4861 452 4933 ibique
485 4879 616 4917 eum
644 4862 873 4917 dimisit
895 4878 1098 4916 mense
1118 4859 1418 4916 Januario.
1451 4863 1734 4916 Reversus
1767 4861 1904 4916 Bec-

253 4967 456 5006 censes
509 4951 662 5006 inter
711 4955 768 5005 et
817 4949 1230 5005 Molismenses
1262 4948 1580 5004 monachos
1613 4953 1799 5004 ortam
1834 4951 1905 5006 de

251 5038 398 5095 cella
457 5038 789 5094 Pexiacensi
851 5038 1311 5094 controversiam
1364 5038 1694 5108 composuit
1751 5055 1906 5094 anno

253 5128 410 5183 1094.
447 5131 702 5182 Vocatus
751 5128 823 5182 ad
862 5126 1177 5182 concilium
1231 5129 1512 5181 Remense
1545 5143 1648 5198 pro
1683 5127 1906 5198 nuptiis

253 5216 406 5286 regis
437 5220 492 5272 et
521 5215 714 5271 Ivonis
766 5215 1129 5287 depositione
1161 5215 1258 5286 qui
1307 5214 1392 5269 eis
1443 5215 1903 5283 contradicebat,

252 5306 518 5360 habitum
568 5323 636 5359 xv
669 5303 956 5360 Kalendas
1004 5304 1272 5360 Octobris
1315 5305 1580 5375 ejusdem
1615 5305 1776 5372 anni,
1809 5307 1902 5360 cui

251 5395 448 5466 aliquo
481 5397 654 5450 modo
685 5395 914 5466 praefuit
947 5394 1253 5450 Richerius
1295 5393 1776 5466 archiepiscopus
1808 5396 1904 5451 Se-
