3928 6038
192 151 299 190 XIII

1543 131 1842 189 NOTITIA
1881 133 2284 188 HISTORICA.

3528 152 3628 191 XIV

261 259 500 332 Synodo
529 258 864 330 Stampensi
898 260 1101 315 eodem
1148 259 1339 338 adfuit
1368 275 1544 329 anno,
1578 262 1636 314 ct
1666 257 1854 325 Μελ]οο
1887 259 1939 322 Α
1970 255 2029 311 in
2062 258 2352 314 territorio
2382 259 2452 314 de
2485 260 2721 316 Garzeis
2765 278 2934 316 secus
2966 261 3205 317 ﬂuvium
3239 259 3520 317 Tironum
3556 262 3626 316 ad

193 348 275 403 ris
334 347 675 402 Monasterii
727 347 1031 402 monachis
1079 348 1392 413 concessit,
1439 352 1503 402 ut
1552 345 1857 402 ecclesiam

193 442 608 492 construerent
637 437 793 507 apud
828 436 1385 493 Franchamvillam.
1425 441 1628 491 Latum
1663 453 1694 490 a
1726 450 1859 506 rege

192 528 493 581 decretum
518 526 589 581 de
613 525 976 597 expellendis
999 527 1324 597 monachis,
1353 526 1768 595 canonicisque
1801 525 1858 578 in

195 615 449 671 ecclesia
499 614 853 671 Pisciacensi
896 615 1281 671 restituendis
1330 618 1441 670 sub
1485 614 1859 670 anathemate

198 705 569 763 conﬁrmavit
619 720 774 760 anno
808 704 964 759 1100.
1016 704 1179 760 Circa
1210 704 1268 759 id
1316 710 1553 776 tempus
1593 702 1857 757 omnium

200 796 597 851 Ecclesiarum
650 792 1046 849 sollicitudine
1090 809 1350 865 pressus,
1384 792 1591 848 scribit
1621 792 1691 846 ad
1725 790 1857 845 Gal-

199 885 415 940 terium
439 883 793 939 Meldensem
822 884 1165 955 episcopum
1191 883 1261 937 de
1285 880 1708 937 incontinentis
1731 896 1857 933 mo-

200 972 447 1029 nialium
477 974 707 1029 Sanctae
740 972 917 1042 Faraa,
952 989 1099 1044 quas
1133 977 1330 1027 monet
1358 974 1435 1039 :ut
1463 970 1735 1042 corrigat,
1767 968 1853 1023 vel

196 1063 520 1118 monachos
551 1079 754 1116 earum
780 1061 907 1116 loco
932 1062 1274 1116 substituat.
1302 1059 1600 1115 Paschalis
1626 1061 1671 1113 II
1697 1057 1857 1113 bulla

196 1153 332 1208 data
349 1170 441 1207 xvx
463 1151 754 1206 Kalendas
783 1150 979 1206 Martii
1003 1150 1136 1205 anni
1157 1150 1420 1221 ejusdem
1444 1149 1852 1221 episcoporum

192 1242 638 1297 Carnotensium
673 1241 940 1303 domum,
975 1257 1151 1311 quam
1188 1241 1421 1311 magnis
1452 1240 1546 1293 Ivo
1572 1237 1854 1308 impensis

190 1331 601 1400 aediﬁcaverat,
632 1330 848 1384 exemit
878 1329 951 1383 ab
975 1329 1133 1383 omni
1167 1328 1673 1400 spoliationetunc
1705 1332 1853 1381 tem-

192 1420 352 1491 poris
382 1425 516 1491 post
555 1419 811 1491 episcopi
868 1418 1093 1473 obitum
1128 1418 1252 1473 fieri
1284 1417 1475 1485 solita,
1502 1419 1670 1488 juxta
1714 1432 1851 1472 con-

192 1510 312 1566 cilii
346 1508 701 1565 Arvenensis
733 1508 1060 1563 decretum.

1973 350 2435 404 construendum
2471 349 2892 404 monasterium
2928 366 3060 404 cum
3095 350 3349 421 capitulo
3390 368 3629 407 conces-

1973 436 2051 490 sit
2080 436 2251 490 tertio
2284 437 2478 493 Nonas
2525 439 2823 493 Februarii
2863 441 3014 493 1110.
3051 439 3409 509 Subscripsit
3438 440 3626 511 diplo-

1974 526 2112 578 mati
2151 526 2418 581 Ludovici
2474 527 2626 598 regis
2681 544 2781 598 pro
2832 528 3130 583 canonicis
3175 532 3399 583 Sanctae
3449 529 3631 584 Gene-

1972 614 2129 682 vcfae,
2166 630 2222 667 1v
2256 614 2392 669 Idus
2445 617 2631 671 Martii
2686 616 2821 670 anni
2859 617 3013 671 1111.
3070 617 3147 671 Ad
3180 617 3425 672 concilia
3458 617 3629 671 Vien-

1971 719 2151 757 nense
2181 708 2237 757 et
2286 706 2590 759 Ansanum
2640 710 2880 759 vocatus
2929 722 3083 760 anno
3117 705 3254 760 1112
3294 723 3356 762 se
3387 722 3627 763 excusa-

1967 792 2068 846 vit.

2038 898 2401 970 Subscripsit
2432 901 2633 955 eodem
2684 918 2836 955 anno
2882 902 3059 971 regiis
3112 902 3377 957 Ludovici
3412 903 3625 959 litteris

1966 988 2024 1042 in
2059 989 2307 1060 gratiam
2341 988 2816 1044 Floriaeensium.
2846 991 3135 1062 Principis
3162 992 3427 1062 ejusdem
3454 992 3621 1048 char-

1965 1082 2085 1131 tam
2118 1094 2220 1148 pro
2252 1077 2594 1133 fundatione
2641 1078 2728 1132 vel
2778 1079 2973 1149 potius
3005 1080 3305 1134 dotatione
3337 1081 3395 1137 S.
3430 1081 3620 1137 Victo-

1968 1167 2045 1221 ris
2078 1165 2424 1221 Parisiensis
2456 1184 2561 1221 sua
2595 1168 3030 1238 subscriptione
3061 1169 3312 1223 munivit
3337 1187 3469 1224 cum
3498 1170 3621 1240 plu-

1964 1256 2133 1311 rimis
2167 1254 2516 1326 praesulibus
2547 1272 2699 1310 anno
2725 1258 2879 1311 1113.
2914 1259 3056 1311 Cum
3090 1259 3367 1313 Arnaudo
3402 1260 3620 1314 decano

1962 1349 2198 1415 totaque
2230 1345 2568 1399 Carnotensi
2593 1345 2849 1400 Ecclesia
2874 1346 3207 1402 institutam
3239 1347 3617 1404 Tironensem

1963 1434 2258 1488 abbatiam
2291 1434 2653 1504 approbavit,
2688 1434 2859 1506 eique
2903 1434 3088 1489 multa
3121 1438 3414 1491 concessit
3439 1437 3619 1507 privi-

1964 1522 2114 1593 legia
2154 1524 2323 1577 tertio
2352 1523 2545 1577 Nonas
2579 1524 2898 1593 Februarii,
2947 1530 3004 1579 et
3034 1542 3187 1580 anno
3220 1524 3419 1597 elapso
3452 1526 3617 1597 sigil-

263 1622 477 1671 Annus
502 1614 929 1671 Incarnationis
962 1615 1097 1670 1104
1130 1614 1503 1686 componitur
1532 1629 1664 1668 cum
1700 1628 1852 1668 anno
1888 1629 1931 1695 Β
1961 1611 2083 1666 lum
2130 1612 2405 1682 apposuit
2462 1629 2633 1667 suum
2697 1612 3090 1668 instrumento
3148 1615 3615 1672 confirmationis

194 1708 571 1778 episcopatus
605 1705 800 1760 Ivonis
832 1721 925 1759 xw
959 1709 1015 1759 et
1045 1703 1297 1777 Philippi
1330 1704 1483 1776 regis
1509 1720 1635 1769 XLV,
1667 1702 1724 1757 in
1758 1708 1850 1756 ta-

196 1796 347 1851 bulis
393 1795 588 1850 Sancti
639 1794 814 1849 Petri.
872 1795 983 1849 llnc
1035 1794 1238 1848 eodem
1290 1793 1554 1849 interfuit
1605 1792 1851 1847 concilio

192 1884 467 1940 Trecensi
500 1901 533 1937 ν
562 1883 757 1939 Nonas
798 1883 1012 1955 Aprilis
1059 1887 1116 1938 et
1162 1883 1516 1954 subscripsit
1544 1882 1848 1954 diplomati

194 1974 452 2045 llugonis
484 1972 816 2043 Campaniae
848 1971 1082 2027 comitis
1116 1989 1217 2042 pro
1252 1970 1614 2026 Molismcnsi
1650 1987 1850 2025 mona-

191 2062 394 2119 sterio.
429 2063 629 2117 Adfuit
674 2066 731 2116 et
780 2062 1003 2133 synodo
1046 2078 1148 2132 pro
1181 2059 1651 2116 reconciliatione
1698 2060 1852 2130 regis

193 2153 347 2222 apud
383 2150 857 2221 Balgenciacum,
890 2149 1083 2205 Ivonis
1114 2149 1437 2220 efﬂagitata
1470 2150 1538 2203 30
1569 2147 1710 2203 Julii
1744 2148 1849 2202 ha-

192 2240 350 2294 bitas.
386 2238 752 2294 Celebratum
806 2237 965 2292 aliud
1019 2238 1335 2292 concilium
1386 2239 1536 2309 apud
1577 2237 1849 2306 Parisios,

195 2330 366 2385 Ivone
402 2332 705 2399 praesente,
741 2344 797 2381 1v
826 2327 1023 2382 Nonas
1069 2327 1340 2382 Deccmb.
1375 2326 1577 2382 indict.
1614 2344 1711 2380 xm
1746 2331 1849 2379 Pa-

196 2417 417 2473 schalis
447 2418 495 2471 11
529 2422 716 2486 sexto,
762 2417 832 2471 ad
868 2416 1368 2471 reconciliandum
1402 2415 1852 2471 absolvendum-

196 2524 312 2578 que
341 2522 534 2578 regem
567 2506 930 2578 Philippum,
965 2505 1063 2577 qui
1087 2506 1264 2560 simul
1296 2522 1425 2560 cum
1461 2506 1737 2560 Bertrada
1759 2506 1853 2574 ju-

195 2595 341 2650 ravit
364 2594 705 2649 divortium.
726 2595 788 2648 In
802 2594 1047 2649 concilio
1061 2594 1404 2649 Pictaviensi
1430 2594 1563 2648 anni
1587 2594 1851 2664 ejusdem

200 2684 487 2739 sententia
520 2682 971 2755 Burdegalensis
1006 2684 1236 2738 concilii
1278 2685 1348 2738 de
1379 2683 1715 2738 Marestasio
1750 2699 1851 2753 pro

194 2770 727 2844 Angeriacensibus
776 2772 1057 2827 adversus
1089 2772 1489 2827 Maxentianos
1532 2770 1851 2826 monachos

192 2859 309 2917 lata
338 2858 595 2915 examini
628 2859 818 2916 Ivonis
839 2860 1157 2915 commissa
1188 2860 1317 2926 fuit,
1338 2860 1409 2915 ab
1440 2861 1762 2931 eodemque
1796 2864 1852 2914 et

192 2950 427 3016 collegis
458 2951 825 3005 confirmata.
879 2950 1085 3005 Datam
1128 2951 1200 3006 ab
1232 2967 1296 3006 eo
1328 2951 1720 3007 Beccensibus
1750 2967 1846 3005 ecv

188 3041 429 3096 clesiam
459 3040 655 3095 Sancti
697 3039 912 3095 Nicasii
946 3041 1016 3094 de
1050 3040 1313 3095 Mellento
1346 3040 1712 3095 confirmavit
1746 3040 1848 3095 Pa-

186 3129 409 3186 schalis
428 3129 755 3184 lIsecundo
776 3130 915 3184 Idus
933 3127 1115 3200 April.
1144 3129 1301 3183 1104.
1329 3129 1663 3199 Insequenti
1697 3130 1849 3183 Hen-

190 3220 353 3274 ricus
384 3234 580 3274 eomes
614 3217 905 3274 Blesensis
927 3223 984 3273 et
1022 3234 1166 3272 uxor
1195 3216 1373 3271 Adela
1405 3218 1472 3272 ad
1512 3234 1707 3288 preces
1736 3219 1851 3272 Ivo-

190 3309 284 3363 nis
317 3310 562 3362 domum
592 3307 985 3378 episcopalem
1022 3324 1055 3361 a
1085 3323 1261 3378 prava
1292 3307 1719 3362 consuetudine
1750 3324 1853 3360 su-

202 3395 518 3468 pellectilis
538 3395 877 3467 diripiendis
896 3395 1140 3451 liberam
1182 3395 1582 3463 reddiderunt,
1602 3412 1849 3466 quorum

194 3484 550 3541 beneﬁcium
602 3485 950 3541 auctoritate
997 3502 1105 3540 sua
1152 3484 1519 3538 confirmavit
1553 3483 1853 3555 Philippus

194 3590 298 3629 rex
330 3590 484 3628 anno
515 3574 675 3645 regni
708 3575 796 3629 116.
852 3574 1197 3629 Libertatem
1245 3572 1500 3628 ecclesias
1533 3573 1603 3627 de
1635 3573 1852 3644 Burgo-

198 3664 395 3718 medio
426 3664 496 3717 ad
535 3679 731 3733 preces
763 3662 949 3718 Adela:
973 3663 1285 3717 comitissae
1318 3666 1504 3716 ratam
1534 3660 1738 3715 habuit
1764 3662 1854 3717 Ivo

190 3753 399 3808 eodem
434 3768 611 3815 anno,
645 3768 760 3822 quo
811 3752 1003 3807 adfuit
1052 3750 1320 3806 electioni
1358 3750 1583 3806 Radulﬁ
1626 3750 1856 3805 abbatis

190 3842 389 3898 Sancti
424 3840 686 3904 Quintini
720 3841 777 3895 in
823 3841 970 3896 festo
1003 3840 1420 3895 Dedicationis.
1467 3840 1545 3894 De
1577 3840 1853 3893 mandato

194 3929 502 3986 Paschalis
521 3931 567 3985 ΙΙ
598 3929 1160 3983 diremitann01306
1191 3930 1488 4000 querelam
1522 3945 1647 3998 qua:
1671 3928 1856 3982 inerat

200 4020 355 4075 inter
382 4019 621 4074 Ivonem
652 4018 723 4073 de
752 4016 1101 4078 Curvavilla.
1124 4017 1535 4084 vicecomitcm,
1556 4017 1855 4089 Hugoncm

203 4115 260 4164 et
286 4109 602 4164 Rotrocum
636 4107 1025 4164 Perticensern
1058 4107 1357 4171 comitem,
1388 4106 1485 4176 qui
1518 4107 1586 4159 ad
1621 4122 1852 4160 sacrum

200 4197 425 4253 bellum
460 4196 633 4252 ituris
666 4212 873 4267 pacem
922 4196 1217 4251 turbabat.
1273 4195 1551 4249 Invitatus
1581 4194 1652 4248 ab
1686 4194 1855 4248 Ivoue

200 4286 424 4342 Pascha
483 4286 710 4358 peregit
761 4285 917 4357 apud
975 4286 1290 4342 Carnotuin
1348 4283 1648 4338 Paschalis
1704 4299 1858 4354 papa

198 4392 355 4432 anno
391 4376 555 4430 1107.

272 4483 492 4537 Locum
527 4482 821 4537 Bernardo
848 4498 881 4535 a
912 4482 1155 4536 Rotroco
1176 4480 1389 4536 comite
1410 4480 1479 4534 ad
1511 4482 1857 4534 construen-

199 4572 344 4626 dum
381 4572 808 4627 monasterium
840 4572 1039 4624 datum
1073 4587 1229 4624 anno
1261 4570 1464 4624 eodem
1499 4567 1859 4624 confirmavit

203 4662 295 4716 Ivo
328 4666 386 4716 et
418 4659 821 4715 cmmeterium
872 4660 1255 4714 consecravit.
1302 4658 1473 4713 Dedit
1499 4658 1726 4713 litteras
1761 4674 1861 4712 su-

201 4766 306 4820 per
332 4748 733 4805 controversia
754 4749 976 4804 ratione
1003 4746 1262 4803 ecclesiaz
1282 4747 1680 4802 Villaemendis
1712 4747 1863 4801 inter

201 4837 627 4893 Columbenses
679 4836 999 4893 monachos
1047 4844 1120 4892 et~
1151 4833 1434 4891 moniales
1479 4835 1665 4889 sancti
1711 4834 1860 4890 Aviti

202 4943 305 4983 vui
335 4925 628 4983 Kalendas
662 4926 1044 4999 Septembris.
1070 4924 1344 4981 Interfuit
1368 4940 1519 4979 anno
1549 4924 1683 4979 1108
1705 4940 1860 4981 exse-

204 5013 364 5086 quiis
403 5014 659 5088 Philippi
708 5015 883 5087 regis,
914 5018 974 5070 et
1000 5015 1200 5071 statim
1234 5017 1363 5085 post
1394 5029 1558 5069 sacro
1588 5013 1859 5070 Ludovici

204 5102 364 5175 regis
395 5104 643 5160 Aurelia:
687 5103 998 5172 celebrato,
1054 5104 1438 5160 Remensibus
1467 5102 1694 5158 clericis
1726 5121 1857 5159 nec-

204 5192 531 5264 quidquam
564 5193 1018 5265 refragantibus,
1047 5209 1163 5265 qua
1184 5193 1256 5247 de
1287 5208 1347 5246 re
1367 5191 1603 5262 scripsit
1633 5196 1859 5263 aposto-

205 5280 381 5335 licam
439 5281 750 5352 epistolam
800 5283 922 5338 189.
983 5280 1345 5353 Subscripsit
1390 5280 1528 5335 1109
1574 5286 1855 5353 praecepto

206 5368 482 5424 Ludovici
516 5369 589 5424 V1
620 5370 772 5441 regis
814 5371 883 5426 de
915 5370 1183 5426 libertate
1231 5369 1482 5425 testandi
1515 5374 1570 5426 et
1600 5369 1856 5425 bellandi

202 5474 311 5532 pro
345 5457 527 5514 servis
570 5456 831 5514 Ecclesia;
879 5458 1247 5515 Parisiensis.
1304 5458 1659 5515 Carmentem
1689 5462 1852 5514 terras

1963 1703 2302 1756 eorumdem
2360 1701 2795 1773 privilegiorum
2851 1704 2922 1757 ab
2970 1704 3202 1758 Conone
3259 1706 3613 1759 Praenestino

1964 1791 2121 1845 sedis
2153 1789 2481 1860 apostolicis
2531 1790 2722 1861 legato
2754 1790 2921 1845 tertio
2969 1792 3164 1846 Nonas
3220 1792 3383 1846 Febr.
3420 1809 3615 1847 mona-

1961 1879 2089 1934 chis
2141 1880 2379 1950 Majoris
2429 1880 2767 1934 Monasterii
2826 1880 3119 1935 concessit
3176 1880 3481 1936 ecclesiam
3542 1883 3612 1937 de

1964 1968 2237 2035 Ilanchis,
2298 1986 2473 2039 quam
2534 1974 2805 2041 Paganus
2864 1970 3184 2025 canonicus
3244 1971 3497 2038 tenebat,
3559 1975 3617 2026 et

1963 2058 2248 2127 quidquid
2282 2058 2366 2112 eis
2394 2058 2465 2112 ab
2498 2058 2683 2129 ipsius
2735 2058 3014 2113 fratribus
3057 2058 3428 2114 tribuebatur
3461 2076 3614 2115 anno

1962 2146 2121 2201 1111.
2162 2148 2372 2202 Eodem
2409 2148 2773 2203 PaschalisII
2794 2166 2824 2201 v
2856 2148 3143 2203 Kalendas
3174 2149 3451 2204 Novemb.
3478 2166 3618 2204 con-

1964 2235 2218 2290 firmavit
2248 2238 2541 2291 decretum
2568 2238 2728 2308 prius
2748 2238 2821 2291 ab
2841 2242 3011 2293 Ivnne
3043 2236 3225 2292 latum
3252 2242 3455 2293 contra
3477 2255 3619 2309 pra:-

1964 2325 2185 2396 positos
2216 2326 2316 2397 qui
2345 2327 2667 2395 gravabant
2699 2327 3041 2398 capitulum,
3065 2332 3121 2381 et
3152 2327 3412 2399 angariis
3442 2327 3619 2383 eccle-

1962 2415 2233 2469 siasticos
2283 2414 2588 2469 inferiores
2637 2416 2948 2481 vexabant,
3001 2415 3235 2486 aliaque
3284 2416 3354 2471 ab
3408 2418 3612 2472 eodem

1962 2507 2203 2568 statuta,
2235 2520 2348 2573 qua
2380 2502 2607 2573 quidem
2640 2503 2797 2557 bulla
2825 2504 3029 2558 offensi
3063 2504 3377 2575 praepositi,
3408 2505 3610 2559 adver-

1962 2608 2065 2646 sus
2087 2591 2318 2645 Ivonem
2340 2608 2530 2662 regem
2551 2592 2904 2645 Ludovicuin
2928 2608 3291 2647 commovere
3316 2594 3427 2649 nisi
3452 2598 3612 2663 sunt,

1958 2679 2295 2751 litterasque
2326 2680 2515 2752 ipsius
2549 2681 2617 2734 ad
2652 2681 2923 2735 eumdem
2950 2681 3365 2750 lobtinuerunt,
3399 2682 3493 2737 cui
3528 2698 3617 2737 re-

1960 2770 2198 2841 spondit
2229 2772 2320 2825 Ivo
2353 2769 2599 2840 epistola
2634 2771 2759 2831 265,
2796 2786 2911 2841 qua
2943 2771 3012 2825 de
3046 2786 3105 2825 re
3149 2769 3435 2842 legendus
3467 2771 3615 2826 Sou-

1960 2859 2163 2913 chetus
2197 2860 2255 2913 in
2292 2859 2455 2913 novis
2488 2859 2991 2914 observationibus
3017 2860 3087 2913 ad
3109 2859 3391 2931 epistolas
3424 2860 3615 2915 Ivonis

1881 2999 1926 3069 C
1965 2966 2094 3020 pag.
2126 2950 2232 3017 252
2261 2953 2317 3003 et
2348 2964 2469 3019 seq.

2033 3058 2236 3109 Annus
2258 3054 2650 3110 ordinationis
2675 3053 2865 3110 Ivanis
2890 3072 2995 3109 xxv
3019 3054 3285 3126 illigatur
3306 3073 3438 3111 cum
3463 3074 3617 3113 anno

1960 3161 2053 3200 xv1
2112 3143 2411 3198 Paschalis
2472 3146 2539 3209 II,
2592 3144 3018 3199 Incarnationis
3076 3146 3233 3211 1114,
3288 3149 3344 3199 in
3405 3147 3622 3201 instru-

1964 3237 2161 3288 mento
2193 3234 2447 3304 quodam
2493 3231 2746 3287 ecclesia:
2795 3233 2985 3287 Sancti
3038 3233 3259 3289 Nicolai
3294 3236 3443 3306 apud
3478 3240 3623 3290 Sou-

1963 3322 2194 3377 chetum
2231 3338 2361 3392 pag.
2395 3322 2521 3375 254.
2575 3344 2602 3369 ‹‹
2640 3321 2810 3375 Facta
2860 3328 2950 3375 est
3003 3328 3196 3375 autem
3251 3322 3367 3377 haec
3399 3324 3623 3378 cartula

1964 3428 2115 3465 anno
2166 3410 2236 3463 ab
2296 3410 2696 3465 lncarnatione
2757 3409 2983 3464 Domini
3040 3412 3196 3477 1114,
3238 3410 3623 3469 ordinationis

1964 3517 2094 3553 vero
2126 3499 2348 3553 domini
2392 3498 2690 3553 Paschalis
2740 3516 2899 3571 papae
2944 3516 3058 3565 xvx,
3094 3505 3265 3570 atque
3299 3501 3621 3557 ordinatio-

1924 3656 1933 3664 .
1966 3591 2057 3644 uis
2091 3588 2311 3643 domini
2346 3588 2541 3643 Ivonis
2576 3590 2952 3645 Carnotensis
2998 3591 3255 3663 episcopi
3290 3609 3419 3661 xxv,
3449 3598 3556 3647 etc.
3593 3614 3619 3640 η

1967 3680 2122 3733 Idem
2156 3678 2480 3733 Souchetus
2528 3678 2704 3733 refert
2736 3678 2959 3734 bullam
3010 3680 3312 3737 Paschalis
3346 3681 3393 3736 II
3427 3685 3620 3736 Romae

1965 3765 2149 3837 pridie
2177 3766 2314 3820 ldus
2346 3765 2559 3834 Martii,
2580 3767 2736 3821 Ivoni
2760 3767 3098 3822 Carnotensi
3123 3772 3179 3822 et
3202 3767 3454 3824 Radulfo
3478 3769 3623 3823 San-

1964 3855 2191 3910 tonensi
2227 3855 2448 3920 datam,
2484 3854 2582 3926 qui
2616 3856 2731 3909 duo
2762 3855 3006 3910 concilio
3038 3857 3388 3912 Arvernensi
3423 3858 3623 3914 adfue-

1965 3948 2115 4010 rant,
2153 3948 2212 3997 ut
2254 3944 2425 4013 juxta
2474 3944 2706 3997 concilii
2758 3945 3081 4010 decretum,
3116 3944 3344 4011 altaria,
3396 3963 3521 4018 quze
3555 3950 3625 4002 ab

1967 4033 2137 4088 annis
2169 4033 2412 4104 triginta
2442 4038 2499 4087 et
2531 4034 2641 4087 sub
2674 4033 3020 4088 vicariorum
3069 4034 3468 4103 redemptione
3498 4054 3626 4090 mo-

1969 4122 2140 4176 nachi
2176 4121 2577 4192 possidebant,
2612 4120 2797 4176 libera
2828 4123 2909 4175 eis
2957 4121 3377 4193 relinquerent.
3415 4124 3627 4178 Reddi-

1966 4214 2086 4264 tam
2118 4210 2188 4265 ab
2224 4210 2394 4264 Ivone
2425 4210 2495 4263 de
2522 4209 2847 4264 Curvavﬂla
2878 4210 3182 4265 ecclesiam
3230 4212 3424 4265 Sancti
3460 4212 3626 4267 Nico-

1968 4298 2041 4354 lai
2080 4298 2360 4353 fratribus
2393 4299 2463 4352 de
2495 4298 2706 4353 Sancto
2755 4299 2980 4354 Joanne
3027 4300 3316 4355 concessit
3350 4301 3444 4355 Ivo
3474 4318 3626 4356 anno

1882 4371 2122 4456 D1115,
2174 4387 2378 4441 indiet.
2425 4403 2547 4441 vm.
2601 4388 2842 4443 Gravem
2897 4387 3104 4443 habuit
3155 4405 3285 4443 cum
3333 4390 3624 4445 Bernardo

1970 4475 2311 4531 Bontevallis
2360 4476 2567 4530 abbate
2616 4476 2939 4547 querelam,
2992 4494 3167 4548 quam
3213 4494 3245 4530 a
3275 4477 3522 4532 Roberlo
3554 4480 3625 4534 de

1971 4563 2293 4618 Arbrisello
2343 4563 2728 4634 compositam
2783 4564 3004 4618 indicat
3035 4564 3268 4619 Roberti
3301 4563 3442 4619 Vitae
3477 4567 3622 4620 scri-

1971 4658 2105 4725 ptor
2137 4651 2309 4722 paulo
2344 4657 2477 4706 ante
2509 4654 2771 4722 ejusdem
2807 4652 3056 4715 obitum,
3090 4670 3266 4723 quem
3301 4670 3453 4709 anno
3490 4657 3625 4709 1116

1970 4746 2239 4808 exeunte,
2273 4740 2369 4811 qui
2426 4758 2582 4796 nunc
2633 4748 2983 4796 numeratur
3014 4742 3170 4809 1117,
3218 4742 3499 4799 accidisse
3529 4762 3626 4800 vo-

1974 4830 2124 4885 lunt.
2159 4834 2237 4883 Ex
2287 4828 2561 4885 chronico
2611 4831 2764 4886 enim
2813 4835 2869 4885 S.
2906 4829 3100 4885 Albini
3139 4832 3579 4904 Andegavensis
3612 4850 3625 4887 :

1970 4944 1997 4970 ‹‹
2029 4926 2194 4975 Anno
2230 4920 2386 4988 1116,
2436 4919 2580 4977 obiit
2629 4921 2916 4976 Robertus
2966 4921 3038 4976 de
3093 4921 3379 4977 Arbrissel
3424 4924 3629 4994 quinto

1968 5008 2261 5065 Kalendas
2293 5009 2502 5065 Martii.
2536 5029 2562 5060 ιι
2600 5009 2745 5065 Huic
2781 5009 2941 5065 aliud
2976 5026 3091 5065 non
3126 5010 3371 5066 minoris
3405 5014 3631 5085 ponde-

1969 5098 2050 5153 ris
2083 5104 2498 5170 argumentum
2552 5098 2793 5169 subjicit
2840 5098 3223 5154 doctissimus
3275 5102 3441 5173 Pagi,
3475 5102 3631 5157 Guil-

1968 5187 2128 5243 lelmi
2182 5203 2390 5259 nempe
2448 5188 2822 5243 Nivernensis
2880 5187 3115 5243 comitis
3167 5206 3321 5245 anno
3376 5191 3511 5245 1116
3561 5208 3628 5246 ex

1968 5275 2262 5332 chronicis
2295 5276 2629 5331 Fiscanensi
2661 5281 2716 5332 et
2755 5276 3149 5332 Vezeliacensi
3182 5279 3358 5351 capti,
3390 5294 3624 5334 eorum-

1966 5381 2079 5438 que
2112 5365 2211 5437 qui
2236 5382 2368 5420 eum
2401 5370 2674 5437 ceperant
2697 5366 3361 5433 excommunicatorum,
3384 5368 3633 5431 mentio.

1966 5471 2102 5512 nem
2153 5455 2273 5511 fieri
2325 5455 2382 5510 in
2416 5455 2664 5528 epistola
2711 5456 2817 5512 275
2865 5456 3057 5512 Ivonis
3092 5472 3103 5509 :
3143 5457 3296 5511 unde
3328 5456 3632 5515 concludit
