3916 6034
316 202 390 241 xv
1406 189 1475 240 D.
1518 185 1643 241 1V0
1677 184 2176 241 CARNOTENSIS
2216 187 2622 242 EPISCOPUS.

3638 205 3742 246 XVI

307 327 461 366 anno
494 310 652 364 1117.
681 307 1053 364 Mahillonius
1097 323 1236 363 vero
1288 313 1421 381 post.
1448 307 1803 374 Albericum,
1837 307 1953 363 Eli-
1987 311 2033 376 Α
2138 311 2349 364 Firmat
2376 311 2628 375 Joannis,
2662 312 2958 380 quajacet,
2988 313 3293 380 abbatiam,

309 399 594 467 nandum,
621 400 877 469 priscum
901 397 1094 452 Sancti
1117 398 1379 461 Quintini
1404 397 1959 459 Kalendarium.etc.

309 489 543 543 lvonem
578 487 688 542 sub
724 488 899 541 linem
935 485 1072 540 anni
1101 487 1236 540 1116
1267 485 1520 551 obiisse;
1554 487 1654 540 sed
1683 501 1820 558 pace
1842 492 1964 540 tan-

309 581 501 632 torum
564 576 820 630 virorum
871 574 1143 638 dixerim,
1198 576 1312 629 hinc
1370 591 1502 629 cum
1566 581 1846 645 usurpata
1902 575 1961 628 in

313 666 533 721 chartis
582 665 844 720 Gaufridi
893 664 1250 720 successoris
1303 681 1592 719 annorum
1627 669 1965 734 computan-

315 757 524 810 dorum
577 756 803 809 ratione
846 754 1145 808 conciliari
1192 760 1512 825 nequeunt,
1547 754 1641 824 qui
1674 771 1738 809 ex
1771 755 1965 808 dicen-

315 845 407 900 dis
438 861 590 898 anno
624 844 859 898 ineunte
891 843 1028 897 1116
1059 842 1394 913 anapicatus
1425 847 1514 898 est
1533 843 1958 915 episcopatum.

312 937 598 988 Preterea
625 932 1032 988 chronicorum
1083 931 1389 987 diversitas
1438 932 1495 986 in
1531 936 1716 987 morte
1749 932 1960 1000 Ivonis,

311 1039 515 1079 eorum
534 1021 1175 1094 arguitncgligentiam.
1202 1024 1458 1093 Denique
1482 1022 1739 1094 amplius
1763 1022 1960 1078 nescio

312 1111 474 1182 quid,
508 1110 566 1165 ni
599 1110 766 1166 fallor
795 1111 1059 1182 obsequii
1110 1120 1163 1166 et
1213 1111 1544 1166 reverentia:
1576 1112 1820 1166 debetur
1849 1116 1958 1166 Ne-

311 1199 586 1271 crologiis
632 1199 1037 1268 ecclesiarum,
1091 1200 1150 1252 in
1201 1199 1420 1270 quibus
1471 1200 1684 1254 mortui
1734 1204 1960 1254 suntet

309 1288 526 1352 sepulti
555 1287 836 1359 episcopi,
871 1305 1048 1358 quam
1070 1287 1204 1343 aliis
1234 1288 1578 1342 dissitarum
1613 1288 1958 1360 plerumque

307 1377 710 1432 ecclesiarum.
741 1378 925 1445 Atque
957 1376 1014 1429 in
1049 1375 1404 1448 Necrologiis
1450 1376 1829 1432 ecclesiarum
1858 1394 1956 1432 ca-

306 1463 593 1519 thedralis
622 1467 679 1518 et
708 1463 894 1517 sancti
941 1462 1186 1517 Joannis
1238 1463 1294 1516 in
1346 1463 1507 1517 Valle
1538 1464 1732 1518 obitus
1767 1463 1956 1518 lvonis

308 1555 646 1626 assignatur
670 1554 740 1608 ad
774 1554 926 1608 diem
957 1570 991 1606 x
1037 1552 1159 1607 Kal.
1192 1553 1451 1608 Januarii
1485 1553 1621 1607 anni
1657 1555 1815 1609 1115.
1849 1553 1955 1608 De-

307 1643 546 1698 functus
578 1643 670 1697 Ivo
703 1641 985 1713 sepelitur
1015 1643 1072 1695 in
1117 1641 1291 1696 choro
1342 1641 1598 1696 ecclesia:
1625 1646 1680 1695 S.
1712 1641 1957 1697 Joannis

307 1733 379 1787 de
414 1732 598 1796 Valle,
629 1731 728 1786 sed
777 1729 1005 1785 hostilis
1054 1729 1457 1785 haereticorum
1492 1731 1684 1785 rabies
1716 1731 1844 1800 pios
1873 1731 1958 1784 ci-

309 1837 477 1876 neres
509 1821 564 1874 in
599 1824 802 1873 ventos
835 1818 1012 1890 impie
1042 1819 1255 1874 saeculo
1287 1835 1376 1874 xv:
1408 1819 1704 1889 dispersit.
1733 1819 1866 1874 Pin
1900 1820 1957 1886 V,

311 1908 473 1963 bulla
506 1909 641 1962 data
674 1908 738 1962 18
768 1906 906 1962 Nov.
944 1908 1101 1973 1570,
1144 1907 1452 1962 Canonicis
1483 1907 1679 1962 Sancti
1711 1907 1956 1963 Joannis

312 1997 716 2054 Lateranensis
747 1995 1135 2068 Regularibus
1165 1996 1452 2068 permisit,
1487 2002 1550 2051 ut
1580 1998 1707 2066 ejus
1741 1999 1956 2053 festum

311 2087 629 2159 quotannis
669 2085 1040 2141 celebrarent.
1097 2089 1258 2140 Hanc
1307 2085 1644 2141 facultatem
1678 2087 1750 2141 ad
1783 2103 1956 2141 cano-

310 2176 473 2231 nicos
504 2175 884 2230 Carnotenses
913 2175 1172 2229 extendit
1199 2190 1366 2228 sacra
1397 2175 1614 2229 rituum
1649 2191 1960 2246 congrega-

307 2266 388 2318 tio
417 2264 487 2318 28
527 2263 869 2319 Novembris
924 2264 1077 2327 1648,
1131 2267 1478 2335 procurante
1528 2267 1590 2318 P.
1636 2263 1824 2318 Natali
1858 2264 1960 2320 Mi-

308 2353 468 2408 nimo
498 2351 860 2418 Carnotensi,
893 2356 1036 2407 tunc
1067 2352 1260 2406 Romae
1284 2359 1707 2419 commorante,
1731 2353 1802 2408 ad
1839 2369 1960 2424 pre-

305 2457 402 2497 ces
431 2446 478 2498 J.
516 2443 573 2497 Β.
606 2441 877 2497 Soucheti
928 2441 1192 2496 canonici
1223 2441 1616 2496 Carnotensis.
1653 2441 1957 2512 Philippus

306 2530 378 2586 ab
411 2530 789 2601 Eleemosyna
821 2530 1144 2601 Bonas-Spei
1176 2530 1360 2585 abbas
1391 2530 1499 2586 hoc
1529 2531 1578 2586 ei
1610 2531 1960 2604 conscripsit

306 2619 674 2691 epitaphium
711 2634 723 2672 :

306 2725 560 2782 Reddidit
591 2727 811 2797 aﬂectus
837 2728 1072 2797 patrem,
1103 2725 1353 2781 doctrina
1383 2728 1731 2794 magistrum,

380 2815 582 2884 [tegula
610 2816 960 2884 canonicum,
991 2815 1410 2885 pontiﬁcemque
1439 2816 1662 2884 gradus,

308 2905 597 2960 Famosum
625 2905 887 2976 probitas,
921 2903 1187 2960 humilem.
1219 2914 1441 2976 natura,
1473 2906 1782 2961 verendum

385 2995 502 3049 Vita
528 3010 735 3061 severa,
766 3010 947 3050 senem
977 2995 1160 3065 longa,
1198 2994 1402 3067 pudiea
1430 3011 1670 3050 sacrum.

306 3084 554 3141 Praesule
581 3084 860 3155 defuncto,
888 3101 988 3138 sua
1020 3085 1212 3140 tollere
1242 3101 1356 3139 mos
1381 3089 1501 3140 erat
1530 3086 1662 3140 olim

377 3173 676 3244 Principis,
708 3173 854 3227 hunc
879 3189 1084 3229 morem
1113 3173 1381 3245 principis
1409 3178 1542 3228 emit
1572 3176 1678 3229 Ivo.

307 3261 479 3330 Hujus
501 3277 656 3332 opem
687 3261 872 3328 laesus,
899 3260 1056 3333 plebs
1084 3262 1374 3330 dogmata,
1402 3265 1592 3332 fraena
1613 3261 1794 3317 malus
1814 3277 1957 3328 rex;

376 3350 558 3405 Sensit
587 3366 787 3418 egenus
806 3366 954 3422 opes,
986 3366 1085 3422 pro
1108 3366 1267 3422 grege
1294 3353 1416 3405 vota
1447 3355 1615 3408 Deus.

374 3465 646 3522 lleferunt
677 3465 1113 3522 Sammarthani
1139 3465 1294 3520 aliud
1330 3482 1565 3523 carmen
1598 3473 1640 3522 e'
1657 3467 1952 3524 veteribus

304 3555 664 3610 membranis
695 3553 802 3609 viri
830 3554 1146 3610 clarissimi
1180 3554 1458 3610 Barnabte
1493 3555 1770 3612 Brissonii
1803 3573 1951 3628 pree-

299 3643 445 3699 sidis
475 3643 532 3698 in
562 3648 764 3700 senatu
796 3644 1132 3700 Parisiensi.

296 3759 488 3826 Mente,
517 3778 713 3824 manu,
747 3762 960 3830 lingua,
987 3761 1255 3827 doctrina,
1288 3763 1530 3833 corporis
1563 3779 1687 3829 usu,

296 3849 566 3919 Prudens,
602 3851 920 3920 muniﬁcus,
951 3851 1305 3921 praestabilis,
1341 3852 1514 3917 utilis,
1548 3853 1756 3919 insons,

297 3939 479 3993 Firmo
510 3941 762 3993 columna
791 3939 980 3993 domus
1010 3940 1254 4005 Domini,
1287 3956 1452 4011 quam
1473 3942 1602 4010 jure
1631 3941 1856 3998 salubri

295 4028 465 4090 Fovit,
496 4029 752 4092 munivit,
784 4029 1072 4093 instruxit,
1095 4029 1313 4098 jugiter
1341 4031 1501 4083 auxit

295 4113 555 4181 Consilio,
587 4117 832 4188 scriptis,
865 4132 968 4188 quo
999 4119 1199 4172 viveret
1227 4118 1418 4173 ordine
1449 4119 1628 4184 rebus,

292 4203 458 4272 Cuius
487 4221 639 4274 opem
663 4207 846 4274 gratis
875 4220 1044 4276 aeger,
1077 4223 1191 4261 rem
1220 4210 1390 4262 sensit
1421 4223 1653 4280 egenus,

290 4293 456 4346 Istius
487 4294 640 4347 urbis
667 4310 808 4364 apex
835 4297 1224 4350 memorandus
1253 4298 1534 4367 episcOpus
1564 4300 1675 4362 Ivo,

287 4381 399 4436 [lac
426 4383 568 4436 situs
594 4387 870 4453 exspectat
895 4385 1190 4439 adventum
1215 4385 1421 4440 Iudicis
1449 4402 1611 4440 urna.

357 4495 437 4550 De
468 4496 672 4551 eodem
697 4497 907 4552 referre
940 4501 1356 4570 quoquejuvat
1388 4505 1701 4572 sequentes
1733 4518 1935 4558 versus

283 4584 343 4638 in
379 4585 615 4640 modum
641 4585 955 4656 epitaphii;
989 4587 1088 4657 qui
1114 4589 1170 4642 in
1199 4587 1445 4644 ecclesia
1465 4591 1658 4644 Sancti
1690 4590 1935 4647 Joannis

282 4677 416 4728 ante
443 4673 730 4728 excidium
763 4673 1127 4743 legebantur.

278 4790 542 4843 Przesulis
572 4791 755 4844 Ivonis
784 4806 979 4860 corpus
1000 4793 1150 4862 jacet
1179 4791 1268 4847 hic
1296 4793 1652 4863 tumulutum,

351 4877 515 4948 Cujus
544 4879 711 4934 honos
741 4880 926 4950 pulsat
961 4882 1128 4936 limen
1163 4884 1455 4952 utrumque
1481 4885 1616 4953 poti.

275 4969 431 5021 luris
458 4968 547 5022 hic
569 4969 801 5023 antistes
829 4984 1106 5024 canonum
1136 4971 1355 5025 decreta
1383 4981 1697 5028 sane/orum

347 5055 620 5126 Perlegit,
651 5055 833 5127 legum
865 5057 1136 5128 dogmata
1165 5058 1303 5114 dans
1336 5060 1568 5116 brevius.

271 5143 502 5216 Mystica
530 5161 688 5199 sacra
718 5147 862 5201 alibi
891 5147 1124 5213 dantur,
1150 5163 1267 5213 rex,
1300 5164 1463 5220 quam
1492 5149 1602 5205 tibi
1632 5151 1830 5221 Remis,

343 5231 736 5303 Consultorque
769 5235 900 5299 tuis,
934 5251 1038 5289 rea:
1069 5237 1332 5290 vocitatus
1360 5237 1502 5304 abis,

269 5321 426 5376 Hune
453 5323 600 5392 capit
631 5323 780 5392 Hugo
811 5337 986 5377 comes
1009 5323 1312 5379 Carnutum
1344 5328 1550 5381 mania
1582 5331 1819 5397 tentans,

341 5410 507 5477 Quem
535 5413 631 5482 pia
657 5411 808 5484 plebs
835 5411 1060 5469 redimit
1090 5414 1400 5485 sumptibus
1435 5417 1742 5473 innumeris

265 5499 402 5555 Aere
427 5516 522 5555 suo
553 5511 715 5573 atque
744 5515 910 5571 opera
940 5505 1217 5560 renovavit
1245 5505 1507 5576 praesulis
1536 5507 1695 5575 aedes,

2072 400 2238 470 Atque
2267 399 2593 454 decanatum
2624 399 2860 457 Andrew
2880 403 3142 471 formavit
3171 411 3222 458 et
3250 406 3432 459 auxit.

2146 489 2210 542 Te
2239 489 2371 542 duce
2397 488 2464 557 ﬁt
2497 489 2687 544 Mar-iw
2713 490 2966 558 pulpitus
2995 493 3262 549 ecclesiae.

2072 579 2459 632 Fundamenta
2496 577 2603 632 loci
2625 580 2760 649 jecit
2792 581 2936 634 Belli
2964 584 3267 651 prioratus,

2147 668 2243 722 Hic
2271 667 2606 735 Magdalenae
2635 674 2916 736 praeparat
2944 671 3252 726 ecclesiam.

2078 757 2294 811 Vicenos
2322 757 2386 826 [/.
2424 757 2514 827 25}
2544 773 2826 829 annosque
2849 757 2986 814 duos
3008 761 3129 814 sine
3155 762 3397 816 crimine
3427 761 3614 818 sedem

2146 847 2324 910 Rexit,
2356 846 2424 900 ab
2457 847 2686 917 integris
2717 848 2962 904 moribus
2989 857 3150 922 atque
3179 849 3305 920 ﬁde.

3381 633 3413 670 P

2142 1057 2246 1113 His
2312 1059 2580 1115 addenda
2641 1060 3031 1133 Martyrologii
3088 1063 3466 1120 Carnotensis
3526 1068 3734 1122 verba.

2074 1169 2102 1197 «ι
2131 1165 2166 1202 x
2196 1147 2485 1203 Kalendas
2532 1148 2810 1204 Januarii.
2864 1153 2994 1222 Ipso
3045 1152 3220 1206 etiam
3272 1152 3366 1208 die
3412 1154 3739 1212 Dominica:

2069 1235 2495 1292 Incarnationis
2531 1237 2667 1292 1115
2705 1236 2850 1292 obiit
2881 1244 3046 1310 pater
3092 1243 3185 1296 Ivo
3241 1240 3420 1312 hujus
3451 1245 3743 1300 sacratis-

2069 1325 2233 1379 sima:
2265 1325 2424 1380 sedis
2471 1325 2740 1395 antistes,
2772 1327 2863 1380 vir
2912 1343 3132 1400 magnae
3188 1328 3512 1403 religionis,
3544 1332 3734 1390 eccle-

2068 1413 2440 1468 siasticorum
2473 1420 2531 1469 et
2561 1414 2916 1471 secularium
2942 1416 3307 1489 negotiorum
3336 1421 3737 1490 prudentissi-

2068 1519 2223 1572 mus,
2258 1502 2418 1557 mitis
2450 1503 2650 1570 affatu,
2684 1505 2963 1576 patientia
2995 1507 3266 1579 insignis,
3301 1509 3572 1565 castitate
3603 1511 3735 1582 pol-

2065 1591 2216 1662 lens,
2249 1599 2304 1647 et
2336 1599 2454 1647 tam
2489 1593 2546 1646 in
2578 1592 2792 1648 divinis
2822 1611 3000 1666 quam
3039 1596 3093 1650 in
3131 1595 3506 1669 philosophia
3535 1600 3738 1656 crudi-

1989 1686 2036 1751 Β
2065 1681 2356 1736 tissimus.
2389 1681 2496 1744 Qui
2528 1698 2628 1736 sex
2655 1681 2833 1753 pallia
2862 1683 3034 1751 bona,
3067 1690 3124 1740 et
3147 1689 3368 1757 septem
3394 1703 3636 1759 cappas,
3672 1695 3736 1746 et

2067 1769 2286 1825 infulas
2318 1777 2458 1839 tres,
2490 1776 2548 1825 et
2579 1772 2798 1842 tapetia
2849 1773 2963 1827 tria
3013 1773 3207 1828 decori
3260 1774 3440 1846 hujus
3469 1776 3732 1835 ecclesiis

2068 1859 2350 1914 contulit:
2386 1859 2601 1914 librum
2637 1860 2937 1916 missalem
2971 1867 3029 1918 et
3059 1863 3490 1934 cpistolarium,
3523 1871 3582 1920 et
3604 1871 3732 1922 tex-

2066 1953 2192 2002 tum
2227 1948 2680 2021 evangeliorum,
2710 1954 2766 2005 et
2814 1967 2993 2006 unum
3043 1951 3454 2009 lectionarium
3489 1957 3731 2012 matuti-

2068 2036 2257 2092 nalem
2293 2037 2472 2104 dedit,
2525 2043 2581 2092 et
2611 2054 2816 2094 omnes
2857 2045 3094 2110 argento
3129 2041 3371 2111 paravit.
3423 2043 3730 2116 Pulpitum

2069 2125 2199 2180 miri
2234 2127 2458 2181 decoris
2487 2129 2832 2194 construxit,
2867 2128 3099 2184 scholas
3135 2129 3294 2199 fecit,
3325 2132 3564 2188 domum
3599 2134 3731 2206 epi-

2067 2213 2385 2287 scopalem,
2421 2231 2597 2286 quam
2629 2215 2798 2272 vilem
2844 2222 2900 2273 et
2929 2217 3184 2289 ligneam
3214 2219 3272 2274 in
3305 2221 3466 2276 obitu
3500 2223 3732 2294 episco-

2069 2321 2276 2375 porum
2309 2305 2393 2360 vel
2421 2305 2708 2372 discessu,
2743 2307 3100 2378 quibusdam
3131 2309 3326 2381 pravis
3349 2314 3734 2368 consuetudi-

2070 2393 2242 2447 nibus
2267 2409 2370 2464 per
2397 2392 2732 2449 violentiam
2763 2395 3214 2452 Carnotensium
3240 2398 3521 2454 comitum
3556 2401 3730 2456 indu-

2069 2482 2176 2536 ctis
2209 2481 2544 2537 ancillatam
2577 2481 2898 2551 invenerat,
2931 2485 3260 2557 speciosam
3293 2493 3349 2542 et
3374 2486 3666 2561 lapideam
3695 2507 3734 2545 a

2069 2570 2450 2626 fundamento
2481 2570 2699 2638 refecit,
2724 2576 2781 2627 et
2810 2589 2941 2628 cum
2966 2574 3246 2631 omnibus
3279 2577 3348 2632 ad
3384 2577 3571 2648 ipsam
3598 2595 3734 2650 ρει·-

2067 2659 2413 2727 tinentihus,
2445 2659 2566 2716 sive
2598 2660 2913 2717 mobilibus
2945 2663 3063 2718 sive
3095 2664 3498 2721 immobilibus
3528 2683 3598 2722 ex
3620 2684 3729 2722 an-

2067 2748 2202 2803 cilla
2233 2747 2474 2804 liberam
2511 2750 3252 2824 reddidit,libertatemque
3284 2753 3472 2826 ipsam
3507 2757 3733 2828 astipu-

2067 2833 2282 2890 latione
2314 2836 2746 2910 privilegiorum
2781 2844 2835 2894 et
2859 2839 3132 2895 Romanas
3165 2842 3341 2908 sedis,
3374 2847 3430 2898 et
3463 2844 3639 2916 regis,
3667 2850 3729 2900 et

2067 2924 2320 2991 comitis,
2355 2943 2484 2997 quae
2515 2929 2572 2981 in
2620 2927 2873 2984 archivis
2902 2929 3082 3000 hujus
3111 2930 3368 2986 ecclesias
3401 2931 3726 3004 habentur,

2068 3013 2448 3070 conﬁrmavit.
2499 3017 2737 3071 Terram
2784 3018 2961 3073 etiam
3014 3019 3327 3090 quamdam
3376 3022 3723 3092 contiguam

2069 3103 2258 3157 eidem
2293 3104 2491 3159 domui
2524 3106 2594 3160 ad
2627 3106 3078 3177 amplitudinem
3108 3107 3294 3180 ipsius
3327 3109 3540 3164 domus
3571 3127 3605 3165 a
3636 3111 3726 3166 vi-

2069 3192 2374 3248 cedomino
2407 3193 2716 3266 acquisivit
2736 3201 2793 3251 et
2825 3213 2992 3252 muro
3017 3197 3249 3254 clausit.
3287 3200 3454 3272 Apud
3485 3204 3727 3271 pontem

2067 3282 2358 3337 Godinum
2391 3283 2536 3340 alias
2568 3285 2775 3348 domos
2806 3286 2876 3340 ad
2915 3303 3058 3341 usus
3089 3286 3452 3360 episcopales
3481 3289 3735 3345 aediﬁca-

2066 3371 2183 3426 vit:
2209 3373 2596 3444 eamdemque
2613 3372 2811 3428 villam
2844 3374 2902 3428 in
2929 3375 3132 3431 multis
3163 3376 3505 3433 melioravit.
3530 3378 3729 3434 Abba-

2065 3459 2205 3516 tiam
2238 3461 2427 3516 sancti
2455 3462 2702 3518 Joannis
2732 3479 2800 3518 ex
2830 3463 3078 3518 seculari
3132 3465 3190 3519 in
3222 3466 3548 3537 regularem
3579 3483 3722 3522 con-

2063 3551 2255 3622 vertit,
2289 3550 2547 3606 instituit
2577 3557 2632 3608 et
2662 3553 2844 3624 auxit,
2898 3553 3143 3609 consilio
3192 3559 3246 3609 et
3279 3555 3496 3610 auxilio
3530 3556 3726 3628 ipsius

2063 3641 2484 3697 monasterium
2517 3641 2883 3698 infirmorum
2917 3643 3070 3714 apud
3115 3642 3544 3700 Bellumlocum
3575 3663 3721 3702 con-

2061 3729 2330 3785 stitutum
2365 3731 2491 3786 fuit.
2520 3731 2864 3788 Junioratus
2895 3749 3099 3788 omnes
3131 3733 3309 3804 hujus
3342 3734 3622 3803 ecclesias,
3660 3741 3721 3792 et

2059 3819 2348 3892 precarias
2377 3819 2436 3874 in
2467 3836 2808 3876 communes
2841 3821 3060 3891 redegit
3106 3838 3270 3893 usus,
3304 3828 3360 3877 et
3390 3839 3488 3878 eas
3522 3825 3576 3879 in
3607 3841 3710 3897 po-

2057 3913 2280 3964 sterum
2323 3909 2588 3982 personis
2636 3909 2911 3965 distribui
2940 3915 3056 3965 tam
3107 3927 3234 3978 suo,
3268 3928 3441 3984 quam
3478 3917 3717 3984 aposto-

2055 3996 2165 4054 lico
2201 3997 2500 4070 privilegio
2533 3998 2736 4054 vetuit.
2773 3999 3047 4069 Angarias
3080 4004 3138 4055 et
3169 3999 3425 4071 injustas
3450 4002 3713 4059 exactio-

2054 4103 2177 4155 nes,
2220 4091 2277 4142 et
2317 4104 2522 4158 pravas
2571 4087 2954 4144 servientium
3005 4089 3406 4144 discursiones
3452 4089 3576 4145 fieri
3610 4107 3719 4163 per

2053 4175 2470 4248 praeposituras
2500 4177 2708 4231 iisdem
2745 4177 3062 4249 privilegiis
3097 4178 3419 4250 prohibuit.
3454 4180 3716 4238 Potesta-

2051 4270 2167 4320 tem
2201 4282 2377 4336 quam
2411 4265 2663 4322 habebat
2709 4266 2913 4321 dandae
2960 4267 3358 4338 praepositum
3389 4268 3461 4323 de
3494 4270 3710 4324 Ebrar-

2049 4352 2249 4410 divilla
2279 4360 2336 4410 et
2365 4355 2585 4411 casteria
2619 4356 2689 4410 ad
2722 4371 2850 4410 eam
2898 4355 3334 4428 pertinentibus
3379 4357 3517 4413 huic
3549 4359 3706 4430 capi-

1968 4428 2012 4491 Ῑ)
2043 4443 2168 4503 tulo
2200 4445 2378 4499 dedit.
2399 4445 2615 4500 Taxata
2631 4444 3100 4518 sepeliendorum
3135 4446 3329 4516 precia
3360 4446 3414 4501 in
3449 4451 3573 4502 toto
3597 4428 3704 4502 hu-

2033 4534 2136 4605 jus
2167 4533 2422 4589 ecclesiaa
2453 4535 2794 4606 episcopatu
2845 4550 3074 4590 cessare
3107 4534 3262 4591 fecit.
3291 4537 3375 4590 Ad
3409 4553 3704 4609 augmen-

2042 4622 2280 4678 tandem
2314 4625 2574 4679 tabulam
2607 4623 2806 4679 altaris
2830 4623 2984 4678 idem
3018 4623 3272 4680 moriens
3297 4631 3538 4681 centum
3573 4643 3703 4683 mo-

2041 4709 2170 4765 dios
2201 4711 2315 4766 vini
2351 4711 2610 4782 reliquit,
2641 4717 2695 4768 et
2726 4711 2784 4768 in
2817 4712 2950 4768 aliis
2983 4712 3252 4786 pluribus
3282 4730 3404 4770 suae
3434 4713 3698 4770 ecclesias

2039 4804 2094 4855 et
2120 4799 2344 4856 clericis
2383 4801 2508 4857 suis
2539 4803 2723 4856 multa
2755 4802 2907 4856 bona
2941 4803 3094 4858 fecit.
3127 4821 3152 4853 ι
3195 4802 3429 4875 Legitur
3457 4820 3696 4876 quoque

2040 4890 2094 4943 in
2142 4889 2479 4961 Necrologio
2526 4890 2724 4945 Sancti
2772 4891 3016 4946 Joannis
3068 4891 3125 4947 in
3179 4891 3334 4948 Valle
3369 4909 3382 4948 :
3417 4915 3445 4943 ‹‹
3480 4911 3514 4948 x
3561 4893 3695 4950 Kal.

2036 4979 2325 5048 Januarii,
2356 4995 2510 5034 anno
2542 4981 2613 5034 ab
2649 4980 3058 5037 Incarnatione
3089 4981 3325 5038 Domini
3359 4982 3697 5046 1115,0biit

2037 5069 2199 5124 bona;
2224 5069 2518 5124 memoriae
2541 5071 2632 5124 Ivo
2673 5070 3050 5125 Carnotensis
3081 5071 3416 5143 episcOpus,
3448 5071 3549 5143 qui
3581 5071 3696 5129 Ca-

2035 5158 2378 5214 nonicorum
2429 5157 2809 5230 Regularium
2855 5159 3121 5215 ordinem
3176 5160 3232 5214 in
3283 5160 3392 5216 hac
3452 5161 3698 5218 ecclesia

2034 5247 2358 5319 constituit,
2389 5252 2446 5302 et
2473 5248 2741 5303 eamdem
2793 5247 2969 5303 rebus
3021 5248 3146 5303 suis
3179 5249 3510 5322 ampliavit,
3541 5251 3694 5307 dans

2032 5337 2274 5392 fratrum
2299 5337 2504 5394 usibus
2521 5337 2825 5393 ecclesiam
2844 5338 3037 5392 Sancti
3054 5338 3333 5408 Stephani
3354 5355 3487 5395 cum
3511 5341 3692 5398 rebus

2030 5427 2097 5481 ad
2132 5444 2258 5482 eam
2312 5427 2762 5499 pertinentibus,
2805 5426 3112 5482 ecclesiam
3167 5429 3238 5484 de
3294 5429 3564 5498 Luciaco,
3597 5447 3690 5486 ec-

2027 5515 2261 5571 clesiam
2295 5517 2366 5570 dc
2397 5516 2807 5587 Pontcgodauo
2860 5521 2917 5571 ct
2947 5519 3162 5573 terram
3197 5517 3352 5574 ultra
3383 5523 3689 5592 stagnum,
