3928 6038
129 134 271 171 xux
1231 121 1711 178 DISSERTATIO
1746 125 1843 177 DE
1880 125 2217 178 DECRETO
2252 127 2512 180 IVONIS.
3548 146 3579 181 L

133 260 163 311 ξ
194 259 231 294 a
256 242 371 295 des
407 240 620 296 choses
651 241 752 312 qui
787 257 857 297 ne
889 258 950 324 se
984 245 1257 299 trouvent
1287 244 1452 315 point
1487 247 1632 324 dans
1668 246 1982 324 l’imprimé
2013 248 2290 324 diAubert
2323 249 2374 303 le
2409 250 2550 324 Miro
2604 251 2770 324 i23l).
2806 251 2877 303 Le
2929 253 3117 324 meme
3167 250 3360 324 l'Oiscl
3409 268 3586 323 soup-

135 329 341 392 cunne
372 329 493 392 que
526 329 589 392 ce
621 318 1012 392 manuscrita
1048 323 1397 392 app_artenu_,
1431 334 1504 371 ou
1537 320 1726 373 meme
1758 335 1789 371 a
1820 319 1908 372 eté
1941 318 2104 392 copié
2136 337 2238 389 par
2270 325 2415 374 Yves
2450 322 2597 375 dans
2632 322 2681 375 le
2714 318 2907 391 t‘emps
2940 322 3082 392 qu’il
3131 322 3331 376 n’était
3380 318 3588 379 encore

133 383 410 463 qu’_abhe
443 386 517 439 de
548 384 1016 463 Sgint-Quentin
1045 383 1423 463 der-Beauvais
1459 405 1471 441 :
1506 405 1571 443 ce
1602 392 1713 463 qui
1735 383 2103 459 supposerait
2136 383 2263 461 -que
2296 398 2464 446 notre
2515 397 2720 446 savant
2768 383 2972 463 prelat‘
3000 394 3173 448 serait
3225 398 3433 448 auteur
3480 396 3584 450 des

135 456 450 534 additions
483 454 731 534 aulirre
763 456 1134 534 de__S_igeb_ert
1158 461 1263 534 qui
1296 476 1359 534 se
1389 454 1659 534 trouvent
1690 454 1930 534 dans-ce
1964 454 2311 516 manuscrit.
2347 464 2493 517 Mais
2527 481 2674 533 pour
2724 454 3010 519 s’lassurer
3061 481 3171 534 que
3220 481 3283 519 ce
3328 482 3583 534 soupcon

135 544 207 608 op
247 528 787 608 cetteuconjecture
818 528 1124 608 d_’Ant_oiue
1158 530 1345 608 Loisel
1374 530 1690 608 uia_aiicun
1742 533 2102 608 fondement,
2133 534 2186 608 ili
2209 550 2298 608 neu
2329 535 2452 588 faut
2484 528 2595 604 quc
2628 528 3109 608 faireattention
3132 607 3139 608 ί
3164 553 3274 606 qua
3322 528 3584 608 Sigeb'ert

136 599 233 652 n’a
268 599 486 677 publié
519 614 627 677 son
660 598 804 653 livre
836 600 939 654 des
968 601 1254 656 écrivains
1284 602 1761 677 ecclesiastiques
1794 620 1910 677 que
1927 621 2039 677 sur
2068 603 2126 677 la
2158 605 2235 677 ﬁn
2268 605 2338 659 de
2368 623 2433 661 sa
2464 598 2573 671 vie,
2610 614 2666 660 et
2700 606 2947 677 qu'Yves
2982 608 3052 661 de
3084 598 3355 662 Chartres
3384 598 3467 662 ile
3498 608 3581 664 lui

134 688 166 723 a
198 674 397 747 gnere
430 672 689 747 survécu
718 686 830 742 que
862 678 1072 747 quatre
1102 690 1255 747 ausi:
1292 691 1355 728 ee
1387 675 1485 744 qui
1518 672 1712 747 donhe
1743 672 1869 729 tout
1900 675 2013 729 lieu
2050 676 2121 730 de
2152 676 2361 730 douter
2393 678 2441 731 si
2494 694 2556 731 ce
2607 672 2840 733 dernier
2871 696 2903 733 a
2926 680 3144 747 jamais
3194 694 3265 733 eu
3310 680 3581 737 connais-

138 758 328 822 sance
362 743 445 822 d_u
482 742 625 797 livre
658 742 732 795 du
768 743 1046 812 premier,
1078 760 1174 799 ces
1204 746 1355 800 deux
1387 742 1631 801 savants
1664 746 1882 801 n’etant
1911 750 2086 816 guere
2112 750 2143 800 ὸ
2170 750 2363 818 portée
2395 748 2614 803 d'avoir
2647 767 2760 804 une
2791 742 3287 805 communication
3321 751 3577 822 recipro-

141 830 259 884 que
288 815 364 867 de
398 813 562 869 leurs
593 829 901 884 ouvrages.

211 888 411 956 Aprés
446 884 897 961 l’énumération
932 901 1047 955 que
1078 902 1228 942 nous
1254 904 1478 961 yenons
1509 890 1579 942 de
1614 888 1754 943 l‘aire
1779 889 1848 942 de
1880 893 2074 943 toutes
2107 886 2189 961 les
2223 890 2606 961 productions
2638 891 2709 944 de
2744 890 2798 944 la
2839 891 3038 961 plume
3090 892 3159 946 de
3204 893 3360 947 saint
3409 894 3579 961 Yves,

140 974 303 1033 nous_
326 972 588 1033 croyons
626 957 871 1033 pouvoir
899 973 1139 1033 assurer
1167 959 1435 1033 qu’iln'y
1466 976 1497 1033 a
1523 960 1687 1033 point
1710 977 1779 1014 eu
1815 961 1883 1014 de
1916 965 2121 1013 savant
2152 957 2297 1015 dans
2331 960 2414 1015 les
2445 978 2528 1014 x1e
2560 965 2617 1015 et
2644 975 2747 1033 xlie
2777 957 2978 1016 siécles
3016 963 3114 1032 qui
3149 962 3229 1016 ait
3272 964 3404 1033 plus
3436 957 3580 1018 écrit

142 1045 257 1097 quc
291 1028 500 1110 lui,‘ni
536 1044 640 1083 sur
672 1044 751 1110 un
784 1027 917 1110 pius
948 1027 1817 1110 grandhombrede'matieres
1842 1036 2199 1110 concernant
2232 1032 2287 1110 l_a
2329 1033 2565 1110 science
2606 1027 3064 1110 ecclesiastique,
3100 1027 3379 1104 quoiq'u’il
3425 1034 3581 1110 faille

143 1102 533 1154 reconnaitre
564 1115 679 1175 que
704 1099 847 1175 c’est
877 1099 1365 1175 principalement
1395 1102 1542 1157 dans
1573 1102 1746 1156 celles
1779 1105 1875 1173 qui
1909 1103 2219 1175 regardcnt
2248 1103 2305 1156 la
2335 1102 2644 1173 discipline
2673 1109 2729 1157 et
2757 1105 2808 1157 la
2838 1099 3072 1175 liturgie
3103 1099 3213 1175 que
3238 1099 3401 1159 notre
3431 1107 3585 1161 saint

142 1177 199 1246 et
226 1176 449 1225 savant
501 1170 691 1246 prelat
738 1170 881 1225 s’est
927 1170 1248 1246 distingue.
1288 1177 1456 1246 rNous
1504 1170 2172 1246 ajouteron'srqu’iln’y
2218 1191 2287 1228 en
2343 1193 2374 1229 a
2423 1170 2596 1241 gu—ere
2645 1191 2714 1228 eu
2776 1193 2886 1230 non
2948 1170 3081 1246 plus
3122 1170 3229 1245 'qui
3280 1179 3362 1230 ait
3408 1178 3580 1231 traité.

142 1244 381 1313 chaque
444 1243 692 1296 matiere
750 1258 886 1317 ayec
944 1242 1078 1317 plus
1130 1242 1386 1317 ’dfordre,
1419 1245 1491 1317 de
1548 1242 1919 1317 nettetétde’
1973 1242 2213 1317 soliditéﬁ
2260 1250 2316 1300 et
2373 1246 2725 1301 d'erudition
2788 1264 2900 1317 que
2950 1242 3180 1312 'lui;en
3230 1252 3383 1301 sorte
3436 1247 3577 1317 qu’il

140 1331 174 1368 a
202 1316 321 1377 été,
360 1331 507 1369 sans
540 1313 855 1378 contredit,
891 1330 971 1369 un
1006 1315 1108 1369 des
1139 1314 1273 1387 plus
1303 1316 1522 1387 grands
1555 1322 1611 1370 et
1641 1317 1743 1372 des
1775 1315 1906 1388 plus
1943 1316 2171 1372 habiles
2202 1316 2473 1372 hommes
2506 1318 2577 1371 de
2627 1335 2731 1372 son
2785 1313 2999 1388 temps,
3032 1334 3283 1389 presque
3335 1336 3403 1373 en
3452 1313 3579 1373 tout

142 1401 348 1456 genre.

208 1539 369 1609 (234)
412 1537 648 1609 L’Oisel,
684 1540 818 1593 Hist.
857 1539 922 1594 de
954 1540 1177 1607 Belum,
1211 1556 1266 1611 p.
1304 1540 1425 1611 133.

3149 1719 3547 1727 .————_

3150 1737 3545 1745 .——.—_

1325 1892 2408 2025 DISSEBTATIO

764 2156 908 2241 DE
972 2155 1509 2243 DECRETO
1572 2153 1895 2270 QUOD
1954 2155 2270 2245 IVONI
2337 2156 2961 2245 TRIBUITUR

1716 2378 2003 2430 ALIISQUE

561 2548 933 2621 ANTIQUIS
978 2553 1357 2614 CANONUM
1408 2551 2073 2614 COLLECTIONIBUS
2121 2552 2516 2611 GRATIANO
2559 2551 3165 2610 ANTERIOIUBUS.

163 2738 498 2844 (Augp'stirui
537 2740 814 2844 Tantumst
839 2741 1257 2844 Disquisitio'nes
1288 2742 1579 2844 critica/in
1602 2740 1922 2844 praecipuafi
1955 2742 2238 2844 Canon’um
2267 2744 2317 2795 et
2362 2740 2734 2795 Decrelalium
2769 2740 3157 2844 ἑοιίεειίοἷτςαξὲἐξ
3186 2753 3281 2819 seu
3328 2737 3572 2844 ξὲιιοθεδ

247 2828 299 2844 ,η
356 2827 429 2844 πω
474 2814 627 2844 .‘nmm
699 2813 1107 2844 hominum“...-
1180 2828 1204 2844 Δ
1238 2821 1385 2844 uolant-
1414 2813 1459 2844 ξι-
1535 2829 1784 2844 nmnmonm
1819 2828 1877 2844 ..Α
1931 2814 2132 2844 nnlo'nma'
2168 2829 2232 2844 ..ι-
2265 2813 2601 2844 ηηωθίοηιηιίη
2651 2841 2719 2844 __
2820 2826 2963 2844 Amm
3226 2826 3353 2844 ιη-.
3434 2825 3549 2844 nnn

219 2810 627 2936 ῗὲἐξαηάὶαηέε
652 2809 1110 2867 Dissertationum
1140 2813 1204 2867 de
1236 2813 1459 2867 vetustis
1491 2809 1785 2867 (Iunonum
1817 2813 2232 2868 collectionibus
2262 2813 2622 2868 continuatio.
2650 2841 2720 2854 —
2769 2811 2985 2880 Romae,
3020 2810 3177 2881 1836,
3214 2809 3402 2888 hin-4°,
3434 2825 3568 2882 pag.

225 3216 387 3270 Inter
419 3214 777 3287 questiones
825 3230 951 3286 qua
981 3214 1041 3269 in
1067 3215 1230 3287 juris
1267 3214 1531 3287 canonici
1563 3212 1810 3287 historia
1840 3216 1893 3281 Α
1926 3214 2241 3287 adduxisse
2290 3214 2535 3269 dicenda
2562 3217 2669 3269 est.
2726 3213 2872 3287 Fieri
2906 3213 3144 3285 quidem
3189 3212 3428 3268 omnino
3460 3229 3567 3284 po-

159 3287 367 3357 agitari
403 3284 614 3353 solent,
647 3302 762 3341 non
807 3284 1168 3357 postremum
1220 3285 1411 3341 locum
1459 3286 1685 3341 obtinet
1712 3284 1811 3340 illa
1924 3286 2041 3339 tuit
2073 3290 2137 3339 ut
2169 3287 2263 3340 Ivo
2294 3287 2437 3356 ipse,
2471 3302 2605 3357 cum
2638 3285 2926 3340 maturius
2957 3300 3200 3357 suorum
3232 3288 3566 3355 temporum

159 3375 289 3429 quae
312 3359 504 3412 Ivonis
540 3357 851 3412 Decretum
874 3357 1155 3428 illiusque
1176 3358 1602 3428 genuinitatem
1640 3372 1807 3429 spec-

157 3428 259 3484 tat.
296 3433 453 3501 Cum,
477 3429 633 3501 enim
669 3445 785 3501 non
818 3429 1005 3483 solum
1038 3430 1167 3501 ipsa
1199 3429 1444 3501 hujusce
1492 3428 1683 3499 operis
1717 3445 1807 3501 ra-

156 3501 234 3572 tio
262 3500 584 3572 singularis
631 3500 869 3572 omnino
903 3504 959 3555 et
1005 3499 1078 3554 ab
1109 3501 1240 3555 aliis
1270 3500 1533 3570 ejusdem
1579 3499 1807 3570 generis

158 3570 610 3626 collectionibus
670 3570 843 3643 plane
900 3572 1129 3625 diversa
1186 3572 1288 3637 sit,
1334 3576 1509 3642 atque
1567 3572 1808 3643 insuper

159 3643 462 3714 multiplex
488 3641 687 3714 ipsum
718 3643 871 3697 inter
898 3660 963 3697 ac
994 3643 1567 3713 Panormiam,quam
1602 3641 1804 3711 genui-

160 3732 299 3769 num
340 3713 541 3769 'Ivonis
587 3731 735 3785 opus
766 3730 893 3769 esse
936 3719 1187 3782 constat,
1241 3731 1423 3768 nexus
1461 3713 1802 3777 intercedat,

163 3788 258 3840 sed
290 3786 517 3840 incerta
560 3788 737 3841 etiam
771 3802 904 3840 cum
956 3785 1070 3841 sint
1120 3802 1223 3839 nec
1274 3802 1506 3856 semper
1554 3791 1707 3839 recte
1737 3801 1805 3838 ea

160 3857 585 3928 intelligantur,
645 3874 773 3928 quae
830 3858 901 3911 ab
953 3856 1652 3928 historicishrel'eruntur,
1689 3856 1806 3910 fac-

158 3935 279 3984 tum
315 3926 404 3984 est
449 3933 514 3983 ut
560 3929 617 3982 in
661 3926 778 3984 hoc
826 3928 1131 3983 Decretum
1172 3926 1330 3983 nullo
1379 3945 1495 3983 non
1542 3931 1805 3997 tempore

158 4001 337 4055 dubia
369 4000 814 4064 insurrexerint,
864 4016 990 4070 quas
1025 4000 1134 4070 ipsi
1167 3998 1461 4070 sapientes
1490 3998 1597 4054 viri
1630 4000 1802 4053 modo

154 4073 374 4139 leviori,
411 4074 584 4127 modo
611 4070 861 4142 graviori
895 4075 1377 4141 argumentorum
1416 4072 1671 4142 pondere
1701 4074 1803 4124 aut

157 4160 528 4215 propugnare
578 4146 680 4215 aut
737 4142 1088 4215 impugnare
1141 4143 1588 4215 contenderunt.
1638 4142 1800 4205 Quod

157 4213 290 4269 vero
320 4213 375 4268 in
410 4214 542 4269 aliis
574 4214 755 4285 hujus
787 4213 1017 4284 generis
1042 4214 1465 4284 quaestionibus
1497 4219 1617 4267 tam
1653 4228 1805 4282 saepe

162 4302 464 4341 occurrere
494 4285 669 4350 solet,
701 4289 767 4339 ut
796 4301 1006 4355 nempe
1037 4286 1105 4339 ad
1138 4286 1416 4338 tuenda'n
1460 4285 1636 4338 unius
1668 4300 1804 4354 ope-

162 4358 239 4411 ris
270 4358 628 4426 genuitatem
663 4356 1004 4426 aliud,quod
1040 4357 1226 4410 eidem
1252 4356 1471 4411 auctori
1503 4356 1802 4421 tribuitur,

164 4429 269 4499 ipsi
303 4427 809 4499 abjudicetur.hoc
840 4427 1103 4499 etiamin
1138 4427 1244 4499 hac
1276 4429 1347 4481 de
1370 4428 1549 4496 hujus
1579 4426 1805 4499 Decreti

164 4497 392 4554 auctore
425 4498 853 4555 concertatione
881 4498 1366 4568 evenit.Plerique
1396 4497 1808 4563 enim,Decreti

166 4570 853 4653 amplitudineﬁecepti,
887 4570 1041 4641 quod
1098 4568 1374 4653 facillime
1426 4569 1800 4653 ﬁerinpotuit,
1834 4589 1881 4652 Β

167 4640 531 4696 Pariormiam
563 4640 762 4697 Ivonis‘
784 4640 933 4713 opus
963 4656 1090 4695 esse
1122 4642 1504 4713 denegarunt,
1525 4640 1805 4711 illamque

171 4713 306 4767 nihil
341 4714 499 4768 aliud
537 4713 646 4766 nisi
697 4712 963 4783 ejusdem
1000 4712 1218 4766 Decreti
1268 4714 1560 4784 epitomen
1593 4729 1801 4783 quam-

169 4786 292 4839 dam
325 4801 455 4839 esss
485 4783 996 4839 allirmarunt.Alii
1028 4789 1229 4838 contra
1257 4783 1640 4839 validioribus
1666 4800 1801 4854 pro-

170 4856 309 4911 fecto
340 4856 709 4927 argumentis
740 4855 1044 4927 ostendere
1077 4856 1268 4909 conati
1303 4859 1461 4917 sunt,
1496 4860 1804 4926 utramque

166 4926 555 4983 collectionem
587 4926 748 4982 Ivoni
778 4926 1147 4980 tribuendam
1184 4942 1333 4991 esse,
1369 4942 1542 4997 quem
1584 4943 1803 4981 ea-ma-

165 5002 315 5053 xime
343 5002 414 5055 de
461 5016 641 5053 causa
690 4999 761 5053 ad
793 4998 1108 5069 edendum_
1138 4997 1443 5053 Decretum
1477 5003 1803 5069 permotum

166 5072 339 5125 fuisse
382 5070 676 5138 dixerunt,
732 5069 885 5140 quod
937 5085 1063 5139 qua:
1094 5067 1155 5122 in
1206 5067 1515 5123 Panormia
1558 5070 1808 5124 breviter

166 5143 491 5213 collegerat,
527 5141 693 5195 novis
748 5140 991 5209 adjectis
1024 5141 1424 5213 monumentis
1456 5158 1687 5213 augere,
1721 5146 1805 5195 at-

169 5214 357 5293 quein
412 5213 757 5293 ampliorem
776 5228 1053 5293 “eamque
1103 5212 1509 5293 perfectiorem
1552 5212 1806 5268 formam

169 5285 417 5349 redigere
468 5284 737 5339 voluerit.
772 5284 908 5354 Quae
957 5283 1154 5354 opinio
1184 5299 1250 5338 ea
1293 5284 1423 5354 ipsa
1453 5300 1627 5353 quam
1663 5302 1808 5354 pra:-

171 5357 382 5411 l‘erebat
411 5356 527 5412 veri
563 5353 952 5410 similitudine
982 5353 1041 5409 in
1076 5353 1330 5409 errorem
1366 5372 1504 5410 suos
1544 5353 1810 5411 auctores

236 5496 383 5567 (235)
419 5497 488 5551 De
517 5497 763 5567 antiquis
792 5494 1203 5550 collectionibus
1232 5500 1282 5549 et
1302 5496 1681 5551 collecloribus
1708 5513 1811 5550 ca-

175 5586 373 5623 nonum
424 5569 494 5623 ad
539 5568 871 5624 Gratianum
918 5582 1087 5637 usque
1125 5570 1406 5637 tractatus,
1442 5568 1497 5622 P.
1529 5586 1603 5633 ιν,
1637 5586 1685 5622 c.
1721 5568 1809 5638 l6,

176 5658 226 5711 p.
268 5642 368 5695 661
406 5672 473 5683 --
501 5642 629 5706 666,
679 5640 739 5695 in
773 5638 1111 5694 collectione
1161 5639 1631 5709 praestantiorum
1683 5656 1813 5712 ope-

1920 3372 2152 3425 suaaque
2204 3355 2559 3412 conditionis
2604 3358 2887 3411 rationem
2921 3355 3297 3427 perspiceret,
3347 3372 3561 3426 quam-

1920 3428 2243 3511 plurimum
2293 3428 2351 3482 in
2384 3429 2781 3511 operenquod,
2815 3426 2943 3499 ipso
2975 3426 3563 3511 Panormita-nomine

1917 3497 2234 3564 indicante,
2285 3497 2682 3555 ecclesiastica
2727 3497 3108 3554 monumenta
3155 3497 3353 3553 omnia
3411 3514 3564 3554 com-

1918 3570 2090 3642 plecti
2125 3570 2389 3634 debebat,
2422 3571 2743 3642 desiderari
2795 3574 3170 3641 cognosceret
3201 3585 3214 3625 :
3250 3586 3432 3641 quare
3461 3570 3563 3625 ite-

1917 3641 2062 3697 ratis
2107 3642 2263 3696 curis
2313 3642 2455 3696 illud
2509 3643 2567 3697 in
2602 3641 2812 3697 melius
2860 3644 3219 3707 immutaret,
3271 3647 3447 3712 atque
3500 3643 3559 3697 in

1917 3712 2259 3783 ampliorem
2293 3714 2537 3767 formam
2573 3712 2961 3778 clucubraret,
2993 3712 3459 3783 Quodﬂablvone
3478 3729 3560 3767 re-

1915 3782 2049 3841 vera
2080 3786 2293 3839 factum
2326 3802 2455 3840 esse
2486 3784 2809 3840 doctissimi
2846 3786 3051 3840 fratres
3075 3782 3558 3856 Balleriuii(235),

1917 3857 2266 3927 iampridem
2301 3856 2503 3911 multis
2554 3856 2743 3927 iisque
2774 3872 2888 3910 non
2919 3853 3268 3927 spernendis
3316 3853 3560 3911 rationi-

1918 3926 2461 3984 busindicaverant
2493 3946 2506 3983 :
2540 3926 2756 3983 nostris
2786 3944 2919 3982 vero
2956 3926 3334 3998 temporibus
3364 3928 3560 3982 erudi-

1917 4001 2185 4055 tissimus
2214 4000 2524 4071 Sayignius
2556 4005 2674 4054 tam
2707 4004 2931 4053 certum
2965 3998 3289 4053 reddidisse
3310 3998 3559 4071 yidetur,

1917 4079 1982 4126 ut
2012 4087 2246 4126 omnem
2294 4068 2452 4126 litem
2488 4072 2557 4125 de
2608 4071 2715 4125 hac
2746 4086 2806 4124 re
2852 4086 3091 4126 prorsus
3135 4068 3450 4124 sustulisse
3481 4071 3563 4122 di-

1918 4087 1982 4126 ut
2012 4087 2246 4126 omnem
2294 4087 2452 4126 mem
2488 4087 2557 4125 oe
2608 4087 2715 4125 nac
2746 4087 2806 4124 re
2894 4087 3091 4126 rorsus
3135 4087 3450 4124 suswusse
3481 4087 3559 4122 Ol-

1918 4144 2147 4221 cendus
2170 4142 2264 4197 sit.
2299 4142 2610 4221 Savignius
2640 4142 2795 4221 enim
2831 4087 2914 4193 illi
2946 4139 3059 4221 ipsi
3108 4155 3401 4221 canonum
3443 4141 3559 4221 col-

1918 4214 2173 4279 lectioni,
2195 4230 2369 4284 qnam
2404 4210 2699 4268 Ballerinii
2732 4228 2846 4284 non
2872 4210 3018 4266 satis
3050 4210 3373 4284 aestimasse
3401 4211 3559 4267 vide-

1917 4288 2157 4349 bantur,
2187 4281 2443 4350 innixus,
2475 4290 2531 4339 et
2562 4284 2717 4339 unde
2750 4283 3057 4337 Decretum
3091 4281 3232 4336 illud
3269 4284 3556 4352 originem

1920 4374 2086 4412 suam
2137 4356 2324 4421 duxit,
2356 4361 2414 4410 et
2464 4357 2699 4411 modum
2729 4354 2905 4409 etiam
2957 4370 3071 4424 quo
3102 4354 3212 4408 fuit
3259 4354 3562 4410 elucubra-

1918 4435 2044 4484 tum
2095 4428 2479 4498 deprehendit
2525 4432 2580 4482 et
2627 4426 2999 4498 apertissime
3045 4425 3357 4496 explicavit
3387 4428 3557 4497 (236i.

1922 4498 2095 4569 Atqui
2129 4497 2197 4553 ex
2228 4500 2335 4553 hac
2368 4499 2568 4553 eadem
2601 4497 2939 4553 collectione
2970 4513 3096 4569 qua
3126 4498 3350 4552 Decreti
3382 4499 3559 4569 origi-

1912 4568 2045 4628 nem
2074 4575 2191 4625 tam
2226 4571 2378 4624 clare
2408 4568 3197 4632 demonstrat,invictissime
3229 4568 3400 4623 simul
3434 4586 3562 4639 pro-

1913 4642 2037 4699 bari
2073 4646 2280 4713 potest,
2314 4642 2463 4711 quod
2510 4641 2722 4713 mirum
2752 4640 3033 4713 profecto
3066 4639 3342 4713 cuiquam
3372 4641 3555 4695 videri

1915 4716 2105 4779 debet,
2140 4713 2370 4768 Ivonem
2422 4712 2584 4767 nullo
2634 4712 2805 4767 modo
2851 4727 3023 4783 posse
3068 4712 3333 4782 ejusdem
3365 4713 3558 4783 operis

1915 4802 2043 4843 esse
2074 4788 2389 4839 auctorem.
2423 4784 2581 4847 Quod
2618 4789 2683 4838 ut
2729 4783 2888 4837 omni
2948 4798 3061 4854 quo
3102 4800 3206 4854 par
3251 4788 3341 4839 est
3389 4801 3557 4854 argu-

1915 4862 2239 4912 mentorum
2285 4872 2493 4925 genere
2537 4857 2917 4911 ostendamus
2950 4870 3183 4910 necesse
3226 4860 3315 4909 est
3346 4860 3409 4909 ut
3438 4856 3559 4910 col-

1916 4928 2225 4985 lectionem
2259 4927 2420 4981 illam
2453 4928 2523 4981 de
2554 4944 2666 4998 qua
2702 4927 2977 4999 diximus,
3002 4942 3299 4997 quamque
3330 4926 3401 4981 ob
3436 4944 3561 4999 par-

1914 5000 2219 5056 ticularem
2254 4999 2514 5052 ordinem
2549 4998 2607 5052 in
2642 5015 2814 5069 quem
2856 4997 3119 5069 diversos
3148 4999 3337 5053 fontes
3370 4997 3563 5069 dispo-

1916 5073 2067 5127 sitos
2125 5069 2377 5134 exhibet,
2436 5068 2724 5141 deinceps
2764 5068 3155 5124 Colloctionem
3215 5068 3563 5141 tripartitizm

1916 5141 2368 5214 appellabimus,
2422 5140 2665 5214 propius
2712 5140 3123 5212 inspiciamus,
3173 5140 3422 5214 eamque
3452 5141 3565 5213 pri-

1920 5213 2010 5269 nio
2072 5229 2205 5267 cum
2259 5213 2479 5267 caeteris
2529 5213 2885 5283 quibusdam
2938 5229 3231 5269 canonum
3274 5213 3564 5268 collectio-

1920 5286 2118 5351 nibus,
2148 5284 2281 5340 dein
2328 5301 2460 5339 cum
2513 5284 2701 5338 Ivonis
2751 5285 3062 5339 Panormia
3108 5290 3163 5339 et
3212 5285 3451 5341 Decreto
3500 5300 3565 5338 ac

1920 5356 2171 5427 denique
2201 5372 2332 5410 cum
2366 5356 2625 5411 Gratiani
2658 5355 2999 5411 collectione
3030 5356 3420 5411 conferamus.

1920 5516 2051 5582 rum
2086 5500 2554 5582 iusaca'nonicum
2604 5498 3053 5565 illustrantium,
3108 5502 3151 5551 t.
3186 5497 3295 5567 XV,
3326 5498 3564 5570 Mogon-

1918 5571 2053 5626 tiaci
2090 5571 2244 5638 1790,
2275 5572 2415 5627 in--’i.

1998 5643 2147 5713 (236)
2178 5644 2420 5699 Historia
2450 5646 2496 5701 J.
2535 5645 2593 5696 Il.
2624 5644 2682 5696 in
2714 5641 2854 5696 med.
2899 5655 3033 5708 εευο,
3066 5642 3105 5691 t.
3142 5638 3213 5706 ll,
3248 5657 3305 5711 p.
3338 5640 3446 5693 286
3475 5656 3562 5711 sq.
