3916 6034
162 354 3064 385 m

158 555 589 607 Bulleriniorum
619 552 845 615 fratrum
880 549 1320 615 Disquisitionem
1355 550 1426 615 De
1458 547 1659 612 duplici
1693 548 2022 615 Collectioue
2048 549 2245 615 Ivonis.
2279 563 2399 615 quin
2451 565 2547 601 suo
2597 551 2715 601 loco
2761 552 2979 614 excidit,
3000 552 3132 615 ,vide
3187 554 3345 615 infra,
3397 558 3491 607 col.
3521 561 3602 610 41.

234 646 301 655 ——
328 617 466 686 Cum
496 614 779 665 Pnnormia
808 612 1004 686 Iyonis,
1039 627 1159 686 qua}
1194 618 1369 686 tamen
1399 612 1507 675 jam
1541 612 1706 686 scine]
1726 615 1787 686 ‘et
1818 612 2009 686 iterum}
2030 613 2179 686 typis
2211 614 2461 686 mandata
2490 618 2587 673 est,
2606 614 2727 686 lino
2760 612 2971 686 usque,
2996 614 3120 686 licet
3168 612 3462 686 pet-Annuus
3498 624 3607 671 tres

232 680 613 795 pndeqduztcgio
644 676 962 790 cgsquiﬁitul,
996 675 1097 725 nos
1136 676 1348 738 fugerit,
1384 675 1699 739 urgentibus
1723 675 2090 738 typographis,
2130 675 2401 724 Decretum
2433 678 2808 739 praamittimus
2832 675 3343 732 Panormiam'infru
3371 684 3479 734 Deo
3509 698 3603 736 vo-

257 756 327 795 en
356 757 387 794 ο
456 756 489 793 ι
605 778 618 792 .
730 754 795 790 rr.
898 754 927 788 τ
966 772 979 788 .

230 1106 1409 1265 PROLEGOMENA
1459 1104 2243 1261 EDITIONIS
2289 1106 2672 1260 ΑΝΝΙ
2723 1108 3530 1268 MDCXLVII.

1196 1412 1746 1505 EPISTOLA
1818 1411 2583 1504 DEDICATORIA

647 1669 1050 1732 Illustrissimo
1081 1667 1673 1749 reverendissimoque
1706 1669 1778 1730 D.
1816 1668 1892 1728 D.
1922 1665 2144 1729 Jacobo
2176 1669 2427 1743 LESCOT,
2466 1664 2801 1726 Carnutum
2830 1666 3122 1748 episcopo.

236 1922 592 1987 Fluminum,
625 1920 997 1983 sacerdotum,
1027 1917 1395 1983 druidum,-et
1427 1919 1479 1972 si
1505 1921 1649 1989 quod
1693 1916 1858 1973 aliud
1888 1933 2088 1973 nomen
2129 1918 2325 1988 priscis
2354 1932 2636 1973 sacrorum
2662 1919 2963 1988 prae/actis,
3014 1919 3113 1975 hoc
3159 1921 3328 1975 moris
3374 1921 3493 1994 [uit
3540 1929 3594 1980 et

162 2012 487 2077 potestatis,
522 2009 739 2065 Prazsul
768 2007 1173 2073 illustrissime,
1203 2007 1406 2078 ubique
1436 2018 1713 2062 terrarum
1744 2023 1811 2061 ac
1836 2008 2085 2078 gentium
2118 2007 2288 2061 Deum
2317 2015 2368 2061 et
2394 2007 2680 2062 hominum
2705 2007 2841 2077 jura
2873 2022 3215 2079 componere,
3248 2018 3421 2080 atque
3450 2011 3598 2066 inter

161 2102 433 2169 utrosque
463 2100 550 2153 ita
580 2101 987 2167 contemperato
1018 2097 1233 2151 versari
1255 2097 1548 2164 consortio,
1583 2101 1640 2150 ut
1670 2095 1827 2151 modo
1855 2096 2096 2150 caelitum
2125 2098 2305 2150 instar
2336 2095 2878 2165 terreant,detonent,
2910 2097 3251 2164 minentur,
3281 2098 3443 2155 modo
3472 2115 3597 2157 vero

157 2183 511 2261 ἐπεχθονίοις
541 2187 829 2251 accensiti,
863 2186 1019 2256 apud
1047 2200 1175 2239 aras
1201 2186 1471 2255 supplices
1497 2187 1674 2253 orent,
1704 2190 1948 2255 gemant,
1980 2184 2369 2239 advolvuntur.
2388 2186 2588 2255 Nempe
2612 2187 2708 2254 qui
2736 2185 3065 2241 sacerdotem
3092 2187 3227 2255 agit,
3261 2188 3434 2243 Deum
3460 2204 3596 2259 qua-

162 2279 475 2333 damtenus
506 2276 691 2330 induit
720 2284 769 2330 et
800 2275 1097 2341 hominem,
1132 2273 1355 2345 μεσίτης
1386 2275 1655 2345 utrinque
1681 2276 1890 2343 lactus,
1923 2282 1984 2327 ut
2032 2275 2177 2328 nihil
2222 2290 2487 2341 magnum
2537 2274 2680 2343 quod
2722 2290 2833 2329 non
2879 2275 3100 2343 audeat,
3150 2276 3297 2331 nihil
3344 2278 3599 2347 inﬁmum

165 2366 314 2439 quod
346 2365 991 2437 defugiat.0uamobrem
1021 2364 1091 2418 ad
1121 2363 1177 2418 id
1206 2366 1457 2418 muneris
1486 2368 1693 2418 evectos
1723 2362 2055 2418 divinarum
2102 2362 2585 2433 humanarumque
2632 2380 2825 2418 rerum
2848 2366 3217 2434 peritissimos
3253 2368 3507 2437 oportuit,
3540 2374 3601 2425 ut

161 2471 439 2527 superum
468 2457 820 2524 inferumque
847 2453 1083 2523 proclive
1114 2451 1505 2522 dignoscentes,
1539 2460 1591 2507 et
1620 2452 1849 2506 illorum
1878 2453 2104 2521 placita,
2136 2452 2331 2505 horum
2354 2451 2633 2506 commoda
2657 2454 3077 2522 prospicientes,
3110 2455 3181 2508 iis
3209 2461 3459 2525 prompto
3486 2472 3603 2512 sese

162 2544 433 2614 obsequio
457 2551 658 2613 aptare
684 2551 735 2596 et
754 2542 915 2612 [acili
942 2543 1003 2595 in
1033 2548 1326 2610 utramque
1350 2545 1564 2611 partem
1593 2542 2127 2609 ﬂexucon/ormare
2169 2541 2401 2609 possint.
2448 2540 2513 2592 Et
2564 2541 2787 2608 quidem
2835 2540 2982 2609 apud
3031 2550 3252 2607 veteres,
3304 2546 3600 2615 zEgyptios

164 2635 443 2697 maxime,
477 2647 708 2702 quorum
741 2628 924 2705 ἐφείθη
956 2626 1248 2701 σχολάζειν
1279 2628 1340 2681 τὸ
1369 2632 1477 2681 τῶν
1508 2628 1695 2701 ἱερέων

2040 2626 2338 2681 sacerdotes
2383 2628 2655 2681 scientias
2701 2627 3053 2682 accersebant
3101 2637 3154 2682 et
3196 2628 3586 2687 illustrabant.

171 2723 329 2778 Nunc
360 2737 493 2777 vero
521 2723 617 2792 qui
643 2720 963 2775 sacerdotiis
992 2721 1267 2774 divinitus
1302 2719 1677 2784 destinantur,
1707 2720 2066 2773 scientiarum
2095 2720 2252 2787 prius
2283 2717 2561 2771 antistites
2593 2732 2761 2787 quam
2807 2732 3094 2773 sacrorum
3134 2734 3243 2773 esse
3271 2720 3487 2775 debent.
3516 2721 3592 2776 ιι-

171 2810 264 2881 lic,
300 2819 437 2865 teste
462 2808 787 2879 Philosophe
818 2809 914 2878 (2),
947 2807 1254 2862 sacerdotes
1281 2808 1641 2861 scientian
1672 2810 1926 2875 parentes
1945 2823 1965 2867 ;
1997 2805 2085 2860 hic
2112 2807 2352 2860 scientiae
2394 2799 2489 2859 ad'
2509 2805 2815 2861 sacerdotia
2860 2814 2989 2861 sunt
3037 2802 3270 2879 προὸδια
3317 2808 3589 2880 quaedam,

167 2911 218 2957 et
248 2902 413 2972 quasi
441 2904 594 2955 certa
624 2893 951 2973 πρόκλησις.
986 2902 1051 2953 Et
1084 2897 1224 2968 quod
1255 2896 1437 2953 Gallos
1467 2898 1686 2962 attinet,
1720 2896 1927 2951 Praesul
1959 2896 2358 2961 illustrissime,
2390 2911 2497 2949 non
2528 2912 2771 2967 nuperus
2800 2900 2883 2950 est
2928 2912 3087 2951 amor
3133 2913 3237 2969 quo
3261 2899 3585 2969 reipublicae

166 2991 468 3046 litterariae
498 2990 643 3043 cives
668 3004 733 3043 ac
761 2996 1043 3042 senatores
1066 2996 1479 3058 prosequuntur
1505 2988 1712 3056 sacrisq

2033 2995 2144 3040 unt.
2177 2986 2284 3039 Diu
2313 2993 2392 3040 est
2423 3001 2547 3040 cum
2578 2986 2713 3056 ipsis
2756 2981 3048 3061 φιλόσοφοι
3078 2986 3136 3039 τέ
3163 3006 3307 3049 τινες
3354 2984 3457 3040 εἶσὶ
3489 2988 3579 3041 καὶ

164 3076 425 3150 Θεολόγοι
457 3073 724 3150 περίττως
748 3073 1059 3145 τιμώμενοι
1091 3074 1186 3145 (3).
1220 3076 1284 3128 Et
1313 3074 1459 3145 quod
1488 3090 1601 3128 non
1625 3090 1710 3144 p0:

2039 3076 2240 3143 nirari,
2273 3075 2556 3144 quondam
2576 3070 2697 3134 ἰθος
2726 3073 2916 3136 αὐτοῖς
2951 3072 3157 3146 μηδένα
3188 3075 3372 3138 θυσίαν
3407 3074 3585 3131 ποιείν

163 3164 288 3220 eset
319 3162 645 3242 φιλοσόφον
680 3164 828 3220 addo
857 3172 908 3219 et
938 3164 1268 3231 theologum,
1298 3165 1581 3233 sequentia
1609 3165 1709 3218 eni1

2046 3159 2135 3215 διὰ
2164 3161 2263 3235 γὰρ
2294 3165 2402 3215 τῶν
2437 3160 2708 3234 ἐμπείρων
2740 3161 2842 3228 τῆς
2889 3161 3034 3225 θείας
3088 3163 3321 3240 φύσεως,
3355 3156 3589 3239 ὡσπερεί

159 3276 321 3309 τινων
354 3252 673 3329 ὁμοφόνων,
701 3252 769 3306 τὰ
798 3251 1133 3326 χαριστήρια
1160 3256 1278 3313 τοῖς
1306 3251 1447 3312 θεοῖς
1481 3250 1608 3327 φασὶ
1642 3246 1753 3304 δεῖν
1774 3251 2116 3326 προσφέρειν,
2145 3249 2233 3302 καὶ
2264 3247 2352 3303 διὰ
2380 3249 2585 3304 τούτων
2636 3248 2841 3305 οἰόνται
2876 3248 2983 3305 δεῖν
3016 3252 3063 3305 τ’
3095 3253 3267 3327 ἀγαθὰ
3297 3253 3585 3310 αἰτεῖσθαι.

172 3344 492 3400 Sacerdotes
522 3345 715 3412 itaque
746 3342 1049 3405 Gallorum,
1082 3349 1243 3410 atque
1270 3340 1405 3396 adeo
1436 3340 1761 3407 Carnutum,
1795 3341 2095 3410 sapientiai
2128 3340 2417 3412 magistri,
2436 3343 2618 3412 inquit
2636 3350 2788 3396 vetus
2817 3350 3006 3397 auctor
3039 3342 3114 3413 (4)
3142 3367 3155 3408 ;
3186 3348 3235 3397 et
3266 3345 3399 3413 quia
3426 3344 3593 3399 caelo-

172 3450 297 3487 rum
326 3432 794 3502 contemplationi
820 3430 1317 3500 incumbunt,quid
1354 3429 1433 3484 dii
1460 3429 1644 3484 velint
1674 3430 1823 3485 scire
1854 3446 1916 3484 se
1947 3429 2401 3499 proﬁtentur.Ex
2432 3446 2535 3499 quo
2555 3446 2664 3484 non
2686 3432 2963 3485 miramur
2990 3432 3040 3485 si
3059 3447 3225 3502 quam
3252 3434 3593 3503 promittunt

169 3522 635 3592 sidera,futuram
667 3520 899 3574 adorant
934 3536 947 3573 :
981 3524 1081 3573 aut
1109 3520 1159 3573 si
1187 3520 1320 3573 dum
1349 3528 1499 3573 astra
1530 3518 1765 3573 sollicito
1798 3522 2069 3573 venantur
2099 3518 2642 3590 intuitu,Virginem
2660 3520 3087 3584 inveniunt,non
3108 3522 3329 3590 spicam
3348 3526 3588 3590 tantum,

168 3615 224 3665 ut
254 3613 456 3680 vulgus
489 3610 905 3679 astrologorum,
938 3607 1030 3662 sed
1059 3611 1274 3662 Panem
1308 3609 1487 3676 ipsum
1527 3608 1731 3661 mundo
1760 3612 2142 3677 pro/erentem.
2180 3608 2337 3661 Tanti
2364 3616 2444 3660 est
2467 3608 2739 3676 sacriﬁcos
2768 3610 3097 3678 sapientiam
3145 3610 3324 3665 colere
3351 3614 3401 3664 et
3429 3611 3588 3666 caelos

166 3698 486 3754 intendere!
522 3700 589 3752 Hi
620 3696 839 3751 Druidae
871 3695 1152 3768 appellati
1180 3704 1307 3750 sunt
1335 3696 1433 3766 (5),
1466 3695 1634 3750 dubio
1658 3695 1853 3765 procul
1882 3692 1989 3746 ἀπὸ
2013 3699 2112 3762 τῆς
2146 3690 2326 3766 δρυός,
2359 3698 2491 3764 quia
2519 3697 2637 3765 ejus
2666 3698 2813 3751 visco
2841 3698 2987 3751 nihil
3017 3700 3299 3753 sacratius
3320 3698 3583 3754 habueret

162 3791 278 3844 sine
305 3790 461 3859 cujus
488 3786 693 3859 fronde
718 3787 876 3840 nulla
906 3801 1066 3840 sacra
1093 3784 1477 3854 conﬁciebant.
1517 3785 1583 3838 Et
1614 3786 1752 3855 quia
1781 3793 2099 3855 conceptum
2128 3786 2472 3853 feminarum
2513 3785 2742 3856 adjuvat
2788 3794 2839 3840 et
2888 3790 3118 3857 partum
3148 3787 3245 3857 (6),
3277 3786 3491 3842 diceres
3518 3804 3584 3843 ea

164 3894 282 3934 usos
310 3875 642 3933 maturanda
670 3876 827 3930 illius
853 3875 1049 3945 partui
1077 3889 1240 3944 quam
1271 3875 1591 3943 parituram
1620 3875 1852 3928 coluere.
1883 3874 1945 3927 Et
1974 3873 2117 3927 unde
2141 3889 2310 3944 porro
2339 3874 2555 3928 Laertio
2585 3876 2662 3944 (7)
2695 3873 2988 3945 Σεμνόθεοι
3022 3876 3421 3947 dicuntur,nisi
3448 3878 3585 3947 quia

165 3976 215 4023 et
243 3966 391 4037 apud
421 3968 565 4036 ipsos
594 3968 710 4021 erat
742 3962 923 4033 Σεμνὴ
958 3960 1070 4017 θεά.
1105 3961 1287 4032 Σεμνά
1316 3960 1648 4033 ηαγηᾳιιθ,τὰ
1676 3981 1711 4014 τι

2032 3982 2076 4013 μυ
2111 3962 2381 4034 μυστήρια
2410 3964 2578 4033 (8).Et
2610 3964 2792 4033 Σεμνή
2830 3964 3107 4034 pudicam
3139 3982 3203 4020 ac
3231 3970 3455 4019 castam
3477 3982 3578 4020 na-

171 4056 283 4111 tivo
311 4053 635 4123 signiﬁcatu
665 4052 824 4106 habet
854 4050 954 4121 (9).
985 4052 1090 4105 Aut
1109 4065 1233 4105 vero
1262 4049 1391 4104 dum
1420 4049 1719 4121 Virginem
1770 4051 1958 4105 colunt
2005 4050 2347 4120 parituram,
2399 4051 2542 4121 quod
2590 4052 2851 4107 humanae
2889 4053 3099 4106 rationi
3128 4054 3290 4122 imper
3304 4053 3485 4118 vium,
3514 4050 3585 4104 τὰ

173 4138 370 4215 Σεμνᾶ,
402 4143 501 4196 hoc
528 4148 630 4207 est,
657 4140 727 4193 τὰ
755 4136 965 4212 ἅῤῥητα
992 4136 1082 4191 καὶ
1110 4136 1414 4209 ἀνεξήγητα
1451 4138 1719 4210 μυστήρια

2038 4142 2099 4192 ut
2126 4139 2292 4202 alius,
2324 4137 2604 4209 θαυμαστὰ
2641 4137 2729 4190 καὶ
2782 4136 3159 4211 ἀνεξιχνίαστα
3210 4139 3487 4195 celebrare
3518 4155 3582 4194 ac

169 4232 419 4287 venerari
446 4230 732 4285 dicuntur.
766 4230 830 4283 Et
859 4227 1077 4299 quidem
1106 4226 1171 4281 de
1197 4229 1334 4297 ipsis
1363 4226 1633 4297 scriptum
1663 4227 1775 4296 (11)
1809 4226 1950 4296 quod
1979 4228 2124 4281 clam
2153 4236 2203 4281 et
2234 4229 2295 4281 in
2322 4242 2505 4297 specu,
2534 4232 2637 4281 aut
2670 4229 2728 4280 in
2760 4226 2969 4281 abditis
2996 4226 3238 4281 saltibus
3274 4227 3457 4283 multa
3485 4227 3579 4284 do-

164 4322 475 4378 cerent.lloc
503 4335 708 4374 numen
743 4319 987 4388 ipsorum
1011 4317 1146 4385 fecit
1177 4312 1464 4384 σιωπηλόν
1494 4318 1644 4386 quod
1676 4318 1710 4369 it

2036 4314 2135 4367 Lvév
2169 4316 2301 4386 (12),
2333 4314 2671 4385 proindequo
2699 4323 2753 4369 et
2786 4315 2928 4385 ipsos
2959 4314 3294 4386 σεμνοθὲοις.
3333 4316 3582 4386 Theologi

164 4426 286 4480 ergo
316 4409 597 4465 Gallorum
624 4406 947 4462 sacerdotes.
982 4406 1020 4458 A
1054 4419 1159 4474 quo
1190 4420 1290 4459 nec
1316 4405 1573 4460 Ecclesiae
1610 4405 1807 4459 veteris
1852 4420 2031 4459 mores
2071 4404 2275 4458 abiere.
2312 4405 2375 4460 Ut
2423 4406 2571 4458 enim
2604 4403 2770 4458 iidem
2812 4404 2947 4459 olim
2994 4404 3217 4476 populis
3236 4406 3456 4477 judice:
3485 4407 3583 4477 qui

164 4516 328 4572 reges,
353 4500 432 4553 sic
463 4499 522 4553 in
549 4497 883 4567 primoribus
916 4494 1182 4549 Ecclesiae
1211 4508 1375 4547 annis
1408 4494 1585 4548 iidem
1619 4490 1705 4545 ἐπί

2032 4488 2361 4545 Ξιδάσιιαλοιο
2394 4508 2493 4547 nec
2520 4494 2740 4563 majori
2783 4494 3258 4564 frequentior-ique
3293 4490 3578 4563 ἐπικλήσει

169 4590 231 4645 0s
258 4604 489 4643 aureum
513 4585 913 4641 Antiochenam
932 4599 1093 4638 suum
1114 4581 1494 4653 patriarcham
1514 4586 1668 4637 vocat
1687 4598 1851 4651 quam
1873 4576 2201 4633 διδασκάλου
2233 4581 2368 4651 (13).
2406 4582 2553 4637 Unde
2581 4583 2642 4650 ﬁt
2671 4586 2857 4637 autem
2880 4589 2940 4637 ut
2968 4584 3121 4637 inter
3136 4600 3337 4655 paucos
3356 4587 3455 4655 qui
3476 4600 3572 4642 suo

166 4683 221 4734 in
249 4694 444 4750 genere
468 4678 682 4749 primas
713 4674 1056 4741 habent,sint
1087 4679 1141 4727 et
1164 4673 1439 4742 praesules
1472 4673 1712 4740 Σκηπτοῐ

2028 4686 2057 4726 0
2085 4678 2163 4725 est
2186 4674 2426 4741 profecto
2455 4671 2600 4741 quod
2650 4673 2865 4739 σηυεῖον
2921 4669 3195 4744 βασιλείας
3239 4670 3326 4725 καὶ
3376 4672 3567 4746 Λόγων

166 4768 250 4822 καὶ
280 4764 435 4836 δίκης
463 4764 600 4819 κατά
626 4762 753 4824 τοὺς
780 4759 1050 4822 παλαιοὺς
1080 4760 1143 4813 τὸ
1183 4766 1457 4834 σκῆπτρον
1485 4761 1712 4831 ἧν(14).1

2022 4764 2257 4831 tcunque
2286 4760 2412 4815 licet
2442 4762 2689 4831 episcopo
2721 4762 3073 4829 conveniant,
3103 4764 3354 4819 medium
3384 4772 3568 4821 tamen

234 5005 306 5077 (1)
338 5003 514 5060 Arist.
552 5003 858 5077 IrMctaph.
1985 4996 2716 5077 (9)“‘Glosssariumjetus.
2750 4997 2998 5070 Hesych.

234 5068 309 5145 (2)
338 5080 357 5131 Ι
392 5076 643 5147 Μεηιεῳὶι.
761 5068 777 5075 “

234 5150 305 5209 (3)
338 5149 568 5204 Diodor.
602 5148 705 5203 lib.
742 5163 794 5200 ν.

1987 5068 2099 5209 (10)
2134 5069 2458 5143 Etymolog.
2496 5070 2796 5142 Magnum.
2875 5068 2887 5070 ἡ

2014 5140 2099 5209 11)
2131 5145 2413 5209 Pompon.
2465 5141 2611 5198 Mela
2660 5142 2760 5199 lib.
2795 5158 2878 5209 ιιι,
2912 5157 2961 5196 c.
2995 5138 3047 5209 1,
3080 5139 3199 5196 anti

242 5138 303 5204 '3'
338 5138 568 5204 Diodori
602 5148 705 5203 lib.
742 5163 794 5200 ν.

231 5151 305 5291 ίάί
326 5219 685 5291 Pomponius
714 5214 884 5286 Mela,
914 5213 1016 5291 lib.
1051 5230 1138 5283 ιιι,
1171 5230 1297 5286 cap.
1332 5212 1374 5270 Ι.

2022 5140 2099 5222 lt)
2131 5138 2432 5212 Pomponi
2465 5138 2620 5198 Mela?
2660 5142 2760 5199 lib.
2795 5158 2878 5211 ιιι,
2912 5157 2961 5196 c.
2995 5138 3047 5211 1,
3080 5139 3339 5213 antiquos
3371 5156 3568 5197 recen-

2022 5227 2121 5267 nis.

250 5281 299 5357 5)
328 5281 503 5357 Plin.)
538 5290 638 5346 lib.
669 5302 784 5354 xvx,
816 5281 880 5343 οἱ
904 5287 993 5341 44.
1125 5281 1140 5357 ξ
1176 5356 1181 5357 γ
1232 5281 1257 5357 θ’
1309 5355 1315 5357 Α
1447 5355 1454 5357 Α
1987 5282 2097 5357 (l2)
2128 5281 2485 5357 S_cboliastes
2515 5288 2610 5357 Gr.
2646 5283 2945 5357 Aristoph.
2979 5282 3036 5337 in
3070 5282 3336 5357 Nubibus.

250 5286 299 5357 5)
328 5286 503 5357 Plini,
538 5290 638 5346 lib.
669 5302 784 5354 xvx,
816 5304 867 5343 ο.
904 5287 993 5341 44.
2010 5286 2076 5336 12
2128 5286 2485 5339 Scholiastes
2515 5288 2610 5339 Gr.
2646 5286 2945 5353 Aristoph.
2979 5286 3036 5337 in
3070 5286 3336 5338 Nubibus.

249 5363 302 5434 6)
332 5363 508 5428 Plin.,
540 5363 639 5417 lib.
673 5376 806 5416 xxw
836 5377 884 5415 c.
918 5361 972 5413 4.
1010 5355 1267 5414 Mathiol.
1304 5355 1362 5411 in
1397 5355 1652 5415 Dioscot.
1987 5286 2098 5497 E13;
2130 5353 2428 5425 Chrysost.
2463 5356 2521 5410 in
2555 5356 2802 5412 Humilis
2852 5356 2924 5411 ad
2957 5356 3241 5427 populum
3290 5349 3565 5409 Antioch.

249 5436 301 5492 7)
334 5436 395 5489 In
429 5434 701 5497 Prologo.
1986 5425 2073 5495 (14
2132 5425 2401 5482 Eustath.

249 5425 301 5492 7i
328 5436 395 5506 in
429 5425 701 5506 Prologo.
1986 5425 2097 5497 (14)
2132 5425 2401 5482 Eustath.

250 5506 301 5575 8)
324 5505 675 5579 Hesychius.

474 5634 742 5696 PM'IOL.
788 5627 991 5691 CLXI.
3207 5624 3243 5690 1
