3916 6034
347 263 409 316 11
1290 283 1291 286 η
1499 259 1620 314 ινο
1657 259 1893 312 CARNO

2245 258 2595 312 PISCOPUS.
3701 258 3791 315 12

343 387 589 442 maxime
619 390 671 440 et
697 386 925 457 proprie
955 386 1070 454 ejus
1099 388 1200 455 est,
1229 400 1266 440 a
1295 399 1400 456 quo
1431 384 1519 452 jus
1546 381 1711 436 habet
1742 381 1995 436 baculum
2025 379 2261 452 ferendi.
2296 381 2360 435 Et
2389 381 2438 435 si
2469 396 2650 435 rerum
2679 378 2994 452 primordia
3043 379 3364 453 relegimus,
3397 384 3790 456 inauguratia

342 477 724 547 episcoporum
754 475 813 528 in
845 473 1085 528 Ecclesia
1112 474 1364 528 successit
1395 472 1515 539 illi,
1551 486 1668 542 qua
1713 469 1857 541 apud
1888 469 2137 525 Hebraeos
2184 469 2253 524 ad
2296 471 2695 539 magisterium
2743 472 3222 540 promovebantur
3271 472 3608 530 initiationi.
3641 475 3790 532 Hec

343 566 496 620 enim
525 563 790 636 gradibus
819 561 1156 635 quibusdam
1184 562 1364 634 ﬁebat,
1397 565 1447 617 et
1477 557 1790 636 χειροθεσίᾳ
1821 559 2047 614 tandem
2075 576 2140 614 ac
2168 562 2348 615 verbis
2371 560 2645 631 conceptis
2673 560 3064 630 peragebatur,
3095 577 3206 632 qua
3250 563 3396 618 nihil
3443 573 3630 635 postea
3667 581 3778 620 suo

346 652 573 708 blimius
601 653 857 709 habuere.
895 652 1263 720 Quamobrem
1292 656 1371 706 est
1403 651 1556 705 unde
1589 648 1789 705 Gallia
1817 649 2186 717 gratulemur,
2219 648 2359 721 quod
2389 649 2580 704 divino
2607 664 2837 721 prorsus
2869 651 3142 720 inspirata
3171 653 3333 722 genio
3360 654 3510 724 fecit,
3543 663 3605 709 ut
3632 670 3778 710 aca—

344 741 680 799 demicarum
711 743 988 814 principes
1016 747 1194 797 essent
1219 740 1489 811 prwsules
1520 740 1910 794 Ecclesiarum.
1944 736 2186 793 Redeunt
2235 741 2477 810 pristina
2505 743 2770 810 tempora,
2820 739 3155 795 aemulamur
3205 750 3447 797 veterum
3477 759 3673 814 mores,
3713 753 3789 799 et

342 832 554 901 grande
576 833 816 904 posteris
847 831 1216 901 relinquimus
1241 830 1556 901 exemplum
1588 827 1728 899 quod
1758 831 1854 883 aut
1885 829 2196 898 imitentur,
2236 832 2333 883 aut
2380 830 2670 885 mirentur.
2727 828 2916 883 Thales
2967 829 3339 901 Pythagoram
3385 833 3491 887 sibi
3537 849 3778 904 operam

339 921 584 988 dantem,
614 918 981 994 προετρέψατο
1011 917 1087 981 εἰς
1118 916 1386 994 Αἴγυπτον
1411 915 1852 984 διαπλεῦσαι,καὶ
1883 921 1999 978 τοῖς
2028 914 2078 970 ἐν
2110 915 2346 993 Μέμφει,
2380 917 2470 970 καὶ
2503 915 2626 977 Διὸς
2661 913 2900 989 μάλιστα
2931 912 3229 990 συμϐαλεῖν
3255 918 3452 994 ἱερεῦσι
3487 922 3780 994 (15),ᾳαοά

338 1012 774 1066 vetustissimum
797 1008 1144 1066 sacerdotum
1173 1008 1330 1064 decus
1359 1014 1459 1064 est.
1494 1007 1854 1064 Fortunatior
1885 1005 2064 1061 Gallia
2102 1021 2228 1076 quae
2272 1023 2384 1062 non
2412 1007 2492 1062 ad
2521 1014 2738 1062 exteros
2767 1007 2990 1078 ablegat
3037 1022 3170 1079 quos
3198 1011 3379 1064 sacris
3407 1010 3526 1065 vult
3554 1012 3776 1078 imbui,

336 1100 430 1156 sed
459 1097 629 1156 habet
659 1098 984 1155 hierarchas
1012 1102 1170 1154 tanta
1199 1098 1508 1154 eruditione
1537 1096 1853 1168 refertos,ul
1882 1111 2070 1152 eorum
2100 1096 2289 1152 domus
2319 1091 2641 1149 διδασκλεῐα
2669 1097 2780 1152 esie
2807 1097 3045 1168 possint.
3087 1098 3282 1154 Verum
3311 1101 3465 1156 enim
3506 1117 3642 1156 vero
3671 1117 3782 1156 su-

332 1201 490 1264 perat
519 1207 705 1248 omnes
735 1191 836 1246 hac
860 1189 1046 1257 laude,
1080 1191 1338 1260 ultraque
1362 1188 1649 1260 Memphim
1681 1189 1862 1258 ipsum
1893 1190 1969 1242 est
1996 1188 2305 1243 Carnutum
2353 1189 2569 1254 civitas,
2616 1203 2710 1242 seu
2754 1185 2821 1240 τὰ
2869 1183 3062 1256 πάλαι,
3113 1203 3209 1244 seu
3254 1192 3467 1246 seriora
3517 1194 3780 1263 tempora

332 1281 764 1337 consideremus.
798 1280 917 1335 Illic
945 1279 1103 1335 sedes
1134 1278 1408 1351 quondam
1433 1272 1818 1350 ἱεροθεολόγον
1848 1295 1862 1346 ;
1893 1277 2016 1332 illic
2042 1278 2279 1347 floruere
2308 1277 2594 1345 pra’sules,
2641 1277 2871 1348 pietate,
2900 1279 2950 1333 et
2991 1277 3243 1336 doctrina
3296 1279 3450 1351 longe
3495 1282 3772 1337 maximi.

340 1373 516 1427 Testes
547 1369 709 1436 hujus
737 1370 822 1424 rei
849 1367 1158 1434 Fulbertus,
1212 1365 1557 1440 Gauﬁ'ridus,
1591 1374 1642 1422 et
1691 1367 1925 1422 Joannes
1975 1365 2426 1434 Saresberiensis,
2461 1366 2671 1436 aliique
2715 1365 2935 1437 quibus,
2957 1366 3042 1422 vel
3089 1367 3265 1438 Opera
3293 1367 3464 1438 edita,
3495 1369 3581 1424 vel
3610 1370 3773 1427 obita

337 1461 555 1528 munia,
583 1459 670 1515 vel
698 1461 950 1514 auctores
979 1457 1324 1513 celeberrimi
1353 1455 1516 1526 ﬁdem
1543 1456 1788 1526 faciunt.
1825 1456 1992 1510 Testis
2017 1471 2093 1526 es,
2121 1455 2477 1527 ipse,Praesul
2507 1455 3252 1528 sapientissime,postremus
3281 1460 3552 1527 omnium,
3582 1464 3638 1515 et
3669 1465 3772 1515 ta-

337 1567 462 1607 men
494 1548 725 1621 aqualis
753 1565 772 1602 :
803 1562 987 1603 omnes
1017 1554 1080 1602 ut
1102 1547 1346 1618 majores
1372 1550 1492 1602 tuos
1516 1546 1814 1613 reveritus,
1835 1560 1934 1601 nec
1963 1545 2077 1600 illis
2104 1546 2288 1601 minor
2306 1562 2327 1608 ;
2357 1546 2598 1600 multum
2624 1549 2754 1601 ante
2783 1546 3098 1618 episcopatu
3127 1546 3325 1619 dignus
3353 1564 3519 1618 quam
3547 1551 3770 1620 episco-

335 1656 462 1713 pus.
496 1639 831 1693 Litterarum
857 1638 1046 1692 omnia
1068 1634 1262 1691 decora
1291 1634 1512 1704 habens,
1547 1637 1596 1690 et
1619 1635 1870 1706 ipsarum
1897 1633 2099 1700 decus;
2127 1650 2297 1690 sacrm
2323 1650 2394 1690 ac
2438 1635 2772 1691 venerandae
2820 1635 3100 1706 theologia
3146 1636 3425 1704 alumnus,
3456 1645 3506 1692 et
3532 1654 3768 1709 parens.

338 1730 400 1785 Te
431 1727 625 1784 multa?
653 1728 916 1797 optarunt
948 1723 1238 1790 Ecclesia,
1267 1725 1368 1781 sed
1395 1740 1460 1780 ea
1488 1725 1623 1780 vicit
1654 1740 1771 1795 qum
1801 1725 2018 1780 vincere
2048 1722 2277 1786 debuit;
2303 1730 2356 1779 et
2383 1740 2507 1779 cum
2553 1740 2728 1779 unum
2752 1740 2817 1779 ac
2855 1724 3110 1782 eumdem
3154 1726 3348 1796 plures
3394 1727 3596 1783 habere
3644 1745 3768 1784 non

328 1817 560 1889 possint,
591 1813 736 1887 quod
761 1817 1014 1885 possunt,
1043 1820 1234 1884 optant
1263 1814 1526 1868 similem.
1559 1813 1768 1869 Felices
1819 1812 2116 1870 academiw
2161 1829 2281 1885 qum
2326 1814 2583 1869 Ecclesiis
2628 1815 2913 1884 principes
2959 1815 3284 1886 conferunt!
3317 1816 3524 1872 Felices
3574 1817 3770 1874 Eccle-

335 1907 434 1961 sia:
466 1921 587 1977 quae
617 1905 687 1959 ab
715 1903 1031 1959 academiis
1060 1904 1256 1959 Patres
1287 1904 1568 1973 accipiunt
1593 1907 1611 1957 !
1640 1905 1723 1958 An
1756 1904 1923 1958 tantis
1955 1903 2261 1959 Carnutum
2300 1902 2650 1974 pontiﬁcibus
2677 1920 2709 1958 a
2740 1919 2826 1960 me
2873 1906 3174 1973 accenseri,
3209 1906 3391 1977 iisque
3421 1909 3773 1979 comparari,

331 2011 474 2066 aegre
504 1996 609 2050 tibi
635 1994 754 2050 est?
784 1994 1070 2050 Modestiae
1099 1997 1214 2049 tua?
1236 2008 1446 2048 morem
1475 2008 1664 2062 geram
1689 2009 1702 2058 ;
1733 1994 1890 2048 venio
1918 1993 1994 2047 ad
2021 1993 2256 2048 alterum
2287 2009 2306 2047 :
2335 2008 2530 2048 vereor
2553 1996 2741 2048 tamen
2773 2009 2843 2048 ne
2871 1993 3058 2049 adhuc
3111 1995 3186 2050 de
3232 2000 3287 2050 te
3343 1994 3500 2068 loqui
3545 1996 3771 2053 videar.

340 2085 506 2141 Testis
527 2087 630 2150 est,
657 2082 750 2138 sed
777 2083 928 2138 omni
956 2083 1272 2152 exceptione
1299 2082 1497 2152 major,
1529 2083 1616 2137 lvo
1646 2098 1810 2152 quem
1860 2082 1949 2136 hic
1976 2081 2300 2137 exhibemus
2326 2099 2344 2135 :
2375 2081 2534 2153 cujus
2581 2081 2831 2138 doctrina
2860 2082 3010 2138 nihil
3058 2082 3313 2153 solidius,
3350 2083 3507 2155 cujus
3552 2087 3774 2153 pietate

329 2173 480 2228 nihil
507 2173 796 2238 sincerius,
828 2172 985 2242 cujus
1016 2173 1206 2225 animo
1233 2170 1380 2225 nihil
1407 2170 1589 2240 majus
1618 2185 1683 2224 ac
1709 2172 1912 2240 fortius
1941 2186 2056 2225 esse
2079 2171 2282 2241 potuit.
2317 2174 2553 2241 Quaerat
2571 2175 2717 2241 forte
2749 2171 2951 2241 aliquis
2980 2171 3113 2242 quid
3140 2175 3352 2229 noverit
3379 2173 3622 2231 POmnia
3639 2191 3773 2246 qua

332 2261 650 2334 pontiﬁcem
679 2262 826 2316 scire
870 2261 1128 2330 oportuit.
1161 2261 1243 2314 Ita
1289 2264 1544 2325 Patrum,
1578 2259 1962 2328 conciliorum,
2011 2275 2302 2325 canonum,
2352 2260 2812 2314 consuetudinum
2864 2263 3108 2332 peritus,
3138 2270 3199 2317 ut
3241 2263 3326 2318 his
3377 2266 3504 2320 unis
3530 2274 3769 2336 pugnet,

338 2353 458 2409 haec
485 2351 606 2407 sola
634 2352 753 2422 fere
786 2350 1046 2420 loquatur
1074 2353 1125 2404 et
1152 2348 1378 2404 scribat.
1413 2350 1638 2417 Quaerat
1666 2348 1823 2418 cujus
1850 2349 2117 2404 virtutis?
2147 2350 2405 2420 Antiquae
2423 2365 2655 2420 prorsus
2684 2357 2736 2405 et
2782 2351 3095 2417 canonicse,
3130 2367 3297 2424 quam
3343 2368 3472 2408 cum
3510 2356 3768 2410 maximo

333 2439 572 2496 candore
603 2440 790 2509 coluit,
825 2443 879 2494 et
907 2437 1213 2493 candidatis
1237 2441 1358 2508 ejus
1385 2437 1766 2506 efﬁcacissime
1791 2436 2081 2506 persuasit.
2116 2437 2337 2505 Quwrat
2383 2439 2536 2508 cujus
2583 2438 2953 2508 fortitudinis,
2988 2454 3114 2509 qua
3140 2442 3392 2497 crimina
3421 2442 3762 2513 debellaret,

333 2533 505 2585 etiam
535 2530 691 2598 regia
714 2548 735 2596 ,-
762 2542 889 2600 quae
916 2527 1165 2583 homines
1193 2527 1264 2582 ad
1292 2527 1531 2582 meliora
1560 2529 1970 2598 cogeret,etiam
1998 2529 2281 2598 principes
2299 2543 2322 2588 ;
2342 2541 2467 2596 qua
2497 2528 2742 2583 imbelles
2773 2543 2838 2582 ac
2867 2529 3220 2584 meticulosos
3253 2532 3554 2600 animaret,
3583 2537 3763 2587 etiam

324 2620 630 2692 pontiﬁces.
669 2619 824 2673 Hunc
852 2617 1055 2684 virum,
1089 2633 1123 2670 a
1154 2616 1268 2671 suis
1301 2616 1524 2672 tandem
1553 2625 1602 2672 et
1635 2617 1746 2671 tuis
1773 2617 1942 2671 simul
1972 2615 2282 2672 redivivum
2313 2616 2584 2687 effectum,
2628 2619 2857 2672 cuinam
2905 2618 3155 2673 dicatum
3205 2619 3442 2690 oportuit
3471 2637 3638 2691 quam
3667 2621 3768 2677 illi

322 2711 417 2781 qui
446 2709 834 2764 auctoritatem
862 2707 981 2774 eius
1009 2713 1060 2761 et
1089 2721 1265 2761 mores
1292 2721 1391 2776 per
1418 2721 1531 2761 sese
1560 2707 1885 2761 reviviscere
1903 2707 2040 2776 facit
2065 2709 2086 2760 Ρ
2111 2706 2307 2761 Munus
2335 2707 2456 2778 hoc,
2488 2707 2706 2779 opinor,
2735 2723 2847 2763 non
2900 2707 3188 2779 despicies,
3221 2709 3352 2780 quia
3403 2711 3670 2779 continet,
3703 2715 3761 2768 et

321 2811 427 2867 quo
456 2796 586 2850 aliis
615 2793 908 2865 praecellis,
939 2809 1214 2848 summam
1244 2792 1614 2848 eruditionem
1636 2810 1654 2846 :
1677 2796 1728 2848 et
1759 2793 1898 2865 quod
1924 2794 2235 2864 plurimum
2261 2793 2472 2865 diligis,
2505 2809 2784 2851 canonum
2830 2795 3299 2866 observationem;
3333 2801 3386 2853 et
3429 2798 3570 2868 quod
3595 2801 3752 2856 serio

319 2884 686 2956 amplecteris,
718 2880 1095 2938 Ecclesiarum
1124 2897 1322 2937 curam
1367 2885 1418 2936 et
1445 2881 1912 2938 sollicitudinem:
1941 2887 1994 2937 et
2021 2883 2161 2954 quod
2192 2884 2450 2940 omnibus
2478 2900 2588 2956 qua
2638 2886 2818 2952 verba,
2851 2901 2962 2956 qua
3011 2901 3171 2958 opere
3215 2887 3436 2955 suades,
3464 2890 3756 2959 pietatem,

317 2982 370 3031 et
399 2972 758 3045 amplissimae
785 2973 1004 3027 virtutis
1028 2987 1208 3026 usum.
1243 2971 1490 3026 Medium
1519 2980 1569 3026 te
1605 2973 1751 3027 inter
1777 2972 1944 3027 Deum
1974 2981 2026 3028 et
2057 2971 2307 3028 homines
2336 2976 2698 3030 constitutum
2745 2975 3116 3046 agnoscimus,
3150 2975 3385 3030 illorum
3435 2973 3758 3053 ὁμόφωνον,

320 3067 371 3120 et
403 3062 613 3118 idcirco
641 3076 740 3133 per
770 3068 820 3117 te
848 3058 1180 3135 χαριστήρια
1208 3062 1398 3115 nostra
1427 3060 1532 3116 Deo
1561 3060 1866 3132 offerimus,
1899 3062 2088 3117 Ivonis
2115 3077 2308 3133 nempe
2334 3062 2582 3133 sudores,
2610 3061 2863 3134 vigilias,
2895 3065 3130 3133 labores,
3172 3065 3396 3137 pridem
3443 3066 3550 3122 Deo
3580 3065 3756 3123 dedi-

319 3155 422 3223 tos,
453 3159 505 3208 et
532 3167 666 3223 quos
695 3167 844 3206 nunc
871 3166 909 3206 a
936 3149 1096 3206 nobis
1123 3164 1221 3204 suo
1242 3149 1375 3221 jure
1405 3151 1653 3220 reposcit.
1673 3149 1852 3206 Habes
1881 3149 2022 3220 quod
2052 3151 2244 3207 invitet
2271 3167 2372 3207 nos
2400 3160 2451 3209 et
2479 3151 2712 3220 alliciat,
2745 3162 2806 3208 ut
2837 3152 2982 3209 hanc
3009 3170 3043 3208 a
3067 3156 3121 3209 te
3151 3169 3373 3226 operam
3403 3158 3748 3226 exoptemus.

318 3241 575 3298 Solemne
600 3242 713 3312 fuit
739 3238 1118 3296 sacerdotibus
1147 3239 1397 3308 antiquis
1426 3237 1649 3294 deorum
1681 3254 1907 3294 suorum
1938 3239 2186 3308 insignia
2214 3241 2323 3295 sibi
2351 3241 2654 3308 vindicare,
2685 3257 2880 3310 arcus,
2911 3243 3093 3311 vittas,
3125 3245 3749 3314 sceptra,framcas,ra-

320 3331 460 3402 dios,
488 3334 539 3386 et
567 3333 620 3386 si
647 3344 774 3402 qua
800 3329 944 3397 alia,
976 3328 1172 3400 quibus
1199 3330 1608 3384 venerationem
1637 3327 1973 3400 populorum
1999 3328 2108 3384 sibi
2133 3329 2510 3386 conciliarent.
2543 3331 2643 3386 Dei
2669 3331 2862 3401 magni
2891 3332 3165 3386 nascentis
3192 3347 3264 3387 ex
3309 3331 3530 3403 Virgine
3555 3349 3745 3388 sacer-

322 3422 421 3477 dos
449 3423 658 3492 factus,
690 3418 963 3489 quodnam
991 3417 1059 3473 ab
1093 3419 1206 3489 ipso
1235 3417 1459 3473 habebis
1491 3417 1751 3488 insigne?
1779 3419 1897 3474 Non
1926 3418 2045 3474 illic
2070 3419 2338 3488 fulmina,
2372 3435 2479 3474 non
2516 3423 2768 3490 frameae,
2817 3435 2928 3476 non
2969 3421 3206 3492 spicula,
3255 3436 3381 3493 quae
3426 3421 3531 3477 tibi
3577 3438 3742 3479 assu-

325 3525 471 3565 mas.
506 3509 612 3563 Lac
637 3511 859 3563 tantum
887 3515 966 3563 est
995 3507 1137 3579 quod
1166 3507 1232 3561 ab
1263 3508 1380 3577 ﬁlio
1404 3507 1645 3577 sugitur,
1679 3524 1719 3562 a
1748 3514 1924 3562 matre
1950 3506 2505 3578 sufﬁcitur.3ymboti
2532 3509 2688 3565 illius
2716 3517 2928 3581 partem
2957 3511 3019 3565 in
3048 3511 3205 3566 nobis
3234 3511 3589 3580 conﬁrmavit
3613 3515 3734 3579 lvo,

320 3613 515 3670 nempe
542 3596 850 3653 candorem.
888 3595 1238 3666 Conﬁrmasti
1267 3600 1319 3651 et
1349 3603 1406 3651 tu
1436 3597 1550 3667 ipse
1579 3597 1750 3651 etiam
1779 3596 2170 3651 canonicorum
2199 3597 2548 3666 regularium
2577 3597 2744 3653 abbas
2767 3619 2786 3666 ;
2817 3599 3119 3656 observatio
3148 3600 3300 3655 enim
3325 3601 3596 3655 canonica
3628 3601 3736 3657 Ca-

319 3689 638 3744 talaunensi
664 3688 910 3743 omnium
939 3689 1252 3741 sanctorum
1284 3685 1615 3740 monasterio
1645 3689 1918 3754 restituta,
1952 3685 2054 3740 tibi
2081 3693 2138 3741 et
2165 3684 2557 3742 sollicitationi
2586 3694 2698 3744 tua?
2729 3689 2922 3744 omnia
2950 3688 3124 3757 debet,
3155 3705 3228 3744 ne
3256 3688 3340 3744 vel
3369 3688 3470 3743 hac
3500 3691 3560 3743 in
3588 3705 3650 3745 re
3681 3694 3738 3746 te

313 3775 474 3832 Ivoni
503 3775 815 3831 absimilem
844 3774 1027 3830 dicere
1051 3775 1344 3845 possimus.
1368 3772 1725 3828 Dulcedinem
1753 3789 1877 3829 vero
1909 3773 2069 3828 lactis
2098 3774 2209 3828 sibi
2259 3778 2609 3830 reservarunt
2637 3777 2896 3847 episcopi.
2930 3778 3042 3833 Hac
3071 3794 3181 3832 una
3221 3778 3393 3847 nixis,
3425 3778 3635 3833 Praesul
3668 3780 3742 3834 il-

317 3865 668 3935 lustrissime,
697 3881 864 3919 ausus
893 3880 1015 3918 sum
1043 3872 1139 3918 tua
1171 3863 1372 3918 limina
1401 3861 1676 3932 accedere,
1709 3866 1761 3918 et
1784 3864 2175 3920 canonicorum
2203 3865 2552 3935 regularium
2579 3865 2676 3937 qui
2703 3873 2800 3921 tua
2830 3867 2890 3920 in
2918 3865 3129 3921 ditione
3176 3873 3326 3934 sunt,
3357 3866 3602 3936 nomine,
3629 3883 3735 3923 no-

309 3955 455 4011 mini
474 3958 567 4010 tuo
596 3954 696 4009 hoc
726 3954 906 4025 operis
934 3967 1270 4009 consecrare.

383 4043 784 4102 Illustrissimw
812 4040 1207 4098 dominationis
1236 4044 1370 4107 tuae,

2336 4132 2694 4190 Humillimus
2723 4142 2776 4191 et
2811 4135 3230 4194 addictissimus

2545 4223 2688 4280 F.-J.
2721 4224 2974 4297 Faon'ro,

2228 4309 2536 4368 Canonicus
2562 4314 2738 4385 regul.
2773 4314 2827 4371 S.
2863 4314 3152 4388 Genava/ae
3181 4317 3365 4374 Paris.

376 4398 490 4472 (15)
519 4395 848 4454 Jamblious
878 4396 959 4451 De
987 4395 1122 4452 Vita
1150 4396 1394 4470 Pythag.
1429 4397 1531 4454 lib.
1566 4415 1606 4469 1,
1639 4414 1690 4454 ο.
1718 4397 1774 4453 2.

303 4563 3712 4590 m

1507 4695 1790 4788 VITA
1855 4695 1963 4791 D.
2034 4696 2339 4797 IVON
2348 4699 2495 4794 IS.

366 4902 524 4960 Inter
553 4919 650 4959 eos
682 4901 783 4975 qui
831 4899 1020 4957 lvonis
1075 4900 1310 4957 nomine
1338 4900 1394 4956 in
1443 4901 1632 4958 Gallia
1669 4903 1946 4976 appellati
2055 4910 2669 4980 versatus,Lani‘ranco
2700 4910 2937 4968 doctore
2965 4912 3174 4969 abbate
3206 4913 3718 4971 Beccensitheolo-

295 4999 456 5061 sunt,
490 4992 660 5064 longe
690 4991 967 5048 omnibus
999 4989 1271 5046 excelluit
1302 4994 1396 5046 Ivo
1425 4992 1943 5049 Carnotensis.Hic
2053 4995 2158 5068 giae
2186 5015 2361 5053 sacrae
2411 5015 2648 5070 operam
2696 4998 2860 5054 dedit
2911 4999 2970 5055 in
3022 5000 3382 5057 monasterio
3417 5001 3715 5073 Beccensi,

291 5084 352 5138 in
384 5099 523 5155 agro
556 5079 946 5137 Bellovacensi
979 5079 1362 5148 natue,nobili
1395 5097 1428 5136 a
1456 5083 1744 5154 sanguine
1775 5083 1942 5138 nobi—
2052 5101 2228 5158 quam
2262 5092 2318 5142 et
2356 5087 2480 5159 ipse
2527 5087 2748 5159 docuit,
2779 5091 2946 5144 aetate
2979 5087 3165 5146 factus
3216 5089 3546 5163 provectior
3573 5089 3712 5159 (17).

288 5172 404 5230 lem
436 5171 703 5228 animum
734 5168 910 5224 traxit
927 5168 1296 5238 (16).Patrem
1320 5167 1528 5225 habuit
1549 5170 1850 5242 Hugonem
1869 5172 1940 5227 de
2049 5175 2193 5232 Cum
2209 5181 2405 5232 autem
2420 5177 2570 5234 serio
2596 5177 2830 5233 Patrum
2851 5178 3168 5235 concilioru
3181 5178 3604 5252 mquelectioni
3620 5179 3712 5234 in-

287 5261 600 5336 Altoylo,et
620 5263 867 5315 matrem
894 5256 1316 5328 Hilemburgim
1339 5258 1938 5317 dictam.Adolescens
2049 5264 2368 5334 cumberet,
2401 5271 2458 5321 et
2478 5282 2508 5321 θ
2531 5265 2777 5321 diversis
2800 5267 3034 5323 decreta
3064 5268 3467 5324 ecclesiastica.
3495 5283 3712 5341 conge-

283 5351 496 5409 litteris
518 5346 972 5406 humanioribus
992 5345 1461 5418 imbutus,atque
1483 5348 1543 5403 in
1567 5348 1939 5422 philosophia
2047 5357 2218 5422 reret,
2250 5353 2584 5427 indignanti
2617 5355 2774 5425 quod
2806 5354 2988 5411 tantis
3021 5355 3344 5414 intervallis
3368 5357 3648 5415 obessent
3675 5375 3712 5415 δ

355 5512 466 5625 (16ξ
497 5513 558 5567 In
590 5512 984 5569 instrumento
1007 5508 1251 5581 antiquo
1283 5509 1610 5575 S.Quintini
1641 5510 1932 5569 Bellovac.
2044 5531 2244 5570 nuscr.
2277 5515 2338 5571 in
2370 5515 2728 5572 monasterio
2757 5519 2814 5574 S.
2845 5515 3090 5576 Joannis
3122 5519 3198 5575 de
3223 5518 3407 5576 Jardo
3435 5517 3704 5577 canonic.

355 5584 442 5625 H7
497 5583 772 5625 Mucia-itm-
802 5583 1004 5625 patrna
1053 5586 1264 5625 ﬂaninr
1310 5582 1366 5625 in
1401 5599 1630 5625 gnmmn
1668 5600 1771 5625 mm
1806 5600 1931 5625 mn-
2045 5602 2142 5625 ma

350 5583 465 5657 (17}
497 5583 772 5658 Magister
799 5583 1004 5642 Petrus
1053 5586 1264 5640 Cantor
1310 5583 1370 5640 in
1399 5599 1637 5641 summa
1667 5600 1777 5642 sua
1803 5600 1931 5643 ma-
2045 5602 2163 5658 reg.
