3928 6038
163 288 233 342 13
1598 286 2158 341 PROLEGOMENA.
3519 291 3586 349 M

157 427 393 467 canone
422 427 530 466 suo
561 408 848 478 canonici,
871 412 1248 467 commodum
1271 412 1459 467 adfuit
1481 410 1667 467 Guido
1693 411 1817 464 Bel-
1848 409 1902 476 Α
1932 409 2115 466 electo
2147 427 2358 465 manus
2382 411 2680 480 imponere
2704 409 2905 475 voluit,
2939 411 3012 464 ob
3054 411 3109 465 id
3134 415 3287 483 quod
3318 415 3374 469 in
3405 416 3585 486 depo-

159 500 523 557 lovacensis.
541 499 643 553 Hic
665 499 962 570 quondam
985 502 1254 573 Augusta)
1276 501 1823 557 Veromanduorum

161 593 221 646 in
257 590 529 646 ecclesia.
561 594 616 644 S.
641 588 905 652 Quintini
927 589 1604 663 decanus,Caasaromagi
1634 589 1823 645 Bello-

162 695 449 736 vacorum
514 679 702 733 factus
751 678 1083 750 episcopus,
1133 681 1192 736 in
1243 681 1584 737 memoriam
1638 678 1824 734 sancti

164 769 441 833 Quintini
457 767 883 823 monasterium
900 769 1670 840 construxit,concessisque
1686 785 1825 838 prrs-

167 858 286 914 diis
311 857 630 913 canonicos
653 855 777 911 illic
800 859 1106 913 constituit
1129 876 1198 913 an
1225 860 1381 913 1078.
1401 860 1500 913 His
1521 859 1827 930 praefectus

173 949 268 1003 lvo
286 945 716 1002 monasterium
750 945 1007 1016 paternis
1044 948 1516 1019 possessionibus
1556 947 1737 1012 auxit,
1773 950 1828 1000 et

174 1053 288 1107 quo
309 1035 453 1090 illud
479 1039 638 1090 omni
664 1035 1014 1105 opejuvaret
1032 1036 1491 1108 secum,legibus
1507 1038 1577 1091 ad
1604 1037 1661 1089 id
1686 1052 1791 1090 con
1807 1065 1824 1074 -

171 1127 316 1181 ditis
347 1126 525 1180 vitam
557 1123 887 1195 regularem
913 1124 1132 1195 intulit,
1166 1126 1253 1180 vir
1274 1143 1564 1181 canonum
1591 1125 1824 1196 peritis-

174 1215 393 1282 simus,
425 1219 710 1268 eteorum
752 1214 1176 1270 observationis
1209 1215 1405 1270 studio
1438 1214 1825 1284 ﬂagrantissi-

175 1301 523 1356 mus.Erant
540 1299 913 1370 quidemjam
930 1301 1068 1356 olim
1093 1304 1356 1357 canonici
1382 1303 1680 1374 regulares
1700 1320 1831 1374 pas-

175 1390 292 1445 sim
321 1390 380 1444 in
407 1389 616 1450 Gallia.
637 1394 812 1460 atque
834 1390 893 1444 in
924 1390 1056 1446 aliis
1082 1392 1415 1463 provinciis.
1449 1393 1558 1447 Diu
1581 1397 1671 1447 est
1694 1409 1826 1446 cum

173 1479 639 1550 Chrodegandus
662 1478 774 1550 (18)
828 1480 1184 1550 peculiarem
1206 1482 1563 1537 Metensibus
1587 1483 1710 1537 suis
1733 1498 1827 1536 ca-

174 1569 409 1624 nonicis
469 1567 730 1638 regulam
789 1569 1158 1641 conscripsit.
1223 1572 1283 1625 In
1345 1571 1588 1626 concilio
1632 1575 1826 1626 autem

171 1658 643 1730 Aquisgranensi
710 1658 986 1715 omnibus
1027 1659 1289 1731 regulam
1336 1661 1662 1716 Ludovicus
1694 1661 1826 1731 pius

171 1748 468 1804 edendam
495 1749 743 1816 curavit,
769 1763 946 1818 Opera
969 1748 1242 1804 Amalarii
1266 1749 1518 1817 diaconi,
1551 1750 1828 1821 misitque

175 1838 233 1890 in
267 1836 539 1908 singulas
589 1835 920 1906 provincias
971 1838 1395 1893 observandam
1431 1840 1558 1907 (19).
1596 1841 1658 1893 In
1691 1855 1830 1910 qua,

174 1927 504 1981 maximam
541 1929 790 1996 partem,
815 1926 1225 1998 Chrodegangi
1259 1928 1459 1999 regula
1480 1929 1832 1990 continetur,

176 2013 396 2069 Verum
415 2013 585 2084 lapsu
607 2014 888 2084 temporis
900 2030 1035 2069 cum
1052 2015 1310 2071 relaxata
1323 2021 1477 2071 esset
1497 2016 1832 2088 disciplina,

176 2104 228 2159 ei
264 2104 461 2158 denuo
493 2103 891 2158 instaurandis
927 2104 1095 2158 multi
1141 2106 1502 2173 laborarunt,
1532 2107 1586 2160 in
1622 2107 1836 2177 quibus

179 2193 380 2249 lvonis
412 2208 591 2263 opera
639 2209 754 2263 prae
805 2195 1031 2248 cunctis
1060 2194 1349 2249 excelluit.
1382 2196 1444 2249 In
1479 2195 1832 2250 monasterio

181 2283 466 2354 praedicto
499 2281 731 2353 prefuit
750 2299 935 2337 annos
968 2284 1101 2354 plus
1124 2284 1322 2340 minus
1351 2302 1464 2352 xw,
1487 2285 1660 2340 modo
1689 2302 1832 2357 pra:-

181 2373 340 2427 latus
364 2373 588 2441 ejus,ut
607 2371 665 2425 in
692 2370 995 2442 privilegio
1018 2373 1268 2444 Philippi
1291 2374 1468 2446 regis;
1497 2375 1670 2429 modo
1695 2391 1834 2446 prie-

183 2461 443 2532 positus,
467 2464 532 2514 ut
558 2459 618 2514 in
668 2459 830 2516 bulla
864 2461 1128 2532 Gregorii
1166 2462 1297 2526 VII;
1330 2463 1502 2518 modo
1535 2463 1736 2531 abbas,
1772 2467 1834 2518 ut

183 2550 403 2621 sapius
436 2549 629 2604 dictus
662 2565 674 2603 :
712 2548 806 2605 hic
851 2550 1052 2621 procul
1101 2551 1280 2606 dubio
1311 2554 1452 2607 dum
1487 2556 1685 2607 sancto
1717 2553 1832 2607 otio

183 2638 400 2694 fruitur
430 2636 835 2694 collectionem
858 2655 1147 2694 canonum
1173 2639 1513 2711 fecit,quam
1539 2646 1742 2712 postea
1771 2641 1829 2695 in

182 2726 583 2798 conpendium
625 2726 790 2798 Hugo
841 2725 1283 2784 Catalaunensis
1323 2730 1435 2800 (20)
1476 2729 1741 2799 contulit,
1777 2733 1830 2784 et

182 2814 570 2870 Pannomiam
616 2814 735 2869 sive
785 2817 1198 2873 Pannormiam
1256 2817 1499 2872 vocavit.
1553 2818 1832 2874 Praeterea

184 2904 542 2975 theologiam
575 2904 774 2960 docuit
806 2922 818 2960 :
854 2906 1035 2960 moris
1068 2906 1223 2962 enim
1257 2907 1366 2961 fuit
1397 2911 1535 2961 tunc
1567 2911 1630 2962 ut
1652 2924 1831 2964 sacra:

181 2993 496 3066 theologia
527 2994 727 3049 studia
758 2994 815 3049 in
850 2997 1223 3051 monasteriis
1256 2997 1509 3052 maxime
1533 2995 1825 3069 vigerent:

182 3100 373 3154 neque
397 3082 454 3137 id
480 3083 676 3138 oneris
695 3083 936 3139 abbates
977 3085 1123 3155 ipsis
1147 3086 1640 3141 monasteriorum
1663 3087 1828 3141 defu-

177 3176 406 3244 gerunt,
444 3177 658 3227 utante
677 3172 933 3228 vidimus
979 3173 1040 3228 in
1062 3174 1405 3241 Lanfranco,
1432 3176 1526 3229 hic
1572 3175 1630 3230 in
1655 3175 1825 3230 Ivone
1858 3151 1898 3217 (ἶ

181 3265 400 3316 nostro.
429 3261 546 3316 Hoc
570 3266 766 3317 autem
811 3263 1072 3318 muneris
1095 3265 1248 3335 quod
1274 3263 1583 3320 defunctus
1614 3269 1702 3320 est
1735 3265 1826 3320 lvo

179 3350 235 3404 in
267 3367 449 3404 causa
480 3350 592 3404 fuit
610 3368 713 3405 cur
742 3351 799 3406 in
833 3351 1266 3422 antiquissimis
1285 3355 1677 3409 monumentis
1701 3371 1826 3408 ma-

177 3440 360 3510 gister
389 3444 448 3494 et
481 3440 685 3496 doctor
714 3440 1253 3513 appelletur.Tanta
1275 3444 1381 3499 fuit
1404 3448 1599 3499 autem
1625 3461 1826 3498 mona-

177 3528 517 3584 steriiillius
539 3534 594 3584 et
617 3530 808 3585 Ivonis
832 3531 1019 3602 ipsius
1047 3532 1281 3603 pietatis
1313 3551 1378 3588 ac
1395 3533 1690 3588 canonicm
1723 3535 1827 3588 ob-

179 3618 526 3674 servationis
560 3619 712 3674 fama
740 3621 875 3691 (21),
911 3625 974 3674 ut
1012 3621 1200 3676 multa
1231 3621 1586 3679 monasteria
1626 3623 1827 3678 accitis

179 3706 313 3762 inde
337 3707 640 3762 canonicis
662 3713 764 3763 aut
785 3709 1090 3778 aediﬁcata,
1115 3715 1216 3765 aut
1241 3711 1569 3767 instaurata
1589 3712 1824 3777 fuerint,

177 3796 396 3851 otexiis
413 3796 671 3852 celebres
686 3797 953 3870 aliquiad
996 3799 1397 3872 episcopatum
1415 3807 1823 3872 pervenerunt.

184 3888 407 3942 Interea
426 3901 622 3941 rerum
649 3888 890 3943 sedebat
911 3888 966 3942 id
986 3890 1266 3960 temporis
1297 3891 1535 3946 Aictrici
1556 3892 1664 3963 (22)
1687 3892 1822 3945 Car-

185 3981 390 4030 nutum
414 3975 756 4044 Gaufridus,
780 3993 954 4048 quem
975 3995 1107 4033 cum
1134 3980 1356 4050 pridem
1383 3981 1695 4053 Gregorius
1728 3981 1824 4035 VII

185 4064 429 4120 Romam
453 4065 718 4120 simoniae
746 4067 1330 4139 accersivisset,quod
1357 4071 1628 4126 deessent
1649 4075 1826 4125 testes

185 4154 253 4207 ad
293 4158 518 4208 tantam
553 4171 675 4209 rem
719 4158 1241 4229 comprobandam,
1273 4159 1590 4215 remissum
1625 4162 1822 4215 sedem

183 4242 440 4297 obtinere
474 4244 765 4313 permisit.
791 4244 1008 4301 Verum
1032 4248 1306 4302 Urbanus
1330 4249 1401 4317 Il,
1424 4248 1581 4303 hunc
1612 4249 1824 4304 iterum

180 4331 287 4385 sibi
310 4331 850 4401 delatum,tandem
877 4335 1079 4390 multis
1103 4335 1452 4392 criminibus
1475 4338 1822 4407 convictum,

181 4421 313 4476 sede
335 4438 447 4476 sua
469 4423 666 4489 movit,
713 4429 769 4477 et
801 4425 953 4494 apud
981 4424 1202 4480 clerum
1254 4425 1656 4498 populumque
1696 4427 1826 4481 Car-

1934 499 2142 554 sitione
2163 499 2445 555 Gaul‘fridi
2471 504 2672 554 contra
2687 500 2787 568 jus
2811 516 2984 555 suum
3005 504 3204 556 actum
3221 502 3584 574 diceret,quo

1933 589 2004 643 ad
2029 605 2089 642 se
2112 589 2394 659 pertinuit
2415 591 2695 658 tanquam
2712 588 2782 641 ad
2804 588 3136 658 proximum
3153 590 3580 659 judicem,eau-

1935 693 2056 732 sam
2091 679 2217 747 ejus
2240 678 2579 749 dignoscere
2602 681 2658 731 et
2697 677 2961 746 judicare
3000 678 3128 748 (24).
3160 679 3287 750 Egit
3315 679 3411 733 diu
3459 695 3586 751 pre-

1935 765 2102 822 cibus
2117 765 2702 822 etsollicitationibus
2715 767 2868 836 apud
2886 767 3080 837 ipsum
3103 766 3294 822 clerus
3313 769 3590 840 populus-

1937 872 2048 926 que
2073 856 2420 924 Carnutum,
2445 856 2543 910 sed
2571 855 2790 910 frustra
2835 871 2896 909 se
2919 872 3047 911 esse
3089 857 3314 926 videns,
3366 858 3503 912 facit
3526 863 3590 913 ut

1936 944 2030 998 lvo
2059 945 2359 1000 Urbanum
2395 943 2704 999 conveniat
2737 943 2939 998 :etille
2959 945 3014 998 in
3043 944 3270 1000 Italiam
3299 947 3592 1018 profectus

1937 1034 2133 1088 animo
2164 1050 2222 1088 se
2245 1034 2317 1087 ab
2341 1033 2457 1088 illis
2483 1033 2881 1088 diliculatibus
2902 1033 3210 1100 liberandi,
3249 1035 3447 1091 volens
3482 1053 3583 1091 no-

1935 1122 2059 1176 lens
2086 1123 2156 1176 ab
2189 1139 2254 1177 eo
2287 1120 2630 1194 χειροθεσὶαν
2659 1126 2864 1192 Capuae
2891 1123 3126 1178 ﬁniente
3164 1140 3315 1178 anno
3341 1125 3480 1178 1092
3509 1142 3588 1180 re-

1937 1211 2238 1282 cepitinde
2257 1228 2462 1281 graves
2486 1211 2789 1265 discordias
2814 1211 3005 1279 ipsum
3029 1211 3181 1266 inter
3205 1219 3260 1267 et
3285 1214 3588 1284 praedictos

1937 1302 2267 1371 episcopos,
2313 1301 2407 1370 qui
2437 1301 2644 1354 factam
2675 1300 2968 1369 majestati
3011 1302 3164 1371 regis
3191 1302 3489 1370 injuriam,
3527 1309 3585 1358 et

1931 1391 2068 1459 jura
2115 1389 2308 1444 Galliae
2341 1391 2413 1444 ab
2438 1391 2608 1444 Ivone
2640 1389 2852 1445 violata
2876 1391 3295 1446 contendentes
3326 1393 3587 1464 Stampis

1938 1478 2163 1533 collecti
2188 1480 2418 1534 Ivonem
2437 1480 2672 1548 rejicere
2689 1478 3118 1534 etGauﬂridum
3132 1481 3256 1534 sedi
3281 1482 3588 1537 restituere

1938 1568 2508 1639 aggrediuntur,zelo
2525 1569 2724 1640 procul
2743 1569 2919 1624 dubio
2946 1568 3004 1623 in
3029 1568 3323 1625 insontem
3356 1572 3588 1626 Ivonem

1938 1661 2152 1725 exerto,
2171 1657 2412 1712 minime
2435 1663 2630 1712 tamen
2656 1674 2800 1712 novo
2824 1663 2881 1713 et
2901 1656 3105 1713 multis
3130 1661 3255 1713 tum
3272 1663 3426 1727 ante,
3460 1663 3585 1715 tum

1862 1782 1907 1846 Β
1940 1753 2073 1819 post
2094 1748 2374 1819 exemplis
2400 1748 2742 1804 conﬁrmato
2769 1749 2899 1817 (25).
2925 1748 3137 1805 Contra
3160 1753 3350 1805 autem
3368 1755 3464 1805 Ivo
3496 1767 3588 1806 se-

1949 1839 2080 1893 dem
2106 1838 2483 1909 apostolicam
2511 1837 2824 1909 appellare,
2849 1843 3107 1909 spretam
3132 1843 3587 1912 temeratamque

1945 1929 2071 1997 ejus
2102 1929 2505 1982 auctoritatem
2533 1927 2646 1982 alte
2683 1927 2983 1997 conqueri,
3018 1927 3104 1982 vir
3135 1929 3442 1999 ceteroqui
3474 1929 3586 1984 mi-

1945 2017 2104 2071 nime
2135 2017 2383 2085 servilis,
2411 2032 2514 2070 nec
2536 2021 2895 2086 potestatum
2919 2015 3188 2073 adulator
3207 2018 3382 2073 etiam
3423 2034 3586 2073 sum-

1945 2121 2197 2160 marum.
2222 2105 2436 2160 Verum
2462 2122 2594 2159 cum
2619 2106 2668 2160 ei
2690 2106 2844 2177 quod
2869 2123 3169 2161 summum
3195 2112 3372 2174 est,et
3397 2108 3590 2179 ipsum

1945 2210 2156 2249 nomen
2181 2193 2478 2265 religionis
2497 2194 2743 2261 accedit,
2769 2196 2980 2250 cedant
3001 2195 3200 2250 omnia
3223 2211 3460 2251 necesse
3483 2200 3593 2264 est;

1946 2300 2124 2354 quare
2148 2283 2454 2338 Richerius
2477 2284 2600 2355 ipse
2620 2300 2731 2338 usu
2757 2283 2919 2354 pallii
2943 2283 3328 2352 inderdictus,
3352 2285 3599 2340 Gauil'ri-

1944 2374 2054 2428 dus
2077 2373 2287 2427 iterum
2321 2372 2549 2444 pulsus,
2576 2376 2632 2428 et
2656 2372 2780 2428 sedi
2812 2389 2933 2428 suae
2966 2375 3058 2429 Ivo
3091 2374 3452 2430 constitutus
3483 2379 3597 2430 est.

1942 2459 2046 2516 Hic
2079 2461 2357 2530 quidnam
2392 2461 2576 2532 egerit
2603 2465 2846 2515 narrant
2871 2462 3001 2531 ejus
3041 2463 3299 2533 epistolae
3324 2465 3394 2518 ad
3429 2480 3591 2518 sum-

1943 2566 2071 2604 mos
2089 2550 2415 2620 pontifices,
2439 2550 2509 2603 ad
2525 2564 2712 2619 reges,
2736 2550 2805 2602 ad
2833 2550 3188 2618 cardinales,
3212 2550 3458 2621 legatos,
3482 2551 3597 2622 pri-

1943 2643 2150 2705 mates,
2175 2638 2780 2709 episcopos,virosque
2805 2637 3136 2708 primarios;
3166 2643 3593 2709 narrantquot-

1942 2733 2084 2798 quot
2114 2727 2185 2781 ab
2215 2726 2311 2780 illo
2355 2743 2544 2797 usque
2575 2731 2821 2781 exarata:
2865 2726 3104 2782 fuerunt
3127 2727 3408 2783 historiae.
3440 2729 3585 2784 Dum

1940 2833 2071 2871 vero
2095 2815 2230 2870 inde
2258 2816 2665 2870 auctoritatem
2715 2819 2931 2884 tuetur,
2964 2815 3101 2870 inde
3144 2817 3424 2872 virtutem
3457 2816 3592 2873 colit

1941 2922 2067 2962 sese
2102 2922 2214 2960 non
2250 2905 2422 2959 modo
2446 2905 2776 2973 Galliae,sed
2794 2905 3063 2960 Ecclesiae
3084 2907 3187 2961 toti
3213 2907 3590 2978 conspicuum

1941 2993 2214 3062 reddidit,
2245 2998 2301 3049 et
2325 3011 2465 3049 sane
2499 2998 2745 3065 utraque
2777 2993 2886 3050 hac
2918 3011 3065 3066 opus
3083 2995 3290 3050 habuit
3319 3012 3453 3052 cum
3476 2997 3592 3067 pri-

1942 3085 2075 3154 mis,
2098 3089 2222 3138 tum
2249 3084 2319 3138 ad
2341 3084 2749 3140 obsistendum
2772 3084 2954 3151 vitiis,
2974 3101 3263 3155 nusquam
3290 3103 3402 3140 non
3425 3102 3591 3157 gras—

1939 3173 2241 3240 santibus;
2284 3178 2406 3228 tum
2437 3173 2505 3227 ad
2542 3174 2951 3241 perferendum
2980 3173 3153 3243 mala,
3181 3191 3306 3245 quas
3340 3175 3590 3247 ipsemet

1937 3265 2057 3319 zelo
2083 3281 2186 3318 suo
2209 3261 3429 3334 vehementi,etpublicorumerratorum(si
3455 3280 3590 3335 gra-

1937 3354 2031 3408 via
2053 3354 2211 3423 sunt)
2238 3351 2762 3406 minimetolcranti
2786 3352 2844 3406 in
2865 3356 3037 3423 caput
3061 3368 3235 3407 suum
3263 3353 3587 3408 accersivit.

1937 3443 2240 3513 Philippus
2275 3446 2414 3496 tunc
2464 3441 2663 3496 Galliae
2689 3458 2804 3510 rex,
2835 3442 3126 3496 Bertradae
3150 3447 3587 3513 amorecaptus,

1938 3549 2063 3588 eam
2090 3530 2574 3586 fulconiAndium
2598 3531 2793 3586 comiti
2821 3532 2949 3602 ejus
2975 3530 3184 3586 marito
3211 3531 3587 3602 abstulit,vel

1938 3639 2079 3677 sane
2100 3621 2260 3675 illam
2288 3638 2320 3675 a
2344 3620 2593 3674 Fulcone
2614 3619 2786 3674 tacite
2806 3637 2866 3675 se
2885 3620 3311 3676 subducentem
3335 3621 3444 3677 sibi
3470 3639 3588 3678 ma-

1939 3711 2212 3767 trimonio
2235 3710 2565 3779 conjunxit;
2592 3708 2721 3762 aliis
2748 3725 2813 3762 ex
2832 3708 3124 3779 episcOpis
3150 3709 3351 3764 Galliae
3375 3711 3579 3764 conni-

1935 3795 2546 3863 ventibus,silentibus
2562 3795 2715 3862 aliis;
2739 3796 2879 3850 adeo
2905 3795 3156 3866 proclive
3179 3806 3267 3850 est
3291 3797 3587 3866 majestati

1937 3885 2176 3955 obsequi
2203 3901 2555 3955 quocunque
2581 3883 2853 3951 inclinet;
2903 3882 3033 3938 aliis
3055 3884 3310 3954 denique
3359 3885 3584 3955 episco-

1937 3980 2072 4048 patu
2106 3975 2470 4040 cedentibus,
2505 3974 2659 4043 quod
2698 3971 2921 4027 nollent
2949 3972 3038 4028 vel
3074 3972 3328 4027 amicum
3353 3973 3436 4027 vel
3469 3973 3586 4028 ira-

1937 4069 2060 4118 tum
2085 4063 2299 4118 habere
2330 4079 2526 4133 regem
2549 4066 2750 4117 contra
2777 4062 2860 4117 fas
2890 4066 3159 4129 agentem
3187 4061 3320 4131 (26).
3346 4062 3584 4116 Manda-

1937 4158 2034 4208 tur
2067 4153 2222 4206 Ivoni
2256 4156 2320 4205 ut
2349 4151 2602 4205 Parisios
2636 4167 2697 4204 se
2730 4150 2973 4219 recipiat
2996 4149 3312 4203 celebritati
3350 4148 3586 4220 nuptia-

1937 4259 2064 4297 rum
2099 4241 2445 4307 adfuturus;
2478 4241 2577 4295 sed
2612 4239 2696 4293 ire
2727 4239 3034 4302 detrectat,
3068 4243 3124 4292 et
3154 4255 3272 4309 qua
3305 4253 3439 4293 voce
3471 4255 3588 4309 qua

1937 4332 2145 4388 litteris
2165 4333 2276 4398 regi
2295 4332 2432 4403 ipsi,
2471 4347 2703 4386 summo
2729 4329 2989 4400 pontiﬁci
3013 4344 3078 4383 ac
3094 4328 3447 4400 praesulibus
3463 4329 3587 4385 Gal-

1937 4423 2025 4478 liae
2049 4422 2306 4492 scriptis,
2333 4420 2604 4475 illicitum
2630 4420 2739 4474 hoc
2763 4418 3098 4488 conjugium
3127 4421 3464 4473 constanter
3484 4435 3582 4473 oc-

181 4515 414 4576 nutum,
447 4515 512 4564 ut
539 4511 651 4566 sibi
686 4513 916 4569 Ivonem
951 4520 1219 4569 nostrum
1252 4515 1516 4571 doctrina
1532 4521 1588 4570 et
1606 4517 1820 4588 pietate
1855 4520 1898 4584 D
1932 4512 2301 4580 clamatzquze
2325 4509 2436 4564 sibi
2459 4509 2784 4579 Philippiet
2808 4506 3584 4562 Bertradzsinfensissimum

181 4599 470 4669 insignem
497 4599 996 4672 deligerent,suis,
1016 4609 1077 4658 ut
1101 4605 1465 4674 aitipsemet,
1493 4606 1727 4660 monitis
1750 4606 1824 4660 ef.

182 4687 328 4744 fecit.
365 4689 530 4744 Votis
575 4689 835 4761 ipsorum
868 4710 980 4748 non
1032 4693 1189 4749 illico
1224 4695 1400 4749 cessit
1447 4698 1562 4759 lvo,
1607 4695 1824 4765 quietis

183 4794 407 4844 amans,
441 4795 546 4833 nec
580 4779 814 4836 inhians
848 4782 1260 4853 dignitatibus;
1293 4785 1389 4839 sed
1417 4785 1661 4855 jubente
1694 4784 1825 4838 Phi-

185 4866 337 4938 lippo
372 4884 526 4939 rege,
552 4885 755 4940 parere
778 4876 1013 4926 coactus
1028 4877 1116 4927 est
1135 4874 1269 4943 (23).
1290 4873 1505 4928 Verum
1525 4874 1826 4928 Richerius

183 4957 499 5010 Senonensi
555 4958 1022 5030 achiepiscopus,
1057 4962 1517 5017 assentientibus
1558 4963 1607 5017 ei
1642 4979 1672 5017 e
1703 4963 1827 5017 sui-

184 5044 470 5115 fraganeis
503 5047 830 5115 nonnullis,
865 5065 968 5104 nec
1000 5049 1270 5106 electioni
1304 5051 1697 5118 subscribere,
1723 5068 1828 5107 nec

251 5185 363 5263 (t§)
395 5185 522 5263 {fuit
553 5188 751 5263 Pepini
788 5190 941 5261 regis
973 5207 1040 5246 ex
1071 5208 1270 5247 sorore
1297 5207 1497 5263 nepos.
1533 5194 1724 5248 SIGEB.

251 5255 364 5324 (19)
399 5258 524 5313 Haec
556 5255 898 5316 scribuntuvr
927 5265 998 5318 ab
1025 5264 1312 5320 Ademaro
1346 5255 1648 5320 monacho.

233 5329 360 5410 .(20)
385 5331 663 5410 .Auctoris
695 5333 870 5410 h_u_jus
919 5336 1248 5410 compendii
1282 5353 1491 5410 nomen
1520 5336 1734 5410 inveni
1768 5335 1828 5390 in

187 5398 436 5454 Historia
470 5419 696 5458 monas.
729 5398 1141 5462 Herivallensis
1175 5409 1243 5462 ad
1278 5425 1370 5463 an.
1398 5408 1558 5461 4091.

393 5473 533 5549 Vide
569 5475 1032 5549 SLAnselmum,
1066 5478 1215 5543 1.111,
1249 5482 1419 5549 epist.
1457 5480 1578 5533 106.

251 5544 357 5621 (22)
388 5544 482 5600 Sic
515 5546 723 5621 scribit
751 5549 1041 5621 Josephus
1070 5544 1330 5621 Scaliger
1356 5552 1463 5607 bis.
1495 5551 1606 5607 Alii
1632 5555 1828 5607 tamen

188 5616 449 5671 scribunt
479 5617 836 5676 Auclricum.

1935 4601 2132 4656 odium
2161 4597 2648 4670 pepererunt.Sed
2674 4596 2849 4666 hujus
2870 4596 3068 4650 odium
3095 4595 3334 4667 insuper
3357 4595 3584 4661 habuit,

1935 4709 1964 4747 a
1997 4707 2109 4761 qua
2140 4704 2243 4743 nec
2276 4687 2460 4743 amari
2491 4685 2664 4741 vellet
2699 4702 2710 4739 :
2747 4686 3031 4740 adversus
3074 4683 3242 4739 illum
3277 4690 3469 4739 autem
3507 4686 3583 4740 ita

1937 4782 2216 4835 fervorem
2252 4777 2432 4831 animi
2456 4775 2822 4846 temperavit,
2847 4779 2899 4829 et
2937 4774 3067 4828 licet
3099 4774 3256 4828 illius
3280 4773 3583 4829 libididem

1937 4870 2145 4925 acriter
2167 4866 2508 4934 coercuerit,
2539 4866 2830 4935 majestati
2859 4869 3056 4919 tamen
3081 4864 3468 4933 regizeca-tera
3491 4866 3590 4919 ob-

1938 4957 2286 5028 sequibilem
2305 4973 2365 5010 se
2391 4955 2814 5026 praestiterit,et
2840 4969 3034 5008 rerum
3061 4952 3427 5023 illius,atque
3453 4956 3591 5010 adeo

1929 5048 2108 5103 totius
2149 5045 2312 5116 regni
2368 5044 2872 5099 amantissimum.
2912 5042 3082 5114 Fugit
3127 5042 3225 5097 diu
3278 5045 3430 5115 regis
3454 5061 3594 5100 con-

2010 5189 2121 5257 (23)
2146 5186 2283 5242 Vide
2314 5187 2484 5256 epist.
2523 5188 2572 5251 1,
2603 5188 2657 5250 2,
2689 5187 2721 5238 8
2753 5188 2808 5240 et
2840 5186 2925 5238 40.

2011 5255 2119 5328 (24)
2153 5258 2296 5313 Vide
2324 5255 2705 5312 Sirmundum
2762 5257 2823 5310 in
2890 5255 3060 5327 epist.
3095 5256 3357 5313 Gaufridi
3387 5257 3599 5313 Vindo-

1940 5347 2219 5386 OlDEDSlS.

2010 5405 2124 5472 (25)
2168 5401 2309 5455 Vide
2342 5401 2621 5456 Glabrum
2660 5399 3060 5472 Rodulphum,
3087 5399 3129 5472 l._
3162 5416 3294 5462 11,0.
3329 5401 3380 5461 4,
3411 5403 3468 5453 et
3497 5399 3594 5456 ab-

1941 5470 2134 5529 batem
2168 5474 2510 5528 Stadensem
2550 5474 2608 5526 in
2638 5472 2945 5528 Chronico.
2971 5471 3087 5525 imo
3116 5470 3310 5540 ipsum
3354 5472 3588 5529 Ivonem

1942 5546 2258 5620 passimjn
2291 5544 2576 5620 epistolis.
2608 5617 2646 5620 _
2913 5613 2922 5620 _
3000 5611 3056 5620 Μ

2013 5619 2128 5687 (26)
2155 5617 2292 5673 Vide
2314 5609 2561 5673 Paulum
2585 5613 2879 5671 [Emilium
2908 5613 2966 5668 in
2998 5609 3264 5683 Philippo
3298 5617 3340 5670 Ι.
