3928 6038
317 251 384 308 15
1465 247 1589 301 1V0
1623 243 2114 301 CARNOTENSIS
2149 245 2556 300 EPISCOPUS.
3645 247 3716 301 16

312 382 602 450 spectum,
625 381 684 432 et
716 376 774 431 in
804 375 995 430 aulam
1023 376 1352 444 adventare,
1377 372 1555 429 etiam
1575 375 1838 440 vocatus,
1871 385 1958 424 re-
1994 370 2044 437 Α
2073 373 2342 426 auctores
2387 370 2750 445 συγχρόνους,
2795 371 2951 427 viros
3005 387 3276 444 magnos,
3319 387 3516 428 rerum
3553 376 3729 428 testes

312 467 466 536 nuit,
492 482 561 520 ne
594 465 642 520 si
665 464 821 521 adsit
842 467 900 519 et
920 467 1127 530 taceat,
1156 462 1360 528 facere;
1407 460 1498 514 sin
1520 475 1655 514 vero
1697 456 1957 528 obliqua-

307 561 423 627 tur,
447 571 641 627 regem
665 554 954 609 offendere
974 552 1262 607 videretur
1275 551 1433 605 haud
1456 548 1691 621 quidem
1717 548 1958 619 impune

308 647 447 700 tulit
480 660 690 717 magna
720 643 823 698 illa
852 643 981 713 ejus
1018 638 1314 714 παρῥησία.
1351 639 1475 694 Non
1511 639 1748 693 defuere
1778 637 1955 691 etiam

312 734 466 790 inter
497 732 775 805 praesules
808 733 905 802 qui
941 733 1194 800 abruptae
1228 729 1594 784 contumacia
1627 743 1761 783 eum
1794 741 1959 780 accu-

312 826 528 889 sarent,
563 822 703 877 dum
736 820 851 892 ipsi
886 836 1012 874 sese
1041 818 1273 887 deformi
1297 818 1552 888 obsequio
1585 817 1828 871 dedunt.
1854 813 1957 868 Mi-

318 912 518 968 nistris
544 926 677 965 vero
703 909 855 980 regis
881 923 982 978 per
1015 907 1100 962 fas
1131 912 1188 961 et
1233 907 1394 961 nefas
1434 906 1483 960 ei
1517 904 1755 970 addicti,
1807 905 1960 970 bona

310 1003 501 1057 Ivonis
523 999 795 1070 diripere.
841 995 1109 1051 Ecclesiae
1133 996 1396 1050 redditus
1437 993 1953 1064 intercipere,eum

316 1090 505 1145 modis
527 1087 884 1153 omnibus,et
923 1086 1195 1140 omnibus
1211 1083 1494 1155 exemplis
1514 1083 1863 1154 afﬂigere,ut
1887 1098 1956 1137 ne

311 1178 481 1250 panis
502 1177 735 1249 quidem
751 1175 802 1230 ei
824 1179 980 1230 esset
1019 1191 1133 1244 quo
1156 1177 1504 1228 vesceretur.
1520 1173 1628 1227 Sed
1647 1173 1796 1226 inter
1810 1171 1955 1226 alios

312 1267 422 1323 hac
444 1267 503 1321 in
531 1283 592 1321 re
613 1265 838 1338 primas
860 1263 998 1318 tulit
1037 1263 1201 1334 Hugo
1243 1263 1616 1316 Puteacensis
1657 1259 1957 1326 dominus,

313 1358 633 1411 Carnutum
663 1353 1010 1419 vicecomes,
1038 1351 1136 1423 qui
1159 1352 1299 1406 dum
1327 1351 1447 1421 regi
1471 1351 1878 1434 morigeratur,
1903 1353 1958 1404 et

317 1442 595 1501 adulteris
616 1441 702 1497 vel
727 1441 904 1496 etiam
928 1439 1174 1495 incestis
1195 1439 1828 1508 abblanditur,Ivonem
1854 1455 1957 1493 no-

317 1536 504 1589 strum
527 1528 1063 1602 carceriimpingit,
1104 1529 1250 1584 acin
1291 1529 1545 1599 quodam
1587 1527 1824 1584 castello
1857 1528 1956 1584 diu

319 1621 560 1690 detinet,
592 1637 702 1692 quo
724 1619 958 1691 frangat
989 1618 1253 1674 animum
1291 1618 1350 1672 ni
1382 1633 1519 1673 saxo
1551 1617 1757 1673 fortior
1782 1621 1956 1674 esset.

2067 457 2350 530 oculatus,
2378 462 2474 531 qui
2493 463 2724 516 Ivonem
2753 461 2967 517 mirum
2995 461 3052 515 in
3084 462 3323 518 modum
3346 461 3726 517 celebrantac

2064 546 2308 604 laudant
2353 549 2484 621 (29),
2538 554 2602 606 ut
2654 568 2823 608 nemo
2877 552 3191 623 quisquam
3218 550 3296 605 sit
3326 556 3527 606 contra
3556 551 3724 607 illum

2066 637 2176 692 hac
2205 639 2275 693 de
2310 656 2368 693 re
2398 638 2726 708 oblocutus,
2761 640 2898 695 licet
2947 641 3202 696 inimicis
3238 657 3348 696 non
3385 641 3638 696 caruerit
3666 645 3728 696 et

2068 728 2569 797 criminatoribus,
2600 731 2747 802 ipsis
2764 731 3072 802 Philippus
3089 736 3147 786 et
3169 731 3466 800 Bertrada,
3491 731 3724 802 quando

2071 817 2500 873 absolutionem
2519 820 3146 875 cxcommunicationis
3169 837 3202 874 a
3225 821 3535 875 Lamberto
3559 823 3724 876 Atre-

2069 905 2296 960 batensi
2346 907 2619 980 episcopo
2675 909 2921 964 Romani
2968 909 3260 980 pontificis
3307 909 3459 965 vices
3499 913 3710 982 agente

2069 1001 2430 1067 receperunt,
2467 1014 2596 1053 reos
2639 1015 2700 1052 se
2731 1013 2858 1054 esse
2910 999 3049 1054 fassi
3102 1003 3262 1063 sunt,
3318 1007 3371 1053 et
3410 1015 3717 1071 nunquam

2067 1083 2344 1156 deinceps
2367 1093 2753 1142 conventuros
2786 1103 2981 1142 coram
3009 1088 3394 1160 praesentibus
3423 1087 3723 1161 episcopis

2067 1175 2485 1244 promiserunt,
2535 1177 2688 1231 sicut
2717 1177 2825 1249 legi
2877 1194 2982 1249 ego
3024 1179 3146 1249 ipse
3194 1177 3252 1231 in
3295 1177 3548 1249 epistola
3597 1193 3722 1234 ma-

2067 1263 2371 1336 nuscripta
2404 1265 2511 1337 (30)
2545 1267 2807 1337 ejusdem
2844 1266 3138 1322 Lamberti
3169 1267 3240 1322 ad
3283 1265 3623 1323 Paschalem
3676 1267 3722 1322 ll

2067 1367 2366 1406 summum
2417 1353 2772 1423 pontificem.
2818 1354 2943 1411 Non
2977 1353 3213 1410 defuere
3243 1354 3398 1410 inter
3426 1354 3723 1427 principes

2066 1443 2121 1494 et
2143 1440 2421 1511 praesules
2451 1442 2550 1513 qui
2573 1443 2693 1514 regi
2717 1448 3315 1514 assenterentur,nem
3324 1460 3395 1515 pe
3417 1445 3487 1498 de
3509 1458 3723 1517 genere

2065 1543 2289 1594 eorum,
2350 1530 2546 1601 quibus
2606 1533 2793 1586 omnia
2859 1534 3202 1604 principum,
3255 1531 3482 1587 honesta
3546 1548 3707 1605 atque

2068 1615 2372 1685 inhonesta,
2406 1619 2639 1675 laudare
2667 1636 2779 1676 mos
2801 1624 2902 1676 est.
2933 1621 3077 1676 Nam
3109 1621 3161 1677 si
3190 1621 3332 1692 quid
3357 1621 3602 1676 rationis
3653 1621 3712 1676 in

335 1711 559 1767 Perstat
579 1709 732 1765 enim
759 1709 971 1779 ubique
993 1705 1619 1778 invictus.Cumquead
1642 1723 1809 1762 aures
1832 1708 1960 1777 ejus
1995 1743 2040 1808 Β
2071 1706 2176 1774 eis,
2211 1707 2416 1778 quidni
2437 1708 2773 1780 reclamant,
2799 1710 2938 1764 dum
2971 1710 3086 1765 ista
3116 1715 3175 1765 et
3195 1714 3281 1765 tot
3311 1709 3425 1766 alia
3469 1709 3619 1765 ﬁunt
3651 1711 3709 1765 in

321 1799 679 1872 pervenisset
701 1798 982 1870 primates
1004 1796 1168 1852 urbis
1185 1796 1508 1851 Carnutum
1528 1811 1593 1851 ac
1615 1795 1768 1851 cives
1786 1795 1964 1851 armis
1995 1795 2039 1808 "
2072 1795 2541 1852 testificationem
2572 1799 2911 1870 nuptiarum
2946 1798 3316 1854 illicitarum?
3345 1799 3460 1856 Cur
3481 1815 3594 1854 non
3617 1802 3720 1854 aut

325 1905 461 1945 eum
490 1887 737 1944 liberare
759 1886 922 1952 velle,
954 1885 1257 1959 prohibuit
1279 1885 1412 1956 (27),
1457 1883 1760 1956 noluitque
1789 1884 1963 1940 liber-

321 1982 442 2034 tate
457 1977 629 2049 potiri
646 1975 929 2046 sanguine
941 1979 996 2031 et
1009 1973 1361 2030 detrimento
1376 1991 1550 2029 suoru
1563 1991 1615 2028 m
1635 1975 1824 2029 redem
1837 1978 1962 2045 pta:

321 2068 584 2139 patiente
623 2082 864 2137 prorsus
905 2066 1065 2120 omni
1087 2062 1260 2118 laude
1282 2062 1480 2134 digna,
1509 2067 1567 2117 et
1587 2062 1961 2134 antiquorum

320 2157 694 2212 defensorum
747 2154 1013 2209 Ecclesiae
1046 2168 1111 2208 ac
1152 2151 1656 2207 sanctissimorum
1705 2152 1960 2206 virorum

321 2244 486 2301 nulla
514 2245 572 2300 in
607 2261 666 2300 re
687 2242 942 2298 absimili
998 2243 1066 2297 Et
1111 2240 1316 2312 quidni
1347 2239 1465 2296 illis
1507 2257 1703 2312 parem
1731 2241 1960 2296 fecerim

320 2351 452 2390 cum
477 2350 609 2390 eum
629 2331 978 2388 Guillelmus
999 2331 1366 2386 Fiscanensis
1383 2329 1567 2384 abbas
1589 2326 1966 2401 ὁμῆλιξᾶοᾶη-

322 2424 380 2478 ni
405 2429 460 2479 et
481 2423 609 2478 Elia;
633 2419 1105 2494 comparaverit?
1124 2419 1247 2474 Non
1273 2418 1430 2474 omni
1454 2435 1695 2489 prorsus
1741 2419 1963 2474 caruis-

319 2517 407 2568 set
428 2528 555 2582 ope,
589 2510 639 2566 si
671 2509 818 2565 alter
867 2509 922 2562 in
976 2507 1161 2562 Gallia
1193 2506 1402 2561 fuisset
1439 2511 1553 2575 lvo,
1603 2507 1700 2576 qui
1735 2523 1871 2578 erga
1902 2524 1965 2563 se

316 2605 515 2670 ageret
535 2599 817 2653 adversus
848 2599 1149 2666 Hugonem
1182 2593 1605 2659 vicecomitem,
1631 2595 1784 2664 quod
1817 2594 1965 2665 ipse-

316 2694 438 2744 met
460 2688 762 2757 aliquanto
787 2690 918 2754 post
943 2683 1062 2755 egit
1095 2685 1186 2737 lvo
1210 2699 1312 2752 pro
1336 2681 1668 2736 Hildeberto
1689 2687 1964 2738 Cenoma-

319 2776 484 2833 nensi
509 2779 714 2831 contra
729 2775 1044 2828 Rotrocum
1069 2770 1587 2841 comitem(28),qui
1609 2771 1762 2827 hunc
1785 2773 1958 2828 etiam

321 2882 551 2922 carcere
581 2863 921 2919 incluserat.
956 2862 1094 2917 Post
1118 2860 1273 2916 enim
1306 2876 1484 2931 quam
1518 2861 1737 2916 frustra
1764 2879 1961 2932 preces

318 2953 769 3023 adhibuit,dicto
794 2949 1186 3015 anathemate,
1220 2948 1362 3004 diris
1391 2965 1522 3003 eum
1547 2950 1794 3005 devovit.
1831 2951 1960 3006 Haec

319 3059 502 3117 agens
522 3043 611 3099 vir
631 3056 882 3114 magnus
911 3035 1162 3112 μεγαλῶν
1177 3039 1372 3111 ψυχῶν
1397 3037 1718 3106 inimicam,
1741 3043 1798 3094 et
1827 3056 1960 3111 per-

2074 1901 2250 1939 manu
2276 1891 2376 1940 aut
2404 1902 2540 1942 voce
2556 1887 2706 1960 regis
2729 1887 3120 1943 innocentiam
3147 1887 3440 1943 tutantur?
3468 1887 3719 1943 Invitant

2073 1974 2292 2041 omnia,
2351 1992 2468 2046 rex,
2518 1980 2720 2032 vexata
2777 1977 3129 2044 innocentia,
3182 1976 3466 2048 exempla,
3527 1976 3719 2032 lvonis

2074 2063 2262 2116 fervor
2313 2063 2687 2133 immodicus,
2738 2067 2867 2136 ejus
2919 2065 3271 2121 criminandi
3335 2064 3594 2122 licentia.
3653 2066 3726 2121 Et

2073 2155 2269 2206 tamen
2305 2151 2500 2222 silent,
2529 2169 2717 2225 neque
2750 2155 3072 2227 quidquam
3102 2161 3303 2210 contra
3320 2157 3551 2211 lvonem
3584 2172 3726 2225 pro-

2074 2241 2385 2296 nuntiant:
2412 2247 2500 2296 tot
2530 2259 2661 2298 vero
2683 2249 2741 2298 et
2769 2244 2942 2300 toties
2967 2244 3192 2300 collecti
3217 2244 3499 2316 episcopi,
3531 2245 3726 2299 cardi-

2074 2329 2256 2396 nales,
2289 2331 2487 2403 legati,
2538 2332 2852 2405 principes,
2886 2333 3032 2388 nihil
3084 2349 3155 2389 ne
3203 2333 3428 2401 vident,
3473 2334 3568 2405 qui
3605 2350 3728 2389 una

2073 2435 2208 2473 voco
2240 2421 2389 2492 regis
2422 2426 2726 2492 peccatum
2750 2423 3175 2492 condemnant;
3208 2427 3491 2477 excusant
3521 2427 3722 2478 autem

2074 2524 2376 2579 nunquam
2411 2515 2511 2564 aut
2546 2510 2822 2565 minuunt
2851 2515 2953 2565 aut
2975 2511 3214 2584 tegunt?
3244 2511 3387 2566 Cum
3403 2515 3600 2566 autem
3625 2511 3720 2566 lvo

2073 2596 2684 2671 dicat(31)Philippum
2707 2599 2996 2655 Richardo
3019 2600 3401 2656 Albanensis.
3428 2600 3585 2671 ponti
3598 2598 3727 2655 ﬁcis

2073 2685 2262 2758 legato
2279 2687 2622 2758 promisisse
2644 2706 2676 2743 a
2703 2690 2976 2745 Bertrada
3000 2706 3061 2744 se
3085 2689 3507 2757 discessurum,
3523 2703 3713 2759 usque

2071 2773 2140 2828 ad
2175 2774 2671 2845 dispensationem
2700 2777 2946 2833 Romani
2967 2777 3444 2849 pontiﬁcis,quod
3472 2776 3723 2849 contigit

2071 2879 2164 2918 an.
2190 2863 2354 2918 Dom.
2383 2865 2538 2931 1102,
2562 2870 2618 2919 et
2636 2865 2760 2935 ipse
2784 2870 2945 2937 roget
2966 2881 3269 2920 summum
3288 2865 3626 2936 pontificem
3656 2870 3729 2921 ut

2071 2968 2205 3006 cum
2253 2967 2386 3024 rego
2409 2958 2697 3024 temperet
2719 2958 2776 3008 et
2809 2954 3130 3026 dispenset,
3155 2957 3210 3009 et
3230 2952 3465 3008 aliunde
3485 2958 3720 3010 certum

2071 3039 2147 3095 sit
2177 3040 2400 3096 nullam
2433 3041 2932 3112 dispensationem
2952 3042 3356 3099 intercessisse
3375 3060 3445 3098 ex
3475 3041 3722 3101 laudata

316 3110 528 3207 pectuo
545 3131 676 3187 illas
698 3110 1080 3186 insectantem
1103 3127 1201 3195 τὴν
1227 3110 1495 3193 δίιὰϐολὴν
1519 3125 1702 3181 vitare
1723 3110 1844 3182 non
1866 3145 1961 3200 po-
1993 3110 2036 3176 Cn
2074 3129 2360 3185 Lamberti
2419 3110 2690 3202 epistola,
2749 3133 2984 3204 signum
3042 3136 3132 3188 est
3187 3132 3246 3187 in
3307 3132 3549 3204 nuptias
3589 3131 3724 3190 illas

313 3223 441 3279 tuit.
468 3221 724 3294 Atquein
749 3218 954 3291 primis
975 3233 1088 3272 non
1114 3217 1266 3272 desit
1286 3216 1430 3272 forte
1453 3214 1668 3288 aliquis
1696 3216 1792 3287 qui
1823 3233 1958 3272 eum

315 3313 412 3368 ira:
435 3316 490 3368 et
513 3307 835 3382 suspicioni
853 3307 1037 3363 nimio
1064 3304 1614 3378 plusindulgentem
1643 3304 1826 3360 fuisse
1849 3306 1956 3360 exi-

309 3399 636 3472 stimet,qui
656 3401 856 3453 contra
887 3411 1078 3467 regem
1104 3395 1563 3466 indignationem
1581 3394 1796 3449 summi
1819 3411 1958 3466 pon-

307 3490 483 3545 tificis
506 3493 564 3543 et
606 3486 826 3542 fulmen
860 3484 1272 3556 provocaverit.
1303 3482 1517 3537 Verum
1551 3481 1686 3537 licet
1715 3483 1860 3538 mihi
1893 3484 1963 3541 de

314 3578 552 3651 regibus
583 3577 730 3632 bene
764 3573 968 3630 mereri
1003 3574 1312 3628 videantur
1341 3571 1440 3643 qui
1471 3571 1732 3628 maculas
1759 3588 1962 3629 eorum

318 3667 538 3723 nomini
571 3671 791 3722 temere
837 3664 1160 3736 impressas
1189 3660 1278 3716 vel
1312 3660 1602 3730 minuere,
1634 3661 1722 3717 vel
1771 3661 1964 3718 eluere

316 3760 626 3823 conantur,
677 3758 868 3809 tamen
905 3770 1008 3807 nec
1055 3750 1389 3822 Philippum
1445 3751 1838 3822 undequaque
1871 3752 1958 3806 in¢

313 3845 550 3902 noxium
575 3845 885 3916 quisquam
909 3841 1204 3896 afﬁrmare
1227 3839 1437 3894 audeat
1459 3856 1470 3892 :
1491 3854 1593 3893 nec
1613 3841 1755 3894 satis
1785 3840 1961 3896 ratio-

312 3952 454 3991 num
474 3934 687 3989 habere
703 3929 1505 4004 possit,utostendatlvonem
1533 3945 1740 3998 parum
1763 3927 1964 3984 illiaut

312 4040 488 4096 regno
508 4024 636 4094 ejus
661 4022 839 4075 fuisse
868 4017 1268 4080 faventem.0u
1281 4017 1349 4072 0:1
1379 4016 1449 4071 ad
1470 4016 1808 4088 Philippum
1832 4018 1960 4073 atti-

312 4115 662 4181 net,factum
677 4111 806 4182 ejus
821 4123 1166 4180 praecessere
1183 4105 1448 4176 exempla
1461 4109 1778 4178 secutaque
1795 4111 1958 4175 sunt,

317 4203 504 4258 multa
517 4201 898 4272 quidem,non
919 4202 1115 4252 tamen
1131 4194 1347 4252 similia
1361 4196 1818 4267 omnin0,etqute
1834 4212 1960 4267 pec-

316 4298 512 4347 catum
536 4290 664 4359 ejus
703 4288 892 4359 magis
921 4287 1179 4341 obruunt
1201 4302 1376 4357 quam
1396 4285 1847 4341 excusant.Nam
1873 4289 1957 4357 ut,

310 4379 666 4437 concedatur
694 4376 850 4447 quod
877 4392 908 4429 a
929 4379 1098 4431 Berta
1125 4374 1435 4429 divortium
1478 4373 1624 4429 nulli
1649 4374 1956 4446 reprehen-

2072 3218 2423 3290 inquisitum
2499 3219 2680 3276 fuisse
2739 3219 2974 3287 iterum,
3023 3237 3212 3292 neque
3292 3221 3720 3294 dispensationi

2069 3306 2264 3363 locum
2293 3307 2481 3364 ullum
2516 3309 2816 3365 inventum
2865 3325 3013 3366 esse.
3063 3311 3227 3365 Addo
3260 3326 3450 3382 neque
3485 3311 3721 3366 Ivonem

2071 3396 2352 3453 habuisse
2374 3399 2530 3453 unde
2553 3398 2674 3470 regi
2700 3397 2966 3471 Philippo
2993 3398 3190 3455 minus
3215 3398 3360 3454 bene
3383 3397 3719 3463 vellet,cum

2073 3486 2275 3542 multis
2314 3487 2611 3542 beneficiis
2635 3503 2762 3542 sese
2792 3487 3206 3543 eiobstrictum
3229 3487 3429 3556 sciret,
3450 3503 3555 3543 nec
3577 3504 3715 3542 vero

2073 3576 2377 3631 difﬁtetur.
2402 3576 2668 3647 Episcopi
2691 3575 3038 3647 dignitatem
3063 3564 3114 3630 ei
3137 3576 3247 3630 fert
3277 3579 3575 3648 acceptam
3602 3592 3718 3631 non

2072 3666 2273 3734 semel,
2307 3669 2542 3736 propter
2572 3680 2774 3734 quam,
2797 3664 2846 3718 si
2879 3663 3021 3735 quid
3044 3664 3288 3719 humani
3320 3669 3636 3736 pateretur,
3660 3669 3722 3721 et

2071 3753 2243 3827 vulgo
2278 3753 2531 3809 similem
2571 3756 2799 3823 gereret
2829 3752 3118 3820 animum,
3168 3753 3285 3825 regi
3335 3770 3449 3825 praa
3493 3752 3721 3809 caeteris

2070 3842 2315 3913 ejusque
2344 3839 2575 3896 libidini
2598 3840 2870 3896 assentiri
2911 3841 3132 3896 debuit.
3167 3842 3272 3898 Sed
3312 3846 3367 3897 et
3397 3848 3718 3912 antequam

2071 3931 2144 3985 ad
2176 3928 2579 4002 episcopatum
2610 3929 2958 4000 perveniret,
2997 3930 3120 4002 regi
3155 3931 3412 3986 maxima
3441 3931 3717 3986 debebat.

2068 4019 2410 4074 Constructo
2466 4018 2525 4074 S.
2585 4017 2847 4082 Quintini
2905 4019 3286 4090 monasterio,
3339 4023 3519 4090 atque
3567 4018 3721 4076 inibi

2069 4106 2366 4163 collocatis
2397 4106 2686 4178 religiosis
2734 4107 3055 4172 canonicis,
3102 4124 3200 4162 rex
3241 4107 3545 4180 privilegio
3583 4123 3723 4164 con-

2069 4212 2232 4252 cesso
2251 4195 2758 4252 etinstitutionem
2777 4200 2835 4251 et
2869 4196 3215 4268 largitiones
3246 4197 3298 4252 ei
3331 4197 3514 4253 factas
3554 4197 3719 4270 regia

2068 4285 2410 4341 auctoritate
2439 4287 2841 4342 communivit.
2880 4287 3114 4352 Deinde,
3143 4291 3383 4359 rogatus
3416 4287 3488 4342 ab
3508 4286 3705 4354 Ivoue,

2067 4375 2364 4430 canonicis
2423 4375 2482 4430 S.
2535 4375 2796 4440 Quintini
2842 4375 2998 4446 apud
3053 4375 3491 4431 Veromauduos
3551 4374 3718 4431 misit

313 4470 464 4527 sioni
487 4469 565 4524 sit
585 4464 929 4530 obnoxium,
956 4465 1111 4536 quod
1143 4467 1336 4519 tamen
1369 4468 1640 4519 constare
1671 4464 1875 4519 debuit
1895 4469 1952 4520 et
1981 4475 2026 4538 ο
2058 4464 2365 4536 epistolam
2396 4480 2514 4535 qua
2533 4463 2676 4535 petit
2700 4471 2760 4519 ut
2790 4462 3125 4536 cognomini
3156 4463 3421 4520 Ecclesiae
3443 4462 3718 4519 Bellova-

313 4559 470 4615 lvoni
491 4563 547 4614 et
567 4557 718 4620 aliis,
743 4560 806 4609 ut
829 4553 974 4608 illud
1002 4555 1058 4607 in
1076 4552 1321 4608 dubium
1353 4569 1466 4607 non
1504 4557 1859 4621 revocarent,
1893 4559 1953 4608 at

313 4653 466 4704 certe
512 4646 724 4701 initum
796 4660 933 4700 cum
973 4642 1250 4698 Bertrada
1301 4641 1765 4708 matrimonium,
1826 4659 1952 4712 quae

313 4737 473 4793 nullo
506 4734 766 4790 Ecclesia:
811 4732 1028 4804 judicio
1071 4747 1134 4788 se
1182 4748 1215 4786 a
1259 4730 1511 4786 Fulcone
1560 4735 1952 4802 subtraxerat,

312 4842 557 4899 quaeque
585 4825 788 4881 eodem
840 4818 1368 4892 consanguinitatis
1399 4837 1572 4882 nexu.
1606 4836 1779 4891 quem
1819 4837 1952 4878 cum

312 4915 564 4972 Fulcone
589 4917 897 4986 praetexere
932 4910 1235 4982 potuisset,
1257 4926 1302 4987 ρ.
1345 4908 1608 4980 Philippo
1642 4910 1954 4967 absterreri

310 5006 532 5072 debuit,
566 5002 729 5058 nullo
758 5003 930 5056 modo
960 4999 1224 5056 excusari
1260 5004 1470 5069 potest.
1495 5001 1560 5053 Et
1585 5004 1646 5054 ut
1683 5000 1953 5056 omittam

379 5149 496 5228 (ἓῗ)
523 5145 711 5228 Epist:
741 5145 831 5228 2°.-

381 5214 490 5289 (28)
523 5214 867 5289 Hidelbert.,
901 5214 1074 5289 epist.
1103 5214 1196 5289 _3_9.

377 5283 493 5361 (29)
516 5287 907 5361 Hidelbertns,
939 5283 1232 5361 Gellridus
1265 5283 1481 5361 abbas,
1514 5291 1565 5361 ut
1581 5285 1844 5361 nselmus
1871 5286 1955 5340 Li-

311 5355 566 5430 siardus,
589 5355 1644 5430 GauifridusMalaterra,_Uaull‘ridu_s
1683 5359 1949 5430 gressus,

310 5425 612 5505 Sugerius.
647 5435 863 5505 Auctor
892 5427 1146 5483 historiae
1188 5425 1392 5505 eccles.
1435 5443 1562 5497 quae
1608 5427 1666 5483 in
1700 5425 1950 5487 MonastL

311 5502 584 5561 Herivall.
619 5507 784 5559 vocat
807 5502 1037 5556 Ivonem
1071 5504 1365 5554 sanctum.

383 5575 497 5660 (30)
526 5578 604 5632 Ea
623 5578 712 5632 est
740 5574 800 5631 in
828 5572 1104 5631 manibus
1134 5571 1200 5628 Β.
1234 5570 1294 5629 Ρ.
1327 5568 1646 5632 Sirmundi.

2061 4553 2219 4608 censi
2245 4553 2614 4624 praebendam
2642 4553 2986 4608 concedant.
3021 4551 3343 4622 Utrumque
3369 4568 3716 4608 monumen-

2062 4647 2188 4697 tum
2213 4640 2462 4712 regium,
2485 4641 2625 4713 quia
2659 4641 2950 4698 ineditum
2968 4645 3076 4709 est,
3103 4657 3174 4696 ne
3211 4641 3594 4709 desideretur,
3620 4640 3716 4697 hic

2065 4731 2478 4802 apponendum
2536 4732 2758 4786 censui.
2810 4730 3028 4786 Prioris
3087 4728 3268 4801 igitur
3333 4730 3456 4786 haec
3536 4730 3714 4786 verba

2065 4823 2205 4876 sunt
2229 4819 2340 4890 (3'2)
2367 4834 2378 4873 :
2404 4820 2664 4876 Instituta
2695 4821 2849 4891 regia
2887 4823 2938 4874 et
2975 4819 3138 4874 rebus
3196 4819 3586 4875 Erclesiasticis
3617 4823 3716 4874 aut

2062 4907 2433 4963 saecularibus
2445 4908 2670 4978 publica
2691 4909 2777 4963 vel
2786 4907 3007 4978 privata
3031 4909 3152 4963 sine
3184 4908 3302 4963 ulla
3323 4909 3475 4979 juris
3490 4913 3712 4964 contro-

2061 4998 2241 5053 versia
2295 4999 2549 5069 priorum
2590 5013 2784 5068 regum
2826 4996 2990 5068 jussu
3027 5007 3083 5053 et
3128 5000 3456 5054 auctoritate
3483 4998 3715 5069 ﬁrmata

2134 5142 2247 5212 (31)
2280 5142 2462 5211 Epist.
2499 5140 2619 5194 144.

2136 5211 2245 5282 (32)
2279 5214 2358 5268 Ex
2389 5214 2632 5282 antiquo
2667 5211 2864 5265 codice
2900 5227 3011 5264 ms.
3045 5211 3105 5266 S.
3141 5211 3401 5275 Ouintini
3425 5211 3712 5268 Bellovac.

2065 5287 2140 5340 De
2169 5282 2260 5362 his
2275 5284 2504 5362 litteris,
2521 5298 2670 5362 quas
2692 5282 3512 5362 Ριιςιις[Πετιὶρεψιθιιῐι(ξιὶίῃιθῐξι⁸
3524 5289 3710 5362 vocat,

2063 5358 2418 5412 mentionem
2454 5353 2592 5408 facit
2630 5353 2724 5409 Ivo
2760 5353 2819 5407 in
2850 5354 3020 5420 epist.
3058 5355 3179 5420 193,
3212 5357 3283 5410 ad
3339 5356 3708 5412 Gauﬂ'ridum

2062 5427 2494 5501 Belvacensem,
2534 5423 2712 5496 episc.
2759 5425 2826 5501 Et
2874 5423 2983 5481 hoc
3030 5427 3231 5483 tenore
3260 5427 3320 5483 in
3368 5431 3710 5501 pervetusta

2063 5499 2406 5556 membrana
2437 5502 2724 5570 concepta)
2754 5497 3046 5572 leguntur.
