3928 6038
159 186 231 240 17
1610 191 1793 246 PROL

2021 195 2167 246 ΞΝΑ.
3528 192 3594 247 18

158 328 275 368 non
306 312 548 380 violare,
588 311 686 368 sed
732 314 1064 368 inconcusca
1110 329 1357 385 segvare,
1389 318 1579 370 nostra
1628 331 1838 387 quoque
1868 320 1924 387 Α
1953 317 2256 372 inﬁrmum
2307 334 2537 389 semper
2583 317 2977 374 excusationis
3007 333 3193 388 genus
3244 316 3433 372 visum
3483 321 3594 389 est,

158 402 333 456 nulla
354 402 507 474 juris
533 406 693 471 parte
741 402 1080 457 reclamante
1104 403 1468 474 praesentibus
1514 420 1578 459 ac
1602 407 1834 475 posteris

158 490 444 545 seruando
499 490 788 555 mandare,
819 492 965 562 regii
1002 491 1263 546 culminis
1294 500 1372 547 est
1418 508 1549 564 Opus
1580 494 1829 563 implere.

165 580 321 636 Unde
349 582 541 635 notum
572 580 821 635 volumus
849 596 961 636 esse
988 583 1198 636 cunctis
1228 582 1542 637 orthodoxis
1581 584 1832 638 Ecclesia

161 668 330 738 ﬁliis,
365 673 473 724 etc.
515 668 643 725 Vide
672 686 848 740 supra
880 671 939 724 in
970 669 1230 742 Philippo
1260 676 1307 741 I,
1342 672 1434 726 ad.
1469 689 1560 727 an.
1602 673 1754 726 1106.

235 758 541 814 Posterius
574 758 659 814 sic
693 758 871 813 habet
899 759 1012 830 (33)
1049 775 1063 815 :

234 848 524 919 Philippos
578 850 682 903 Dei
709 850 896 917 gratia
946 849 1284 904 Francorum
1330 864 1453 916 rex,
1506 848 1567 904 0.
1617 850 1827 906 decano

163 943 216 993 et
242 940 457 993 ctrteris
486 939 769 993 canonicis
797 939 1005 993 nostris
1036 939 1297 995 Ecclesiae
1324 942 1521 995 Sancti
1550 941 1826 1011 Quintini,

160 1028 403 1082 salutem
436 1035 485 1082 et
536 1028 782 1095 gratiam
835 1029 1100 1083 nostram.
1152 1028 1349 1083 Notum
1394 1030 1628 1099 facimus
1676 1030 1827 1084 vobis

162 1115 302 1186 quod
364 1117 460 1171 Iro
513 1116 686 1171 abbas
745 1116 1093 1172 Belvacensis
1150 1117 1407 1174 Ecclesiae
1466 1119 1527 1172 Β.
1570 1118 1827 1186 Quintini

160 1210 361 1261 nostra.
394 1204 845 1261 mansuetudinis
893 1222 1055 1261 aures
1086 1206 1640 1277 adierit,suppticans
1672 1208 1826 1263 nobis

156 1301 272 1349 tam
305 1311 409 1365 per
439 1310 497 1350 se
534 1310 700 1365 quam
728 1310 829 1365 per
858 1294 1043 1364 ﬁdeles
1074 1304 1308 1362 nostros,
1342 1305 1404 1351 ut
1432 1296 1689 1353 Ecclesia:
1716 1296 1826 1351 sibi

156 1385 470 1439 commissa:
508 1384 876 1454 prabendam
908 1401 1075 1439 unam
1126 1386 1184 1439 in
1216 1394 1400 1441 vestra
1436 1386 1676 1440 Ecclesia
1724 1400 1823 1456 pro

158 1474 402 1529 remedio
457 1487 665 1529 anima?
711 1474 886 1543 patris
936 1475 1044 1529 mei
1071 1483 1121 1530 et
1153 1476 1356 1529 matris
1402 1491 1535 1529 mete
1562 1484 1821 1546 perpetuo

157 1562 476 1619 habendam
505 1562 1125 1629 concederemus.Cuius
1154 1566 1413 1634 petitioni
1442 1563 1557 1619 ideo
1587 1564 1822 1619 libenter

161 1668 452 1708 assensum
472 1651 967 1725 prmbuimus,quia
990 1668 1081 1707 vos
1098 1653 1153 1708 id
1176 1654 1235 1707 in
1255 1654 1491 1724 capitulo
1512 1662 1683 1707 vestro
1705 1654 1817 1720 iam

158 1741 515 1798 collaudasse
542 1757 641 1811 per
670 1742 930 1812 quosdam
958 1759 1027 1797 ex
1055 1742 1203 1797 vobis
1232 1742 1821 1814 audivimus.()uapro-

156 1835 283 1903 pter
318 1830 651 1886 mandamus
679 1832 829 1887 vobis
860 1839 921 1887 ut
949 1833 1089 1887 sicut
1118 1833 1264 1887 inter
1296 1848 1379 1886 vos
1398 1832 1824 1887 determinatam

156 1928 257 1989 est,
322 1922 709 1975 investituram
765 1934 891 1990 qua?
943 1920 1013 1975 ad
1071 1937 1161 1976 vos
1215 1922 1486 1992 pertinet,
1544 1920 1823 1992 ρνκιίίεικ

160 2008 432 2067 Sceleri}?
455 2025 556 2081 per
584 2010 909 2081 pradictum
940 2010 1187 2066 abbatem
1218 2010 1473 2083 faciatis.
1512 2012 1705 2066 Valete.

228 2099 313 2153 Ex
349 2098 446 2153 his
479 2114 650 2154 nemo
701 2115 815 2154 non
848 2098 1003 2155 videt
1050 2103 1283 2155 Ivonem
1341 2098 1673 2171 Philippum
1710 2117 1823 2171 prae

161 2188 393 2243 cunctis
427 2187 737 2244 observare
767 2189 1185 2259 debuisse,nisi
1208 2190 1278 2245 ab
1302 2204 1368 2245 eo
1387 2191 1541 2260 quod
1571 2190 1824 2244 humano

159 2294 338 2334 sensu
390 2282 450 2333 et
498 2278 657 2349 regia
705 2277 987 2350 dignitate
1036 2278 1215 2334 altius
1274 2282 1384 2344 est,
1436 2283 1824 2334 revocaretur.

160 2366 386 2422 Multos
419 2366 629 2422 exinde
683 2366 792 2422 sibi
826 2368 960 2423 fecit
992 2368 1286 2433 inimicos,
1320 2367 1419 2438 qui
1462 2364 1685 2423 nomini
1718 2385 1824 2423 suo

162 2460 283 2510 tum
322 2455 484 2527 apud
521 2459 871 2526 regem,tum
904 2456 1059 2528 apud
1092 2473 1358 2512 summos
1392 2456 1700 2528 pontiﬁces
1730 2457 1825 2512 de-

170 2548 430 2600 tractum
464 2544 637 2599 ivere.
672 2546 833 2616 Apud
886 2545 1213 2614 Urbanum,
1246 2542 1611 2615 πνευματικόν
1662 2542 1826 2598 αὺτοῦ

164 2631 729 2706 Ηάτέραβειὶυωοὶἰε
750 2634 1189 2706 appetitus,non
1213 2634 1343 2690 aliis
1366 2634 1732 2706 argumentis
1754 2634 1827 2689 iis

166 2723 396 2779 obviam
431 2722 517 2777 ire
566 2722 751 2778 voluit
781 2739 959 2794 quam
1007 2724 1279 2779 abdicato
1308 2724 1685 2795 episcopatu;
1725 2724 1824 2778 sed

168 2811 472 2885 prohibuit
487 2828 759 2868 summus
775 2812 1281 2885 pontifexzquippe
1295 2817 1469 2868 Ivone
1486 2818 1519 2879 ἦ
1534 2811 1825 2880 ὶπισκοπὲι,

168 2918 279 2957 non
304 2902 400 2957 Ivo
414 2900 859 2969 τῆςὲπισκοοπῆς
878 2900 1373 2972 indiguit.Atcum
1390 2902 1660 2958 Urbanus
1674 2902 1825 2957 diem

167 3008 340 3046 suum
391 2990 671 3046 ultimum
727 2989 994 3061 obi'sset,
1026 3007 1237 3062 resque
1287 3006 1518 3063 semper
1566 2990 1624 3045 in
1660 2991 1826 3062 pejus

165 3079 398 3134 fuerent
436 3078 569 3150 (34),
593 3079 816 3135 Roman
850 3080 943 3135 Ivo
976 3096 1039 3136 se
1069 3080 1331 3136 conferre
1362 3079 1591 3146 statuit,
1630 3079 1825 3135 animo
1858 3063 1899 3131 C

166 3186 224 3224 se
256 3168 419 3225 omni
477 3185 651 3225 onere
695 3169 980 3237 exuendi;
1015 3170 1119 3225 sed
1150 3168 1399 3225 insidias
1452 3168 1606 3225 inter
1654 3168 1832 3240 Alpes

167 3257 276 3313 sibi
308 3261 572 3313 structas
620 3256 953 3331 intelligens
984 3259 1190 3331 pedem
1243 3260 1503 3314 retraxit.
1539 3257 1834 3314 Paschalis

167 3351 367 3402 autem
426 3363 701 3403 summus
763 3348 1042 3420 pontifex,
1075 3348 1268 3404 sciens
1329 3348 1473 3420 quid
1531 3347 1615 3402 illi
1675 3351 1835 3404 esset

167 3434 374 3500 animi,
436 3434 495 3490 in
556 3436 829 3507 praesidio
888 3454 1124 3494 manere
1173 3436 1376 3509 jussit.
1413 3438 1579 3493 Haud
1636 3440 1833 3493 tamen

168 3525 390 3580 evitare
412 3525 601 3596 potuit
626 3525 768 3596 quin
797 3526 976 3582 etiam
996 3528 1125 3598 ejus
1146 3528 1612 3599 indignationem
1640 3527 1834 3582 incur-

170 3614 500 3685 reret,quia
534 3631 668 3669 cum
702 3616 880 3686 probe
913 3616 1088 3672 sciret
1110 3617 1250 3687 quid
1284 3616 1620 3688 discrepent
1642 3617 1837 3673 obser-

172 3701 375 3758 vantia
431 3706 489 3757 et
542 3702 827 3773 adulatio,
882 3704 1023 3760 dum
1104 3704 1265 3761 illam
1338 3705 1592 3773 exhibet,
1661 3705 1835 3761 istam

172 3791 481 3855 amandat,
514 3808 627 3846 non
688 3808 920 3865 semper
978 3793 1189 3865 placet.
1255 3794 1489 3849 Delatos
1546 3792 1836 3849 Richardo

171 3879 495 3935 Albanensi
527 3880 800 3953 episcopo
833 3882 893 3938 S.
921 3883 985 3939 Η.
1006 3884 1068 3937 Ε.
1095 3882 1281 3955 legato
1314 3884 1580 3939 simonias
1605 3883 1840 3939 nomine

175 3969 493 4026 canonicos
527 3988 690 4039 suos,
725 3973 807 4027 ita
837 3973 1055 4029 crimen
1090 3974 1229 4029 illud
1266 3974 1505 4046 repulit,
1546 3980 1607 4029 ut
1640 3979 1839 4030 osten-

173 4058 327 4114 derit
341 4058 522 4114 simul
539 4061 825 4117 taxandos
839 4062 1040 4117 eodem
1058 4062 1302 4117 crimine
1315 4062 1531 4117 summi
1549 4062 1840 4133 pontiﬁcis

175 4147 507 4218 ministros,
544 4149 645 4219 qui
703 4150 773 4205 ab
835 4150 1148 4223 episcopis,
1203 4152 1541 4217 abbatibus,
1593 4156 1651 4207 et
1709 4152 1840 4206 aliis

174 4237 369 4306 pretia
420 4236 661 4308 exigunt
694 4254 836 4293 sane
884 4239 1195 4304 immensa,
1231 4239 1422 4311 specie
1454 4239 1753 4295 chartulas
1786 4244 1843 4295 et

170 4323 325 4380 alias
353 4324 415 4380 id
450 4341 637 4397 genus
668 4327 951 4383 minutias
987 4329 1342 4400 repensandi
1376 4329 1839 4400 (35).Fatendum

1944 406 2164 462 crimen
2217 424 2499 479 regerere.
2558 408 2755 478 Neque
2813 407 2907 464 Ivo
2967 406 3024 461 id
3084 406 3243 473 fecit,
3294 407 3392 461 sed
3452 407 3593 479 quid

1941 496 2205 551 canonici
2256 497 2675 568 responderent
2706 496 2956 566 ingenue
2997 495 3214 551 retulit.
3250 500 3593 567 Agnoscunt

1942 584 2203 657 plerique
2236 603 2437 640 omnes
2491 585 2679 641 solum
2716 603 2893 657 prope
2936 586 3167 641 Ivonem
3217 601 3284 640 ea
3332 588 3586 656 tempes-

1941 682 2060 732 tate
2092 684 2292 731 contra
2344 678 2773 732 exundantium
2824 677 3099 732 vitiorum
3153 680 3473 731 torrentem
3524 692 3587 731 se

1939 766 2242 822 obtulisse.
2279 767 2408 837 Ipse
2458 771 2545 821 est
2575 767 2672 836 qui
2705 783 2775 821 ne
2810 765 2979 821 mala)
3011 766 3178 821 fama;
3209 765 3383 821 homo
3412 769 3585 819 Joan-

1938 873 2042 910 nes
2069 856 2537 920 arehidiaconus,
2570 855 3014 910 Aurelianorum
3062 858 3220 909 tieret
3251 855 3588 925 episcopus,

1937 948 2085 1015 apud
2140 945 2441 1015 Hugonem
2480 945 2949 1011 Lugdunensem,
3002 943 3294 1014 pontiﬁcis
3338 943 3583 999 Romani

1934 1032 2211 1104 legatum,
2259 1051 2359 1105 pro
2393 1032 2542 1087 virili
2594 1033 2821 1087 laborat
2849 1033 2982 1103 (36).
3020 1034 3146 1103 Ipse
3197 1036 3287 1086 est
3336 1032 3433 1102 qui
3465 1034 3584 1087 Ste-

1935 1121 2127 1193 phano
2188 1123 2555 1191 Galardensi,
2616 1140 2685 1177 ne
2744 1122 2803 1175 in
2862 1122 3055 1177 sedem
3116 1120 3585 1175 Bellovacensem

1932 1212 2210 1266 evehatur
2268 1211 2526 1266 cbstistit
2559 1212 2689 1281 (37).
2745 1211 2805 1264 Et
2857 1228 2927 1265 ne
2974 1209 3160 1264 Gallia
3211 1209 3413 1264 virtuti
3461 1209 3589 1277 ejus

1932 1299 2076 1355 satis
2109 1298 2302 1371 ampla
2331 1302 2428 1364 sit,
2462 1299 2586 1370 ipse
2616 1303 2705 1353 est
2736 1300 2835 1369 qui
2868 1298 3021 1369 apud
3072 1296 3414 1352 Paschalem
3449 1297 3495 1350 II
3528 1300 3583 1350 et

1932 1388 2252 1443 Robcrtum
2287 1389 2557 1444 comitem
2594 1387 3003 1443 Mellentinum
3037 1386 3420 1456 conqueritur
3444 1384 3583 1455 (38),

1931 1478 2084 1549 quod
2119 1478 2405 1533 Rnuulius
2453 1476 2862 1533 Dunclmcnsis
2913 1476 3222 1547 episcopus
3274 1474 3583 1530 Lexovien-

1928 1583 2052 1623 sem
2087 1567 2403 1623 Ecclesium
2438 1585 2582 1623 novo
2634 1582 2844 1638 genere
2878 1564 3197 1620 invasiouis
3229 1570 3497 1634 occupat,
3529 1562 3581 1617 ei

1929 1655 2079 1712 ﬁlios
2111 1673 2454 1728 praeponens
2486 1656 2678 1712 adhuc
2710 1671 2922 1726 pueros
2974 1670 3132 1708 more
3161 1652 3404 1707 Judaico
3436 1650 3579 1707 alte-

1932 1762 2059 1801 rum
2096 1746 2258 1801 alteri
2290 1762 2727 1801 successurum.
2760 1745 2887 1815 Ipse
2918 1748 3001 1799 est
3031 1742 3129 1814 qui
3160 1741 3425 1809 Henrico,
3458 1742 3578 1812 regi

1932 1835 2359 1906 Anglize,semel
2383 1853 2448 1890 ac
2472 1836 2681 1890 iterum
2708 1834 2946 1904 scripsit
2974 1833 3107 1901 (39‘),
3138 1836 3263 1887 tum
3288 1831 3359 1885 ob
3394 1829 3580 1886 multa

1934 1922 2066 1993 alia,
2091 1929 2217 1978 tum
2243 1923 2418 1978 etiam
2440 1941 2509 1978 ne
2533 1924 2770 1978 incestis
2797 1921 3018 1994 nuptiis
3041 1921 3221 1976 tiliam
3246 1936 3413 1975 suam
3443 1918 3577 1973 alli-

1933 2016 2109 2082 garet.
2145 2015 2275 2084 Ipse
2304 2017 2392 2067 est
2424 2012 2519 2083 qui
2555 2028 2689 2067 cum
2740 2010 3116 2083 pontificibus
3148 2009 3421 2077 summis,
3456 2024 3579 2063 mo-

1935 2102 2096 2157 deste
2123 2106 2341 2168 tamen,
2374 2101 2697 2172 legatorum
2732 2100 2832 2170 qui
2867 2101 3143 2154 dicuntur
3174 2116 3207 2152 a
3244 2098 3420 2153 latere
3448 2114 3581 2152 ava-

1936 2190 2153 2258 ritiam,
2205 2190 2691 2261 importunusque
2722 2190 2794 2244 ad
2836 2188 3035 2243 sedem
3068 2186 3446 2258 apostolicam
3478 2202 3581 2256 ap-

1934 2278 2281 2351 pellationes
2328 2296 2528 2334 eorum
2562 2279 2662 2349 qui
2718 2277 3085 2349 propriorum
3118 2281 3418 2346 pastorum
3448 2291 3583 2329 sen-

1934 2368 2121 2423 tentia
2169 2367 2673 2439 constringuntur,
2724 2364 3128 2437 expostulavil.
3164 2365 3383 2436 Nempe
3428 2364 3585 2419 sedis

1936 2456 2095 2511 illius
2146 2456 2695 2511 observantissimus
2746 2472 2895 2526 aegre
2947 2455 3170 2509 ferebat
3218 2453 3440 2524 passim
3473 2452 3585 2522 ipsi

1934 2547 2161 2603 detrahi
2196 2548 2307 2617 (40)
2342 2564 2355 2601 :
2393 2546 2545 2601 unde
2593 2545 2887 2600 abscissus
2939 2543 3121 2599 voluit
3151 2544 3581 2598 detractionum

1936 2654 2111 2692 ansas
2141 2637 2332 2707 quoad
2383 2635 2507 2690 ﬁeri
2556 2639 2772 2705 posset.
2808 2633 3077 2688 Florebat
3107 2636 3246 2686 tunc
3297 2631 3581 2701 temporis

1936 2725 2230 2781 Goﬂ‘ridus
2262 2724 2444 2779 abbas
2481 2722 3053 2789 Vindocinensis,vir
3078 2737 3217 2776 sane
3247 2718 3498 2789 simplex
3526 2720 3584 2773 et

1936 2815 2148 2881 bonus,
2183 2828 2357 2885 quem
2411 2814 2564 2868 inter
2591 2816 2648 2867 et
2703 2814 2934 2868 Ivouem
2968 2809 3223 2866 amicitia
3275 2825 3421 2863 nexa
3467 2810 3578 2863 est.

1935 2902 2149 2959 Scribit
2180 2907 2375 2957 tamen
2408 2900 2504 2955 hic
2535 2898 2800 2956 Paschali
2833 2899 2881 2952 lI
2912 2898 3020 2970 (41)
3045 2914 3105 2952 se
3139 2895 3323 2950 multa
3354 2894 3474 2966 pati
3507 2894 3580 2950 ab

1936 2993 2210 3064 epiSCOpo
2258 2994 2603 3057 Carnutum,
2655 2991 2829 3043 Ivone
2878 3004 3085 3057 nempe
3138 2989 3381 3041 nostro:
3416 2988 3472 3040 et
3518 3000 3587 3039 ex

1940 3082 2249 3152 utriusque
2278 3080 2542 3151 epistolis
2574 3078 2934 3134 simultatem
2958 3074 3427 3147 quandaminter
3456 3071 3590 3127 illos

1942 3177 2139 3227 natam
2175 3170 2365 3224 videre
2398 3174 2487 3224 est
2518 3167 2590 3222 ob
2623 3172 2959 3236 exemptum
2994 3163 3426 3218 Vindocinense
3470 3177 3594 3216 n.0-

1944 3258 2265 3316 nasterium
2298 3258 2369 3312 ab
2400 3256 2806 3329 episcoporum
2833 3256 3141 3325 potestate.
3166 3256 3296 3305 Haec
3320 3250 3475 3305 enim
3509 3252 3599 3303 est

1944 3352 2109 3405 radix
2140 3347 2423 3405 similium
2458 3344 2890 3401 discordiarum
2923 3341 2995 3396 ab
3028 3340 3271 3411 antiquo
3303 3337 3599 3394 feracissi-

1947 3456 2063 3502 ma.
2094 3438 2270 3494 etiam
2305 3437 2455 3491 inter
2486 3449 2871 3506 quoscunque
2902 3430 3213 3486 sanctitate
3242 3432 3298 3483 et
3337 3425 3602 3482 doctrina

1944 3529 2155 3585 claros.
2186 3529 2256 3582 Et
2288 3526 2435 3581 sicut
2470 3524 2551 3578 illi
2585 3522 2749 3578 nulla
2794 3521 3053 3575 virorum
3089 3518 3265 3573 etiam
3300 3515 3601 3589 piissimo-

1946 3635 2075 3673 rum
2130 3616 2449 3671 auctoritas
2500 3613 2785 3668 hactenus
2841 3611 3015 3663 ﬁnem
3050 3608 3239 3662 facere
3274 3605 3488 3678 potuit,
3521 3604 3604 3660 ita

1948 3706 2182 3763 necilla
2229 3702 2553 3775 integritati
2598 3717 2663 3756 ac
2713 3696 3011 3755 sanctitati
3062 3694 3368 3766 utriusque
3416 3692 3601 3765 partis

1948 3794 2330 3867 disceptantis
2361 3790 2686 3863 quidquam
2719 3788 2951 3843 ofﬁcere
2980 3785 3104 3841 visa
3133 3787 3221 3839 est
3250 3782 3384 3855 (42).

2018 3889 2166 3939 Dum
2201 3886 2396 3939 autem
2431 3880 2829 3950 undequaque
2853 3876 2948 3931 Ivo
2969 3875 3026 3929 in
3054 3872 3195 3928 vitia
3216 3871 3479 3928 omnium
3512 3870 3570 3926 in
3591 3900 3603 3910 -

1948 3972 2197 4039 vehitur,
2233 3972 2371 4042 qund
2409 3970 2625 4024 mirum
2660 3970 2708 4022 si
2740 3965 2870 4021 aliis
2903 3963 3086 4027 oneri,
3115 3961 3247 4016 aliis
3298 3960 3428 4016 odio
3478 3959 3604 4014 sit?

1949 4062 2089 4125 Quis
2113 4062 2545 4131 obstrepentem
2572 4059 2853 4128 perpetuo
2873 4054 3075 4108 tubam
3099 4050 3261 4104 illam
3288 4064 3455 4119 inquo
3478 4047 3603 4101 ani-
3685 4072 3707 4090 ο

1952 4167 2042 4205 me
2077 4150 2279 4204 audire
2312 4146 2547 4218 possit?
2593 4146 2664 4199 Et
2695 4144 2745 4198 si
2778 4141 3065 4212 quosdam
3099 4138 3237 4193 fecit
3265 4136 3485 4207 gradus
3516 4139 3603 4190 at-

1951 4255 2064 4311 que
2112 4237 2144 4305 ἡ
2178 4236 2390 4305 iscum:
2441 4233 2795 4306 superiores,
2830 4231 2964 4302 quis
2997 4244 3111 4283 non
3163 4226 3475 4290 irascatur,
3506 4241 3607 4290 aut

1950 4328 2121 4383 toties
2144 4326 2498 4382 lancinatam
2525 4339 2639 4377 non
2666 4319 2921 4376 vindicet
2944 4317 3288 4390 dignitatem
3313 4314 3607 4369 ?Prot'ecto

175 4430 321 4469 sane
354 4418 499 4470 tunc
546 4416 849 4487 temporis,
897 4421 954 4472 et
998 4419 1169 4488 paulo
1218 4423 1373 4483 ante,
1428 4418 1570 4473 adeo
1619 4418 1835 4474 crimen
1871 4433 1918 4497 D
1950 4418 2049 4488 qui
2078 4416 2148 4471 ad
2175 4431 2365 4469 mores
2388 4409 2875 4468 hominumillius
2899 4408 2999 4461 aevi
3026 4407 3291 4461 animum
3343 4404 3605 4497 adverte:

175 4502 444 4559 simonim
468 4503 527 4559 in
550 4503 778 4561 clericis
800 4504 1132 4571 inolevisse,
1164 4510 1512 4577 tantumque
1543 4507 1592 4561 ei
1628 4506 1836 4563 exstir-

180 4593 374 4663 pando
426 4609 691 4651 summos
726 4593 1033 4666 pontiﬁces
1084 4594 1420 4661 insudasse,
1456 4600 1515 4649 ut
1550 4595 1834 4667 quidquid

177 4680 265 4735 vel
299 4682 574 4737 umbram
632 4682 796 4739 illius
854 4682 1263 4755 praeseferebat
1322 4684 1379 4737 in
1441 4683 1837 4755 suspicionem

178 4770 418 4825 veniret.
452 4768 668 4827 Verum
700 4786 860 4828 nemo
893 4770 1077 4827 telum
1126 4775 1475 4842 contorquet
1505 4775 1603 4843 qui
1636 4779 1840 4828 contra

179 4872 243 4911 se
299 4857 454 4912 idem
533 4860 903 4931 contorqueri
968 4860 1221 4916 libenter
1282 4861 1538 4932 patiatur
1590 4880 1603 4928 ;
1666 4865 1839 4932 atque

248 5017 783 5094 (33)_Rescriptum
844 5022 1097 5094 Philippi
1160 5022 1318 5093 regis
1374 5024 1442 5077 ad
1508 5022 1837 5093 capitulum

176 5089 454 5176 ecclesiae“
469 5089 796 5176 S..Q_uintin.i
827 5089 1505 5176 Yeromanduo'rum‘pro
1530 5089 1841 5176 praebenda

177 5178 359 5231 quam
416 5164 780 5227 Quintiniaui
832 5166 1211 5222 Belvacenses
1252 5166 1311 5220 in
1366 5164 1837 5232 dicta‘ecclesia,

180 5234 563 5310 concessione
592 5239 860 5307 eiusdem
896 5238 1147 5310 Philippi
1181 5236 1499 5309 possident.
1535 5238 1841 5305 Datum,ut

188 5304 471 5374 creditur,
504 5324 597 5363 an.
632 5304 788 5363 1089.

251 5376 367 5447 (34)
399 5376 543 5433 Vide
574 5380 855 5447 epistolas
883 5379 1123 5437 (ἰοίΐεὶἀί
1154 5379 1602 5438 Vindocinensis
1632 5380 1735 5437 lib.
1772 5397 1830 5435 ιι.

254 5446 375 5589 82)
407 5446 669 5532 Epistula
704 5452 821 5508 133.

352 5521 370 5589 )
403 5524 666 5589 Epistola
691 5524 780 5581 66.

278 5519 370 5592 36)
403 5519 666 5594 Epistola
691 5524 780 5581 66.

1950 4506 2046 4571 rit,
2084 4503 2413 4568 mirabitur,
2450 4517 2564 4555 non
2599 4499 2753 4570 quod
2796 4495 3135 4553 clamaverit
3164 4498 3283 4563 Ivo,
3316 4492 3415 4548 sed
3447 4491 3601 4561 quod

1948 4594 2111 4650 solus
2132 4590 2557 4657 exclamaverit,
2593 4593 2649 4644 et
2668 4592 2753 4644 tot
2776 4586 2873 4642 alii
2913 4585 3082 4641 silere
3123 4581 3437 4654 potuerint,
3466 4596 3597 4635 cum

1949 4700 2097 4753 opus
2122 4681 2329 4737 fuisset
2352 4679 2604 4735 clamore
2626 4676 2817 4733 valido
2840 4675 2911 4730 ad
2935 4678 3239 4730 veternum
3288 4669 3596 4725 hominum

1947 4772 2344 4828 excitandum.
2382 4770 2461 4823 Ne
2493 4766 2637 4822 mihi
2672 4771 2872 4821 tamen
2922 4764 3106 4831 ﬁngas
3144 4761 3377 4815 Ivonsm
3410 4757 3599 4813 virum

1950 4867 2274 4929 austerum,
2303 4874 2368 4913 ac
2390 4857 2641 4912 ferreum
2660 4853 2759 4925 qui
2782 4852 3129 4908 contumacia
3150 4865 3213 4904 ac
3244 4849 3405 4902 inani
3414 4849 3603 4919 jacta-

2045 5022 2135 5091 37)
2167 5016 2430 5091 Epistula
2458 5018 2548 5091 87.

2045 5086 2134 5161 38')
2164 5086 2433 5162 Epistolis
2472 5086 2747 5162 154,151.

2046 5156 2135 5233 3o)
2168 5156 2267 5234 Eb.
2301 5164 2391 5225 55,
2420 5161 2511 5223 eo,
2543 5157 2772 5234 87,]09
2802 5159 2859 5211 et
2893 5156 3013 5209 uo.

2165 5231 2882 5328 E?§.4§1:2§9i-%52;m-m:
2920 5296 3202 5328 ιγςηιιηηςη
3266 5294 3299 5328 ις

2024 5294 2132 5377 fili
2168 5294 2310 5361 Vide
2339 5294 2618 5376 epistolas
2646 5298 2884 5355 Goﬁ'ridi
2920 5296 3227 5352 Vindocin.
3263 5294 3365 5351 lib.
3398 5307 3418 5347 ι
3450 5295 3508 5347 et
3539 5306 3600 5357 ιι,
3644 5340 3647 5345 λ

2108 5382 2119 5411 (

1949 5379 2268 5522 θρξιιὲῗδὲρ.
2304 5448 2508 5519 11,25,
2539 5447 2630 5502 co.
