3928 6038
340 241 411 298 19
1498 241 1621 296 IVO
1655 237 2148 295 CARNOTENSIS
2184 238 2592 293 EPISCOPUS.
3680 236 3754 292 20

338 367 492 424 tione
538 364 813 420 libertatis
878 367 1091 437 famam
1142 368 1428 437 latumque
1480 368 1798 436 prouocaret
1855 361 1983 434 (43).
2016 360 2070 429 Α
2099 358 2264 415 vicus
2294 377 2503 434 parum
2524 358 2791 415 honestis
2813 373 2876 414 se
2896 357 3119 430 nuptiis
3143 356 3752 433 commacularetHS),

340 454 450 522 Qui
491 454 697 526 legerit
745 455 873 525 ejus
922 454 1223 527 epistolas,
1275 455 1644 510 moderatum
1693 456 1990 525 agnoscet.

339 549 500 616 Sape
549 560 805 615 namque
854 560 1146 599 canonum
1196 544 1447 616 rigorem
1501 542 1845 615 temperavit
1892 546 1995 597 aut

343 634 489 691 alios
520 636 848 704 temperare
876 632 1298 703 monuit.Sape
1329 632 1633 703 pontiﬁces
1657 630 1994 703 autlegatos

343 739 567 793 eorum,
602 722 867 792 aliosque
902 720 1180 791 praesules
1212 738 1245 775 a
1277 722 1712 792 pronuntiando
1753 721 1993 776 anathe-

344 816 497 869 mate
528 812 873 866 dehortatus
906 809 1283 881 est.Denique
1315 809 1500 865 multo
1533 808 1703 881 plura
1730 808 1998 865 toleravit

344 918 519 973 quam
554 899 900 972 increpavit,
933 903 998 953 ut
1028 899 1097 953 de
1129 898 1255 969 ipso
1287 898 1481 954 dicere
1512 899 1809 971 possimus
1840 898 1995 971 quod

344 991 483 1048 olim
517 991 589 1045 de
621 989 913 1059 pontifice,
949 988 1049 1042 sed
1079 988 1343 1059 profano,
1382 987 1851 1055 dictum,nultius
1878 1002 1997 1041 ser-

343 1080 472 1137 vitis
502 1079 786 1134 sententiae
833 1081 1026 1149 sponte
1072 1081 1285 1144 auctor,
1338 1085 1391 1132 et
1447 1079 1653 1148 quoties
1710 1078 1999 1131 necessitas

346 1172 628 1239 ingrueret
656 1169 939 1238 sapienter
961 1167 1271 1221 moderans.
1307 1166 1541 1221 Dictum
1578 1167 1649 1221 ab
1682 1166 1914 1221 Urbano
1948 1165 1997 1220 II

346 1257 664 1314 anathema
694 1260 900 1312 contra
932 1254 1287 1328 Philippum,
1322 1255 1421 1309 diu
1467 1254 1720 1311 celatum
1753 1253 1999 1310 detineri

345 1346 558 1415 voluit,
590 1344 993 1400 benevolentia
1039 1362 1101 1399 ac
1136 1346 1529 1416 propensione
1578 1346 1832 1416 quadam
1865 1361 2001 1415 erga

349 1434 699 1508 principem,
734 1450 804 1489 ne
854 1434 995 1506 quid
1026 1434 1085 1489 in
1119 1450 1295 1506 regno
1339 1433 1633 1489 tumultus
1666 1435 1849 1489 fieret.
1882 1433 2003 1489 Bel-

349 1522 643 1580 lovacensi
674 1522 849 1589 clero,
882 1522 1207 1579 sciscitanti
1264 1528 1458 1578 utrum
1489 1539 1652 1578 reum
1686 1524 2000 1594 quemdam

352 1615 699 1670 canonicum
734 1613 1017 1669 tribunali
1048 1612 1466 1683 ecclesiastico,
1496 1617 1559 1668 ut
1588 1613 1698 1669 fert
1723 1613 2004 1669 canonica

2102 465 2250 520 quas
2282 449 2366 505 illi
2398 450 2564 522 Hugo
2594 446 2899 504 Trecensis
2947 463 3142 504 comes
3174 448 3484 519 suadebat,
3515 452 3572 505 et
3620 450 3753 506 des-

2102 538 2343 595 tinatam
2377 555 2658 612 sponsam
2690 538 2816 593 sine
2848 554 3011 593 mora
3042 538 3154 593 sibi
3186 537 3491 610 copularet
3521 542 3587 594 ut
3615 556 3756 596 suc-

2103 630 2354 686 cessoris
2385 646 2519 703 spes
2550 628 2957 701 impendentes
2987 628 3151 700 regni
3197 628 3490 685 scissuras
3536 629 3755 686 retine-

2104 722 2193 773 ret
2237 719 2397 791 (46)?
2445 719 2608 775 Certe
2661 716 2860 788 magni
2891 734 2925 772 a
2958 732 3094 787 rege
3141 717 3469 773 aestimatus
3517 723 3626 785 est,
3677 719 3759 774 ita

2106 812 2171 863 ut
2200 826 2313 880 pra
2344 809 2574 863 cunctis
2604 807 2687 861 illi
2719 809 2876 862 esset
2905 822 2939 861 a
2968 805 3250 862 consiliis.
3278 807 3582 863 Hominem
3615 826 3757 865 ana-

2106 898 2365 953 themate
2396 899 2835 969 percussum,et
2864 912 3081 951 mensa
3110 896 3266 968 regis
3297 896 3640 969 participem
3675 898 3759 954 ef-

2105 988 2344 1054 fectum,
2368 988 2440 1043 ab
2472 988 2743 1059 episcopo
2760 985 3159 1057 recipiendum
3182 986 3434 1051 censuit,
3466 991 3522 1042 et
3544 988 3764 1059 recepit

2106 1077 2233 1149 ipse
2264 1078 2375 1149 (47)
2398 1077 2577 1145 ;tanti
2610 1075 2745 1131 fecit
2774 1074 2895 1146 regi
2927 1081 3232 1147 acceptum
3265 1077 3567 1133 esse.Cum
3598 1094 3763 1132 man-

2108 1169 2306 1225 dasset
2353 1168 2654 1224 Paschalis
2686 1168 2733 1223 ΙΙ
2780 1166 3109 1239 Radulpho,
3162 1167 3286 1223 sedi
3337 1167 3761 1225 Rbemensium

2110 1258 2438 1330 designato,
2472 1274 2543 1313 ne
2590 1273 2652 1313 se
2700 1256 2821 1329 regi
2870 1255 2989 1313 ullo
3040 1260 3405 1312 sacramento
3455 1256 3765 1330 obligaret,

2111 1348 2351 1419 scripsit
2395 1347 2635 1402 minime
2682 1347 3152 1419 obtemperatum
3204 1345 3389 1400 fuisse
3438 1345 3573 1417 (48),
3605 1346 3766 1417 quod

2111 1437 2221 1492 hoc
2251 1437 2592 1492 mandatum
2623 1438 2682 1492 et
2710 1440 2913 1492 contra
2941 1434 3432 1491 consuetudinem
3464 1435 3768 1507 episcopo-

2113 1543 2245 1581 rum
2276 1525 2494 1591 Gallia,
2527 1530 2583 1580 et
2612 1526 2932 1596 contrajus
2962 1523 3115 1595 regis
3144 1529 3338 1594 esset;
3361 1540 3551 1596 neque
3581 1524 3767 1579 aliun-

2113 1617 2184 1670 de
2242 1616 2591 1688 profectum,
2642 1631 2819 1686 quam
2869 1615 2939 1670 ab
2986 1630 3053 1670 eo
3112 1614 3267 1686 quod
3318 1613 3376 1669 in
3421 1613 3767 1670 hominibus

352 1705 466 1775 lex,
498 1721 570 1759 an
628 1702 783 1759 civili
833 1702 924 1759 vel
973 1702 1154 1775 regio,
1216 1707 1281 1757 ut
1332 1719 1430 1758 rex
1481 1704 1604 1775 ipse
1653 1702 1903 1775 imperat

2218 1702 2391 1772 κικόν,
2427 1708 2484 1759 et
2531 1705 2683 1775 quod
2734 1704 2943 1775 quarit
2969 1702 3036 1757 τά
3083 1699 3299 1776 σαρκός,
3336 1719 3453 1757 non
3505 1718 3633 1774 qua
3662 1702 3766 1758 Dei

354 1795 611 1858 sisteret,
651 1792 798 1847 illud
859 1793 1091 1863 quidem
1152 1792 1365 1847 melius
1426 1796 1483 1847 et
1537 1808 1605 1847 ex
1655 1793 1811 1863 jure,
1842 1792 2001 1847 istud

353 1887 553 1939 tamen
586 1882 920 1939 faciendum
953 1882 1209 1951 censuit,
1244 1882 1316 1937 ob
1351 1898 1417 1938 ea
1448 1898 1574 1953 qua
1618 1882 2009 1937 imminebant

355 1970 529 2040 mala,
561 1971 672 2026 nisi
708 1970 1057 2042 patientiam
1090 1971 1161 2026 ad
1187 1970 1388 2025 omnia
1418 1971 1690 2025 duratam
1722 1976 2008 2042 paratam-

356 2076 470 2132 que
501 2060 800 2115 haberent.
838 2058 1070 2115 Similia
1103 2060 1216 2115 fere
1249 2059 1457 2115 scribit
1487 2060 1753 2131 Turgedo
1784 2060 2008 2131 ingena

356 2149 851 2204 Abrincantorum
903 2148 1199 2220 episcopo,
1253 2148 1431 2203 dubio
1494 2149 1816 2217 sententia,
1866 2165 2008 2204 num

358 2238 553 2310 legato
584 2238 801 2294 summi
836 2237 1127 2309 pontiﬁcis
1161 2242 1263 2292 aut
1284 2238 1406 2309 regi
1438 2238 1888 2309 obtemperaret.
1922 2238 2011 2293 llli

359 2327 599 2399 quidem
651 2342 872 2383 morem
923 2330 1156 2398 gestum
1207 2332 1471 2398 oportere
1501 2327 1644 2383 dicit
1677 2344 1689 2383 :
1726 2332 1784 2383 at
1814 2328 1863 2384 si
1894 2345 2009 2383 non

362 2416 505 2472 satis
539 2416 590 2471 ei
622 2416 700 2471 sit
730 2415 936 2484 animi,
968 2432 1159 2487 neque
1200 2416 1414 2471 iratum
1448 2432 1639 2487 regem
1674 2416 1887 2473 habere
1918 2434 2011 2472 ve-

362 2504 453 2574 lit,
494 2504 691 2559 mittat
746 2505 817 2559 ad
878 2520 1179 2559 summum
1240 2504 1577 2575 pontiﬁcem
1630 2506 1729 2577 qui
1792 2506 2008 2561 factum

361 2598 567 2649 contra
595 2593 724 2664 ejus
771 2592 1129 2648 voluntatem
1177 2598 1475 2650 excusent.
1508 2596 1673 2666 Apud
1716 2596 2008 2651 Cononem

361 2686 557 2738 autem
590 2682 1013 2737 Pranestinum
1046 2683 1411 2754 episcopum,
1442 2688 1655 2739 sancta
1688 2685 1844 2740 sedis
1874 2702 2005 2756 apo-

361 2770 578 2828 stolica
609 2770 887 2843 legatum,
922 2776 1048 2827 orat
1074 2779 1136 2826 ut
1165 2770 1474 2842 episcopus
1507 2774 1840 2842 Bajocensis
1872 2790 2010 2828 cen-

361 2878 501 2917 sura
547 2859 945 2917 ecclesiastica
994 2878 1109 2915 non
1159 2860 1450 2928 inuratur,
1496 2865 1709 2933 quippe
1750 2862 1848 2933 qui
1898 2864 2007 2918 sub

362 2948 552 3005 alieno
576 2949 831 3020 jure,cui
856 2948 1072 3005 serviat
1102 2965 1338 3005 necesse
1370 2954 1480 3020 est,
1513 2951 1862 3007 destinetur.
1898 2952 2008 3007 Sed

359 3039 516 3095 inter
550 3039 973 3094 moderationis
1003 3042 1060 3093 et
1086 3054 1223 3109 erga
1251 3055 1391 3095 suos
1408 3040 1740 3111 superiores
1770 3058 2009 3113 propen-

365 3127 550 3183 sionis
582 3130 1073 3199 argumenta,non
1107 3107 1501 3183 omittendum
1532 3130 1684 3200 quod
1717 3107 1797 3184 ait
1826 3107 2009 3186 0rde-
2039 3107 2082 3174 C

364 3218 526 3273 ricus
557 3217 629 3272 de
658 3217 963 3287 illo,verba
994 3218 1122 3287 ejus
1153 3218 1451 3272 offeram.«
1482 3222 1567 3274 An
1602 3221 1739 3275 1103
1769 3220 2011 3277 Pascha-

364 3306 439 3363 lis
461 3322 613 3378 papa
635 3306 693 3360 in
709 3305 927 3361 Gallias
951 3305 1381 3362 venit...»Tunc
1403 3308 1752 3364 venerabilis
1776 3310 1869 3365 Ivo
1888 3310 2013 3365 Car-

367 3400 593 3452 notena
645 3397 810 3452 urbis
859 3396 1171 3467 episcopus
1204 3397 1357 3452 inter
1405 3400 1728 3471 pracipuos
1761 3400 2011 3455 Francia

367 3485 635 3540 doctores
657 3485 984 3540 eruditione
999 3485 1325 3541 litterarum
1346 3491 1465 3542 tam
1488 3487 1817 3544 divinarum
1834 3506 2011 3561 quam

364 3572 739 3628 saecularium
773 3574 1041 3629 ﬂoruit.A
1067 3591 1181 3645 quo
1202 3574 1483 3631 invitatus
1509 3594 1661 3650 papa
1680 3577 2016 3634 solemnita-

361 3664 480 3716 tem
513 3661 744 3717 Pascba
790 3663 945 3733 apud
978 3667 1291 3718 Carnotum
1338 3664 1670 3723 celebravit.
1706 3667 1881 3722 Porro
1912 3683 2013 3723 au-

360 3752 476 3806 tem
511 3752 651 3806 dum
684 3751 757 3807 iis
778 3752 1022 3807 sedulus
1046 3753 1377 3819 vacat,inde
1408 3754 1732 3826 disciplina
1747 3756 2015 3812 ecclesia-

362 3840 518 3894 stica
564 3846 839 3909 assertor,
876 3842 1011 3896 inde
1062 3842 1327 3912 ejusdem
1361 3859 1494 3897 cum
1527 3843 1583 3898 id
1617 3845 1798 3916 exigit
1830 3846 2011 3913 locus,

357 3931 718 4000 temperator
764 3930 1075 4001 maximus,
1110 3948 1223 3985 non
1276 3933 1668 4003 praetermittit
1700 3950 1768 3989 ea
1800 3952 1930 4006 qua
1959 3942 2017 3991 et

360 4018 482 4090 regi
504 4023 559 4074 et
582 4019 782 4090 patria
806 4020 979 4075 debet
1006 4040 1019 4088 ;
1046 4024 1101 4075 et
1123 4020 1256 4075 licet
1279 4037 1582 4076 sacrorum
1607 4023 1765 4077 sedis
1788 4029 2017 4094 aposto.

361 4105 729 4177 licajurium
756 4110 1032 4165 defensor
1053 4110 1225 4164 fuerit
1261 4110 1608 4178 acerrimus,
1642 4111 1786 4166 nihil
1817 4117 2014 4169 tamen

361 4202 565 4252 contra
596 4197 906 4254 Gallicana
937 4198 1205 4254 Ecclesia
1231 4199 1363 4267 jura
1410 4199 1706 4255 commisit
1754 4218 2016 4273 unquam

362 4289 463 4339 aut
498 4286 789 4341 committi
822 4304 1035 4358 passus
1065 4292 1178 4357 est,
1209 4288 1267 4341 in
1302 4288 1568 4357 utrisque
1615 4291 1918 4345 servandis
1950 4307 2016 4346 ac

361 4376 807 4445 propugnandis
836 4376 1053 4431 mirum
1086 4380 1373 4447 quantum
1398 4379 1657 4448 prudens
1685 4383 1742 4433 et
1771 4378 2019 4434 circum-

2115 1799 2275 1850 sunt.
2308 1794 2507 1848 Eidem
2558 1809 2792 1848 summo
2823 1792 3085 1863 pontifici
3135 1792 3395 1847 scribens
3440 1792 3554 1863 (49)
3602 1797 3773 1864 rogat

2114 1888 2183 1939 ut
2212 1898 2518 1955 nunquam
2550 1882 2620 1937 ab
2652 1881 2914 1938 amicitia
2944 1881 3097 1953 regis
3128 1879 3328 1937 Gallia
3346 1884 3564 1936 temere
3581 1881 3771 1938 disce-

2118 1973 2238 2041 dat,
2271 1988 2343 2027 ne
2374 1971 2572 2027 Gallia
2603 1971 2819 2043 alioqui
2851 1969 3335 2043 religiosissima,
3366 1973 3423 2025 et
3452 1986 3598 2025 rom.
3621 1986 3769 2042 pon-

2117 2061 2205 2116 tif.
2237 2060 2679 2131 amantissima,
2716 2059 2944 2115 dissidii
2978 2076 3043 2115 ac
3075 2057 3432 2129 schismatis,
3460 2074 3578 2130 quo
3624 2062 3773 2115 tunc

2118 2150 2432 2205 Germania
2479 2150 2690 2206 misere
2718 2149 3107 2216 lacerabatur,
3138 2164 3380 2206 causam
3429 2149 3547 2203 det.
3580 2147 3774 2212 Quare

2120 2240 2305 2296 sensit
2336 2255 2429 2295 res
2480 2239 2769 2294 humanas
2818 2239 3146 2294 incolumes
3170 2245 3225 2294 et
3265 2241 3429 2293 tutas
3477 2253 3605 2293 esse
3658 2255 3778 2294 non

2118 2345 2313 2400 posse,
2349 2327 2463 2383 nisi
2497 2328 2906 2385 consenserint
2949 2329 3101 2384 inter
3126 2343 3189 2383 se
3217 2341 3461 2399 regnum
3492 2332 3549 2383 et
3577 2342 3773 2384 sacer-

2123 2418 2346 2473 dotium
2372 2418 2495 2473 :cui
2526 2417 2607 2472 rei
2638 2418 2889 2474 alterum
2921 2416 3089 2473 alteri
3120 2417 3192 2473 de
3220 2433 3328 2473 suo
3360 2432 3778 2489 nonnunquam

2120 2508 2288 2562 cedat
2317 2522 2556 2562 necesse
2586 2510 2695 2563 est.

2190 2598 2301 2653 Sed
2336 2596 2498 2652 nulla
2527 2613 2621 2652 res
2649 2600 2737 2651 est
2766 2600 2824 2651 in
2855 2611 2970 2667 qua
3020 2594 3319 2667 ingenium
3372 2611 3438 2650 ac
3486 2593 3785 2666 sapientia

2119 2686 2315 2742 Ivouis
2346 2686 2535 2759 magis
2567 2684 2873 2741 emicuerit
2902 2701 3079 2758 quam
3112 2685 3171 2739 in
3192 2683 3513 2756 quastione
3534 2683 3605 2739 de
3624 2682 3787 2737 inve-

2121 2775 2367 2843 stiluris,
2404 2779 2466 2830 ut
2510 2774 2826 2847 appellant.
2859 2778 2937 2829 Ea
2966 2774 3076 2829 hoc
3123 2772 3404 2845 temporis
3436 2771 3659 2844 agitata
3689 2776 3785 2827 est

2120 2882 2254 2921 cum
2287 2869 2446 2920 tanto
2477 2864 2667 2919 calore
2698 2864 2849 2918 inter
2880 2863 3284 2933 imperatores,
3318 2876 3504 2930 reges,
3540 2860 3782 2931 pontiﬁ'

2119 2972 2239 3023 ces,
2266 2959 2332 3010 ut
2361 2971 2477 3026 qua
2509 2959 2670 3024 parte
2702 2951 2932 3007 steterit
2960 2950 3202 3005 victoria
3247 2964 3437 3020 neque
3462 2965 3641 3015 nunc,
3677 2964 3785 3004 ne-

2120 3062 2232 3116 que
2260 3050 2399 3099 tunc
2430 3043 2621 3097 dicere
2650 3041 2977 3113 possis.lvo
3007 3040 3078 3095 de
3109 3038 3202 3094 his
3233 3036 3787 3110 pronuntianslicet

2123 3134 2296 3189 modo
2326 3129 2571 3187 Baronio
2602 3129 2851 3202 placeat,
2884 3129 3056 3184 modo
3089 3127 3418 3199 displiceat,
3451 3126 3535 3181 ita
3580 3130 3785 3182 tamen

2122 3222 2420 3292 disseruit,
2458 3226 2518 3275 ut
2567 3237 2673 3276 nec
2704 3218 2966 3292 pontifici
2997 3219 3283 3283 Romano,
3307 3232 3413 3272 nec
3444 3214 3682 3287 regibus
3714 3232 3787 3272 ac

2121 3310 2580 3384 imperatoribus
2628 3315 2828 3365 notam
2861 3307 3042 3364 ullam
3072 3306 3381 3373 hareseos,
3408 3309 3512 3361 aut
3538 3305 3786 3370 erroris,

2122 3406 2224 3457 aut
2250 3399 2607 3468 schismatis,
2638 3403 2739 3454 aut
2779 3397 3027 3470 ignavia
3058 3396 3213 3452 inuri
3244 3411 3456 3469 passus
3485 3394 3565 3450 sit
3594 3411 3607 3450 :
3643 3409 3784 3449 cum

2122 3507 2231 3546 nec
2262 3489 2558 3545 hareseon
2606 3504 2991 3559 errorumque
3038 3503 3106 3542 ea
3134 3486 3213 3541 sit
3257 3483 3521 3553 materia,
3555 3486 3613 3539 et
3664 3499 3780 3537 ca-

2121 3584 2246 3636 tera
2278 3580 2327 3634 si
2361 3577 2523 3633 nulla
2553 3577 2632 3633 sit
2660 3576 2889 3646 divisio,
2921 3592 3024 3647 pro
3055 3574 3203 3641 loco,
3234 3578 3495 3644 tempore
3543 3587 3611 3628 ac
3643 3569 3783 3627 aliis

2123 3668 2585 3725 circumstantiis
2633 3667 2844 3734 minui,
2895 3666 3118 3737 augeri,
3174 3664 3322 3731 tolli,
3374 3662 3591 3734 apponi
3634 3677 3778 3731 pos-

2123 3759 2398 3829 sint,qua
2429 3756 2617 3811 varias
2648 3754 2856 3809 deinde
2879 3752 3245 3825 acceptiones
3271 3757 3327 3807 et
3349 3748 3777 3822 appellationes

2124 3848 2323 3902 subire
2355 3848 2594 3916 queant.
2631 3845 2833 3914 Itaque
2865 3844 3095 3897 censuit
3132 3842 3315 3897 factas
3342 3857 3376 3895 a
3406 3837 3777 3911 principibus

2125 3954 2239 3991 non
2291 3934 2570 3990 continuo
2620 3932 3028 4001 damnandas;
3080 3931 3301 3986 eisdem
3334 3946 3367 3984 a
3398 3926 3780 4000 pontiﬁcibus

2125 4024 2377 4081 summis
2411 4020 2730 4095 permissas
2763 4018 3000 4075 minime
3048 4018 3436 4089 rejiciendas;
3469 4032 3537 4071 ex
3568 4018 3782 4070 natura

2126 4115 2232 4180 rei,
2263 4114 2311 4167 si
2344 4112 2400 4166 id
2438 4112 2545 4165 fert
2565 4110 2783 4164 bonum
2813 4108 3075 4180 pacis,ab
3103 4107 3226 4162 solo
3249 4122 3483 4163 summo
3506 4103 3783 4176 pontiﬁce

2127 4202 2661 4275 accipiendas,ante
2690 4200 2799 4254 hac
2830 4202 3026 4254 autem
3060 4213 3213 4269 sape
3243 4213 3357 4252 non
3390 4195 3516 4250 sine
3539 4193 3781 4265 regibus

2125 4293 2295 4347 datas
2329 4293 2685 4361 acceptasve.
2721 4289 2858 4356 Hoc,
2890 4286 3158 4358 inquam,
3191 4284 3422 4341 censuit
3468 4287 3525 4339 et
3564 4297 3780 4353 magno

2126 4386 2336 4437 conatu
2369 4377 2885 4448 atﬁrmavit,atque
2915 4376 2962 4431 si
2996 4380 3264 4446 tempora
3293 4377 3495 4429 nostra
3516 4369 3779 4427 consulis

360 4469 617 4532 spectas.
651 4465 713 4519 Id
758 4465 943 4521 sensit
990 4466 1317 4523 Ludovicus
1350 4466 1420 4521 VI
1454 4468 1651 4521 statim
1695 4468 1767 4522 ab
1798 4485 1863 4524 eo
1894 4486 2010 4540 quo
2040 4477 2089 4542 1)
2121 4488 2236 4526 non
2282 4468 2639 4541 panitendo.
2690 4466 2891 4521 Noluit
2938 4464 3267 4520 libertatem
3318 4459 3781 4518 ecclesiasticam

359 4567 603 4623 regnare
646 4555 839 4626 capit.
873 4556 1008 4610 Post
1053 4556 1206 4609 enim
1239 4553 1466 4625 aliquot
1513 4556 1637 4611 dies
1687 4573 1860 4627 quam
1895 4558 2009 4613 fato

359 4640 670 4715 Philippus
698 4644 936 4700 iunctus
966 4642 1348 4711 est,suboluit
1370 4645 1549 4711 Ivoni,
1584 4644 1801 4701 multos
1832 4663 2008 4702 sacra

361 4730 517 4802 regis
567 4734 827 4789 unctioni
863 4749 1087 4788 moram
1144 4736 1375 4787 nectere
1424 4732 1570 4788 velle
1610 4736 2008 4792 novandarum

360 4837 557 4876 rerum
608 4822 805 4878 studio
838 4823 972 4893 (44).
1008 4820 1401 4886 Quamobrem
1448 4820 1666 4878 institit
1714 4829 1779 4878 ut
1830 4841 2007 4895 quam

361 4908 620 4979 primum
652 4926 721 4965 ea
749 4911 969 4966 Genabi
999 4908 1446 4966 Aurelianorum
1497 4917 1885 4982 perageretur,
1920 4931 2006 4970 re-

361 4996 754 5055 clamantibus
778 5000 1181 5071 nequidquam
1205 4999 1522 5055 Remorum
1552 5002 1928 5074 clericiszqua
1948 5004 2006 5060 in

359 5102 421 5141 re
451 5085 607 5141 haud
641 5088 910 5157 dubium,
942 5094 997 5144 et
1030 5089 1149 5161 regi
1182 5093 1239 5143 et
1269 5105 1447 5161 regno
1499 5091 1834 5147 consultum
1880 5094 2004 5149 ivit.

361 5175 506 5241 Quid
559 5177 805 5234 referam
855 5195 1053 5234 curam
1087 5179 1238 5249 ejus,
1272 5194 1387 5248 qua
1420 5180 1538 5251 egit
1569 5197 1640 5236 ne
1673 5199 1771 5237 rex
1821 5182 2007 5238 Ludo-

430 5354 541 5424 (43)
574 5355 754 5427 Epist.
786 5357 876 5411 23.

431 5426 541 5499 (44)
576 5426 756 5499 Epist.
795 5429 918 5483 189.

572 5497 939 5583 §ugeriusnin
971 5497 1104 5556 Vita
1134 5500 1410 5562 Ludovici
1439 5501 1536 5572 Vl,
1569 5518 1619 5558 c.
1654 5502 1741 5557 13.

428 5565 542 5641 (46)
572 5565 756 5644 Epist.
784 5571 910 5631 209.

2122 4558 2500 4616 saecularibus
2547 4554 2935 4627 potestatibus
2966 4554 3198 4625 subjici,
3237 4552 3320 4607 uti
3353 4567 3457 4606 nec
3487 4567 3549 4605 se
3579 4551 3660 4603 ita
3691 4554 3777 4603 at-

2120 4648 2344 4715 tollere,
2379 4651 2442 4701 ut
2475 4645 2582 4700 has
2631 4644 2975 4715 despiceret,
3009 4646 3111 4697 aut
3157 4640 3495 4697 oﬂ‘enderet.
3541 4636 3779 4693 Diceres

2120 4753 2187 4793 ex
2208 4737 2301 4792 his
2324 4736 2505 4791 alium
2530 4750 2658 4790 esse
2687 4733 2922 4788 lvonem
2963 4731 3033 4786 ab
3074 4747 3141 4786 eo
3182 4746 3359 4801 quem
3386 4732 3519 4784 ante
3550 4724 3777 4781 descri-

2118 4827 2208 4899 psi
2244 4827 2639 4897 increpantem
2660 4838 2725 4877 ac
2750 4822 3143 4877 detonantem.
3178 4820 3397 4874 Tamen
3428 4816 3480 4872 is
3511 4816 3636 4887 ipse
3666 4819 3779 4879 est,

2118 4915 2364 4986 aqualis
2385 4930 2522 4985 erga
2545 4927 2769 4979 omnes,
2804 4909 2853 4964 si
2888 4907 3138 4979 aquales
3181 4923 3318 4978 erga
3349 4922 3413 4962 se
3432 4903 3775 4970 habuisset;

2120 5006 2457 5061 moderatus
2489 5017 2648 5065 sane,
2681 4998 2729 5054 si
2759 5014 2825 5053 eo
2858 5002 3121 5068 tempore
3152 4996 3417 5065 luxuria,
3439 4991 3775 5058 ambitioni,

2119 5094 2373 5149 avaritiae
2426 5090 2633 5146 modus
2676 5086 2834 5142 ullus
2884 5086 3112 5142 fuisset.
3166 5084 3521 5141 Ludovicum
3577 5096 3777 5152 regem

2116 5184 2361 5254 ejusque
2413 5178 2634 5235 aulicos
2691 5192 2725 5231 a
2784 5174 3108 5246 direptione
3159 5175 3447 5230 bonorum
3507 5168 3774 5226 Ecclesia

2185 5361 2295 5430 (47)
2328 5356 2510 5430 Epist.

2182 5426 2294 5501 (48)
2328 5426 2508 5501 Epist.
2546 5426 2666 5501 190.

2182 5499 2295 5573 (49)
2326 5499 2508 5573 Epist.
2542 5499 2597 5553 6.
