3928 6038
182 169 256 223 21
1624 164 1875 219 PROLE(

2054 169 2182 219 :NA.
3542 173 3613 226 22

179 310 292 349 seu
330 293 530 359 minis,
562 307 665 348 seu
700 290 967 346 censuris
999 290 1273 344 audacter
1303 288 1611 354 deterruit;
1645 287 1716 342 ab
1747 286 1842 340 his
1874 286 1925 353 Α
1960 289 2509 356 (Antissiodorensis
2538 292 2804 347 dioecesis
2833 294 3612 363 _estoppidum)monasterio

189 388 400 439 tamen
431 381 737 446 abstinuit,
772 380 1009 453 quando
1059 379 1191 435 illas
1222 380 1366 435 satis
1396 395 1524 434 esse
1556 376 1851 432 existima-

183 475 325 527 vit:
370 471 889 528 mansuetudinem
941 485 1078 540 ergo
1128 470 1431 524 severitate
1483 466 1849 538 temperavit,

189 562 314 618 nisi
347 563 493 618 forte
527 577 656 616 cum
691 558 1048 614 Ludovicum
1084 559 1302 629 ipsum,
1334 558 1444 613 vile
1484 557 1679 613 nescio
1710 556 1850 626 quid

189 672 225 709 a
265 671 331 710 se
364 657 679 725 petentem,
714 651 797 706 ita
828 668 1023 706 severe
1067 650 1338 717 coercuit,
1374 651 1527 720 quod
1562 647 1751 703 futilia
1780 646 1851 700 ab

1963 394 2162 432 eorum
2199 380 2424 434 addixit
2456 381 2586 451 (5t).
2635 382 2955 436 Ambonem
3004 382 3260 437 ecclesia:
3301 389 3610 440 carnutum

1964 467 2180 522 Veteris
2212 468 2472 539 Novique
2503 471 2868 524 Testamenti
2897 471 3156 526 historiis
3186 472 3482 542 eleganter
3511 491 3612 543 pro

1963 561 2223 628 tempore
2268 558 2366 613 illo
2419 559 2684 613 exornari
2733 560 2888 613 fecit.
2942 561 3198 615 Tandem
3259 563 3328 615 de
3357 562 3616 617 Ecclesia

1962 648 2183 718 Optime
2215 649 2460 703 meritus
2511 666 2783 720 supremo
2831 651 2944 704 fato
2995 651 3259 722 fungitur
3304 670 3339 705 x
3372 651 3612 706 Kalend.

189 744 475 816 episcopo
537 742 882 813 requireret,
926 744 990 794 ut
1038 741 1261 794 diceres
1310 740 1534 810 regium
1588 736 1854 792 induisse
1961 736 2091 792 Jan.
2125 739 2231 791 An.
2269 737 2435 792 Dom.
2472 740 2638 804 1H5;
2675 743 2875 792 contra
2898 756 3070 812 quam
3093 741 3277 795 sensit
3307 742 3615 796 Matthaeus

194 834 489 898 animum,
524 831 666 903 quia
699 847 894 902 regem
927 829 1340 900 alloqueretur.

273 920 547 975 Maximis
607 919 700 974 his
762 918 1055 974 distentus
1115 918 1344 973 minora
1403 933 1518 972 non
1578 916 1852 988 neglexit,

197 1015 375 1081 atque
419 1007 716 1080 imprimis
750 1011 814 1062 ut
844 1008 1050 1062 fratres
1083 1023 1223 1061 suos
1256 1023 1456 1061 secum
1490 1022 1722 1076 semper
1751 1004 1853 1059 ha-

197 1099 397 1168 beret,
457 1113 778 1168 eorumque
836 1097 1129 1150 frueretur
1183 1095 1498 1163 consortio,
1549 1093 1854 1150 ecclesiam

195 1188 398 1243 Sancti
433 1184 743 1255 Vincentii,
781 1201 962 1257 prope
994 1184 1196 1240 urbem
1227 1186 1546 1240 Carnutum
1582 1201 1615 1238 a
1648 1182 1855 1237 Realdo

197 1279 460 1349 quodam
495 1276 834 1347 presbytero
866 1291 962 1330 an.
989 1275 1151 1331 Dom.
1178 1273 1312 1328 1038
1345 1273 1574 1328 circiter
1605 1273 1858 1327 aediﬁca-

199 1375 344 1436 tam,
378 1367 438 1421 in
472 1381 586 1436 qua
632 1365 1050 1419 canonicorum
1096 1366 1279 1419 coetus
1331 1363 1598 1435 degebat,
1633 1362 1718 1417 eis
1753 1361 1856 1416 tri-

194 1456 346 1526 buit,
380 1456 580 1511 addito
612 1454 809 1510 Sancti
859 1453 1142 1524 Stephani
1181 1452 1456 1525 collegio;
1509 1457 1564 1507 et
1612 1452 1725 1506 his.
1761 1469 1853 1505 an.

200 1547 362 1601 Dom.
404 1545 542 1599 1099
594 1561 726 1599 cum
777 1560 1068 1599 consensu
1123 1543 1540 1598 canonicorum
1591 1559 1852 1606 suorum,

1965 825 2150 894 Paris,
2185 829 2285 880 aut
2338 827 2605 897 Papirius
2654 827 2983 882 Massonius
3018 846 3030 882 :
3065 831 3165 884 sed
3214 829 3391 899 hujus
3439 831 3614 884 fidem

1964 915 2187 969 faciunt
2228 915 2571 986 Nccrologia
2621 921 2744 970 tum
2796 916 3063 972 Ecclesiae
3111 920 3455 982 Carnutum.
3487 924 3615 974 tum

1967 1004 2302 1060 Monasterii
2361 1005 2559 1058 Sancti
2609 1005 2874 1072 Joannis,
2926 1024 3172 1076 quorum
3227 1008 3416 1080 elogia
3463 1009 3617 1063 intra

1966 1093 2257 1163 descripta
2287 1092 2467 1148 habes
2500 1095 2628 1164 (52).
2661 1097 2787 1149 Non
2821 1111 2913 1149 me
2947 1096 3094 1166 fugit
3123 1096 3350 1166 aliquos
3382 1099 3613 1152 lvonem

1968 1187 2232 1237 nostrum
2281 1188 2740 1254 purpuratorum
2794 1202 3038 1240 numero
3093 1186 3484 1257 accensuisse,
3515 1188 3614 1242 sed

1967 1273 2190 1343 decepti
2225 1277 2366 1327 sunt
2397 1289 2465 1326 ex
2496 1289 2560 1327 eo
2592 1275 2746 1344 quod
2779 1275 2981 1329 eodem
3016 1276 3133 1330 fere
3168 1280 3428 1347 tempore
3458 1276 3614 1348 vige-

1967 1369 2056 1415 ret
2083 1362 2177 1416 Ivo
2210 1362 2547 1431 cardinalis,
2583 1363 2682 1432 qui
2715 1367 2771 1417 et
2819 1364 2876 1418 in
2911 1363 3095 1419 Gallia
3126 1365 3351 1436 legatus
3383 1365 3492 1420 fuit
3524 1365 3614 1420 In-

1969 1451 2225 1506 nocentii
2259 1451 2304 1505 ll
2335 1451 2391 1505 S.
2423 1450 2508 1516 P.,
2540 1468 2634 1506 an.
2670 1451 2836 1507 Dom.
2877 1454 3026 1506 1142.

2043 1541 2167 1594 Hinc
2199 1541 2269 1594 de
2303 1541 2475 1595 Ivone
2506 1540 2752 1596 dicenda
2792 1542 2970 1596 habui
3005 1558 3018 1596 :
3055 1543 3151 1613 qui
3179 1543 3457 1614 epistolas
3488 1544 3616 1614 ejus

202 1635 534 1691 claustrum
595 1633 1002 1704 templumque
1059 1632 1344 1687 exstruxit
1397 1635 1597 1686 sancto
1645 1629 1857 1685 Joanni
1889 1663 1936 1726 B
1966 1629 2191 1700 legerit,
2227 1629 2394 1700 plura
2427 1630 2841 1700 deprehendet.
2894 1631 3220 1701 Ampliores
3251 1633 3378 1701 ejus
3408 1632 3615 1687 laudes

203 1723 562 1780 Prmcurscri
614 1739 872 1792 sacrum,
906 1738 973 1777 ex
1013 1739 1126 1793 quo
1176 1721 1598 1777 monasterium
1645 1736 1856 1775 nomen

212 1814 410 1869 Sancti
439 1813 688 1868 Joannis
715 1811 1104 1866 Varliacensis
1129 1812 1236 1883 (50)
1265 1811 1460 1866 traxit.
1497 1810 1666 1865 Stetit
1696 1810 1751 1865 id
1785 1809 1856 1864 ad

209 1918 431 1958 annum
464 1917 654 1972 usque
687 1902 842 1965 1568,
866 1917 977 1970 quo
1010 1906 1225 1956 sortem
1251 1900 1453 1954 multis
1475 1899 1604 1953 aliis
1634 1915 1856 1969 parem,

205 2007 517 2064 segregum
568 1995 625 2045 et
672 1989 1076 2045 haereticorum
1137 1990 1330 2044 furore
1377 1993 1678 2060 expertum
1732 1992 1854 2054 est;

203 2081 588 2152 quamobrem
631 2079 888 2151 religiosi
921 2078 1185 2133 canonici
1217 2095 1344 2133 sese
1377 2078 1434 2132 in
1469 2079 1673 2133 urbem
1711 2077 1858 2132 reci-

201 2171 435 2240 pientes
463 2169 524 2223 in
558 2169 819 2240 praedicti
847 2174 904 2225 S.
930 2168 1206 2238 Stephani
1240 2168 1462 2223 (edibus
1495 2168 1855 2232 habitarunt,

203 2261 259 2314 ni
292 2260 469 2314 malis
502 2258 696 2313 dicere
726 2257 783 2312 in
811 2258 1146 2328 ruderibus,
1172 2258 1312 2312 adeo
1344 2258 1541 2313 omnia
1572 2262 1856 2312 vetustate

201 2354 254 2404 et
284 2347 564 2420 squalore
595 2348 891 2402 confracta
925 2347 1103 2400 ruinae
1137 2348 1512 2418 appetebant,
1545 2347 1728 2402 donec
1760 2363 1855 2400 an.

203 2443 362 2494 Dom.
403 2438 566 2503 1624,
611 2436 999 2492 illustrissimi
1050 2437 1273 2492 domini
1321 2441 1685 2508 Destampes,
1720 2441 1857 2491 tunc

203 2531 531 2583 Carnutum
593 2526 884 2597 praesulis,
937 2542 1133 2598 opera,
1186 2525 1322 2580 illuc
1377 2525 1544 2580 acciti
1595 2526 1860 2580 canonici

208 2616 530 2689 regulares,
565 2615 664 2687 qui
706 2631 907 2670 recens
940 2613 1252 2669 Silvanecti
1297 2613 1542 2670 consilio
1575 2620 1629 2668 et
1659 2617 1859 2668 aucto-

209 2708 376 2762 ritate
393 2704 852 2761 eminentissimi
874 2703 1190 2759 cardinalis
1208 2704 1278 2759 de
1295 2703 1353 2759 la
1368 2702 1859 2772 Roehefoucauld,

211 2796 474 2867 ejusdem
507 2793 671 2848 urbis
694 2792 976 2866 episcopi,
999 2808 1061 2849 se
1084 2792 1312 2848 meliori
1341 2793 1474 2848 vitae
1495 2809 1561 2848 ac
1583 2792 1861 2848 sanctiori

208 2887 693 2948 reformaverant,
710 2885 950 2939 domum
971 2883 1238 2938 eamdem
1262 2900 1295 2938 a
1316 2883 1714 2938 fundamentis
1732 2881 1864 2936 aedi-

209 2976 484 3030 ficarunt.
519 2977 806 3028 Praeterea
838 2972 1095 3028 ecclesia:
1127 2973 1182 3027 S.
1209 2973 1450 3027 Andreae
1483 2972 1746 3043 ejusdem
1772 2989 1864 3026 ur-

1969 1735 2140 1773 nemo
2165 1719 2259 1774 hic
2292 1719 2568 1789 requirat.
2595 1720 2755 1773 Viam
2782 1720 2998 1774 institit
3029 1738 3144 1791 qua
3177 1723 3294 1776 itur
3325 1721 3394 1776 ad
3419 1721 3611 1776 caelos.

1967 1809 2070 1861 Vir
2101 1807 2217 1862 illis
2249 1809 2603 1878 quibuscum
2636 1809 2778 1863 vixit
2818 1826 3099 1881 magnus;
3143 1811 3390 1881 posteris
3421 1814 3611 1865 tamen

1969 1898 2176 1967 major,
2211 1896 2349 1968 quia
2380 1896 2473 1951 his
2496 1897 2642 1950 nihil
2675 1897 2982 1953 oblocutus
3003 1904 3110 1954 est.
3136 1901 3327 1971 Stirpe
3349 1904 3404 1954 et
3426 1899 3613 1969 digni-

1968 1991 2085 2042 tate
2118 1985 2357 2057 aequalis
2391 1986 2611 2055 multis,
2665 1987 2904 2042 inferior
2950 1988 3272 2056 nonnullis,
3307 1992 3365 2044 at
3403 1989 3617 2044 virtute

1968 2080 2024 2129 et
2056 2075 2316 2130 doctrina
2348 2075 2614 2130 omnium
2662 2077 2971 2132 maximus.
3006 2077 3348 2133 Conditione
3381 2078 3618 2149 quidem

1967 2169 2023 2219 et
2051 2165 2381 2219 obedientia
2429 2164 2793 2236 principibus
2842 2170 2898 2222 et
2947 2166 3323 2238 pontificibus
3365 2167 3620 2222 summis

1967 2254 2288 2323 subjectus,
2308 2258 2366 2308 at
2383 2254 2564 2308 animi
2589 2255 2935 2312 celsitudine
2958 2261 3014 2310 et
3036 2258 3366 2312 constantia
3388 2274 3458 2312 ne
3482 2274 3622 2328 sup-

1975 2360 2080 2414 par
2112 2343 2373 2413 quidem,
2407 2344 2506 2396 sed
2543 2343 2590 2397 si
2624 2344 2763 2414 quid
2790 2344 2962 2400 ultra.
2994 2347 3076 2400 Ad
3112 2363 3347 2400 summa
3371 2351 3546 2400 natus
3571 2351 3626 2400 et

1969 2432 2065 2502 qui
2086 2436 2525 2486 summusesset
2545 2432 2776 2500 dignus,
2804 2434 2916 2488 nisi
2939 2450 3070 2488 cum
3097 2435 3349 2490 summis
3373 2439 3621 2489 tractare

1970 2519 2273 2575 difficilius
2295 2519 2516 2589 aliquid
2541 2526 2713 2574 esset.
2741 2521 2964 2590 Regum
2991 2523 3245 2577 favorem
3271 2540 3373 2577 nec
3402 2523 3622 2593 sprevit

1970 2624 2076 2664 nec
2133 2608 2458 2679 quasivit;
2514 2608 2976 2664 benevolentiam
3035 2611 3271 2665 illorum
3315 2610 3626 2666 aestimavit

1971 2709 2209 2769 propter
2237 2696 2344 2750 hoc
2377 2697 2529 2767 quod
2560 2697 2701 2766 ipsis
2733 2698 2880 2752 bene
2901 2697 3092 2752 vellet.
3118 2699 3363 2763 Nobilis,
3398 2699 3623 2754 theolo-

1972 2803 2104 2858 gus,
2137 2785 2696 2852 cauonicus,abbas,
2714 2787 3018 2859 episcopus
3044 2804 3058 2842 :
3085 2793 3149 2842 ut
3171 2789 3425 2859 quodam
3450 2789 3622 2843 modo

1974 2876 2235 2932 omnium
2269 2876 2346 2930 sit
2377 2877 2476 2946 qui
2525 2880 2726 2931 tantus
2776 2881 2883 2946 est,
2918 2894 3020 2931 nec
3053 2877 3208 2931 ullus
3259 2877 3363 2931 ulli
3393 2881 3630 2948 propter

1974 2964 2170 3036 ipsum
2223 2963 2546 3034 quidquam
2596 2963 2875 3018 invideat.
2926 2963 3221 3018 Nativitati
3273 2965 3402 3034 ejus
3431 2963 3627 3018 locum

209 3024 725 3121 £{."d;;;n1.;i.'a;
745 3024 1104 3134 ὲᾷρῖἰιῆἰέιῖί
1127 3024 1866 3132 'etit‘ttii's't'giiggiggis-
1897 3024 1938 3092 (ἶ
1977 3024 2136 3108 dedit
2165 3024 2417 3123 Belgica,
2452 3052 2726 3124 dignitati
2770 3052 3005 3117 Celtica,
3037 3054 3239 3107 virtuti
3271 3024 3392 3108 tota
3419 3052 3632 3119 Gallia,

211 3155 432 3226 posuit,
467 3152 776 3208 dominum
811 3168 1020 3222 nempe
1050 3152 1311 3207 Odonem
1347 3152 1535 3206 virum
1564 3151 1866 3206 venerabi-

212 3245 350 3307 lem,
383 3242 445 3296 in
498 3240 916 3297 ecclesiasticis
967 3244 1025 3295 et
1071 3239 1451 3296 saecularibus
1498 3241 1647 3296 bene
1671 3240 1868 3296 erudi-

217 3339 370 3400 tum,
398 3332 501 3402 qui
534 3348 673 3386 suas
705 3331 892 3402 ipsius
921 3329 1073 3385 vices
1096 3330 1302 3385 obiret.
1331 3330 1603 3385 Abbatem
1627 3331 1871 3401 antiqua

218 3427 350 3477 acta
389 3424 620 3488 vocant,
648 3420 802 3491 quod
852 3435 1065 3475 nomen
1115 3419 1255 3490 quia
1305 3419 1444 3474 olim
1490 3419 1785 3474 canonicis
1816 3423 1873 3474 et

217 3509 530 3568 monachis
561 3524 872 3564 commune
899 3509 1204 3564 fuitetiam
1226 3513 1361 3580 post
1388 3508 1734 3564 divisionem
1766 3526 1871 3564 saa-

222 3600 515 3656 cularium
551 3598 965 3654 canonicorum
1000 3616 1032 3653 a
1061 3597 1427 3664 regularibus
1476 3597 1569 3652 his
1609 3598 1874 3669 utrisque

225 3689 542 3759 aliquando
594 3687 960 3743 attribuitur.
1003 3688 1236 3742 Amicos
1287 3687 1495 3742 habuit
1541 3688 1682 3742 dum
1734 3688 1875 3742 vixit

226 3778 545 3834 Bobertum
576 3777 646 3832 de
692 3775 1024 3832 Abressello
1056 3781 1118 3832 B.
1153 3776 1347 3832 Mariae
1376 3776 1447 3831 de
1479 3777 1622 3832 Rota
1651 3777 1874 3831 ordinis

228 3866 770 3924 sanctimonialium
807 3865 1006 3921 Fontis
1032 3866 1274 3921 Ebrardi
1307 3870 1624 3934 auctorem,
1657 3870 1712 3922 et
1743 3868 1874 3921 Ber-

229 3958 476 4013 nardum
500 3958 556 4012 S.
578 3956 847 4028 Cypriani
869 3955 1307 4019 Quinciasensis
1331 3957 1401 4010 ad
1425 3957 1875 4027 Augustoritum

231 4046 538 4100 Pictonum
571 4045 994 4100 monachorum
1025 4044 1201 4099 etiam
1235 4046 1877 4115 quorumdaminstitu-

233 4139 414 4190 torem
447 4139 502 4189 et
533 4135 826 4189 abbatem.
862 4134 963 4190 His
1007 4150 1116 4189 sua
1147 4134 1206 4188 in
1240 4135 1473 4190 dimcesi
1523 4136 1879 4191 monasteria

232 4224 555 4279 aedificasse
584 4223 818 4278 dicitur.
854 4222 1159 4278 Monachis
1205 4223 1440 4295 quidem
1474 4223 1749 4279 Bernardi
1780 4225 1878 4279 Ti-

234 4329 446 4368 ronum
505 4312 950 4368 monasterium.
1010 4311 1354 4368 Mulieribus
1401 4317 1597 4368 autem
1645 4313 1879 4369 Roberti

1977 3142 2165 3212 Italia,
2191 3141 2420 3212 Anglia.
2440 3143 2696 3212 Regibus
2730 3159 2793 3197 ac
2812 3142 3176 3213 principibus
3195 3144 3347 3198 fidus
3368 3148 3425 3197 et
3448 3142 3631 3207 utilis,

1978 3250 2092 3287 non
2126 3237 2323 3286 tamen
2358 3247 2590 3301 semper
2612 3230 2846 3302 placens
2867 3231 3004 3302 quia
3022 3235 3340 3301 utrumque
3372 3231 3629 3286 difficile.

1978 3321 2328 3376 Pontificum
2363 3336 2735 3375 summorum
2787 3319 2943 3375 ﬁlius
2994 3320 3478 3386 addictissimus;
3528 3321 3630 3374 sed

1981 3411 2294 3482 aliquando
2327 3426 2528 3465 eorum
2582 3415 2645 3464 ut
2694 3409 3002 3464 hominum
3055 3409 3223 3480 quasi
3272 3415 3455 3480 pater,
3489 3409 3631 3462 adeo

1982 3519 2114 3557 cum
2149 3518 2239 3556 res
2269 3499 2520 3570 exigeret
2566 3499 2713 3554 altos
2762 3499 3039 3554 induebat
3071 3499 3336 3569 spiritus.
3371 3498 3633 3569 Denique

1982 3592 2066 3647 sic
2097 3591 2153 3644 in
2191 3591 2362 3644 terris
2393 3596 2659 3644 versatus
2708 3592 2815 3652 est,
2850 3593 2913 3642 ut
2962 3589 3163 3643 ccelum
3197 3588 3457 3660 proxime
3490 3587 3630 3642 atti-

1983 3679 2130 3752 gerit
2162 3696 2174 3734 :
2209 3686 2264 3734 et
2292 3695 2529 3749 corpore
2561 3678 2788 3733 solutus
2813 3679 2990 3732 dubio
3023 3677 3246 3749 procul,
3281 3681 3634 3732 consecutus

1984 3769 2075 3825 sit.
2113 3767 2454 3823 Memoriam
2487 3767 2614 3836 ejus
2665 3783 2898 3838 semper
2930 3766 3166 3837 quidem
3211 3766 3462 3821 venerati
3496 3768 3636 3820 sunt

1983 3857 2317 3924 Christiani,
2352 3857 2506 3912 haud
2539 3873 2674 3912 vero
2699 3855 2818 3911 ullo
2852 3856 2946 3911 die
2970 3857 3116 3911 festo
3149 3855 3519 3911 celebrarunt
3537 3871 3637 3926 per

1986 3947 2204 4002 multos
2234 3963 2441 4000 annos.
2477 3945 2612 4000 Post
2643 3951 2890 4000 mortem
2925 3951 3121 4000 tamen
3174 3947 3301 4014 ejus
3348 3946 3408 3998 in
3441 3945 3635 4014 ipsum

1986 4051 2233 4105 ossaque
2265 4035 2322 4088 in
2357 4033 2518 4088 illius
2547 4034 2798 4104 grassati
2854 4039 2995 4090 sunt
3027 4033 3298 4101 haeretici,
3333 4033 3486 4104 quod
3521 4048 3637 4085 non

1987 4124 2176 4179 solent
2209 4122 2320 4179 nisi
2351 4124 2408 4178 in
2434 4126 2687 4178 sanctos.
2711 4123 2780 4177 Et
2805 4121 2937 4176 Pius
2955 4121 3021 4186 V,
3049 4119 3393 4175 felicissimae
3417 4134 3637 4173 memo-

1989 4213 2083 4268 riis
2135 4212 2414 4284 pontifex,
2464 4212 2760 4266 canonicis
2813 4209 3184 4282 regularibus
3236 4208 3641 4264 Lateranensis

1989 4301 2453 4374 congregationis
2487 4300 2641 4354 diem
2672 4301 2798 4370 ejus
2821 4301 3033 4355 festum
3053 4298 3344 4355 celebrare
3376 4297 3644 4371 permisit

235 4401 340 4458 hoc
371 4402 528 4473 quod
569 4405 812 4457 vocatur
857 4400 1280 4472 Altabruyeria.
1316 4401 1584 4472 Leprosis
1637 4403 1877 4457 domum
1910 4400 1956 4465 1)
1988 4409 2058 4446 xx
2091 4391 2248 4460 Maii,
2281 4388 2441 4444 bulla
2489 4389 2625 4444 data
2655 4405 2793 4443 xvm
2845 4389 3178 4444 Decembris
3217 4390 3368 4459 1570,
3406 4387 3641 4460 pontifi-

1992 4484 2154 4536 catus
2185 4496 2235 4534 v.

236 4490 434 4562 magni
467 4489 728 4546 Belliloci
759 4489 1062 4545 exstruxit.
1088 4490 1572 4547 Cluniacensibus
1595 4491 1884 4563 Magdale-

237 4599 319 4636 nae
369 4580 531 4652 parvi
587 4578 843 4635 Belliloci
875 4580 1200 4651 prioratum
1236 4580 1416 4650 dedit,
1450 4581 1882 4652 Caritatemque

2066 4728 2176 4798 (5‘2)
2211 4727 2581 4782 Obituarium
2632 4728 2688 4783 S.
2742 4726 3007 4793 Quintini
3058 4726 3265 4782 Bellov.
3314 4726 3477 4798 ponit
3518 4727 3648 4795 ejus

1998 4806 2246 4856 mortem
2281 4816 2374 4853 an.
2413 4801 2566 4868 1116,
2603 4800 2741 4871 quia
2769 4798 3079 4854 Ianuarius
3113 4799 3333 4854 mensis
3366 4804 3489 4854 erat
3519 4801 3648 4868 ejus

1999 4872 2159 4928 anni.
2191 4871 2301 4926 Sed
2335 4871 2472 4941 quia
2501 4889 2536 4924 x
2576 4871 2699 4926 Kal.
2755 4871 2994 4927 Januar.
3047 4871 3252 4926 recidit
3283 4871 3343 4927 in
3372 4888 3510 4927 xxui
3541 4871 3649 4928 De-

2001 4945 2214 5015 cemb.,
2247 4943 2463 4999 idcirco
2495 4944 2728 5015 proprie
2758 4945 3006 5000 denatus
3040 4961 3135 5000 an.
3179 4943 3329 5001 1115.

305 4759 416 4829 (50)
452 4756 812 4829 Sirmundus
869 4755 951 4829 in,
991 4756 1146 4812 notis
1199 4758 1272 4812 ad
1332 4774 1507 4813 serm.
1562 4759 1596 4811 2
1646 4758 1885 4814 Goﬂ'ridi

235 4827 546 4885 Vindocin.
582 4828 810 4884 scribit.
853 4827 1209 4884 Valiucensis.

308 4905 417 4972 (51)
453 4903 564 4957 Sed
598 4901 822 4956 incerta
852 4907 992 4955 sunt
1023 4900 1143 4956 haec
1168 4901 1368 4956 omnia
1401 4901 1513 4955 nisi
1546 4900 1732 4958 titulis
1764 4902 1890 4957 fun-

237 4973 540 5030 dationum
574 4972 859 5045 inspectis
892 4989 956 5029 ac
987 4973 1217 5029 collatis
1248 4977 1499 5028 constet.
