3916 6034
323 292 394 349 23
1478 279 1603 333 1V0
1637 271 2133 333 CARNOTENSIS
2169 267 2580 326 EPISCOPUS.
3658 255 3742 312 24

1176 419 3737 458 ___________________________.___.___.._.._

951 595 1705 695 TESTIMONIA
1773 585 2377 683 VETERUM
2440 583 2606 679 DE
2673 581 3085 678 IVONE.

317 847 562 903 Glorioso
590 852 640 901 et
667 843 914 914 sapienti
928 839 1092 914 ⁸Ιυοηὶ
1121 833 1451 914 Garaotensi
1478 832 1752 914 episcopo,
1784 827 1968 914 frater
1993 826 2048 894 Α
2076 819 2363 914 notensis,
2393 819 2664 914 Joannes
2699 815 3158 914 Aurelianensis,
3204 814 3506 914 Eu‘hertus
3549 812 3744 914 Silva-

386 899 552 988 biiugo
580 899 884 971 monachus
914 911 969 988 S._
1004 907 1283 988 {Benedicti
1329 899 1706 988 Floriacensis
1735 899 1968 956 aenobii

384 978 725 1060 sem'piterna
752 1001 890 1057 pace
920 986 972 1038 et
1000 981 1266 1051 felicitate
1289 978 1526 1049 perfrui.

381 1095 494 1167 (53)
530 1099 668 1150 Ecce
705 1091 836 1161 tibi,
870 1084 1411 1162 praecellentissime
1446 1083 1620 1136 Pater
1653 1083 1708 1134 et
1737 1079 1968 1165 domne,

313 1185 429 1239 duo
481 1181 838 1238 humilitatis
888 1195 1029 1234 meas
1081 1173 1365 1248 opuscula
1413 1170 1772 1236 transmilto,
1806 1171 1869 1222 ut
1917 1172 1967 1222 s1

314 1273 453 1345 quid
483 1272 564 1328 ibi
593 1270 811 1327 videris
862 1267 1138 1322 indecens
1188 1267 1244 1318 et
1293 1261 1604 1330 incultum,
1637 1258 1781 1312 lima
1830 1273 1969 1329 pru-

316 1361 526 1418 dentis:
555 1367 666 1415 tua:
718 1359 999 1429 corrigas,
1030 1361 1086 1409 et
1133 1369 1398 1421 exornes,
1430 1353 1487 1406 et
1529 1350 1680 1420 quod
1712 1346 1816 1401 tibi
1851 1345 1972 1418 pla-

319 1449 439 1506 cuit
468 1449 829 1517 corrobores,
864 1450 923 1502 et
952 1443 1281 1500 confirmes.
1326 1441 1503 1495 Arma
1532 1454 1661 1492 mea
1690 1438 1969 1491 adversus

319 1538 504 1594 otium
551 1541 692 1594 sunt
741 1535 862 1591 haec
912 1531 1201 1606 opuscula
1247 1546 1372 1600 qua:
1416 1543 1572 1582 nunc
1618 1525 1799 1592 vides,
1832 1540 1966 1578 nam

321 1627 476 1683 malo
507 1626 704 1683 studio
734 1639 960 1690 vacare,
993 1637 1171 1693 quam
1211 1618 1270 1674 in
1321 1617 1438 1674 otio
1469 1621 1526 1672 et
1553 1621 1787 1687 torpore
1817 1613 1972 1669 sicut

319 1733 498 1789 pecus
527 1715 735 1772 inutile
765 1713 948 1771 vitam
979 1710 1222 1782 exigere.
1256 1707 1365 1762 Sed
1397 1706 1519 1761 haec
1547 1703 1748 1761 omnia
1778 1707 1968 1759 vestro

316 1805 584 1861 desidero
609 1802 834 1876 judicio
879 1799 1094 1856 discuti
1115 1802 1172 1854 et
1193 1801 1385 1853 vestra
1402 1793 1690 1866 sapientia
1721 1791 1966 1860 condiri,

318 1893 598 1966 quoniam
629 1889 900 1948 vacillare
931 1905 1046 1944 non
1079 1885 1291 1959 poterit
1320 1884 1473 1956 quod
1507 1881 1684 1939 semel
1719 1881 1970 1936 auctori-

311 1982 452 2038 tatis
483 1986 686 2038 vestrs:
719 1980 910 2037 nodus
940 1973 1420 2034 corroboraverit.
1447 1975 1514 2027 At
1549 1970 1692 2025 mihi
1726 1969 1968 2025 forsitan

314 2070 534 2143 aliquis
565 2072 719 2127 dicet
749 2087 761 2124 :
802 2070 946 2124 Tam
997 2065 1138 2122 vilia
1185 2068 1241 2120 et
1272 2061 1505 2118 inutilia
1552 2077 1657 2116 cur
1684 2060 1806 2114 viro
1838 2077 1975 2132 pru-

312 2161 497 2231 denti,
530 2165 587 2217 et
619 2161 676 2216 in
709 2175 946 2216 summa
977 2172 1108 2213 arce
1156 2151 1541 2226 philosophiae
1573 2149 1797 2206 sedenti
1832 2149 1967 2204 mit-

314 2258 436 2308 tere
467 2268 582 2307 non
616 2247 906 2305 erubuisti
930 2248 958 2302 ‘I
1002 2261 1136 2301 cum
1171 2244 1326 2299 scias
1355 2241 1640 2312 scriptum
1675 2239 1812 2310 quia
1840 2255 1967 2294 ora-

312 2340 460 2398 tioni
491 2345 548 2396 et
578 2337 825 2396 carmini
859 2341 948 2393 est
970 2352 1147 2408 parva
1173 2331 1359 2406 gratia
1391 2331 1506 2387 nisi
1536 2328 1870 2400 eloquentia
1890 2329 1968 2383 sit

315 2445 570 2487 summa.
605 2433 720 2499 Ego
747 2442 878 2483 vero
907 2426 979 2480 ad
1003 2425 1121 2480 haec
1141 2421 1480 2492 respondeo,
1507 2417 1784 2491 quoniam
1817 2417 1970 2474 malo

307 2519 474 2591 justo
505 2516 791 2589 sapientis
814 2514 1038 2586 judicio
1069 2509 1459 2584 comprobari,
1493 2525 1667 2581 quam
1702 2523 1972 2578 arrogan-

313 2608 461 2663 tium
494 2605 782 2663 sententia
813 2600 1210 2660 condemnari.
1239 2598 1614 2655 Laboriosum
1634 2601 1828 2652 tamen
1857 2600 1967 2666 est,

311 2700 485 2753 Pater
531 2693 968 2760 honestissime,
1023 2698 1134 2747 tua:
1192 2687 1547 2759 integritatis
1614 2686 1969 2756 adjectiones

314 2790 372 2844 et
401 2785 791 2840 detractiones
821 2781 959 2837 huic
1002 2778 1280 2835 adhibere
1307 2776 1591 2832 volumini
1630 2793 1642 2830 :
1676 2775 1775 2828 sed
1814 2774 1965 2828 fruc-

311 2878 406 2929 tus
437 2871 657 2928 laboris
689 2869 1001 2943 pretiosior
1032 2884 1174 2924 auro
1206 2865 1467 2921 charitas
1499 2862 1788 2918 est.Vale.

325 2978 586 3049 Sugerius
613 2976 798 3049 abbas_
827 2975 882 3029 S.
918 2973 1270 3049 Dionysiijn
1302 2971 1398 3026 lib.
1450 2971 1524 3025 De
1562 2970 1674 3025 Vita
1705 2969 1972 3026 Ludovici

763 3045 966 3114 Grossi,
997 3045 1144 3113 regis
1171 3047 1526 3100 Francorum.

389 3135 666 3194 Consulte
695 3151 832 3208 ergo
864 3135 1081 3208 agitur,
1107 3137 1164 3189 et
1186 3131 1556 3205 potissimum
1589 3129 1844 3185 dictante
1873 3146 1965 3186 ve-

315 3223 562 3282 nerabili
591 3229 647 3281 et
678 3222 1115 3296 sapientissimo
1138 3221 1257 3276 viro
1284 3221 1453 3276 Ivone
1479 3219 1821 3275 Carnotensi
1852 3218 1969 3290 epi-

316 3331 517 3387 scopo,
539 3313 690 3370 utad
725 3311 1101 3368 refellendam
1123 3309 1438 3383 impiorum
1473 3307 1964 3364 machinationem

317 3403 620 3460 citissime.
638 3401 970 3459 Aurelianis
989 3401 1355 3470 conveniant,
1370 3400 1615 3470 ejusque
1631 3397 1966 3453 exaltationi

319 3508 558 3564 operam
590 3493 728 3547 dare
777 3495 1004 3546 mature
1052 3489 1344 3546 festinent.
1399 3487 1752 3543 Senonensis
1786 3487 1966 3558 igitur

1998 2202 2047 2267 B

2083 908 2394 976 nectensis,
2426 908 2598 963 Walo
2629 907 2816 979 Paris,
2868 907 3170 962 Manassae
3204 902 3540 971 Meldensis,
3569 905 3743 974 llugo

2079 999 2456 1054 Nivernensis
2487 995 2767 1069 episcopi,
2799 1001 2858 1051 et
2904 995 3218 1067 episcopus
3255 990 3744 1048 Antissiodoren-

2080 1089 2184 1144 sis.

2151 1176 2352 1232 Eadem
2413 1175 2574 1230 verba
2629 1178 2849 1230 exstant
2905 1175 2964 1228 in
3011 1172 3389 1242 manuscripto
3434 1169 3753 1242 exemplari

2079 1266 2310 1321 alterius
2374 1265 2578 1319 veteris
2643 1265 2900 1330 auctoris,
2975 1263 3072 1334 qui
3143 1262 3423 1331 sequentia
3478 1259 3672 1331 adjicit
3728 1279 3752 1316 .-

2081 1375 2105 1405 ι
2140 1353 2440 1408 Provocati
2477 1351 2751 1424 plurimis
2780 1350 3066 1423 exemplis
3097 1349 3348 1406 aliorum
3378 1364 3603 1420 regum,
3638 1348 3749 1419 qui

2077 1442 2330 1498 diversis
2377 1442 2434 1496 in
2470 1441 2614 1498 locis
2647 1446 2884 1514 propter
2933 1439 3319 1495 imminentes
3349 1438 3554 1494 turbas
3585 1453 3618 1492 a
3649 1436 3750 1492 di-

2076 1532 2260 1588 versis
2287 1531 2584 1604 episcopis
2613 1528 2941 1587 consecrati
2969 1533 3128 1585 sunt.
3163 1549 3191 1577 »

2306 1638 2626 1708 Sigebertus
2658 1640 2721 1694 in
2750 1637 3014 1694 Chronico
3040 1636 3139 1692 sub
3171 1651 3318 1692 anno
3347 1634 3502 1689 1078.

2149 1727 2236 1783 Ab
2266 1727 2375 1782 hoc
2412 1731 2677 1798 tempore
2726 1726 2902 1799 ccepit
2950 1725 3218 1782 reﬂorere
3271 1725 3330 1779 in
3379 1723 3640 1779 Ecclesia
3670 1721 3741 1777 Β.

2077 1815 2338 1880 Quintini
2387 1815 2752 1872 Belvacensis
2803 1814 3124 1871 canonicos
3173 1814 3337 1880 ordo,
3370 1813 3630 1885 primum
3663 1809 3743 1867 ab

2077 1904 2381 1978 apostolis,
2416 1908 2620 1977 postea
2650 1921 2684 1960 a
2714 1905 2773 1960 Β.
2799 1903 3127 1976 Augustino
3159 1902 3434 1974 episcOpo
3461 1898 3746 1973 regulari.

2077 1995 2629 2066 terinstitutus,sub
2644 1994 2924 2067 magistro
2940 1989 3455 2060 lvone,venerabili
3467 1989 3739 2061 ejusdem

2078 2084 2345 2141 Ecclesiae
2377 2083 2712 2156 praeposito,
2742 2088 2946 2156 postea
2969 2081 3417 2140 Carnotensium
3437 2079 3740 2152 episcopo.

2589 2191 2737 2245 Idem
2768 2190 2866 2244 sub
2897 2205 3043 2245 anno
3073 2189 3225 2243 1092.

2155 2280 2438 2336 Dominus
2469 2281 2561 2335 Ivo
2594 2279 2652 2334 S.
2687 2277 2951 2345 Quintini
2983 2276 3353 2333 Belvacensis
3384 2274 3742 2347 praepositus

2079 2386 2113 2424 a
2143 2386 2294 2441 papa
2345 2369 2577 2424 Urbano
2625 2373 3026 2437 consecratus,
3067 2367 3132 2422 fit
3179 2365 3555 2421 Carnotensis
3583 2364 3741 2435 epis—

2078 2475 2287 2530 cepus.

2186 2547 2334 2602 Idem
2364 2547 2462 2602 lib.
2497 2547 2570 2602 De
2599 2543 2916 2600 illustribus
2928 2542 3202 2670 ilevigclesiw
3239 2540 3621 2615 scriptoribus,

2765 2633 2890 2670 can.
3035 2656 3048 2670 .

2765 2633 2890 2684 cap.
2928 2633 3048 2670 ιοδ.

2149 2707 2246 2762 Ivo
2277 2706 2653 2763 Carnotensis
2677 2705 2991 2778 episcopus
3039 2703 3278 2778 scripsit
3308 2703 3379 2760 ad
3425 2703 3731 2774 Hugonem

2076 2798 2532 2869 Lugdunensem
2555 2795 3062 2867 archiepiscopum
3095 2798 3152 2850 et
3181 2792 3514 2865 apostolicae
3540 2790 3734 2846 Eccle-

2078 2885 2176 2941 sia:
2209 2885 2491 2956 legatum,
2527 2883 2834 2956 epistolam
2853 2883 2963 2954 (55)
2984 2899 3097 2939 non
3131 2882 3384 2938 multum
3420 2880 3737 2953 prolixam,

2076 2976 2176 3032 sed
2210 2973 2466 3030 multum
2500 2973 2800 3030 canonicis
2828 2977 2885 3029 et
2910 2971 3217 3029 catholicis
3248 2970 3606 3027 testimoniis
3636 2986 3737 3024 au-

2077 3063 2438 3130 ctorizatam,
2472 3079 2576 3135 pro
2607 3062 2852 3118 dissidio
2895 3061 3060 3133 regni
3091 3065 3150 3117 et
3177 3058 3512 3130 sacerdotii,
3543 3063 3600 3113 et
3627 3075 3735 3130 pro

2075 3151 2375 3208 inusitatis
2425 3150 2694 3208 Ecclesia;
2743 3151 3018 3207 Romanis
3067 3148 3340 3206 decretis.
3392 3147 3640 3220 Scripsit
3678 3153 3738 3203 et

2077 3242 2146 3298 ad
2181 3242 2444 3298 diversos
2475 3241 2694 3297 amicos
2743 3239 2914 3296 utiles
2943 3239 3112 3295 valde
3141 3237 3420 3308 epistolas
3445 3255 3459 3305 ;
3489 3253 3730 3309 compo-

2075 3330 2196 3388 suit
2225 3331 2402 3387 etiam
2435 3330 2667 3403 insigne
2695 3328 2971 3386 volumen
3000 3330 3326 3386 Canonum.

2075 3437 2367 3495 Matthezus
2406 3439 2595 3492 Patris
2633 3437 3050 3562 Αηῗὲξῑαηῖ
3085 3435 3354 3492 Wilielmo
3384 3435 3436 3490 Il
3459 3433 3560 3490 sub
3590 3450 3727 3490 ann.

2771 3523 2877 3563 om.
2913 3523 3070 3562 1W3.

317 3581 794 3670 δῗθδίίθέίδεορῖλὲ
825 3579 1198 3670 ρθίωιῗθῗίυε
1229 3577 1510 3670 inﬂet“?
1540 3593 1683 3670 c“_m_
1705 3592 1964 3670 θοῘῖῖΡΓΟῘ
1993 3567 2036 3635 C
2145 3597 2261 3654 Hoc
2295 3614 2525 3670 quoque
2555 3613 2710 3652 anno
2748 3597 2844 3653 Ivo
2892 3594 3259 3653 Belvacensis
3290 3593 3660 3667 praepositus,
3693 3611 3728 3649 a

313 3667 665 3725 vincialibus
691 3667 965 3724 videlicet
994 3667 1208 3724 Galene
1228 3668 1324 3739 [al.
1354 3666 1617 3736 Walone]
1650 3663 1966 3721 Parisiensi

313 3757 608 3832 episcopo,
643 3757 911 3814 Manasse
948 3757 1251 3826 Meldensi,
1279 3757 1505 3812 Joanne
1538 3754 1964 3821 Aurelianensi,

310 3850 483 3903 Ivone
514 3848 876 3916 Carnotensi,
932 3848 1172 3920 Hugone
1219 3845 1583 3915 Nivernensi,
1634 3843 1963 3900 Humhaldo

309 3935 778 3993 Antisiodorensi
809 3937 906 4006 [al.
941 3933 1435 4004 Altissiodorensi]
1479 3933 1746 3989 accessit.

872 4041 1027 4098 Idem
1049 4042 1224 4113 paulo
1249 4045 1392 4111 post.

381 4131 809 4191 Recedentibus
869 4131 1122 4203 praelatis
1179 4129 1472 4198 Ecclesiae,
1521 4127 1960 4201 archiepiscopo

306 4222 632 4278 Senonensi
663 4221 938 4293 episcopo
967 4219 1397 4286 Aurelianensi,
1421 4217 1761 4274 Carnotensi
1789 4233 1960 4273 vene-

307 4309 477 4364 rabili
509 4313 699 4377 Ivone,
731 4309 831 4381 qui
863 4313 1062 4365 tentus
1096 4310 1283 4366 fuerat
1313 4324 1561 4377 carcere,
1596 4322 1766 4378 quem
1800 4323 1962 4362 coac-

305 4401 406 4453 tus
441 4399 655 4453 fecerat
685 4397 848 4469 pingi
885 4397 945 4452 in
994 4399 1196 4453 eodem
1227 4396 1461 4453 castello
1495 4395 1694 4452 multis
1727 4395 1954 4452 diebus.

309 4503 555 4560 Andreas
605 4507 756 4559 cetus
801 4503 1032 4573 scriptor
1079 4503 1174 4557 lib.
1226 4519 1289 4558 ιιι
1338 4505 1474 4558 Hist.
1514 4508 1856 4559 Francorum
1886 4506 1958 4559 ad

550 4577 614 4632 P.
645 4575 1017 4632 Atrebatensis
1045 4574 1304 4631 Ecclesiae
1340 4577 1677 4646 episcopum.

373 4665 482 4735 (54)
515 4671 684 4719 Anno
716 4663 943 4718 Domini
968 4664 1105 4717 1109
1135 4664 1392 4735 episcopi
1421 4663 1522 4733 qui
1544 4663 1616 4718 ad
1647 4663 1955 4734 exsequias

300 4752 555 4825 Philippi
587 4752 741 4824 regis
788 4757 1203 4821 convenerant,
1238 4757 1370 4823 post
1398 4753 1707 4822 exsequias
1751 4753 1951 4807 statim

299 4840 630 4898 Aurelianis
659 4845 1394 4913 convenerunt,etpropter
1409 4841 1741 4897 turbatores
1766 4842 1950 4914 regni,

301 4930 525 4986 salubri
555 4934 791 5002 accepto
823 4929 1090 4996 consilio,
1111 4930 1466 4986 Ludovicum
1490 4931 1790 5001 juvenem,
1825 4930 1954 4986 reli-
1985 4934 2030 4998 D

299 5019 491 5093 gionis
521 5023 867 5087 amatorem,
890 5017 1153 5074 moribus
1182 5023 1581 5085 mansuetum,
1601 5020 1781 5076 armis
1803 5024 1950 5076 stre-

299 5125 484 5164 nuum
498 5107 668 5174 ,bello
682 5107 1124 5174 acerrimum,in
1137 5107 1230 5164 die
1251 5107 1606 5164 inventionis
1623 5115 1751 5178 prot
1765 5127 1950 5165 -smar-

298 5197 441 5272 tyris
473 5195 777 5268 Stephani,
813 5195 871 5250 in
924 5211 1118 5267 regem
1170 5200 1481 5264 unxerunt,
1514 5207 1648 5253 ante
1679 5196 1858 5253 altare
1888 5198 1946 5253 S.

296 5287 518 5350 Crucis,
548 5289 606 5341 et
633 5299 909 5340 coronam
953 5285 1120 5357 regni
1171 5285 1348 5357 capiti
1380 5285 1508 5356 ejus
1539 5286 1952 5358 imposuerunt

297 5373 670 5432 Daimbertus
721 5372 1078 5429 Senonensis
1127 5373 1623 5446 archiepiscopus,
1678 5376 1772 5430 lvo
1811 5376 1946 5432 Car-

369 5517 484 5658 (53;
512 5518 593 5573 Ex
622 5522 732 5574 vet.
765 5517 976 5572 Chron.
1009 5515 1070 5571 P.
1108 5515 1319 5572 Petavii
1359 5520 1545 5573 senet.
1582 5517 1763 5574 Paris.

369 5589 457 5657 (54
514 5589 594 5644 Ex
626 5591 814 5658 prisco
846 5588 1042 5646 codice
1067 5588 1490 5658 manuscripto.

369 5588 484 5658 (54)
514 5589 594 5644 Ex
626 5591 814 5660 prisco
846 5588 1042 5646 codice
1067 5588 1490 5662 manuscripto.

2075 3704 2227 3759 papa
2255 3686 2487 3744 Urbano
2528 3691 2907 3743 consecratus
2957 3690 3047 3743 est
3074 3686 3386 3758 episcopus
3416 3687 3725 3740 Carnoten-

2533 3864 2675 3921 Idem
2703 3866 2763 3920 in
2793 3865 3026 3921 Henrico
3053 3865 3259 3937 primo.

2143 3959 2310 4010 Anno
2346 3955 2509 4010 Dom.
2545 3955 2679 4008 1117
2709 3953 3060 4010 venerabilis
3102 3953 3190 4008 vir
3219 3954 3313 4008 Ivo
3343 3951 3732 4009 Carnotensis

2072 4042 2339 4114 antistes,
2371 4048 2428 4099 et
2457 4043 2515 4098 in
2548 4043 2869 4116 Scripturis
2913 4043 3097 4100 sacris
3141 4043 3214 4099 ad
3254 4041 3492 4115 plenum
3525 4040 3726 4098 erudi-

2069 4138 2187 4199 tus,
2220 4132 2375 4188 diem
2408 4131 2622 4187 clausit
2651 4136 3000 4188 extremum.

2141 4239 2402 4296 Robertus
2431 4239 2496 4296 de
2525 4243 2708 4296 Monte
2736 4240 2794 4294 in
2824 4240 3193 4364 sagap‘lpzzento
3233 4238 3519 4309 Sigeberti,
3551 4239 3653 4294 sub

2719 4327 2876 4364 anno
3056 4351 3068 4363 .

2719 4327 2876 4366 anno
2912 4327 3068 4364 HM.

2137 4402 2277 4454 Post
2307 4401 2562 4466 Ivonem,
2594 4398 2692 4470 qui
2723 4399 2842 4454 vita
2869 4403 3046 4470 atque
3076 4398 3344 4454 doctrina
3369 4414 3477 4454 sua
3504 4401 3722 4454 Carno-

2065 4491 2289 4542 tensem
2332 4487 2650 4543 Ecclesium
2698 4486 3034 4554 illustravit,
3087 4487 3308 4558 quique
3337 4487 3490 4542 inter
3517 4493 3726 4542 caetera

2065 4591 2240 4647 Opera
2270 4592 2373 4632 sua
2404 4575 2547 4631 illud
2569 4575 2837 4631 volumen
2858 4576 3012 4647 quod
3033 4577 3263 4631 decreta
3283 4575 3476 4631 Ivonis
3496 4576 3725 4644 dicunt,

2065 4663 2286 4719 utiliter
2315 4663 2675 4735 compilavit,
2708 4663 3027 4719 Gaul'ridus
3072 4663 3196 4718 vita;
3229 4663 3440 4719 merito
3482 4679 3551 4719 ac
3578 4680 3724 4736 pru-

2062 4752 2261 4809 dentia
2287 4751 2640 4809 venerabilis
2670 4752 3087 4808 Carnotensem
3129 4751 3445 4809 Ecclesiam
3477 4753 3650 4809 rexit.

2063 4859 2402 4915 Guillermus
2433 4859 2496 4914 de
2528 4859 2740 4928 Nangis
2761 4860 2829 4932 in
2857 4859 3024 4928 gestis
3064 4859 3313 4932 Philippi
3340 4861 3500 4914 tertii
3528 4860 3721 4916 Auda-

2570 4932 2674 4995 cis,
2705 4929 2776 4986 ad
2803 4947 3013 4985 annum
3048 4931 3203 4986 1275.

2133 5018 2278 5083 Quia
2308 5017 2459 5075 sicut
2490 5017 2704 5092 legitur
2726 5018 2783 5074 in
2813 5019 3069 5092 quadam
3102 5019 3214 5092 (56)
3245 5018 3493 5092 epistola
3524 5018 3719 5076 Ινομίε

2062 5109 2359 5181 quondam
2393 5108 2650 5180 episcopi
2681 5107 3079 5165 Carnotensis.

2067 5217 2218 5272 Vetus
2248 5217 2297 5271 et
2335 5231 2646 5286 anonymus
2688 5218 2927 5286 scriptor
2969 5216 3340 5287 chronologise
3369 5216 3710 5271 Antissiodo-

2481 5288 2660 5341 rensis
2690 5287 2758 5342 ad
2788 5303 2882 5342 an.
2914 5287 3071 5343 Dom.
3110 5289 3264 5344 1154.

2129 5377 2289 5440 Quod
2304 5376 2539 5447 quidem
2557 5377 3707 5450 lvoCarnotensis,decretorumaclegum

2148 5520 2239 5591 55)
2273 5517 2752 5593 intelligitepist.
2783 5519 2872 5576 60.

2148 5523 2239 5591 55)
2273 5523 2550 5591 lntelligit
2579 5535 2606 5576 e

2127 5523 2236 5664 256)
2267 5592 2451 5662 Epist.
2487 5591 2606 5647 189.
