3928 6038
170 188 269 245 25

1640 181 2198 240 PROLEGOMENA.
3558 179 3632 235 26

171 315 623 389 peritissimus,
654 315 715 370 in
746 312 1011 387 epistolis
1042 313 1167 369 suis
1208 313 1318 384 (57)
1368 316 1490 368 tam
1520 310 1852 369 rationibus
1881 309 1936 376 Α
1966 306 2133 363 duxit
2167 325 2179 363 :
2205 306 2451 363 consilio
2474 308 2531 363 et
2550 305 2767 364 auxilio
2796 305 2989 379 ipsius
3012 306 3437 363 monasterium
3460 305 3629 364 inﬁr-

173 406 417 462 astruit
447 420 627 477 quam
662 403 947 476 exemplis
960 446 972 458 .

181 514 279 569 Ea:
309 515 544 585 antiquo
569 513 951 582 manuscripto
972 510 1156 569 codice
1177 509 1434 566 Ecclesiae
1454 508 1860 566 Laudunensis.

272 605 340 659 In
357 601 563 675 vigilia
591 600 927 656 Nativitatis
960 604 1177 656 sancta:
1209 599 1396 655 Mariae
1428 602 1561 653 ante
1587 614 1862 669 vesperas

188 691 530 747 Carnutum
561 695 873 760 venerunt,
896 691 953 744 et
982 687 1577 744 honoriﬁcentissime
1606 687 1862 758 suscepti

194 785 349 837 sunt
378 797 411 835 a
442 780 659 835 domno
704 782 876 835 Ivone
922 777 1268 833 Carnotensi
1300 776 1597 848 episcopo,
1629 780 1862 848 totaque

193 868 634 925 Canonicorum
661 867 1037 940 processione
1059 870 1223 922 extra
1244 866 1447 921 urbem
1474 881 1661 937 usque
1682 865 1753 921 ad
1778 865 1861 919 vi-

207 976 356 1014 neas
385 958 473 1014 eis
510 962 875 1026 occurrente,
910 957 1311 1027 feretrumque
1358 956 1614 1027 positum
1662 959 1752 1011 est
1800 954 1859 1010 in

189 1047 417 1119 majori
452 1046 699 1103 ecclesia
723 1063 902 1118 super
932 1045 1113 1101 altare
1141 1045 1365 1100 Sanctae
1396 1044 1609 1101 Mariae.

194 1155 455 1222 Priscus,
512 1153 816 1207 monachus
878 1152 1099 1222 Majoris
1168 1153 1505 1221 Monasterii,
1564 1168 1728 1223 agens
1798 1152 1861 1208 de

267 1226 575 1297 privilegio
604 1239 861 1297 concesso
880 1226 949 1279 ab
985 1224 1200 1280 Urbano
1230 1241 1372 1295 papa
1420 1228 1471 1281 ll
1520 1226 1581 1278 in
1627 1226 1860 1280 concilio

272 1295 707 1353 Claromontano
735 1295 897 1350 l093.

271 1386 492 1441 Praeter
539 1385 648 1441 hos
697 1384 1037 1441 assidebant
1068 1384 1318 1440 domnus
1350 1384 1515 1456 Hugo
1546 1384 1775 1456 legatus
1805 1392 1862 1442 et

192 1475 431 1547 primas
465 1473 789 1530 Galliarum
824 1474 979 1529 idem
1012 1473 1133 1544 ipse
1154 1472 1560 1545 Lugdunensis
1577 1474 1863 1546 archiepi~

193 1580 443 1635 scapus,
459 1566 514 1619 et
535 1564 791 1619 domnus
808 1566 1052 1618 Amatus
1074 1560 1394 1634 legatus,et
1413 1562 1563 1617 Burd
1574 1562 1860 1635 egalensis

199 1652 713 1725 archiepiscopus,
756 1651 1079 1706 Rainaldus
1123 1651 1430 1707 Remensis
1469 1651 1857 1725 archiepisco-
1887 1684 1935 1750 Β

194 1738 1855 1813 pus,RicheriusSenonensisarchiepiscopus,llildeber-

192 1834 297 1887 tus
312 1830 701 1887 Bituricensis
725 1828 1224 1900 archiepiscopus,
1248 1828 1571 1883 Rollandus
1587 1828 1856 1887 Dolensis

188 1918 1112 1992 archiepiscopus,Narbonensis
1139 1917 1853 1990 archiepiscopus,Axien-

185 2011 284 2065 sis
296 2006 1133 2081 archiepiscopus,Toletensis
1149 2005 1626 2079 archiepiscopus
1639 2014 1695 2062 et
1707 2009 1857 2082 lega-

187 2104 291 2154 tus
306 2095 1850 2169 Hispaniarum,HoellusCenomannensisepiscopus,

189 2188 527 2244 Gaufredus
542 2185 978 2259 Andegavensis
993 2185 1725 2256 episcopus,Nannetensis
1738 2188 1854 2259 epi-

192 2293 439 2348 scopus,
466 2276 828 2331 Pictavensis
850 2275 1183 2347 episcopus,
1209 2278 1301 2330 Ivo
1321 2276 1699 2331 Carnotensis
1730 2278 1852 2348 epi-

194 2383 437 2437 scopus,
456 2365 715 2422 Joannes
744 2364 1183 2420 Aurelianensis
1214 2364 1547 2436 episcopus,
1573 2367 1853 2438 Rogerius

194 2454 569 2511 Belvacensis
629 2454 968 2526 episcopus.
1028 2452 1450 2525 Episcoporum
1511 2470 1744 2526 quoque
1797 2461 1857 2512 et

194 2544 480 2599 abbatum
538 2559 967 2616 procerumque
998 2546 1054 2597 et
1085 2540 1450 2597 diversarum
1496 2542 1850 2615 dignitatum

202 2632 463 2689 maxima
517 2633 856 2700 multitudo,
917 2648 1166 2702 quorum
1236 2630 1494 2686 incertus
1552 2649 1849 2706 numerus,

200 2724 477 2778 omnibus
494 2722 589 2778 his
609 2723 677 2777 ad
703 2721 1105 2777 auctoritatem
1132 2726 1189 2775 et
1208 2721 1712 2776 conﬁrmationem
1730 2723 1851 2794 pri-

200 2810 397 2883 vilegii
431 2811 638 2877 nostri,
672 2811 791 2879 ﬁat,
827 2810 946 2878 ﬁat,
981 2808 1467 2865 acclamantibus.

565 2901 651 2955 Ea:
681 2899 1068 2971 Martyrologio
1098 2901 1479 2955 Carnotensis.

264 2987 469 3044 Idibus
487 2988 1005 3061 Decembris,anno
1027 2986 1451 3042 Incarnationis
1467 2986 1697 3042 Domini
1717 2988 1851 3043 1115
1881 2999 1923 3067 C

197 3078 344 3133 obiit
377 3078 545 3133 Pater
585 3078 700 3146 lvo,
736 3078 914 3149 hujus
944 3076 1357 3133 sacratissima:
1390 3076 1547 3131 sedis
1580 3076 1848 3148 antistes,

193 3167 282 3221 vir
314 3182 539 3237 magna:
570 3166 895 3239 religionis,
929 3165 1464 3221 ecclesiasticarum
1506 3170 1561 3221 et
1607 3166 1849 3221 saecula-

192 3255 345 3312 rium
376 3257 743 3326 negotiorum
768 3253 1295 3327 prudentissimus,
1335 3253 1489 3307 mitis
1522 3254 1724 3321 atl‘atu,
1748 3272 1848 3326 pa-

189 3345 400 3399 tientia
430 3344 705 3416 insignis,
730 3345 1000 3399 castitate
1032 3342 1281 3414 pollens,
1308 3347 1363 3397 et
1391 3347 1512 3396 tam
1542 3342 1600 3396 in
1634 3342 1848 3399 divinis

188 3449 369 3504 quam
403 3432 464 3487 in
498 3431 868 3505 philosophia
892 3430 1392 3487 eruditissimnus.
1420 3430 1525 3495 Qui
1550 3447 1649 3486 sex
1671 3431 1850 3501 pallia

193 3520 376 3586 bona,
397 3527 454 3576 et
484 3526 707 3591 septem
741 3537 981 3593 cappas,
1012 3524 1068 3574 et
1099 3519 1315 3574 infulas
1346 3524 1487 3588 tres,
1520 3522 1577 3573 et
1628 3520 1848 3591 tapetia

192 3610 306 3664 tria
336 3609 530 3665 decori
563 3609 742 3681 hujus
781 3608 1053 3664 Ecclesia
1084 3607 1364 3663 contulit:
1396 3607 1617 3662 librum
1645 3608 1847 3663 Missa-

194 3714 351 3765 rum,
383 3703 441 3754 et
478 3697 887 3771 epistularum,
923 3702 981 3753 et
1031 3701 1254 3752 textum
1304 3696 1765 3768 evangeliorum,
1793 3701 1849 3753 et

192 3803 379 3843 unum
404 3786 810 3842 lectionarium
838 3785 1248 3841 matutinalem
1271 3785 1509 3851 dedit,et
1530 3801 1732 3840 omnes
1752 3802 1846 3840 ar-

191 3880 365 3947 gento
408 3877 651 3949 paravit.
686 3874 983 3947 Pulpitum
1031 3874 1164 3930 miri
1214 3874 1443 3929 decoris
1490 3875 1839 3941 construxit,

191 3964 425 4020 scholas
452 3964 626 4019 fecit:
660 3965 903 4019 domum
930 3962 1347 4035 episcOpalem,
1377 3979 1554 4035 quam
1587 3961 1757 4018 vilem
1791 3968 1846 4019 et

192 4051 447 4126 ligneam
497 4053 696 4125 (quam
742 4053 801 4108 in
854 4052 1018 4108 obitu
1052 4052 1463 4124 episcoporum
1494 4050 1585 4106 vel
1618 4051 1842 4107 disces-

192 4156 258 4195 su
294 4142 398 4211 (58)
432 4141 791 4212 quibusdam
826 4139 1020 4213 pravis
1048 4138 1580 4195 consuetudinibus
1604 4157 1705 4211 per
1725 4140 1843 4197 vio-

191 4228 428 4285 lentiam
449 4230 897 4286 Carnotensium
919 4230 1201 4285 comitum
1226 4228 1485 4284 inductis
1506 4229 1841 4285 ancillatam

190 4320 515 4391 invenerat)
545 4320 872 4392 speciosam
897 4326 944 4374 et
976 4318 1270 4390 lapideam
1297 4335 1330 4372 a
1354 4318 1737 4373 fundamento
1762 4336 1843 4373 re-

191 4408 345 4475 fecit,
367 4413 423 4463 et
455 4425 585 4463 cum
622 4407 899 4463 omnibus
930 4408 999 4462 ad
1036 4407 1226 4479 ipsam
1264 4406 1697 4479 pertinentibus
1723 4407 1842 4463 sive

193 4497 512 4554 mobilibus
534 4499 654 4554 sive
674 4496 1082 4555 immobilibus
1105 4513 1171 4551 ex
1195 4495 1410 4551 ancilla
1431 4495 1673 4550 liberam
1710 4497 1844 4551 red-

194 4586 356 4654 didit,
374 4586 822 4657 libertatemque
839 4586 1029 4657 ipsam
1048 4583 1507 4655 adstipulatione
1521 4584 1843 4656 privilegio-

195 4691 319 4730 rum
353 4680 411 4730 et
444 4675 715 4731 Romanis
744 4674 924 4741 sedis,
959 4679 1015 4729 et
1045 4673 1222 4746 regis,
1247 4677 1304 4728 et
1332 4673 1589 4743 comitis,
1622 4689 1749 4743 quae
1781 4673 1841 4729 in

192 4764 443 4820 archivis
459 4764 639 4835 hujus
660 4763 917 4820 ecclesia
942 4763 1259 4828 habentur,
1282 4761 1671 4818 conﬁrmavit.
1701 4763 1841 4817 Ter-

190 4868 308 4909 ram
343 4854 521 4908 etiam
556 4854 876 4925 quamdam
911 4852 1246 4924 contiguam
1282 4852 1469 4906 eidem
1522 4851 1717 4905 domui
1769 4851 1841 4906 ad

190 4940 638 5013 amplitudinem
654 4941 1064 5013 ipsiusdomus
1081 4958 1114 4996 a
1129 4940 1490 4995 vicedomino
1504 4940 1839 5011 acquisivit,

188 5033 238 5084 et
271 5045 443 5084 muro
474 5029 709 5085 clausit.
744 5032 911 5103 Apud
938 5034 1173 5103 pontem
1206 5029 1538 5084 Gaudinum
1567 5028 1713 5084 alias
1735 5030 1840 5085 do-

189 5134 310 5174 mos
360 5119 432 5174 ad
480 5136 623 5176 usus
655 5119 1018 5193 episcopales
1050 5117 1360 5173 aediﬁcavit
1394 5136 1406 5174 :
1450 5119 1840 5191 eamdemque

187 5207 379 5263 villam
432 5208 491 5263 in
542 5208 749 5264 multis
785 5208 1131 5264 melioravit.
1168 5207 1467 5263 Abbatiam
1502 5207 1559 5262 S.
1595 5208 1837 5263 Joannis

187 5311 246 5351 ex
292 5294 560 5354 seculari
610 5297 670 5352 in
722 5296 1049 5371 regularem
1113 5297 1413 5368 convertit,
1463 5296 1725 5351 instituit
1782 5301 1838 5353 et

254 5422 372 5503 4??)
401 5421 588 5503 Epist
621 5421 746 5503 4.8?-

254 5494 371 5566 (58)
401 5492 541 5551 Vide
564 5493 737 5566 epist.
771 5493 862 5549 94.

1975 412 2207 452 morum
2240 397 2394 467 apud
2426 396 2655 452 Bellum
2677 396 2869 452 locum
2891 395 3279 452 constitutum
3310 396 3629 453 fuit.Mino-

1972 490 2132 542 ratas
2164 502 2369 541 omnes
2400 484 2583 556 hujus
2614 485 2893 553 ecclesias,
2929 492 2983 540 et
3034 485 3346 558 praecarias
3376 486 3435 540 in
3466 502 3624 542 com-

1972 593 2180 631 munes
2195 575 2419 647 redegit
2444 579 2675 643 usus,et
2698 592 2796 631 eas
2820 577 2879 631 in
2903 582 3199 648 posterum
3227 577 3493 650 personis
3516 578 3626 655 (59)

1970 665 2245 721 distribui
2281 669 2397 720 tam
2422 682 2527 720 suo
2547 681 2721 737 quam
2757 666 3076 736 apostolico
3098 665 3400 738 privilegio
3415 665 3623 721 vetuit.

1969 754 2349 826 Angarias,et
2373 754 2627 824 injustas
2661 755 3014 821 exactiones,
3054 762 3110 810 et
3136 771 3343 826 pravas
3366 754 3622 811 servien-

1967 843 2114 898 tium
2147 843 2543 898 distensiones
2568 842 2691 898 ﬁeri
2718 860 2818 913 per
2839 844 3255 915 praeposituras
3278 844 3489 900 iisdem
3514 844 3627 915 pri-

1966 932 2195 1003 vilegiis
2229 931 2548 1003 prohibuit.
2567 934 2647 985 Ad
2676 934 3173 1004 augmentandam
3199 933 3457 989 tabulam
3480 932 3627 988 alta-

1971 1021 2051 1076 ris
2086 1021 2241 1076 idem
2275 1019 2534 1076 moriens
2565 1025 2800 1075 centum
2830 1021 3058 1077 modios
3081 1021 3197 1075 vini
3222 1022 3547 1093 reliquit,et
3567 1021 3625 1076 in

1969 1108 2103 1163 aliis
2136 1109 2409 1181 pluribus
2440 1126 2557 1164 suae
2590 1108 2860 1165 Ecclesiae
2893 1113 2950 1165 et
2980 1109 3210 1166 clericis
3264 1110 3388 1165 suis
3438 1110 3626 1166 multa

1967 1199 2124 1254 bona
2154 1200 2309 1255 fecit.

2075 1291 2159 1342 Ex
2188 1291 2370 1358 prisco
2400 1288 2734 1343 Kalendario
2764 1288 2820 1343 S.
2857 1289 3117 1355 Quintini
3146 1289 3511 1345 Belvacensis.

2040 1376 2285 1430 Kalend.
2318 1376 2585 1431 Januarii
2619 1377 2763 1431 obiit
2792 1377 3132 1432 veneranda;
3165 1378 3461 1432 memoriae
3494 1394 3623 1433 ma-

1968 1464 2147 1535 gister
2176 1465 2295 1534 Ivo,
2332 1481 2447 1537 pra:
2488 1464 2619 1520 aliis
2653 1466 2742 1520 sui
2777 1465 3050 1537 temporis
3098 1468 3302 1521 doctor
3348 1466 3619 1538 insignis,

1967 1554 2197 1625 primus
2228 1554 2410 1610 abbas
2454 1555 2633 1623 hujus
2688 1554 2977 1623 Ecclesiae,
3017 1559 3217 1627 postea
3247 1558 3623 1613 Carnotensis

1966 1642 2299 1714 episcopus.
2329 1644 2498 1699 Dedit
2545 1644 2716 1699 nobis
2767 1644 3012 1715 triginta
3057 1643 3377 1713 volumina,
3407 1645 3621 1703 calices

1966 1736 2240 1803 quatuor,
2260 1736 2480 1787 textum
2498 1748 2766 1799 aureum,
2788 1749 3018 1788 crucem
3041 1750 3299 1803 auream,
3321 1734 3618 1806 phylacte-

1968 1821 2057 1877 ria
2088 1824 2359 1892 quatuor,
2386 1837 2592 1876 cruces
2625 1828 2953 1893 argenteas,
2979 1826 3035 1877 et
3066 1827 3302 1878 auratas
3345 1828 3616 1894 quatuor,

1965 1910 2261 1966 dexteram
2298 1910 2450 1965 beati
2484 1910 2712 1965 Callisti
2745 1928 2930 1983 papas,
2955 1910 3257 1966 thuribula
3275 1912 3389 1967 duo
3411 1926 3618 1983 argen-

1962 2001 2072 2053 tea.
2111 1999 2267 2054 Obiit
2297 2003 2493 2054 autem
2527 2003 2727 2055 tantus
2750 2000 2839 2053 vir
2861 2000 2969 2055 iste
3000 2016 3153 2055 anno
3186 2000 3614 2056 lncarnationis

1963 2086 2180 2142 Christi
2212 2088 2368 2156 1116,
2392 2105 2495 2159 pro
2528 2089 2699 2159 cujus
2729 2089 2928 2143 anima
2957 2090 3170 2143 damus
3199 2089 3268 2142 ad
3300 2088 3612 2160 eleemosy-

1963 2193 2097 2232 nam
2133 2193 2314 2232 unum
2350 2178 2627 2233 frumenti
2662 2178 2948 2233 modium.

1962 2267 2043 2321 Eo.
2092 2266 2427 2321 Kalendario
2474 2265 2737 2395 Ecclesii
2874 2268 3102 2322 Joannis
3152 2266 3501 2321 Carnotensis
3550 2267 3607 2320 in

2737 2355 2771 2393 a
2818 2355 2867 2394 e.

2737 2355 2867 2394 aue.

2037 2427 2269 2481 Decimo
2318 2426 2442 2481 Kal.
2492 2428 2827 2493 Januarias,
2875 2444 3026 2482 anno
3075 2428 3146 2481 ab
3204 2427 3610 2482 Incarnatione

1962 2513 2277 2569 millesimo
2309 2514 2628 2569 centesimo
2660 2515 2888 2569 decimo
2908 2516 3113 2584 quinto
3139 2515 3286 2570 obiit
3308 2516 3470 2570 bonae
3495 2532 3611 2570 me-

1962 2602 2157 2656 morias
2190 2602 2282 2657 lvo
2314 2601 2689 2657 Carnotensis
2720 2602 3050 2673 episcopus,
3072 2603 3170 2671 qui
3194 2603 3607 2658 canonicorum

1961 2690 2321 2761 regularium
2354 2691 2618 2745 ordinem
2650 2690 2708 2744 in
2740 2690 2848 2745 hac
2897 2689 3147 2745 ecclesia
3196 2690 3522 2757 constituit,
3555 2694 3612 2745 et

1960 2781 2229 2834 eamdem
2257 2780 2433 2835 rebus
2455 2780 2579 2834 suis
2611 2779 3097 2850 ampliavit,dans
3129 2780 3372 2834 fratrum
3403 2779 3611 2835 usibus

1960 2866 2269 2922 ecclesiam
2302 2872 2524 2922 Sanctae
2558 2867 2715 2922 Fidis
2747 2868 2878 2938 (60),
2912 2866 3217 2923 ecclesiam
3250 2868 3448 2923 Sancti
3484 2871 3610 2923 Ste-

1961 2955 2142 3028 phani
2175 2973 2307 3011 cum
2340 2958 2517 3011 rebus
2548 2957 2619 3012 ad
2652 2973 2780 3011 eam
2816 2957 3271 3027 pertinentibus,
3301 2955 3609 3012 ecclesiam

1963 3045 2033 3100 de
2066 3046 2332 3116 Luciaco,
2365 3044 2671 3100 ecclesiam
2722 3046 2793 3099 de
2838 3045 3272 3115 Pontegodano,
3307 3050 3363 3100 et
3392 3049 3607 3100 terram

1960 3132 2113 3188 ultra
2146 3134 2703 3205 stagnum,triginta
2734 3150 2970 3205 quoque
3002 3133 3300 3189 volumina
3324 3134 3611 3189 librorum

1960 3238 2224 3289 suorum,
2258 3228 2314 3278 et
2347 3222 2531 3277 multa
2562 3222 2697 3278 alia.

2442 3313 2526 3365 Ea:
2545 3313 2742 3367 eodem
2775 3310 3134 3367 Kalcndarz'o.

2028 3404 2276 3457 Centum
2311 3399 2470 3455 mille
2503 3401 2699 3456 minus
2732 3418 2848 3456 uno
2881 3400 3253 3456 currentibus
3280 3400 3452 3455 annis

2029 3490 2249 3545 Floruit
2278 3489 2370 3545 hic
2405 3490 2662 3561 primum
2688 3490 2851 3545 locus
2884 3490 3088 3545 ordine
3118 3488 3463 3545 canonicali.

1956 3596 2309 3669 Epitaphium
2337 3597 2512 3650 Ivom's
2551 3596 2899 3651 Carnotensis
2947 3612 3017 3651 ea:
3064 3601 3239 3653 vetere
3286 3596 3609 3651 membrana

2586 3669 2649 3722 Β.
2684 3669 2980 3723 Brissonii.

1956 3757 2170 3823 Mente,
2196 3772 2396 3823 manu,
2422 3755 2643 3826 lingua,
2676 3756 2967 3825 doctrina,
2992 3756 3256 3828 corporis
3280 3773 3414 3822 usu,

1954 3846 2239 3915 Prudens,
2266 3844 2599 3915 muniﬁcus,
2624 3843 2900 3912 aifabilis,
2927 3844 3112 3913 utilis,
3139 3845 3364 3910 insons,

1955 3932 2148 3989 Prima
2178 3932 2453 3988 columna
2481 3934 2691 3987 domus
2746 3932 2977 3988 Domini
3012 3950 3189 4004 quam
3216 3934 3350 4003 jure
3383 3932 3609 3988 salubri

1953 4022 2138 4085 Fovit,
2166 4021 2434 4087 munivit,
2463 4020 3006 4092 instruxit,jugiter
3026 4023 3186 4075 auxit

1953 4110 2204 4165 Consilio
2237 4110 2492 4179 scriptis,
2522 4126 2636 4179 quo
2660 4111 2875 4163 viveret
2897 4110 3117 4174 ordine,
3135 4109 3310 4163 rebus

1951 4200 2132 4269 Cujus
2162 4215 2330 4269 opem
2363 4198 2549 4269 gratis
2582 4212 2755 4268 aager,
2784 4213 2905 4251 rem
2938 4197 3123 4252 sensit
3145 4213 3386 4268 egenus,

1954 4287 2131 4341 Istius
2164 4286 2327 4339 urbis
2358 4301 2501 4355 apex
2530 4285 2947 4339 memorandus
2980 4284 3288 4354 episcopus
3312 4288 3406 4339 lvo

1953 4375 2070 4429 Hac
2102 4375 2249 4428 situs
2280 4376 2578 4443 exspectat
2604 4374 2920 4427 adventum
2953 4372 3180 4429 Judicis
3215 4390 3378 4429 urna.

1954 4481 2071 4535 Nic.
2103 4480 2166 4533 de
2197 4480 2548 4552 Clamengiis,
2581 4484 2776 4533 cantor
2817 4481 3146 4551 Bajocensis,
3180 4482 3339 4552 epist.
3377 4480 3446 4536 ad
3494 4485 3601 4536 Ga-

2027 4553 2232 4624 liotuni
2275 4550 2337 4605 de
2390 4550 2725 4624 Petramala,
2776 4550 3144 4616 cardinalem,
3202 4550 3328 4622 cum
3383 4555 3601 4624 incipit.

2024 4623 2185 4688 Quod
2221 4622 2278 4676 in
2311 4621 2612 4692 superiore
2637 4640 2651 4689 ;
2682 4640 2790 4693 qua
2819 4632 3014 4679 contra
3044 4621 3363 4680 Pen-arcas?
3390 4621 3603 4681 dictum

2016 4696 2260 4820 gratiore
2278 4693 2410 4763 vult,
2437 4709 2723 4766 nunquam
2751 4698 2997 4751 caruisse
3029 4694 3272 4752 Galliam
3300 4695 3607 4768 eloquenti-

2058 4782 2117 4820 us
2146 4781 2305 4820 viris.

2058 4782 2117 4820 US
2146 4781 2305 4821 viris.

2023 4855 2081 4911 Si
2117 4870 2310 4909 rerum
2344 4857 2645 4925 gestarum
2680 4854 3000 4926 scriptores
3030 4854 3354 4926 postulant,
3384 4860 3606 4929 Grego-

1951 4943 2107 4999 rium
2152 4943 2550 4998 Turonensem
2602 4943 2820 5015 accipe,
2857 4944 3255 5015 Severnmquc
3284 4944 3602 5018 Sulpitium

1948 5036 2244 5105 gestorum
2270 5030 2599 5085 beatissimi
2625 5031 2855 5086 Martini
2880 5031 3181 5088 luculenta
3205 5034 3603 5106 descriptione

1948 5120 2275 5177 relatorcm.
2310 5122 2551 5173 Possem
2583 5118 2730 5175 alios
2763 5120 3087 5191 permultos
3128 5126 3185 5176 et
3231 5122 3499 5191 antiquos
3548 5128 3604 5177 et

1947 5209 2299 5265 recentiores
2350 5222 2813 5265 commemorare
2841 5226 2853 5263 :
2906 5226 2971 5264 ex
3004 5210 3441 5281 antiquioribus
3475 5211 3598 5264 Ire-

1947 5316 2139 5355 naeum
2174 5297 2955 5370 Lugdunensem,Hilarium
2994 5299 3410 5366 Arelatensem,
3444 5300 3592 5354 Gen-

2036 5423 2127 5494 59)
2163 5420 2374 5494 tientio
2408 5420 2471 5494 ﬁt
2502 5422 2673 5494 epist.
2696 5423 2820 5479 271.

2013 5424 2127 5567 ἓ59)
2163 5424 2374 5504 Mentio
2408 5424 2471 5476 ﬁt
2502 5424 2665 5549 egi8st.

2038 5494 2132 5564 60)
2160 5493 2305 5549 Vide
2335 5493 2508 5566 epist.
2613 5495 2665 5549 6.
