3928 6038
143 159 233 215 29

1671 164 2231 220 PROLEGOMENA.
3549 181 3619 237 3o

164 291 3614 332 ..________________________________

752 413 1224 475 REVERENDO
1270 415 1663 477 ADMODUM
1707 417 1784 477 IN
1833 418 2169 480 CHRISTO
2216 420 2314 482 ET
2357 423 2488 482 DEI
2532 424 3076 487 AMANTISSIMO

1635 584 1810 629 PATRI
1857 587 1927 630 ET
1969 587 2197 632 DOMINO

1151 739 1250 827 F.
1316 741 1920 829 BERNARDO
1981 747 2036 827 Α
2105 746 2672 834 FltESNEDA

524 917 620 978 Ab
653 916 901 978 arcanis
932 919 1432 980 confessionibus
1463 921 1650 1000 regia
1681 920 2019 1063 catlhollica.
2044 924 2382 1004 majestati,
2426 928 2683 990 domino
2726 935 2786 991 et
2824 930 3152 993 Mecanati
3196 952 3310 995 suo

1690 1021 1763 1063 co
1792 1021 1868 1063 en
1917 1023 2156 1063 issimo.

1690 1021 2131 1066 COlenﬂlSSlmO
2143 1051 2156 1065 .

1506 1150 1858 1233 ³ΟΑΝΝΕΞ
1906 1148 2425 1228 Mem-1mg"?
2477 1181 2485 1190 ε

1316 1322 1571 1394 Ejusdem
1602 1325 2532 1401 Decretorum-Lovanic’mmfessor.
2557 1349 2603 1373 ι-
2637 1348 2654 1364 ο
2708 1353 2717 1366 ι
2764 1348 2799 1374 ο·

1707 1435 1836 1532 ’έῖ
1880 1435 2093 1538 Dfe'l'
2154 1445 2166 1458 ’
2257 1435 2274 1460 ³

288 1645 530 1710 Quoties
597 1643 1178 1701 calamitosissimum
1249 1645 1544 1701 catholica
1602 1646 1871 1702 Ecclesia
1903 1652 1950 1718 Α
1987 1667 2114 1723 qua
2147 1652 2329 1708 stulta
2360 1657 2497 1708 sunt
2524 1655 2732 1709 mundi
2763 1654 2936 1726 elegit
2968 1659 3140 1724 Deus,
3173 1656 3377 1728 utique
3406 1661 3471 1712 ut
3501 1675 3638 1713 con-

210 1739 462 1803 statum,
493 1749 678 1804 eaque
712 1738 975 1806 tempora
1008 1751 1134 1805 qua
1177 1733 1478 1806 religionis
1527 1734 1872 1790 Christiana

211 1824 472 1880 necdum
506 1823 850 1892 compositis
885 1823 1315 1889 dissidiis,cum
1350 1828 1704 1890 ortum,tum
1739 1842 1872 1894 pro-

211 1929 487 1986 gressum
523 1915 842 1983 prabuere,
876 1914 1162 1968 memoria
1193 1918 1410 1985 repeto,
1444 1915 1757 1968 reverende
1806 1932 1871 1970 ac

210 2002 661 2074 religiosissime
692 2006 863 2057 Pater
912 2002 1228 2073 confessor,
1281 2006 1443 2058 tanta
1493 2019 1585 2058 me
1631 2003 1872 2075 corripit

207 2093 548 2159 admiratio,
581 2098 787 2148 tantus
818 2093 1061 2148 incessit
1091 2098 1298 2165 stupor
1328 2097 1388 2148 ut
1439 2093 1766 2149 existimem
1799 2094 1868 2148 fi-

203 2183 342 2238 dem
377 2182 515 2238 olim
550 2183 907 2252 defuturam,
939 2184 1114 2237 etiam
1151 2183 1222 2238 iis
1253 2182 1429 2237 rebus
1461 2184 1666 2254 gestis,
1719 2201 1867 2254 qua-

205 2288 341 2325 rum
368 2288 486 2326 non
511 2276 630 2326 tam
655 2271 924 2339 lectores,
947 2272 1335 2335 auditoresve,
1366 2288 1543 2338 quam
1578 2276 1867 2343 spectato-

203 2377 296 2416 res
321 2360 496 2416 hodie
523 2377 728 2416 omnes
750 2361 1187 2416 constituimur.
1213 2360 1339 2416 Non
1366 2361 1601 2432 quidem
1624 2363 1779 2432 quod
1807 2362 1864 2416 in

201 2467 447 2506 summa
477 2450 880 2521 hominum,ac
915 2449 1169 2505 naturali
1201 2465 1378 2522 prope
1409 2451 1479 2505 ad
1513 2450 1865 2506 dissentien-

203 2539 348 2594 dum
379 2540 770 2610 prOpensione
800 2543 855 2595 et
907 2538 1200 2605 facultate,
1247 2540 1535 2594 hareseos
1589 2539 1870 2594 schisma-

203 2629 355 2684 tisve
379 2645 590 2684 nomen
614 2630 712 2696 sit,
735 2645 1069 2700 unquamve
1089 2629 1282 2697 fuerit,
1318 2645 1530 2683 novum
1555 2629 1711 2682 inter
1737 2646 1862 2697 nos,

205 2719 352 2790 proh
389 2720 593 2775 dolor!
630 2725 732 2774 aut
772 2719 1068 2788 insolens;
1123 2736 1248 2791 qua
1303 2721 1478 2775 etiam
1533 2737 1646 2776 non
1692 2721 1865 2775 modo

205 2809 527 2864 familiaria
557 2813 658 2864 aut
688 2809 1012 2864 domestica
1043 2809 1140 2863 Dei
1196 2808 1466 2864 Ecclesia
1518 2809 1637 2864 fore
1689 2809 1863 2875 mala,

206 2899 305 2953 sed
345 2898 701 2967 necessaria,
736 2903 800 2952 ut
829 2897 987 2953 credi
1019 2898 1251 2970 possint
1284 2915 1526 2969 prorsus
1561 2897 1866 2954 inevitabi-

201 2987 304 3055 lia,
339 2987 562 3042 Paulus
593 2987 897 3043 electionis
930 2987 1028 3042 ille
1069 3004 1170 3042 vas
1219 2988 1566 3059 praedixerat
1616 3005 1682 3042 ac
1715 3005 1860 3059 pra-
1897 3019 1944 3084 Β

208 3083 478 3132 senserat
507 3078 559 3147 (Ι
590 3078 712 3132 Cor.
747 3094 827 3146 x1,
863 3077 972 3147 19),
1023 3092 1225 3131 verum
1283 3078 1436 3147 quod
1489 3077 1711 3131 nullius
1759 3093 1866 3131 un-

207 3183 384 3237 quam
420 3170 596 3221 secta
625 3182 802 3237 quam
835 3166 1201 3234 Lutherana,
1237 3181 1370 3220 cum
1402 3164 1698 3220 difficilior
1745 3165 1863 3220 ori-

204 3271 298 3326 go,
337 3260 463 3310 tum
497 3255 775 3326 grandior
801 3271 1110 3310 successus
1139 3253 1448 3309 exstiterit.
1482 3255 1765 3325 Equidem
1815 3254 1865 3309 si

204 3345 445 3398 condita
477 3345 732 3415 primum
765 3343 1063 3415 religione,
1098 3359 1165 3398 ac
1212 3343 1530 3414 praesertim
1585 3343 1864 3414 apostolis

206 3434 538 3506 primisque
569 3433 784 3489 Christi
836 3431 1170 3503 discipulis,
1220 3437 1361 3502 puta
1408 3436 1523 3492 τοῖς
1573 3431 1864 3493 αὐτόπταις

207 3523 292 3574 καὶ
321 3519 614 3589 αὖτηκόοις
647 3523 743 3573 τοῦ
775 3517 946 3593 λόγου
976 3521 1036 3574 in
1082 3519 1293 3575 calum
1345 3520 1618 3587 sublatis,
1671 3521 1868 3576 omnia

213 3614 429 3667 iuerint
458 3627 722 3666 errorum
754 3627 818 3666 ac
846 3610 1290 3666 contentionum
1327 3609 1522 3681 plena,
1547 3610 1785 3677 nemini,
1808 3610 1865 3664 ni

211 3701 732 3771 fallor,admodum
769 3700 984 3755 mirum
1013 3699 1195 3754 videri
1230 3701 1421 3767 debet,
1457 3701 1730 3772 quisquis
1759 3701 1867 3754 im-

213 3790 414 3862 primis
435 3807 631 3845 secum
654 3788 1008 3860 reputaverit
1029 3805 1204 3859 quam
1225 3789 1345 3844 sint
1376 3788 1637 3844 omnium
1673 3806 1868 3844 rerum

211 3879 541 3950 ingentium
576 3895 640 3933 ac
673 3877 1147 3933 memorabilium
1184 3878 1505 3949 primordia
1527 3893 1772 3949 operosa
1805 3893 1868 3932 ac

213 3967 500 4036 difﬁcilia,
556 3967 769 4022 deinde
817 3972 1050 4039 quanta
1101 3967 1276 4021 molis
1329 3967 1527 4032 fuerit,
1580 3966 1735 4022 inter
1782 3970 1869 4022 tot

213 4075 388 4113 vanas
423 4073 730 4130 perversae
784 4066 836 4111 el
895 4056 1068 4111 falsas
1116 4055 1378 4127 quidem,
1431 4057 1532 4111 scd
1587 4073 1620 4110 a
1668 4055 1869 4111 multis

211 4155 360 4202 retro
380 4146 611 4202 saculis
631 4145 1064 4216 receptissimas
1084 4145 1460 4200 Deastrorum
1496 4145 1866 4216 superstitio-

213 4253 314 4292 nes
333 4242 390 4292 et
420 4238 638 4302 cultus,
675 4251 852 4289 unam
885 4250 1082 4290 veram
1114 4233 1274 4288 illam
1309 4234 1548 4305 quidem
1597 4234 1714 4290 veri
1768 4234 1866 4289 Dei

212 4326 481 4381 notitiam
512 4331 569 4379 et
598 4323 962 4395 religionem,
998 4323 1100 4378 sed
1133 4322 1394 4394 ignotam
1428 4328 1482 4378 et
1514 4323 1864 4390 inauditam,

212 4431 532 4486 omnesque
564 4419 731 4468 notas
763 4413 1076 4484 religiones
1125 4417 1479 4467 evertentem
1530 4413 1626 4483 (ne
1678 4413 1868 4470 dicam

211 4504 292 4559 vel
318 4504 390 4560 ob
412 4503 601 4560 solam
627 4502 816 4558 crucis
838 4518 904 4557 ac
935 4501 1204 4555 Crucifixi
1237 4501 1621 4573 ignominiam
1655 4519 1866 4572 parum

214 4592 552 4648 credibilem
587 4609 652 4647 ac
699 4591 1114 4661 verosimilem)
1167 4591 1414 4646 fundare
1465 4607 1530 4645 ac
1581 4591 1864 4646 stabilire.

217 4683 379 4738 Mitto
402 4683 562 4754 quod
584 4683 714 4753 ejus
751 4680 926 4752 primi
961 4695 1260 4752 pracones
1291 4684 1348 4735 et
1378 4679 1683 4735 architecti
1705 4680 1870 4751 judi-

214 4772 300 4827 cio
332 4770 615 4838 humano,
648 4785 752 4824 nec
778 4769 1058 4839 celebres,
1093 4784 1198 4824 nec
1248 4769 1528 4835 illustres,
1583 4785 1686 4823 nec
1735 4785 1869 4824 vero

214 4865 481 4932 potentes
511 4860 876 4931 sapientesve
909 4857 1150 4924 fuerint,
1194 4859 1295 4912 sed
1346 4857 1580 4912 obscuri
1633 4858 1870 4914 omnino

214 4949 656 5015 homines,viles
686 4953 743 5003 et
773 4947 1128 5018 abjecti,sed
1163 4946 1568 5018 philosophia,
1588 4946 1868 5018 eloquen-

215 5041 333 5106 tia,
361 5039 736 5103 urbanitatis,
761 5029 1260 5106 externarumque
1290 5036 1555 5090 omnium
1608 5053 1672 5090 ac
1719 5052 1870 5090 com-

213 5127 486 5185 munium
519 5127 847 5182 litterarum
881 5124 1049 5197 plane
1082 5123 1256 5179 rudes
1287 5129 1342 5179 et
1373 5124 1629 5196 imperiti
1664 5126 1787 5195 sed,
1808 5129 1874 5180 ut

215 5233 336 5272 uno
366 5217 540 5271 verbo
574 5215 787 5282 dicam,
823 5213 1017 5286 plane,
1049 5217 1114 5267 ut
1145 5213 1341 5283 inquit
1369 5213 1590 5269 Paulus
1643 5232 1872 5286 περικα-

215 5304 464 5378 θάρματα
490 5303 578 5358 καὶ
610 5304 968 5379 περιψήματα
995 5304 1092 5356 τοῦ
1125 5299 1333 5374 κόσμου
1366 5303 1418 5374 (Ι
1450 5302 1571 5358 Cor.
1607 5320 1718 5371 le,
1765 5304 1872 5374 13).

219 5396 424 5468 Neque
455 5395 612 5450 enim
643 5394 862 5450 multos
892 5393 1190 5466 sapientes
1235 5394 1562 5449 secundum
1613 5409 1872 5464 carnem,

222 5501 414 5557 neque
445 5483 663 5542 multos
692 5487 982 5557 potentes,
1017 5498 1206 5555 neque
1257 5482 1474 5541 multos
1505 5483 1753 5557 nobiles,
1772 5484 1873 5541 sed

1983 1738 2255 1793 funderet
2285 1739 2600 1812 sapientes,
2635 1746 2691 1795 et
2719 1740 2956 1795 infirma
2985 1742 3192 1796 mundi
3225 1741 3402 1813 elegit
3457 1742 3634 1813 Deus,

1983 1830 2047 1881 ut
2080 1827 2459 1883 confunderet
2490 1829 2661 1884 fortia
2690 1833 2745 1884 et
2772 1829 2992 1884 nobilia
3024 1832 3254 1900 mundi,
3289 1837 3345 1887 et
3375 1836 3636 1887 contem-

1981 1915 2218 1987 ptibilia
2250 1917 2425 1988 elegit
2456 1918 2696 1985 Deus,et
2727 1935 2794 1974 ea
2825 1937 2949 1991 qua
2983 1937 3096 1975 non
3131 1925 3288 1985 sunt,
3314 1925 3379 1975 ut
3409 1937 3476 1976 ea
3507 1938 3633 1992 qua

1980 2010 2119 2060 sunt
2148 2007 2478 2062 destrueret
2510 2008 2557 2078 (I
2591 2008 2711 2062 Cor.
2746 2025 2787 2078 ι,
2817 2009 2907 2075 26,
2938 2009 3051 2080 28),
3103 2014 3170 2064 ut
3224 2010 3377 2064 idem
3432 2010 3514 2064 ait
3569 2011 3639 2064 ad

1979 2094 2309 2150 Corinthios
2341 2096 2625 2165 scribens,
2652 2101 2709 2152 et
2743 2102 2926 2165 recte;
2951 2097 3234 2169 scriptum
3269 2098 3425 2153 enim
3458 2104 3582 2154 erat
3616 2114 3632 2156 :

1977 2184 2212 2238 Perdam
2236 2186 2570 2256 sapientiam
2597 2189 2956 2257 sapientium,
2988 2192 3042 2242 et
3089 2189 3445 2258 prudentiam
3487 2205 3628 2258 pru-

1976 2271 2222 2327 dentium
2255 2275 2547 2345 reprobabo
2582 2275 2762 2346 (ibid,
2799 2276 2905 2347 19).
2939 2275 3084 2339 Quid
3120 2275 3309 2332 dicam
3353 2276 3625 2331 obstante

1976 2362 2300 2418 saevissima
2322 2364 2743 2434 persecutione,
2760 2364 3166 2436 episcoporum
3189 2370 3510 2420 conventus
3545 2365 3626 2434 (in

1977 2452 2191 2521 quibus
2224 2453 2542 2506 maximum
2590 2454 3095 2522 pracidendarum
3147 2455 3279 2508 fidei
3328 2454 3521 2508 litium
3572 2458 3628 2508 et

1977 2541 2500 2595 controversiarum
2535 2542 2874 2613 prasidium
2905 2542 3162 2612 positum
3215 2558 3450 2612 semper
3499 2542 3625 2611 fuit)

1976 2631 2279 2684 commode
2309 2635 2438 2684 tum
2470 2630 2673 2685 haberi
2709 2647 2824 2686 non
2857 2629 3317 2702 potuisse‘IQuid
3352 2629 3626 2700 denique,

1976 2720 2128 2789 quod
2167 2720 2413 2774 Romani
2440 2720 3014 2791 principes,quorum
3040 2725 3165 2774 tum
3191 2718 3625 2790 amplissimum

1976 2813 2099 2863 erat
2128 2808 2530 2879 imperium,et
2558 2810 2604 2864 si
2640 2810 2738 2880 qui
2773 2814 3049 2880 praterea
3078 2812 3245 2864 erant
3290 2825 3452 2878 reges
3502 2806 3624 2876 alii,

1976 2913 2180 2952 omnes
2198 2914 2334 2952 suas
2353 2898 2504 2952 vires
2521 2914 2585 2952 ac
2603 2898 2933 2952 universam
2951 2897 3274 2969 potentiam
3300 2897 3357 2950 in
3377 2896 3623 2952 exitium

1975 2986 2286 3042 Christiani
2321 2986 2577 3043 nominis
2607 2987 3054 3042 converterent?
3085 2987 3199 3040 Nec
3242 2987 3478 3053 mirum,
3530 3003 3624 3040 ec-

1976 3077 2110 3147 quis
2141 3077 2294 3131 enim
2329 3076 2687 3148 indulgeret,
2721 3081 3072 3147 parceretve,
3107 3080 3163 3129 et
3193 3092 3307 3130 non
3340 3075 3632 3130 exscinde-

1975 3170 2063 3219 ret
2081 3163 2682 3232 ἀθεότητος,ουεστείων
2697 3161 3042 3231 δειπνῶν,καὶ
3062 3160 3167 3216 οἷ’δι
3183 3159 3416 3216 nodatum
3434 3163 3628 3235 μίξεων

1974 3255 2148 3310 reos?
2177 3272 2302 3325 qua
2356 3255 2466 3310 tria
2514 3256 2882 3310 atrocissima
2932 3254 3138 3321 sclera,
3187 3259 3401 3309 nostra
3449 3255 3630 3325 genti,

1974 3344 2689 3416 idtemporis,quanquam
2708 3343 2855 3398 falso
2875 3344 3184 3413 etinjuria,
3220 3342 3632 3413 impingeban-

1976 3442 2088 3489 tur.
2120 3433 2249 3488 Jam
2281 3450 2414 3488 vero
2465 3451 2611 3504 quas
2663 3438 2796 3504 post
2844 3433 3295 3487 Constantinum
3349 3432 3628 3502 Magnum

1977 3522 2248 3587 hareses,
2285 3525 2599 3593 perpetuus
2629 3521 2900 3575 humana
2934 3521 3143 3576 salutis
3176 3521 3385 3587 hostis,
3429 3521 3630 3574 diabo-

1978 3612 2091 3679 lus,
2124 3612 2194 3664 ad
2228 3611 2584 3665 turbandam
2617 3610 2902 3675 Ecclesia,
2928 3611 3055 3680 jam
3088 3615 3215 3665 tum
3248 3610 3320 3664 ab
3370 3608 3628 3665 externis

1978 3699 2146 3755 bellis
2181 3700 2548 3770 respirantis,
2586 3715 2787 3771 pacem
2821 3704 2878 3754 et
2906 3699 3305 3764 concordiam,
3357 3698 3626 3766 immisit,

1979 3806 2185 3844 omnes
2215 3788 2302 3843 vel
2332 3789 2402 3843 ab
2433 3789 3005 3860 imperatoribus,vel
3039 3806 3071 3843 a
3103 3788 3381 3860 pracipui
3404 3787 3631 3860 aliquot

1980 3878 2237 3933 nominis
2291 3878 2603 3949 episcopis,
2657 3883 2884 3933 coortas
2934 3878 3278 3933 defensasve
3342 3878 3630 3948 reperies;

1979 3984 2229 4039 quorum
2263 3967 2528 4038 potentia
2554 3973 2610 4022 et
2640 3973 2888 4024 conatus
2921 3969 3030 4022 etsi
3067 3968 3136 4021 ad
3177 3967 3482 4022 veritatem
3534 3984 3629 4037 op-

1978 4056 2348 4128 primendam
2377 4056 2980 4126 exstinguendamque
3013 4055 3187 4110 fuerit
3239 4054 3529 4109 invalidus
3577 4059 3634 4109 et

1978 4147 2266 4212 inefﬁcax,
2299 4149 2493 4201 tamen
2529 4145 2693 4200 facile
2726 4143 2965 4214 perfecit
2992 4149 3056 4198 ut
3082 4143 3331 4198 decretis
3380 4143 3620 4214 synodi-

1980 4235 2084 4300 cis,
2105 4235 2195 4290 sin
2220 4233 2418 4289 minus
2442 4234 2527 4288 vis
2551 4238 2605 4288 et
2626 4232 2963 4302 auctoritas,
2988 4231 3197 4288 saltem
3214 4233 3376 4303 justa
3400 4247 3464 4286 ac
3488 4232 3633 4303 legi-

1981 4326 2126 4378 tima
2179 4324 2475 4378 exsecutio
2524 4323 2792 4377 defuerit.
2846 4324 3007 4386 Quod
3062 4322 3110 4377 si
3157 4323 3279 4391 jam
3333 4339 3364 4376 a
3420 4326 3631 4376 nostra

1901 4393 1942 4459 C
1982 4413 2346 4484 tempestatis
2407 4411 2828 4468 haresiarchen
2889 4416 2945 4466 te
2992 4412 3190 4468 animo
3256 4411 3632 4482 converteris,

1976 4503 2173 4556 omnia
2196 4502 2456 4558 invenies
2489 4503 2830 4569 fuisse,cum
2865 4500 3188 4572 impietatis
3220 4517 3336 4556 sua
3369 4499 3632 4555 scholam

1977 4590 2995 4663 aperiretLutherus,diversissima.
3020 4590 3266 4646 Summa
3285 4589 3634 4660 eratimpri-

1980 4682 2091 4737 mis
2123 4698 2225 4752 per
2249 4681 2589 4736 universum
2622 4681 2822 4736 orbem
2855 4679 3258 4734 Christianum
3309 4679 3367 4733 in
3415 4679 3634 4733 doctri-

1979 4789 2055 4826 na
2086 4771 2219 4825 lidei
2250 4772 2574 4826 consensio.
2614 4769 2964 4825 Incredibile
3020 4785 3254 4840 quoque
3302 4767 3632 4838 principum

1980 4860 2244 4914 omnium
2277 4867 2330 4914 et
2364 4859 2584 4931 populi,
2619 4860 2689 4915 ad
2720 4859 3068 4915 servandam
3103 4874 3167 4913 ac
3198 4857 3629 4912 defendendam

1981 4949 2197 5004 avitam
2245 4949 2612 5021 religionem,
2665 4965 2843 5021 quam
2918 4947 3171 5018 quisque
3223 4964 3256 5001 a
3306 4945 3636 5016 majoribus

1982 5039 2106 5092 suis
2139 5045 2417 5108 perpetua
2443 5038 2588 5092 serie
2611 5041 2940 5109 acceperat,
2964 5036 3254 5091 studium.
3279 5035 3442 5089 Mitto
3478 5033 3633 5105 quod

1983 5125 2147 5182 nulla
2199 5143 2460 5196 unquam
2522 5126 2701 5193 natio,
2754 5124 3122 5196 antiquitatis
3187 5124 3639 5192 priscorumque

1986 5215 2393 5270 institutorum
2428 5216 2720 5270 amantior
2752 5215 2927 5270 fuerit
2958 5214 3267 5285 quam,ubi
3301 5212 3636 5268 hicSatana

1984 5304 2449 5377 antesignagnus
2483 5304 2740 5376 primum
2774 5304 2935 5359 virus
2980 5320 3156 5360 suum
3209 5298 3638 5370 disseminavit,

1984 5393 2348 5451 Germanica.
2383 5396 2545 5461 Quod
2577 5393 2833 5466 amplius
2865 5396 2973 5462 est,
3006 5393 3184 5464 hujus
3215 5392 3494 5462 dogmata
3525 5389 3636 5447 Leo

1985 5484 2246 5542 decimus
2276 5485 2333 5541 id
2367 5485 2649 5558 temporis
2681 5487 2842 5557 pont.
2878 5499 3031 5540 max.
3064 5498 3181 5539 non
3213 5479 3406 5539 solum
3438 5480 3640 5553 impie-
