3928 6038
140 208 229 263 33
1634 205 2189 263 paomeomsua.
3548 223 3616 279 34

139 335 390 393 ferius.
424 335 627 408 Neque
656 334 811 391 enim
845 338 968 391 tam
1003 332 1341 390 necessariae
1366 337 1506 388 sunt
1538 348 1693 388 novae
1726 331 1846 404 epi-
1878 337 1929 405 Α
1961 333 2079 389 culi
2110 334 2201 390 sui
2232 334 2404 409 longe
2448 338 2855 411 doctissimus,
2888 341 2980 397 cui
3012 343 3092 398 rei
3126 344 3253 415 ejus
3283 346 3436 402 varia
3469 365 3613 421 opu-

141 441 508 497 scoporum
541 424 750 496 synodi
783 429 839 479 et
865 423 1123 493 comitia,
1159 422 1228 477 ad
1263 422 1735 479 constituendam
1772 437 1855 476 re-
1964 422 2130 479 acula
2178 432 2522 493 argumento
2570 446 2697 484 esse
2746 431 2980 487 debent.
3030 434 3217 489 Annis
3266 435 3403 490 inde
3437 436 3618 493 ferme

145 514 493 585 ligionem,
530 530 705 585 quam
743 512 1069 584 priscarum
1104 516 1160 567 et
1190 512 1474 567 hactenus
1516 511 1851 565 habiturum
1964 512 2410 585 quadringentis
2457 515 2831 574 Burchardus
2874 520 3322 579 Wormatiensis
3380 526 3613 597 praesul,

151 603 528 658 observatio
580 602 853 674 diligens,
908 618 1159 673 quarum
1196 617 1499 671 nunquam
1552 599 1741 669 major
1773 596 1854 669 (ni
1965 601 2206 656 Othonis
2239 604 2394 659 tertii
2425 622 2491 660 ac
2526 607 2753 663 llenrici
2789 610 3031 664 secundi
3065 611 3266 667 Bavari
3298 611 3615 683 imperato-

156 692 382 764 fallor)
415 707 596 763 quam
629 708 784 745 nunc
821 690 1124 763 neglectus
1156 696 1644 762 contemptusque
1672 688 1851 760 (quod

157 782 313 837 sine
364 781 528 854 gravi
560 781 759 836 dolore
792 781 984 836 dicere
1018 798 1129 836 non
1167 788 1432 853 possum)
1465 778 1732 844 exstitit;
1765 782 1852 832 at-

157 887 293 943 que
334 872 475 925 hinc
510 872 575 925 tit
618 874 683 925 ut
716 869 921 924 nullibi
974 870 1061 924 vel
1114 868 1499 925 simulacrum
1537 866 1855 937 quodpiam

157 978 484 1034 germanae
516 977 582 1015 ac
624 958 948 1015 vernaculae
998 959 1267 1015 Ecclesiae
1318 960 1617 1030 appareat.
1651 956 1856 1025 Itaque

158 1052 273 1122 qui
316 1066 520 1105 rerum
556 1050 959 1104 humanarum
1011 1048 1463 1118 divinarumque
1496 1045 1669 1117 paulo
1702 1044 1855 1116 peri-

156 1141 359 1196 tiores
391 1144 556 1206 sunt,
598 1139 932 1211 desperato,
967 1137 1388 1210 deploratoque
1440 1134 1853 1205 synodicorum

158 1235 472 1285 conventu
483 1246 583 1285 um
609 1245 755 1301 pene
771 1245 803 1283 a
818 1227 1257 1295 uxilio,omnem
1274 1242 1434 1299 spem
1456 1223 1856 1279 instauranda;

158 1320 645 1391 ordinandaeque
689 1317 965 1373 Ecclesiae
992 1317 1349 1387 jamdudum
1401 1315 1460 1369 in
1504 1313 1714 1369 veteris
1763 1312 1854 1366 di-

163 1409 447 1481 sciplinae
490 1407 899 1464 ecclesiasticis
936 1407 1239 1462 sanctione
1288 1404 1668 1461 collocarunt.
1700 1401 1856 1465 Quos

168 1500 226 1555 si
262 1497 469 1570 opinio
506 1514 622 1552 non
658 1496 807 1552 fallit
835 1497 923 1568 (ut
946 1499 1100 1551 certe
1123 1509 1498 1566 nequaquam
1534 1490 1731 1546 fallere
1754 1507 1854 1562 po-

171 1590 322 1658 test)
377 1586 746 1650 incredibile,
807 1583 1247 1654 religiosissime
1306 1583 1473 1637 Pater
1531 1580 1851 1646 confessor,

170 1683 477 1749 quantum
498 1676 603 1730 tibi
637 1675 866 1745 debeat,
884 1678 1282 1746 perpetuoque
1299 1672 1573 1726 debitura
1602 1668 1697 1737 sit,
1720 1668 1853 1723 uni-

1965 705 2093 743 rum
2130 693 2495 763 temporibus
2524 693 2672 750 hanc
2704 693 2841 764 ὕλην
2863 702 2919 751 et
2952 697 3163 754 molem
3196 716 3483 756 canonum
3514 702 3619 757 Isi-

1965 778 2114 848 dori,
2146 782 2256 835 sub
2280 782 2519 839 idoneos
2550 784 2707 841 locos
2738 788 3025 857 sedesque
3052 789 3319 860 proprias
3352 791 3619 863 singulas

1967 868 2244 924 materias
2277 872 2625 944 convehens,
2652 875 2924 946 ascriptis
2953 877 3127 932 etiam
3160 878 3617 936 orthodoxorum

1966 961 2229 1023 Patrum,
2276 960 2455 1014 veluti
2510 961 2732 1029 Basilii,
2789 963 3207 1035 Cbrysoslomi,
3260 967 3617 1041 Hieronymi,

1966 1046 2302 1117 Augustini,
2333 1050 2650 1119 Ambrosii,
2695 1054 3071 1123 Gregoriique
3104 1055 3348 1110 Romani
3382 1064 3617 1113 senten-

1966 1134 2088 1202 tiis,
2130 1135 2186 1190 in
2229 1138 2619 1195 venustiorem
2674 1148 2727 1195 et
2776 1143 3190 1199 oeconomicum
3241 1145 3489 1201 formam
3515 1148 3619 1218 jus

1965 1240 2137 1279 omne
2167 1226 2536 1296 pontiﬁcium
2588 1232 2943 1300 composuit.
2978 1231 3079 1286 Cui
3114 1232 3221 1287 hoc
3255 1235 3488 1290 nomine
3519 1252 3618 1306 pa-

1966 1330 2087 1368 rem
2122 1314 2319 1386 procul
2354 1316 2530 1371 dubio
2561 1318 2808 1389 gratiam
2834 1321 3009 1375 refert
3030 1321 3319 1376 catholica
3342 1324 3616 1394 Ecclesia,

1965 1404 2484 1474 atqueJustiniano
2504 1411 2765 1478 Augusto
2788 1408 3052 1464 Romana
3074 1411 3423 1482 respublica.
3440 1413 3623 1484 Equi-

1963 1492 2095 1548 dem
2129 1498 2194 1547 ut
2225 1494 2317 1548 hic
2340 1495 2443 1565 jus
2475 1512 2649 1551 omne
2678 1496 2995 1566 Quiritum,
3032 1499 3287 1569 primum
3322 1499 3381 1554 in
3416 1500 3617 1567 libros,

1964 1581 2172 1638 deinde
2202 1582 2259 1636 in
2301 1582 2502 1639 titulos
2548 1590 2605 1639 et
2637 1586 2866 1640 tandem
2901 1586 2958 1640 in
3011 1588 3205 1657 capita
3235 1589 3504 1656 digessit,
3538 1590 3619 1646 ita

1962 1673 2019 1724 et
2048 1669 2143 1724 ille
2184 1671 2441 1727 universi
2483 1673 2639 1743 juris
2673 1674 2958 1744 pontificii
3009 1692 3123 1745 quo
3153 1676 3378 1732 utimur
3407 1684 3615 1748 artem,

169 1783 354 1823 versa
383 1764 721 1821 Christiana
754 1762 1105 1836 respublica,
1140 1768 1285 1833 pu‘a
1322 1760 1493 1831 cujus
1524 1757 1852 1814 hortatione
1886 1730 1931 1794 Β
1959 1758 2404 1815 Justinianaeam
2442 1761 2780 1816 methodum
2827 1779 2998 1831 quam
3024 1730 3298 1835 ‘proxime
3328 1730 3616 1835 imitatus:

166 1860 229 1911 et
274 1854 564 1928 auspiciis
605 1854 928 1926 perfectum
981 1851 1059 1907 sit
1100 1856 1165 1905 ut
1212 1848 1618 1922 amplissimus
1665 1846 1848 1903 eccle-

171 1946 443 2000 siastice
485 1942 808 2015 disciplinae
859 1942 1197 2010 thesaurus,
1243 1940 1368 2011 jam
1401 1935 1849 2009 quadringentis

171 2033 445 2106 amplius
476 2034 649 2088 annis
670 2032 906 2087 abditus
929 2048 993 2086 ac
1017 2029 1303 2102 sepultus,
1340 2044 1497 2082 nunc
1525 2027 1761 2081 demum
1786 2024 1845 2079 in

174 2130 453 2194 tempore
481 2138 657 2193 quam
691 2120 944 2175 maxime
975 2118 1332 2183 necessario,
1364 2116 1643 2172 omnibus
1676 2119 1845 2169 uten-

172 2213 313 2275 dus,
348 2211 657 2279 fruendus,
680 2212 1063 2281 proponatur.
1098 2207 1277 2263 Nemo
1300 2222 1441 2261 sane
1472 2204 1594 2260 sive
1628 2218 1843 2273 prace-

175 2299 621 2365 dentium,sive
653 2298 1029 2369 sequentium
1057 2297 1431 2367 scriptorum,
1464 2294 1585 2347 sive
1618 2292 1843 2347 Graeco-

181 2406 341 2456 rum,
374 2388 496 2443 sive
529 2392 891 2451 nostrorum,
926 2390 1027 2441 aut
1077 2385 1287 2453 fusius,
1323 2387 1425 2437 aut
1471 2381 1842 2447 concinnius,

176 2484 277 2533 aut
320 2476 535 2532 melius
564 2475 940 2548 pertractavit
972 2474 1124 2528 hanc
1156 2472 1504 2527 eruditionis
1538 2469 1847 2539 pontiﬁcis:

171 2566 534 2637 portionem,
579 2581 756 2637 quam
797 2564 965 2620 hodie
996 2563 1369 2618 Decretorum
1405 2560 1578 2631 vulgo
1604 2558 1844 2629 appelli-

178 2660 333 2721 tant,
370 2670 548 2726 quam
586 2654 788 2709 fecerit
816 2656 907 2708 Ivo
936 2656 1155 2717 noster,
1187 2652 1327 2705 dum
1378 2648 1541 2714 vixit,
1578 2646 1843 2701 Ecclesiae

172 2742 557 2799 Carnotensis
579 2742 639 2797 in
665 2741 854 2797 Gallia
877 2741 1321 2807 antistes,cujus
1346 2739 1457 2792 huc
1485 2736 1845 2807 pertinentes

169 2834 637 2899 lucubrationes,
670 2832 959 2887 hactenus
978 2846 1191 2902 magno
1217 2828 1481 2883 Ecclesia:
1509 2826 1661 2881 malo
1688 2826 1846 2895 ignoo

173 2927 354 2988 ratas,
389 2922 569 2977 hodie
612 2921 813 2992 primi,
847 2921 999 2993 quod
1040 2919 1173 2974 felix
1207 2921 1585 2986 faustumque
1619 2915 1714 2980 sit,
1750 2912 1843 2968 di-

178 3011 517 3081 vulgamus.
534 3009 972 3079 Plures,scio,in
992 3008 1099 3063 hac
1112 3007 1442 3062 studiorum
1462 3004 1732 3076 palaestra
1750 3004 1842 3057 de-

1960 1847 2265 1903 duodecim
2321 1848 2511 1920 libris,
2562 1850 2805 1907 temisve
2850 1852 3292 1924 elegantissime
3338 1857 3616 1913 exaravit.

1960 1935 2083 1990 Dixi
2117 1938 2450 2008 duodecim,
2477 1956 2609 1994 nam
2644 1940 2798 2011 quod
2834 1946 3021 1996 exstat
3050 1944 3400 2013 opusculum
3435 1944 3616 2015 hujus

1959 2026 2218 2091 nomine,
2252 2028 2396 2082 nihil
2432 2035 2523 2084 est
2552 2045 2722 2099 quam
2753 2032 3009 2086 auctoris
3041 2047 3211 2103 quem
3238 2036 3615 2105 praetertepi-

1958 2120 2133 2185 tome,
2169 2131 2293 2187 quae
2334 2133 2675 2189 quanquam
2728 2136 2973 2175 numero
3007 2119 3344 2177 libellorum
3378 2128 3615 2194 superet

1956 2204 2359 2276 archetypum,
2409 2206 2499 2261 sui
2533 2212 2727 2262 tamen
2778 2208 3155 2279 amplitudine
3203 2228 3269 2265 ac
3319 2211 3471 2267 mole
3520 2213 3612 2268 vix

1956 2297 2175 2348 sextam
2212 2293 2372 2349 illius
2415 2296 2739 2367 portionem
2774 2297 3030 2369 attingit.
3061 2300 3426 2371 Quapropter
3455 2302 3609 2357 idem

1955 2380 2291 2436 Burchardo
2317 2384 2467 2453 quod
2502 2389 2559 2439 et
2592 2387 2746 2439 Ivoni
2788 2403 2895 2440 usu
2926 2387 3103 2452 venit,
3137 2388 3431 2458 siquidem
3465 2391 3609 2444 utri-

1959 2485 2144 2539 usque
2175 2472 2523 2540 compendia
2554 2488 2657 2541 pro
2708 2473 2915 2542 primis
2965 2476 3351 2545 scriptoribus
3383 2480 3605 2547 passim

1956 2556 2250 2612 habentur
2280 2564 2334 2613 et
2366 2559 2832 2630 frequentantur,
2856 2562 3071 2632 quippe
3094 2563 3608 2636 Burchardusipse

1957 2647 2179 2702 nullius
2210 2649 2552 2719 typograpbi
2586 2649 2909 2705 litterarum
2945 2651 3149 2705 formis
3180 2653 3466 2709 subactus
3497 2660 3606 2723 est,

1955 2753 2129 2808 quem
2182 2738 2356 2792 etiam
2408 2738 2740 2808 propediem
2792 2740 2962 2794 edere
3010 2741 3397 2810 decrevimus,
3434 2744 3606 2797 modo

1955 2826 2261 2897 praesentis
2296 2826 2351 2880 in
2402 2826 2571 2881 lvone
2619 2828 2962 2883 Carnotensi
3014 2830 3358 2901 castigando
3390 2830 3607 2887 laboris

1954 2914 2172 2986 aliqua,
2207 2931 2383 2985 penes
2413 2915 2594 2986 hujus
2627 2916 2880 2971 scientize
2913 2917 3376 2974 cultores'fuerit
3428 2920 3615 2989 gratia

1953 3004 2228 3074 reposita,
2263 3021 2333 3058 ne
2365 3006 2519 3074 quod
2567 3004 2721 3061 desit
2767 3010 2978 3077 spartae
3030 3010 3206 3077 quam
3238 3012 3448 3065 nactus
3478 3026 3611 3065 sum

184 3098 894 3171 certarunt-atquigloriae
909 3098 1164 3169 palmam
1184 3094 1613 3161 meruerint,de
1628 3091 1845 3147 nostris
1882 3102 1924 3168 ρ
1967 3093 2109 3147 forte
2139 3099 2578 3148 ornamentum.

186 3187 421 3259 loquor,
444 3186 590 3242 citra
611 3202 845 3242 omnem
869 3184 1353 3249 controversiam,
1383 3185 1623 3248 etsunt,
1658 3185 1713 3235 et
1726 3196 1849 3237 cre-

189 3278 415 3331 duntur
433 3276 490 3331 bi
510 3280 779 3347 quatuor,
798 3276 1058 3340 Isidorus
1082 3269 1851 3344 Hispalensis,Burchardus

182 3366 303 3436 (qui
330 3364 499 3419 Italis
523 3368 579 3419 et
591 3363 773 3419 Gallis
788 3379 900 3418 non
926 3367 1080 3417 recte
1096 3366 1185 3417 est
1204 3360 1529 3416 Brocardus
1551 3360 1848 3428 (Worma-

186 3454 416 3521 tiensis,
453 3454 547 3507 Ivo
580 3452 977 3515 Carnotensis,
1000 3457 1056 3505 et
1083 3450 1421 3515 Gratianus,
1446 3464 1697 3518 quorum
1733 3450 1849 3501 tres

186 3543 407 3613 priores
441 3560 476 3597 a
499 3541 833 3597 civitatibus
864 3540 1082 3612 quibus
1106 3544 1394 3610 praeerant
1424 3538 1683 3607 episcoi-i
1719 3551 1847 3606 cog-

189 3633 428 3687 nomina
457 3631 642 3687 sortiti
677 3634 857 3697 sunt;
892 3634 950 3685 at
980 3634 1276 3684 extremus
1298 3631 1455 3681 caret
1474 3624 1843 3697 cognomine.

258 3758 521 3812 Isidorus
552 3761 748 3810 autem
782 3753 1064 3825 epistolas
1095 3752 1409 3807 canonicas
1444 3750 1841 3805 Romanorum

192 3846 559 3916 pontificum,
594 3843 1103 3913 conciiiorumque
1126 3846 1255 3897 acta
1284 3847 1340 3895 et
1370 3856 1644 3907 canones,
1679 3839 1845 3893 initio

193 3935 259 3990 ab
289 3933 704 4008 Apostolorum
740 3930 1266 3989 constitutionibus
1300 3932 1471 3995 facto,
1507 3928 1845 3983 Latinorum

193 4026 450 4079 omnium
484 4025 733 4095 primus,
770 4021 1220 4087 consarcinavit,
1256 4025 1309 4075 et
1357 4018 1533 4073 veluti
1570 4018 1627 4072 in
1662 4032 1845 4073 unum

193 4130 395 4185 corpus
414 4112 865 4182 universumjus
897 4110 1262 4182 pontiﬁcium
1286 4108 1595 4180 compegit,
1618 4106 1844 4161 nullum

194 4205 248 4259 in
278 4204 547 4271 texendo,
599 4201 1032 4274 digerendoque
1084 4198 1347 4254 ordinem
1397 4201 1635 4253 secutus
1668 4212 1845 4267 quam

194 4298 544 4363 temporum,
580 4307 895 4361 rerumque
923 4294 1246 4362 gestarum,
1272 4294 1333 4342 ut
1365 4286 1487 4357 ipse
1511 4287 1580 4341 de
1603 4302 1664 4340 se
1688 4284 1845 4340 locu-

197 4378 1209 4451 pletissimusesttestis,quanquam
1236 4376 1531 4431 interdum
1557 4372 1732 4429 veluti
1752 4374 1844 4428 sui

2033 3216 2134 3271 Hic
2167 3216 2345 3288 igitur
2368 3217 2593 3289 primus
2616 3220 2917 3289 totumjus
2950 3220 3317 3292 pontiﬁcium
3348 3223 3404 3279 in
3426 3228 3609 3281 artem

1961 3304 2302 3376 redegit,cui
2327 3310 2741 3377 argumentum
2762 3312 2815 3363 et
2832 3310 3137 3365 materiam
3160 3314 3609 3382 commentandi,

1961 3394 2167 3449 Isidori
2199 3396 2369 3450 credo
2405 3397 2811 3467 promptuaria
2860 3399 3411 3469 suppeditaverunt;
3448 3402 3609 3457 ordi-

1960 3498 2089 3537 nem
2124 3500 2254 3537 vero
2304 3485 2573 3538 tradendi
2625 3486 2744 3539 sive
2794 3489 3201 3557 oeconomiam,
3248 3506 3448 3544 eorum
3482 3507 3609 3561 quas

1957 3571 2109 3642 apud
2145 3572 2431 3627 Isidorum
2452 3572 3031 3642 rudia,indigesta,ac
3055 3578 3610 3651 confusajacebant,

1953 3659 2079 3730 ipse
2111 3662 2178 3715 de
2221 3678 2326 3715 suo
2359 3662 2624 3731 contulit,
2660 3668 2715 3717 et
2768 3664 2998 3733 adjecit,
3031 3665 3247 3736 quippe
3280 3667 3379 3737 qui
3410 3670 3608 3723 omnia

1955 3749 2128 3804 certis
2162 3749 2449 3806 classibus
2481 3767 2545 3805 ac
2576 3750 2720 3805 locis
2756 3751 3089 3806 distinxerit
3119 3770 3183 3808 ac
3230 3756 3606 3827 separaverit.

1955 3838 2112 3899 Quod
2150 3839 2386 3908 quidem
2436 3841 2676 3911 perfecit
2727 3846 2845 3896 tam
2882 3841 3125 3899 feliciter
3169 3848 3230 3898 ut
3263 3862 3376 3900 non
3407 3847 3608 3901 existi-

1958 3943 2107 3981 mem
2132 3945 2491 3999 quemquam
2516 3932 2875 3986 cooriturum
2902 3933 3105 3999 fuisse,
3129 3934 3229 4004 qui
3253 3935 3406 3990 idem
3433 3952 3608 4005 argu-

1957 4020 2221 4071 mentum
2248 4022 2547 4083 retexeret,
2586 4019 2698 4074 nisi
2731 4020 2983 4076 hmreses
3016 4024 3394 4091 postmodum
3428 4030 3610 4077 enata:

1956 4104 2215 4177 aliquam
2242 4107 2634 4162 accessionem
2656 4109 2847 4178 operis
2866 4109 2981 4163 lieri
3010 4110 3611 4182 postulassent,quam

1957 4195 2132 4250 etiam
2167 4194 2351 4249 solam
2386 4212 2625 4250 causam
2680 4196 2862 4251 fuisse
2907 4197 3180 4264 arbitror,
3212 4216 3343 4272 qua:
3376 4201 3611 4258 Ivonem

1958 4289 2228 4339 nostrum
2261 4285 2331 4339 ad
2376 4300 2584 4339 novam
2635 4286 2935 4341 Canonum
2967 4288 3300 4359 rapsodiam
3332 4290 3608 4347 incitarit.

1957 4372 2252 4443 Siquidem
2291 4374 2480 4428 medio
2511 4378 2772 4445 tempore
2820 4392 2954 4431 cum
3007 4380 3392 4450 Berengarius
3418 4379 3611 4436 Eccle-

197 4470 427 4534 oblitus,
456 4486 573 4523 non
608 4477 725 4523 tam
758 4468 831 4523 ad
864 4467 1019 4522 diem
1041 4474 1097 4522 et
1127 4464 1431 4523 consulem
1465 4482 1642 4535 quam
1662 4463 1730 4517 ad
1758 4478 1843 4518 re-
1877 4470 1923 4534 1)
1961 4462 2185 4516 siarum
2215 4462 2476 4517 omnium
2511 4480 2732 4535 pacem,
2767 4466 2931 4521 novis
2978 4468 3331 4537 quibusdam
3363 4474 3419 4525 et
3450 4485 3611 4541 pere-

200 4559 391 4629 giones
422 4562 479 4612 et
525 4558 651 4612 loca
705 4558 763 4611 in
818 4556 1035 4628 quibus
1088 4556 1283 4611 Patres
1330 4553 1628 4619 coiissent,
1667 4552 1853 4607 instar

200 4647 438 4719 Appiani
456 4646 836 4701 Alexandrini
861 4646 1075 4701 Rerum
1100 4645 1493 4700 Romanorum
1522 4641 1851 4711 scriptoris,

200 4736 378 4806 Operis
409 4736 466 4789 in
510 4752 827 4807 progressu
877 4735 1216 4806 respexerit.
1252 4733 1415 4788 Hunc
1450 4733 1627 4803 igitur
1658 4730 1847 4785 Histo-

119 4810 127 4825 “
201 4824 335 4878 riam
357 4825 515 4895 juris
539 4823 821 4895 pontificii
848 4822 1275 4894 conscripsisse
1306 4821 1513 4876 merito
1548 4818 1844 4890 quispiam

199 4912 415 4982 dixerit,
448 4930 628 4985 quam
663 4914 844 4968 etiam
876 4912 946 4967 ad
982 4930 1091 4967 sua
1123 4928 1311 4981 usque
1344 4915 1605 4980 tempora
1640 4924 1850 4979 nempe

197 5002 260 5057 ad
276 5001 589 5057 Honorium
613 5019 827 5075 papam
846 5002 973 5073 ejus
998 5000 1256 5057 nominis
1275 4998 1527 5071 primum
1552 4995 1849 5070 perduxit,

202 5096 255 5145 ut
285 5092 539 5162 potuerit
568 5093 638 5147 ad
674 5098 901 5148 sextam
925 5092 1214 5164 synodum
1248 5086 1692 5153 oeeumenicam,
1722 5102 1849 5156 quas

198 5180 467 5235 adversus
496 5181 910 5236 Monotbelitas
959 5180 1167 5236 habita
1198 5183 1286 5235 est
1316 5172 1847 5246 Constantinopoli,

216 5286 249 5324 n
279 5268 477 5324 Trullo
509 5270 730 5341 palatio
756 5268 1020 5340 Caesaris,
1045 5268 1321 5341 spiritum
1348 5267 1594 5337 ducere;
1633 5268 1689 5319 et
1719 5280 1849 5334 pro-

199 5357 322 5413 inde
352 5358 539 5430 liquet
568 5375 702 5414 eum
733 5358 895 5424 hinc,
917 5357 1054 5413 licet
1076 5356 1294 5412 laboris
1318 5371 1385 5409 ac
1403 5353 1719 5426 diligentiae
1744 5352 1847 5408 ali-

202 5463 365 5519 quam
400 5445 637 5503 laudem
669 5448 897 5516 tulerit,
922 5446 1143 5503 nullam
1178 5449 1373 5501 tamen
1405 5443 1623 5515 ingenii
1655 5443 1848 5498 erudi-

203 5534 437 5595 tionisve
467 5535 684 5594 habere
714 5553 908 5610 posse,
930 5550 1268 5608 quanquam
1298 5531 1518 5605 alioqui
1544 5532 1718 5588 fuerit
1740 5548 1848 5589 sae-

1963 4551 2147 4622 grinis
2180 4551 2523 4621 opinionum
2557 4556 2908 4610 commentis
2958 4557 3273 4626 turbasset,
3309 4558 3518 4614 accidit
3550 4563 3615 4613 ut

1961 4641 2327 4694 decretorum
2376 4640 2696 4696 Burchardi
2732 4661 2901 4716 Opus,
2935 4662 3206 4701 mancum
3239 4664 3305 4702 ac
3339 4647 3614 4702 mutilum

1958 4730 2275 4793 videretur,
2312 4730 2502 4800 quoad
2553 4733 2879 4802 priscorum
2913 4733 3333 4790 catholicorum
3366 4736 3614 4809 scripto-

1961 4836 2091 4873 rum
2142 4819 2498 4887 testimonia,
2559 4826 2902 4878 novatorum
2962 4825 3271 4894 paradoxis
3322 4826 3615 4898 opposita,

1961 4908 2286 4962 commodis
2310 4906 2893 4967 locisinsererentur.
2921 4916 3116 4984 Neque
3151 4917 3234 4983 (ut
3266 4914 3515 4987 ingenue
3539 4916 3617 4971 fa-

1960 4996 2105 5063 tear)
2136 4995 2301 5050 video
2352 4997 2490 5067 quid
2543 5002 2675 5069 post
2724 4999 3126 5057 Burchardum
3177 5003 3272 5059 Ivo
3302 5005 3615 5077 pontiﬁcis.-

1962 5083 2219 5140 scientiae
2251 5084 2590 5155 praestiterit
2622 5092 2899 5157 praaterea
2924 5107 2937 5158 ;
2967 5093 3273 5166 caeteroqui
3297 5094 3453 5149 enim
3488 5110 3615 5149 om-

1962 5173 2060 5228 nia
2089 5174 2157 5242 (si
2194 5174 2341 5229 banc
2373 5175 2715 5247 dogmatum
2746 5182 3127 5251 appendicem
3154 5184 3470 5256 excepe'is)
3492 5181 3619 5237 toti-

1963 5263 2095 5317 dem
2129 5263 2346 5330 verbis,
2376 5280 2445 5318 ne
2478 5266 2682 5321 ordine
2727 5270 2964 5339 quidem
2998 5274 3265 5329 tradendi
3298 5272 3617 5328 admodum

1963 5352 2218 5420 diverso,
2253 5370 2429 5424 penes
2464 5354 2863 5412 Burchardum
2901 5363 3178 5433 reperias.
3199 5363 3343 5418 Nam
3368 5378 3494 5431 qua:
3519 5375 3616 5432 pe-

1962 5440 2212 5497 nultimo
2245 5441 2414 5511 libro,
2441 5445 2538 5514 qui
2571 5445 2641 5500 de
2664 5444 2942 5503 laicorum
2968 5451 3161 5506 causis
3193 5452 3310 5506 sive
3341 5454 3614 5525 negotiis,

1961 5532 2031 5590 ad
2049 5530 2363 5589 Ecclesiam
2390 5536 2587 5592 tamen
2611 5536 3041 5607 pertinentibus
3058 5539 3616 5613 inscribitur,multa
