3916 6034
276 218 347 273 35
1390 222 1454 271 D.
1496 218 1618 272 IVO
1654 216 2159 272 CARNOTENSIS
2196 217 2599 272 EPISCOPUS.
3634 217 3725 272 36

276 357 418 399 sane
448 342 615 399 affert
646 342 740 400 lvo
760 358 791 399 e
814 343 951 414 jure
983 343 1244 399 Romano
1276 340 1632 407 testimonia,
1655 339 1836 412 idque
1856 357 1923 397 ex
1954 342 2003 408 Α
2037 339 2350 396 Gratianus
2382 340 2639 412 profecto
2663 340 2869 412 purius
2904 339 3315 414 meraciusque
3337 340 3731 401 bibissemus

276 432 552 488 omnibus
581 433 818 489 omnino
860 433 1044 489 totius
1072 433 1232 489 Juris
1278 430 1465 487 civilis
1498 429 1686 498 libris,
1716 434 1833 485 tam
1866 446 1935 485 ex

277 521 585 578 Pandectis
635 538 813 594 quam
866 521 1090 592 Codice,
1141 525 1262 576 tam
1311 536 1380 575 ex
1429 519 1935 587 Institutionibus,

278 616 456 681 quam
474 610 725 666 Novellis
741 610 1060 667 Iustiniani
1080 608 1364 682 principis
1385 608 1939 679 constitutionibus,

279 700 554 771 (quorum
599 700 658 754 in
692 699 1027 755 Burchardo
1077 697 1240 753 nulla
1290 697 1577 753 memoria
1606 698 1815 768 exstat)
1846 696 1938 753 vel

279 789 353 844 ob
381 788 440 844 id
458 789 530 844 ab
558 805 622 845 eo
642 789 841 845 omnia
864 788 1086 844 omissa
1107 791 1267 858 sunt,
1294 788 1450 859 quod
1474 803 1683 859 parum
1708 787 1778 842 ad
1799 803 1940 858 prae-

279 893 416 934 sens
430 878 772 934 institutum
789 878 1079 949 pertinere
1092 878 1197 948 (uti
1212 893 1345 933 vere
1362 893 1476 933 non
1493 876 1783 948 pertinent
1787 876 1811 947 j
1820 875 1943 932 udi-

285 969 553 1039 caret,ve1
568 968 721 1039 quod
738 974 875 1025 tunc
893 968 1607 1041 majoressetususlegum
1634 967 1945 1025 CaroliMa-

285 1060 588 1131 gni,quam
607 1057 1105 1115 Romanorumvel
1124 1059 1277 1131 quod
1307 1075 1422 1114 non
1440 1058 1717 1114 modo‘vis
1736 1062 1792 1114 et
1804 1074 1942 1113 auc-

283 1146 510 1215 toritas,
524 1162 726 1202 verum
751 1146 927 1202 etiam
944 1146 1077 1202 libri
1100 1147 1383 1218 omnesju
1395 1147 1473 1202 ris
1488 1145 1821 1214 Romani,in
1837 1146 1943 1201 Oc-

282 1236 597 1303 cidente,id
612 1236 1589 1308 temporis,intercidissent,utique
1601 1235 1780 1306 hujus
1796 1234 1945 1306 juris

283 1325 660 1380 Burchardus
688 1342 759 1381 ne
780 1326 1031 1381 neminit
1047 1325 1431 1397 quidem,nisi
1455 1325 1610 1396 quod
1635 1324 1815 1380 semel
1840 1314 1943 1380 ite-

280 1430 487 1469 rumve
517 1414 746 1470 Codicis
768 1415 1160 1471 Theodosiani
1182 1415 1588 1471 testimonium
1614 1412 1944 1483 protulerit.

280 1503 385 1558 Cui
414 1504 765 1574 conjecturae
816 1505 1041 1560 accedit
1091 1505 1305 1571 ethoc,
1362 1504 1512 1575 quod
1552 1502 1863 1559 Lotharius
1898 1503 1946 1559 Il

283 1592 493 1664 Ctesar,
527 1609 700 1664 quem
733 1593 929 1649 ferunt
956 1593 1115 1666 leges
1145 1611 1210 1649 ac
1243 1594 1513 1649 instituta
1543 1593 1946 1649 Romanorum

285 1697 466 1753 prope
509 1682 581 1737 ab
631 1682 836 1737 inferis
880 1683 1183 1753 excivisse,
1238 1682 1414 1737 fuerit
1456 1682 1682 1753 aliquot
1712 1680 1945 1737 saeculis

284 1770 621 1826 Burchardo
652 1770 959 1843 posterior.
994 1774 1180 1827 Causa
1201 1770 1381 1843 igitur
1414 1768 1812 1843 locupletioris
1846 1786 1941 1825 ea-

284 1875 506 1915 nonum
539 1860 995 1932 compilationis,
1029 1864 1094 1916 ut
1123 1864 1354 1931 vocant,
1387 1876 1565 1933 quam
1598 1863 1693 1915 Ivo
1725 1860 1942 1915 Carno-

280 1948 465 2003 tensis
483 1948 653 2004 beato
670 1949 966 2005 Bernardo
989 1947 1310 2022 σύγχρονος,
1327 1953 1460 2004 ante
1478 1965 1664 2004 annos
1688 1948 1943 2019 amplius

281 2037 764 2109 quadringentos,
782 2039 924 2093 dum
948 2039 1375 2110 conjurationis
1400 2037 1794 2107 Berengaricae
1817 2036 1945 2092 reli-

280 2125 451 2197 quias
483 2132 952 2198 persequeretur,
985 2128 1200 2197 emisit,
1233 2129 1353 2183 haec
1382 2128 1513 2197 fuit,
1538 2143 1716 2198 quam
1748 2125 1942 2198 attigi-

285 2231 457 2282 mus;
494 2215 775 2272 nimirum
816 2222 882 2272 ut
931 2216 1340 2273 haereticorum
1396 2233 1551 2272 novae
1586 2214 1810 2271 nebulae
1843 2231 1945 2286 per

286 2303 562 2360 Ecclesiae
606 2304 788 2361 solem
823 2306 1105 2361 discussae
1139 2307 1339 2378 procul
1382 2307 1758 2373 facesserent,
1790 2305 1945 2360 unde

288 2392 581 2449 acciditut
606 2394 663 2449 in
682 2394 835 2450 hanc
853 2411 1028 2466 quam
1052 2412 1209 2450 nunc
1230 2410 1465 2450 cernere
1487 2398 1575 2450 est
1590 2393 1941 2460 vastitatem,

288 2482 657 2537 decretorum
684 2499 785 2538 arx
804 2484 1042 2539 tandem
1064 2484 1401 2539 surrexerit.
1426 2483 1617 2539 Vincit
1633 2483 1790 2539 enim
1810 2482 1945 2538 libri

287 2571 697 2643 magnitudine
724 2589 926 2628 omnes
947 2572 1197 2629 aliorum
1219 2574 1545 2645 rapsodias,
1570 2577 1623 2628 et
1646 2564 1942 2640 centones,

288 2677 403 2716 non
436 2660 760 2717 Burchardi
806 2666 1062 2728 tantum,
1109 2679 1314 2718 verum
1365 2663 1544 2718 etiam
1577 2662 1855 2727 Gratiani,
1889 2665 1947 2718 et

288 2750 337 2803 si
374 2750 475 2819 qui
509 2754 648 2804 sunt
678 2754 955 2820 praeterea
973 2752 1340 2807 decretorum
1365 2752 1806 2806 concinnatores
1825 2750 1942 2820 alii;

292 2838 449 2908 quod
481 2854 550 2893 ex
583 2855 728 2909 pura
759 2842 920 2909 puta,
956 2841 1233 2911 nudaque
1263 2840 1525 2895 omnium
1561 2840 1943 2911 inspectione,

290 2926 570 2981 detractis
602 2926 1028 2998 glossematum
1080 2928 1305 2984 exuviis
1356 2928 1605 3000 perspici
1638 2930 1849 2999 poterit
1875 2928 1944 2984 li-

290 3015 660 3085 quidissima.
692 3017 852 3081 Quod
895 3032 1030 3072 vero
1061 3017 1130 3072 ad
1165 3017 1509 3073 methodum
1544 3018 1815 3090 pertinet,
1848 3035 1943 3074 ea-

2046 446 2272 501 omnes,
2305 437 2405 485 aut
2438 431 2485 485 si
2518 429 2760 485 omnino
2784 429 2981 486 aditus
3007 431 3243 502 patebat
3272 432 3342 487 ad
3376 432 3727 489 Burchardi

2046 518 2307 574 Ivonisve
2355 518 2802 590 limpidissimos
2853 535 3146 575 canonum
3197 521 3432 586 ﬂuvios,
3482 521 3723 578 mirum

2048 608 2202 679 quod
2251 607 2596 678 hujusmodi
2648 613 2819 679 potus
2867 608 3067 664 avidos
3119 625 3185 664 ac
3235 608 3594 679 sitibundos,
3645 617 3725 667 eo

2049 714 2164 753 non
2199 696 2551 769 perduxerit,
2584 697 2739 753 unde
2767 697 2945 753 etiam
2977 697 3104 769 ipse
3134 698 3361 755 biberet
3389 698 3563 772 longe
3594 717 3723 772 pu-

2049 789 2174 844 rius
2204 792 2261 843 et
2292 787 2553 843 suavius.
2586 786 2766 843 Plane
2799 788 2853 843 id
2905 788 3184 843 credibile
3214 804 3592 860 nequaquam
3619 792 3729 846 est

2051 877 2394 933 Gratianum
2451 893 2517 932 eo
2574 876 2853 932 vecordiae
2911 894 3173 949 unquam
3220 878 3585 949 processisse
3652 881 3728 933 ut

2051 966 2401 1022 existimarit
2444 982 2690 1021 suorum
2742 971 3057 1021 centenum
3107 970 3164 1021 et
3212 965 3568 1039 farragivum
3604 966 3726 1023 ali-

2053 1056 2206 1128 quod
2240 1071 2426 1127 operee
2476 1055 2728 1127 pretium
2780 1056 3068 1123 futurum,
3120 1056 3313 1127 quoad
3367 1056 3729 1113 alterutrius

2052 1145 2263 1200 borum
2313 1144 2655 1211 Burchardi,
2708 1144 2973 1215 inquam,
3023 1149 3128 1199 aut
3176 1144 3370 1200 Ivonis
3410 1144 3731 1202 volumina

2054 1237 2449 1305 superessent.
2484 1234 2603 1288 Etsi
2635 1233 2817 1289 altera
2844 1237 3120 1306 praeterea
3147 1234 3421 1290 Gratiano
3452 1236 3731 1306 exceptio

2055 1323 2351 1395 competit,
2402 1339 2527 1394 quae
2559 1322 2717 1378 omni
2755 1322 3165 1379 criminatione
3212 1338 3347 1379 eum
3380 1323 3545 1380 facile
3574 1323 3733 1381 libe-

2056 1412 2288 1468 raverit.
2323 1411 2410 1467 Illi
2434 1412 2590 1467 enim
2614 1411 3120 1483 simplicissimam
3146 1428 3394 1483 eamque
3425 1412 3730 1485 optimam

2057 1500 2319 1557 discendi
2360 1501 2725 1572 docendique
2747 1500 2903 1572 juris
2934 1501 3218 1572 pontificii
3248 1502 3403 1557 viam
3435 1518 3501 1557 ac
3534 1502 3730 1559 ratio-

2059 1607 2192 1646 nem
2254 1589 2558 1659 callentes,
2608 1590 2719 1645 sub
2768 1590 3182 1647 convenientes
3232 1590 3466 1663 singula
3510 1590 3731 1648 titulos

1976 1716 2022 1783 Β
2059 1680 2366 1751 sedesque,
2413 1682 2854 1751 comportarant
2886 1695 2900 1736 :
2933 1679 3081 1734 nihil
3126 1680 3197 1735 de
3249 1696 3356 1736 suo
3389 1680 3730 1737 narrationi

2054 1768 2484 1840 interjiciendo,
2553 1767 2701 1824 nihil
2762 1770 2901 1824 item
2962 1768 3445 1825 altercationibus
3515 1769 3729 1824 indul-

2052 1859 2257 1929 gendo.
2294 1860 2360 1913 At
2392 1875 2524 1914 mox
2573 1858 2897 1913 recentiore
2938 1858 3237 1913 academia
3275 1858 3726 1930 (disputatrice,

2052 1946 2154 2002 illa
2179 1946 2480 2017 nimirum)
2513 1946 2867 2013 instaurata,
2900 1945 3213 2017 pulchrum
3255 1946 3369 2003 sibi
3401 1947 3731 2004 Gratianus

2054 2035 2242 2103 duxit,
2278 2034 2327 2090 si
2359 2051 2484 2089 eam
2517 2034 2577 2088 in
2610 2050 2903 2089 canonum
2953 2038 3361 2091 sacrosanctae
3391 2036 3729 2107 possessio-

2054 2140 2157 2179 nes
2186 2124 2427 2179 inferret
2461 2122 2704 2194 primus,
2740 2139 2805 2179 ac
2853 2122 3099 2195 proinde
3144 2122 3419 2180 videmus
3447 2141 3565 2180 non
3601 2124 3719 2182 hoc

2053 2212 2103 2268 ei
2143 2214 2338 2267 studio
2372 2212 2554 2267 fuisse
2586 2212 2644 2267 in
2691 2213 3061 2281 tractatione,
3113 2217 3177 2267 ut
3227 2213 3570 2271 methodum
3605 2214 3719 2269 ali-

2054 2318 2229 2373 quam
2280 2306 2622 2370 sectaretur,
2673 2302 2793 2357 sive
2844 2305 2908 2357 ut
2955 2305 3139 2357 artem
3190 2301 3529 2374 quempiam
3555 2303 3720 2373 juris

2054 2389 2337 2462 pontiﬁcii
2381 2390 2565 2455 daret,
2611 2390 2736 2461 (qui
2786 2390 2975 2446 fuerat
3010 2390 3270 2462 priorum
3325 2395 3717 2448 tractatorum

2056 2480 2318 2535 omnium
2354 2480 2564 2536 unicus
2608 2479 2844 2552 scopus)
2879 2478 3021 2551 quin
3053 2483 3212 2536 totus
3257 2479 3316 2535 in
3349 2496 3415 2536 eo
3446 2486 3721 2537 versatur

2054 2573 2119 2625 ut
2146 2568 2635 2625 oonstitutionum
2656 2567 3187 2625 ecclesiasticarum
3212 2568 3716 2637 diversitatem,ac

2053 2658 2438 2715 antinomiam
2453 2658 2655 2731 (quam
2672 2662 2863 2730 potest
2876 2657 3717 2731 commodissime)componat

2054 2765 2119 2804 ac
2150 2748 2436 2804 conciliet.
2468 2749 2672 2819 Itaque
2702 2764 2817 2803 non
2849 2752 2970 2803 tam
3023 2746 3365 2803 selectorem
3399 2747 3520 2803 sive
3548 2763 3712 2803 com-

2055 2837 2385 2909 pilatorem,
2415 2840 2507 2904 (ut
2536 2836 2724 2907 aiunt)
2749 2852 3065 2904 canonum,
3101 2836 3319 2906 ubique
3360 2836 3500 2908 agit,
3533 2851 3711 2906 quam

2052 2927 2501 2998 disceptatorem
2532 2929 2588 2980 et
2630 2924 3015 2997 cognitorem,
3052 2940 3151 2980 seu
3182 2925 3465 2995 judicem,
3499 2924 3707 2997 utique

2052 3016 2177 3072 sine
2209 3014 2472 3086 exemplo
2513 3014 2685 3070 etiam
2732 3014 2811 3082 id,
2844 3015 3001 3086 quod
3051 3013 3471 3070 vestutioribus
3502 3014 3708 3088 religio

283 3108 417 3160 dem
450 3104 621 3177 plane
652 3104 746 3160 hic
774 3111 864 3161 est
892 3123 1020 3177 quae
1044 3107 1102 3161 in
1134 3107 1493 3173 Burchardo,
1524 3086 1637 3178 quo
1666 3124 1736 3164 ne
1767 3108 1939 3179 proli-
1970 3086 2012 3154 (ἶ
2050 3110 2192 3172 erat,
2228 3122 2515 3160 canonum
2534 3105 3123 3176 texturam,pr0priis
3141 3105 3449 3161 sententiis
3478 3086 3708 3179 interje-

280 3194 408 3248 xior
437 3193 670 3264 quidem
695 3194 1101 3265 copiosiorque
1122 3194 1201 3249 sit
1224 3194 1479 3261 futurus,
1501 3195 1669 3250 modo
1693 3195 1937 3266 dogma-

280 3287 408 3337 tum
440 3281 814 3339 corollarium
846 3283 1157 3339 ademeris.

348 3408 635 3464 Caeterum
670 3425 803 3463 cum
849 3407 1136 3463 librorum
1188 3406 1517 3480 prolixitate
1550 3424 1614 3463 ac
1646 3408 1939 3480 magnitu-

278 3495 433 3561 dine,
471 3512 584 3551 non
618 3512 820 3551 omnes
869 3497 1105 3568 perinde
1146 3499 1229 3565 (ut
1260 3497 1344 3568 fit)
1392 3498 1786 3564 afficerentur,
1821 3502 1934 3551 non

278 3584 463 3639 defuit
494 3584 595 3656 qui
630 3584 688 3639 in
724 3583 1028 3642 arcliorem
1059 3585 1370 3643 formulam
1405 3586 1935 3659 protinus‘univer-

278 3688 413 3727 sum
445 3678 741 3728 auctorem
788 3673 1177 3744 contraheret,
1212 3692 1326 3746 quo
1360 3675 1768 3747 compendiolo
1800 3692 1936 3731 cum

279 3760 530 3817 studiosi
561 3760 885 3833 plurimum
920 3768 1244 3831 uterentur,
1277 3766 1446 3821 facile
1474 3765 1707 3833 accidit,
1732 3765 1935 3822 utIvo-

278 3849 369 3906 nis
399 3850 628 3906 labores
660 3852 719 3905 in
752 3851 1104 3908 oblivionem
1149 3854 1439 3919 venerint,
1470 3858 1527 3909 et
1557 3858 1783 3909 tantum
1817 3871 1934 3911 non

276 3938 703 4009 interciderint,
736 3940 881 3996 adeo
913 3945 977 3995 ut
1008 3941 1065 3995 in
1099 3941 1248 3997 hanc
1271 3942 1477 3998 horam
1509 3943 1787 3998 omnibus
1812 3961 1934 3999 cre-

275 4030 463 4086 ditum
497 4031 603 4096 sit,
632 4030 910 4102 exiguum
945 4030 1112 4087 illum
1149 4032 1438 4098 libellum,
1464 4033 1561 4104 qui
1594 4033 1767 4089 titulo
1794 4034 1936 4089 Pan-

276 4119 515 4176 nermiae
548 4121 764 4190 Ivonis,
800 4120 1025 4177 incerto
1058 4126 1295 4177 auctore
1329 4122 1467 4193 (nisi
1498 4124 1653 4193 quod
1687 4123 1932 4194 quidam

278 4209 576 4278 IIugonem
601 4208 940 4265 Catalanum
964 4210 1145 4267 fuisse
1167 4210 1563 4283 suspicantur)
1585 4211 1807 4283 passim
1830 4211 1933 4267 cir-

279 4295 623 4365 cumfertur,
657 4313 785 4353 esse
817 4297 1014 4369 ipsum
1046 4300 1513 4372 autographum;
1547 4302 1701 4372 quod
1734 4300 1932 4356 hacte-

276 4402 390 4440 nus
420 4400 621 4440 omnes
652 4384 846 4453 latuit,
878 4390 935 4441 et
957 4388 1284 4444 etiamnum
1315 4388 1540 4459 lateret,
1575 4390 1688 4446 nisi
1720 4395 1805 4457 tu,
1841 4408 1930 4448 re-

276 4474 523 4529 verende
552 4474 719 4529 Pater
761 4473 1095 4543 Confessor,
1146 4477 1203 4531 id
1238 4492 1267 4532 e
1318 4480 1577 4534 tenebris
1629 4479 1687 4534 in
1722 4478 1937 4551 lucem,
1971 4461 2016 4528 Ῑ)

280 4563 546 4617 omnium
564 4563 900 4619 mortalium
928 4564 1569 4635 primus,vindicasses.
1594 4568 1767 4625 Porro
1786 4571 1935 4641 quod

282 4650 463 4720 hujus
495 4651 752 4707 auctoris
782 4651 901 4707 vita
928 4670 993 4708 ac
1045 4656 1328 4712 memoria
1367 4657 1634 4713 omnium
1667 4658 1941 4730 opinione

285 4739 516 4795 brevior
546 4740 740 4803 fuerit,
772 4741 947 4796 etiam
983 4746 1047 4796 ut
1099 4745 1292 4799 omnis
1326 4745 1439 4801 alia
1470 4746 1698 4803 deesset
1728 4748 1938 4819 proba-

284 4828 386 4899 tio,
423 4828 557 4884 fidei
590 4829 866 4886 faciendae
900 4830 987 4886 vel
1007 4831 1063 4886 id
1093 4833 1407 4901 suffecerit,
1440 4837 1595 4906 quod
1628 4837 1939 4893 Gratianus

284 4918 458 4974 annis
490 4918 722 4974 circiter
774 4921 1199 4992 quinquaginta
1246 4922 1568 4994 insecutus,
1603 4925 1700 4997 qui
1752 4931 1940 4981 extre-

288 5023 445 5062 mam
477 5007 614 5063 huic
643 5010 935 5064 canonicae
965 5011 1216 5067 scientiae
1243 5029 1484 5069 manum
1519 5016 1796 5084 admovit,
1824 5016 1940 5071 Ivo-

286 5098 377 5153 nis
408 5097 788 5153 Decretorum
831 5100 1109 5171 synopsin
1158 5104 1246 5171 (ut
1277 5119 1383 5157 nec
1414 5103 1751 5173 Burchardi)
1785 5122 1940 5160 nun-

286 5202 459 5259 quam
518 5186 763 5254 viderit;
823 5203 1166 5258 quanquam
1218 5192 1527 5261 utriusque
1573 5193 1939 5263 compendiis

286 5278 558 5347 adjutum
590 5274 793 5345 fuisse,
829 5293 999 5332 nemo
1034 5278 1220 5346 possit
1257 5278 1341 5334 ire
1372 5279 1619 5336 inﬁcias.
1655 5281 1937 5351 Equidem

287 5366 335 5419 si
367 5367 437 5420 de
471 5365 657 5421 sacris
706 5365 963 5420 fontibus
1015 5366 1159 5437 ipsis
1207 5383 1519 5437 canonum,
1554 5370 1829 5440 primisve
1861 5370 1938 5425 ri-

287 5453 372 5507 vis
406 5468 629 5524 eorum,
681 5457 737 5509 et
778 5453 1020 5510 minime
1069 5456 1140 5511 de
1190 5457 1763 5529 compendiariorum
1806 5459 1941 5516 fasce

284 5540 605 5611 hausisset,
640 5543 734 5599 hic
776 5560 894 5601 non
944 5543 1179 5618 hospes,
1210 5552 1265 5603 at
1299 5547 1739 5605 contubernalis
1772 5565 1939 5609 meus

2048 3194 2158 3250 etis
2189 3194 2557 3266 abrumpere.
2599 3196 2722 3260 Quo
2754 3195 2827 3250 ad
2878 3198 3208 3250 extremum
3240 3194 3514 3266 pertinet,
3550 3195 3707 3268 quod

2048 3300 2152 3339 nec
2183 3282 2342 3339 aliud
2374 3300 2476 3340 nec
2506 3283 2762 3355 amplius
2796 3284 3075 3355 primaeva
3104 3284 3425 3340 Gratianici
3476 3284 3709 3340 Codicis

2046 3372 2353 3445 inscriptio
2404 3373 2730 3445 pollicetur,
2765 3390 2889 3445 quae
2931 3377 3020 3429 est
3053 3389 3065 3429 :
3104 3374 3387 3429 Canonum
3432 3373 3707 3429 dissiden-

2047 3464 2184 3518 tium
2236 3463 2546 3519 concordia.
2599 3464 2759 3518 Tunc
2808 3462 2961 3517 enim
2996 3463 3313 3518 dialectica:
3359 3463 3601 3534 argutiae
3653 3469 3710 3519 et

2045 3551 2431 3623 captiuncula:
2461 3568 2632 3607 omne
2681 3552 3077 3607 doctrinarum
3126 3568 3276 3622 genu
3296 3568 3323 3606 s
3351 3551 3706 3618 invaserant,

2047 3645 2465 3713 cceperuntque
2497 3657 2699 3696 omnes
2750 3644 2901 3695 artes
2948 3639 3309 3695 liberaliores
3349 3656 3479 3696 esse
3511 3639 3702 3713 digla-

2048 3730 2327 3797 diatorias,
2378 3747 2512 3786 eum
2562 3730 2888 3800 majoribus
2937 3729 3235 3796 methodo,
3285 3728 3585 3798 facilitate,
3641 3746 3705 3785 ac

2045 3820 2429 3891 simplicitate
2459 3818 2752 3887 tradendi,
2786 3816 2933 3873 nihil
2962 3818 3170 3874 fuisset
3198 3817 3520 3889 antiquius.

2116 3945 2501 4009 Quamobrem
2535 3944 2633 4015 qui
2667 3943 2725 3999 in
2751 3943 3013 3999 Gratiani
3038 3942 3331 4000 volumine
3355 3942 3695 3999 methodum

2043 4032 2189 4102 (sine
2219 4050 2334 4102 qua
2357 4029 2668 4094 διδακτικός
2687 4050 2815 4091 esse
2845 4049 3016 4089 nemo
3049 4038 3265 4106 potest)
3284 4033 3602 4107 vestigant,
3624 4032 3705 4088 vi-

2043 4122 2259 4178 dentur
2283 4123 2428 4177 mibi
2453 4140 2567 4179 non
2587 4124 2887 4179 absimiles
2918 4123 2991 4179 iis
3014 4124 3114 4195 qui
3136 4124 3399 4195 delphini
3426 4124 3485 4179 in
3517 4121 3699 4190 silvis,

2042 4217 2143 4267 aut
2171 4212 2229 4267 in
2252 4212 2530 4268 fluctibus
2562 4212 2688 4285 apri
2719 4212 3088 4269 venationem
3133 4212 3454 4270 instituunt
3483 4217 3601 4283 aut,
3640 4216 3703 4269 ut

2043 4302 2284 4373 propius
2314 4301 2556 4373 eloquar
2586 4302 2740 4375 quod
2789 4302 2999 4368 sentio,
3033 4300 3133 4375 qui
3165 4318 3229 4358 ea
3275 4305 3552 4374 quarunt
3580 4318 3702 4373 quae

2045 4407 2339 4462 nusquam
2356 4396 2515 4460 sunt;
2532 4393 2687 4464 quod
2705 4390 3257 4447 manifestissimum
3274 4391 3698 4447 aitGratianum

2048 4479 2270 4535 nullam
2306 4480 2448 4535 artis
2489 4481 2775 4536 rationem
2824 4481 3188 4547 observasse,
3220 4485 3286 4536 ut
3330 4480 3583 4536 subinde
3613 4496 3701 4536 me

2050 4586 2164 4625 non
2181 4570 2432 4640 potuerit
2450 4587 2565 4625 non
2590 4569 2785 4642 pigere
2809 4570 3203 4642 praeceptoris,
3230 4585 3571 4641 quanquam
3592 4585 3700 4625 non

2050 4659 2290 4714 omnino
2314 4659 2781 4730 pessimi,tamen
2803 4659 3032 4714 confusi
3052 4658 3513 4731 valde,impediti
3536 4663 3593 4715 et
3611 4658 3699 4715 in-

2052 4748 2292 4817 conditi,
2324 4749 2603 4821 omnique
2648 4748 2935 4805 tractandi
2967 4748 3338 4821 docendique
3367 4747 3701 4805 dexteritate
3792 4801 3802 4817 ,

2051 4843 2107 4893 et
2138 4839 2372 4905 Venere,
2406 4843 2472 4894 ut
2500 4841 2584 4894 sic
2635 4839 2852 4907 dicam,
2886 4839 3161 4894 carentis.
3196 4838 3697 4905 Quemadmodum

2051 4929 2193 4982 satis
2224 4927 2497 4981 demirari
2532 4942 2749 4997 nequeo
2801 4944 2916 4998 quo
2950 4928 3090 4995 fato,
3112 4928 3546 4997 judiciorumve
3577 4944 3698 4998 per-

2048 5016 2322 5071 versitate
2354 5016 2632 5071 acciderit
2674 5020 2758 5081 ut,
2810 5015 2922 5071 hoc
2953 5033 3068 5071 uno
3102 5016 3161 5070 in
3194 5016 3411 5071 scholis
3457 5019 3693 5083 retento,

2052 5102 2145 5159 alii
2172 5121 2376 5160 omnes
2401 5104 2761 5159 itaexsulent
2781 5110 2931 5160 utne
2956 5105 3225 5175 privatim
3251 5105 3488 5176 quidem
3507 5104 3697 5175 legan-

2051 5198 2163 5262 tur,
2197 5210 2329 5249 cum
2361 5199 2558 5250 tamen
2581 5197 2735 5250 certo
2758 5195 2979 5250 certius
2997 5194 3075 5250 sit
3092 5210 3290 5249 rerum
3315 5194 3697 5250 docendarum

2054 5283 2337 5339 rationem
2372 5288 2427 5339 et
2457 5285 2608 5339 viam
2642 5284 2841 5356 (quam
2890 5284 3236 5339 methodum
3267 5289 3496 5350 vocant,
3532 5287 3594 5336 ut
3622 5287 3699 5338 ta-

2051 5388 2210 5427 ceam
2243 5372 2470 5445 reliqua
2500 5372 2718 5440 omnia,
2739 5372 2798 5427 in
2831 5372 2923 5429 bis
2956 5373 3186 5430 duabus
3210 5372 3588 5444 (Burchardo,
3616 5370 3697 5426 in-

2052 5478 2253 5533 quam,
2289 5467 2346 5517 et
2378 5462 2571 5533 lvone)
2617 5478 2797 5534 quam
2843 5462 3122 5518 Gratiano
3174 5461 3389 5518 melius
3418 5464 3693 5517 constare.

2050 5549 2452 5607 Nihilominus
2482 5556 2532 5609 si
2564 5550 2665 5622 qui
2697 5554 2872 5607 erunt
2915 5552 3017 5624 qui
3046 5552 3130 5608 ita
3159 5550 3423 5610 Gratiani
3469 5548 3691 5607 lectioni
