3928 6038
184 303 254 358 41
1624 311 1777 367 PRO]

2007 310 2193 364 [ENA.
3540 314 3611 370 42

184 432 449 505 antiquis
471 434 529 488 et
551 432 729 489 rudes
758 433 1145 504 praeferantur
1165 434 1466 491 emeritis?
1487 437 1849 508 Quapropter
1876 436 1930 503 Α
1961 434 2007 489 si
2020 434 2498 507 milis,siquidem
2525 435 2808 509 quidquid
2838 434 2936 492 alii
2952 451 3153 492 omnes
3173 436 3610 509 aediﬁcaverint,

186 539 328 578 cum
361 522 686 595 plurimum
710 523 921 578 referat
949 522 1154 595 quales
1184 525 1620 581 constituantur
1650 523 1844 580 Eccle-

184 611 417 667 siarum
451 611 770 681 antistites,
804 627 974 667 nemo
1008 629 1123 668 non
1154 612 1311 668 videt
1340 630 1641 685 nunquam
1665 612 1843 668 nimis

186 705 455 756 exactam
487 700 546 754 in
579 699 671 755 his
700 699 966 771 legendis
998 704 1329 756 cautionem
1363 719 1491 757 esse
1522 718 1711 774 posse.
1739 703 1842 758 Cui

184 789 526 861 proximum
574 792 665 844 est
719 793 783 843 ut
831 790 1189 861 synodorum
1238 791 1689 862 provincialium
1716 792 1840 861 jam

183 879 413 934 dudum
439 877 815 934 oblitteratus
847 878 1217 945 mos,iterum
1242 879 1300 933 in
1324 897 1497 935 usum
1520 884 1839 946 revocetur,

187 967 409 1038 alioqui
439 966 595 1023 enim
627 968 714 1038 (ut
745 967 1000 1039 reliquas
1021 968 1291 1023 Ecclesiae
1318 970 1696 1025 necessitates
1715 986 1841 1040 quae

186 1057 453 1129 quotidie
502 1066 809 1128 emergunt
858 1061 1108 1126 taceam)
1160 1058 1416 1113 officium
1472 1059 1677 1113 facturi
1724 1077 1840 1115 non

184 1150 329 1202 sunt
369 1146 650 1218 episcopi,
684 1147 883 1201 minus
943 1163 1083 1202 sane
1145 1152 1429 1219 cogentur
1457 1147 1514 1201 in
1549 1149 1836 1217 ordinem,

176 1234 643 1307 quotquotillud
677 1234 875 1307 aliqua
922 1252 991 1290 ex
1036 1240 1199 1305 parte
1253 1236 1398 1291 forte
1447 1237 1836 1293 deseruerint.

176 1325 407 1389 Quibus
438 1324 650 1378 addam
685 1329 740 1379 et
767 1324 1028 1391 tertium,
1055 1323 1331 1379 nimirum
1366 1328 1428 1378 ut
1454 1326 1593 1379 ordo
1616 1325 1835 1380 hierar-

176 1413 387 1468 chicus
420 1413 680 1485 pristinae
714 1429 833 1467 suae
868 1413 1193 1484 integritati
1218 1412 1535 1483 aliquando
1566 1414 1837 1468 restitua-

174 1507 297 1557 tur.
324 1501 420 1557 Sic
450 1502 608 1557 enim
643 1505 699 1556 et
730 1501 995 1558 confusio
1027 1501 1247 1574 ubique
1277 1503 1551 1569 cessabit,
1596 1507 1655 1557 et
1686 1502 1838 1558 inter

176 1590 475 1646 Ecclesiae
500 1606 821 1662 earumque
852 1590 1127 1661 praesides
1147 1607 1379 1647 summa
1400 1592 1596 1646 futura
1615 1595 1704 1647 est
1726 1608 1836 1663 pax

177 1684 360 1751 atque
394 1679 812 1751 tranquillitas.
846 1681 971 1744 Qua
1003 1680 1061 1734 in
1095 1696 1155 1735 re
1187 1680 1439 1751 optarim
1496 1679 1833 1752 pontiﬁcem

179 1769 509 1824 maximum
530 1771 812 1840 perpetuo
832 1768 1089 1840 cogitare
1109 1785 1171 1824 se
1194 1768 1373 1838 hujus
1396 1768 1620 1824 ordinis
1642 1769 1835 1823 defen-

181 1874 381 1914 sorem
416 1875 481 1914 ac
510 1861 763 1913 tutorem
795 1874 925 1913 esse
946 1857 1420 1923 constitutum,et
1444 1859 1516 1913 ad
1540 1857 1726 1928 ipsius
1747 1874 1835 1913 re-

178 1949 465 2022 ligionem
484 1946 772 2019 pertinere
787 1963 859 2001 ne
884 1963 917 2001 a
939 1963 1235 2017 quoquam
1260 1947 1495 2002 termini
1518 1951 1575 2002 et
1596 1946 1838 2002 cancelli

174 2042 419 2093 Patrum
442 2035 883 2108 perturbentur:
911 2036 1410 2104 quemadmodum
1439 2036 1835 2091 certissimum

174 2130 265 2182 est
291 2126 365 2182 ad
384 2126 648 2197 ejusdem
675 2125 907 2181 tendere
933 2127 1181 2190 reatum,
1207 2124 1253 2180 si
1280 2142 1312 2180 a
1337 2140 1632 2195 quoquam
1653 2129 1838 2194 pater-

170 2232 387 2271 narum
421 2213 652 2286 regulas
685 2213 1057 2269 sanctionum
1090 2212 1295 2269 violari
1328 2213 1662 2283 contingat;
1697 2212 1836 2268 alio-

168 2305 272 2377 qui
300 2303 458 2359 enim
488 2302 748 2358 Ecclesia
778 2302 879 2357 Dei
911 2300 1241 2374 Penelopeae
1274 2301 1401 2357 telae
1434 2319 1548 2356 non
1582 2301 1691 2356 erit
1724 2303 1830 2357 ab-

1957 524 2042 580 fas
2065 523 2142 579 sit
2162 524 2264 579 uni
2298 525 2532 580 diruere
2554 528 2609 579 et
2632 529 2910 595 evertere,
2932 525 3087 597 quod
3119 528 3208 581 est
3235 525 3611 584 vehementer

1952 613 2033 685 (ni
2054 612 2242 685 fallor)
2265 613 2608 679 ridiculum,
2626 630 2733 669 nec
2758 614 2953 669 minus
2978 615 3453 672 absurdum.Non
3476 633 3608 673 sum

1953 704 2185 759 nescius
2208 702 2440 758 infinita
2472 719 2599 759 esse
2633 702 2751 758 alia
2779 703 2839 758 in
2872 703 2982 759 hac
3015 720 3245 759 morum
3279 705 3610 777 corruptela

1953 808 2017 847 ac
2067 793 2361 847 abusuum
2409 792 2790 863 fecunditate,
2819 796 2876 846 et
2908 797 3287 864 paternarum
3321 794 3610 852 constitu-

1954 880 2176 935 lionum
2225 896 2452 950 scpore,
2486 880 2919 936 emendationis
2970 881 3474 940 reformationisve
3514 883 3600 940 in-

1951 969 2105 1041 diga,
2137 971 2236 1024 sed
2269 987 2395 1041 quae
2428 970 2676 1040 provisis
2710 970 3023 1041 prioribus,
3044 987 3161 1026 non
3194 971 3374 1027 invita
3404 974 3605 1029 omnia

1950 1064 2284 1129 sequentur,
2318 1075 2450 1130 quae
2481 1059 2717 1130 quidem
2752 1059 2843 1113 hic
2873 1059 2961 1115 vel
2994 1060 3124 1115 ideo
3158 1062 3469 1130 repetenda
3488 1078 3602 1118 non

1949 1149 2269 1218 sunt,quod
2297 1149 2352 1201 in
2379 1148 2471 1203 his
2499 1148 3601 1217 Decretorumlibris,cuilibetinmedio

1950 1237 2147 1291 futura
2174 1236 2312 1291 sint.
2344 1237 2555 1307 Accipe
2604 1236 2785 1308 igitur
2834 1238 3073 1292 tandem
3124 1237 3359 1292 Ivonem
3410 1242 3601 1307 tuum,

1947 1341 2121 1396 quem
2137 1343 2251 1380 non
2267 1326 2392 1380 sine
2416 1326 2606 1380 fenore
2634 1325 3335 1392 remittimus,habiturus
3356 1343 3418 1382 es
3441 1328 3599 1381 enim

1947 1414 2283 1469 nitidiorem
2318 1414 2781 1485 habilioremque
2831 1413 3039 1479 multo,
3075 1414 3388 1469 reverenda
3433 1414 3602 1470 Pater

1946 1503 2265 1570 confessor,
2292 1519 2469 1574 quam
2500 1503 2641 1557 dum
2677 1520 2708 1556 ει
2740 1502 3009 1558 barbaris
3035 1502 3176 1572 (scis
3221 1519 3370 1574 quos
3400 1502 3599 1572 velim)

1944 1592 2200 1663 primum
2244 1591 2899 1663 redimeres.Quidquid
2936 1608 3076 1648 sane
3116 1609 3303 1663 operae
3335 1593 3392 1648 in
3418 1593 3597 1649 casti-

1943 1682 2134 1754 gando
2166 1681 2631 1753 corrigendoque
2664 1681 3000 1753 impensum
3032 1685 3145 1751 est,
3176 1682 3233 1737 id
3275 1698 3448 1737 omne
3477 1686 3593 1738 tua;

1945 1770 2271 1825 reverenda
2295 1769 2654 1840 paternitati,
2671 1768 2762 1826 cui
2778 1770 2903 1840 jam
2928 1770 3151 1825 dudum
3174 1786 3306 1826 sum
3326 1771 3594 1841 devotus,

1944 1858 2155 1915 lubens
2186 1875 2480 1915 consecro.
2516 1858 2667 1925 Quin
2700 1858 2748 1913 si
2781 1858 3003 1930 aliquid
3035 1858 3193 1913 aliud
3228 1876 3261 1913 a
3290 1875 3383 1914 me
3409 1858 3592 1927 voles,

1946 1952 2114 2002 tuum
2159 1947 2269 2002 erit
2311 1947 2610 2019 explorare
2657 1947 2795 2019 quid
2846 1951 3033 2019 optes,
3065 1964 3263 2003 meum
3313 1952 3593 2021 perpetuo

1940 2038 2110 2107 jussa
2138 2036 2675 2109 capescere.Valere
2707 2041 2762 2091 te
2792 2040 2927 2109 opto
2960 2035 3058 2091 diu
3090 2036 3151 2092 in
3181 2036 3412 2093 Christo
3449 2038 3594 2094 Jesu

1949 2125 2192 2181 Domino
2237 2131 2432 2181 nostro
2483 2126 2720 2181 beatum
2755 2129 2811 2181 et
2840 2125 3216 2197 incolumem,
3250 2126 3421 2197 cujus
3450 2126 3593 2184 dile-

1945 2214 2124 2269 ctioni
2158 2230 2249 2269 me
2284 2218 2469 2270 totum
2504 2215 2651 2270 dedo
2684 2215 3025 2288 dedicoque.

2015 2303 2227 2359 Datum
2248 2304 2523 2376 Lovanio,
2547 2304 2825 2361 Kalendis
2846 2305 3118 2378 Augusti,
3143 2321 3294 2362 anno
3320 2305 3475 2361 1561.

799 2651 963 2746 DE
1041 2646 1461 2744 IVONIS
1533 2646 2040 2743 DUPLICI
2102 2646 2959 2745 COLLECTIONE

160 2839 540 2907 (Excerptum
563 2850 632 2889 ex
660 2837 1142 2888 BALLERINlORUM
1186 2829 1667 2901 Dz'squz'sz'tionibus
1675 2829 1750 2954 1dﬁe
1775 2830 2022 2956 agtiqulis
2043 2828 2476 2957 t(tolllt‘eri‘tionibus
2495 2837 2545 2888 et
2564 2830 2942 2887 collectoribus
2978 2845 3274 2897 canonum,
3306 2831 3472 2903 parte
3502 2845 3584 2896 1v,

1512 2917 1638 2957 can.
1748 2944 1761 2957 .
1839 2917 1873 2957 a
1902 2917 1963 2956 ro
1996 2942 2008 2955 .
2071 2942 2082 2955 .
2239 2944 2251 2957 .

1512 2917 1638 2972 cap.
1675 2917 1761 2968 10,
1796 2917 2008 2957 κλωπ-οι.
2043 2917 2082 2955 ί.
2114 2917 2251 2957 LVI.

236 3233 287 3286 1.
326 3232 418 3286 lvo
448 3230 507 3284 in
541 3244 681 3301 agro
723 3223 1117 3282 Bellovacensi
1171 3227 1346 3279 natus
1393 3224 1503 3278 sub
1551 3223 1813 3279 medium
1844 3221 1888 3291 α
1926 3223 2196 3279 Secunda
2222 3225 2293 3279 de
2323 3228 2693 3280 sacramento
2725 3223 2988 3295 corporis
3028 3222 3264 3290 Christi,
3292 3221 3581 3278 sacrificio

159 3321 448 3378 saeculum
479 3336 556 3385 x1,
591 3322 648 3373 et
680 3333 833 3372 anno
867 3316 1004 3369 1078
1056 3314 1415 3369 constitutus
1458 3312 1638 3367 abbas
1691 3329 1821 3369 mo-

158 3409 407 3467 nasterii
466 3404 900 3462 Bellovacensis
929 3408 984 3458 S.
1018 3402 1281 3466 Quintini
1317 3402 1539 3457 ordinis
1568 3400 1821 3457 Canoni-

156 3515 367 3555 corum
401 3495 808 3568 Regularium,
840 3493 1076 3547 tandem
1111 3490 1422 3562 episcopus
1453 3488 1825 3545 Carnotensis

156 3589 389 3645 electus
427 3603 523 3640 an.
546 3585 685 3638 1092
715 3587 773 3638 et
803 3582 1177 3637 consecratus
1210 3579 1280 3634 ab
1312 3577 1546 3633 Urbano
1570 3582 1637 3645 It,
1664 3595 1823 3633 mor-

161 3681 283 3731 tem
319 3674 566 3746 oppetiit
598 3688 750 3727 anno
789 3670 929 3725 1115
958 3668 1067 3735 vel,
1101 3671 1166 3721 ut
1214 3666 1311 3721 alii
1359 3665 1610 3736 malunt,
1664 3668 1821 3721 1117.

162 3765 269 3819 Vir
296 3763 413 3818 fuit
436 3780 549 3817 non
572 3761 763 3817 solum
788 3756 1466 3828 doctrinaegregius,sed
1482 3755 1658 3811 etiam
1676 3755 1818 3824 zelo,

162 3851 443 3924 prudenti
477 3848 825 3913 constantia,
846 3848 979 3916 fide,
1003 3850 1059 3900 et
1089 3844 1400 3901 sanctitate
1424 3842 1779 3916 conspicuus
1802 3864 1817 3911 ;

162 3956 230 3996 ac
264 3943 575 4013 propterea
605 3938 744 3992 Pius
788 3937 835 3988 V
885 3933 1303 3991 constitutione
1334 3933 1470 3988 data
1502 3949 1655 3988 anno
1687 3933 1823 3987 1570

159 4029 467 4085 canonicis
501 4024 972 4100 congregationis
1003 4023 1413 4079 Lateranensis
1444 4020 1734 4077 concessit
1760 4023 1825 4076 ut

172 4119 270 4175 die
290 4118 363 4171 2O
383 4117 515 4173 Maii
548 4115 739 4172 lvonis
772 4113 1117 4169 memoriam
1152 4110 1532 4166 celebrarent.
1560 4114 1694 4163 Duae
1726 4126 1823 4164 ca-

161 4223 391 4263 nonum
415 4205 788 4261 collectiones
810 4201 1004 4257 lvonis
1029 4199 1265 4255 nomine
1288 4198 1578 4270 inscriptae
1594 4198 1818 4269 prodie-

162 4301 344 4352 runt:
390 4311 509 4350 una
527 4295 585 4349 in
609 4296 737 4348 octo
784 4294 978 4361 partes
1017 4287 1311 4352 distincta,
1335 4288 1673 4341 Pannormia
1705 4288 1823 4341 Ivo-

172 4389 263 4441 m’s
296 4383 669 4456 appellatur;
706 4380 889 4436 altera
922 4381 1206 4435 Decretum
1234 4377 1439 4446 lvonis,
1466 4377 1621 4447 quod
1644 4376 1702 4431 in
1729 4390 1825 4431 se-

164 4482 327 4549 ptem
359 4479 417 4530 et
446 4475 645 4529 decem
679 4475 873 4544 partes
897 4467 1290 4524 distribuitur.
1312 4468 1653 4522 Pannormz‘a
1671 4468 1824 4539 typis

1937 3312 2149 3381 missae,
2181 3317 2237 3368 et
2275 3313 2520 3386 reliquis
2554 3312 2963 3378 sacramentis,
2988 3328 3055 3368 ac
3085 3310 3356 3368 simonia.
3390 3310 3586 3367 Tertia

1934 3401 2004 3456 de
2028 3401 2281 3457 Ecclesia
2304 3407 2363 3458 et
2385 3403 2559 3458 rebus
2583 3402 3019 3469 ecclesiasticis,
3045 3405 3101 3457 et
3130 3400 3471 3457 earumdem
3494 3414 3584 3454 re-

1931 3491 2191 3546 verentia
2220 3495 2277 3546 et
2306 3491 2730 3547 observatione.
2755 3493 2976 3556 Quarta
3006 3490 3077 3545 de
3107 3488 3295 3559 festis,
3312 3487 3583 3560 jejuniis,

1932 3578 2251 3650 Scripturis
2282 3579 2602 3650 canonicis,
2634 3579 3189 3647 consuetudinibus,
3214 3583 3273 3634 et
3295 3576 3581 3634 conciliis.

1930 3666 2143 3729 Quinta
2173 3668 2242 3723 de
2273 3667 2526 3738 primatu
2558 3666 2826 3723 Ecclesiae
2858 3668 3153 3733 Romanis,
3174 3672 3232 3722 et
3261 3667 3331 3721 de
3358 3666 3579 3736 prima-

1932 3760 2080 3822 tum,
2115 3756 2696 3827 metropolitanorum
2742 3760 2798 3811 et
2839 3757 3247 3833 episcoporum
3277 3755 3482 3810 ordine
3512 3771 3578 3811 ac

1925 3844 2365 3914 juribus.Sexta
2386 3846 2457 3899 de
2476 3844 2616 3913 vita,
2635 3845 2922 3912 ordine,et
2941 3860 3191 3900 censura
3213 3842 3581 3899 clericorum.

1932 3932 2191 4003 Septima
2221 3933 2289 3987 de
2322 3933 2646 3989 monachis.
2681 3937 2895 3989 Octava
2924 3934 2995 3988 de
3026 3932 3381 4004 conjugio,et
3406 3931 3585 4003 virgi-

1934 4023 2136 4091 nitate,
2160 4024 2230 4076 de
2260 4028 2454 4093 raptu,
2478 4021 2873 4078 concubinatu
2900 4026 2958 4077 et
2987 4021 3296 4077 adulterio.
3321 4020 3483 4075 Nona
3513 4020 3585 4074 de

1933 4110 2159 4165 incestu
2181 4114 2238 4165 et
2257 4111 2540 4182 gradibus
2562 4110 3137 4182 prohibitis.Decima
3159 4110 3230 4165 de
3252 4107 3583 4163 homicidiis

1932 4198 2278 4255 voluntariis
2311 4204 2368 4255 et
2395 4198 2828 4255 involuntariis.
2880 4197 3205 4253 Undecima
3252 4196 3323 4265 de
3370 4195 3583 4267 magis,

1934 4288 2113 4359 sagis,
2135 4288 2545 4344 histrionibus.
2569 4287 2923 4361 Duodecima
2951 4288 3023 4341 de
3054 4284 3587 4356 mendacio,perju-

1936 4378 2041 4444 rio,
2065 4381 2173 4433 etc.
2198 4378 2429 4434 Decima
2458 4377 2632 4433 tertia
2661 4377 2731 4431 de
2753 4372 3584 4445 furto,usuris,venatoribus,

1935 4466 2203 4536 ebriosis,
2228 4465 2487 4531 furiosis,
2511 4469 2567 4520 et
2594 4464 2836 4520 Judaeis.
2859 4463 3097 4520 Decima
3127 4462 3335 4534 quinta
3364 4464 3433 4518 de
3461 4479 3583 4533 pce-

162 4566 458 4635 impressa
482 4560 583 4615 fuit
609 4558 845 4615 Basilea:
867 4572 1019 4612 anno
1052 4556 1456 4623 1499,0urante
1479 4554 1820 4609 Sebastiano
1852 4597 1902 4662 Β
1936 4554 2444 4610 nitentia.Decima
2462 4559 2626 4609 sexta
2642 4554 2712 4609 de
2734 4552 2924 4609 ofﬁcio
2943 4551 3257 4623 etjudiciis
3277 4550 3586 4605 laicorum.

162 4653 199 4662 ι...
340 4651 379 4662 ε.
700 4648 733 4662 οι
936 4646 957 4662 τ
995 4660 1003 4662 1
1041 4643 1216 4662 ,,,A:!,
1281 4659 1342 4662 HA
1385 4642 1821 4662 IPP~_-_-_,AJ!_
1933 4644 2157 4662 h--!__-_
2195 4643 2425 4662 nne,L!_-_
2468 4659 2601 4662 _.__-
2641 4646 2972 4662 _-__LA..___.
3013 4639 3407 4662 n-1_--_.n--
3439 4655 3554 4662 ..-μ

162 4651 676 4719 Brandt,eamque
696 4648 910 4702 iterum
936 4643 1175 4699 Lovanii
1198 4659 1350 4698 anno
1379 4643 1515 4697 1557
1540 4660 1573 4697 a
1596 4642 1823 4699 mendis
1852 4639 1902 4662 ¹¹
1930 4644 2168 4699 Decima
2188 4643 2439 4713 septima
2468 4659 2604 4713 pars
2637 4646 2980 4698 sanctorum
3013 4640 3251 4695 Patrum
3279 4639 3314 4693 9
3344 4655 3410 4695 ac
3439 4655 3587 4710 pras-

166 4744 490 4798 correctam
514 4736 793 4792 Melchior
824 4752 855 4791 a
882 4733 1279 4790 Vosmediano
1308 4732 1701 4787 recudendam
1725 4748 1825 4786 cu-

170 4830 334 4885 ravit.
372 4830 663 4884 Decretum
690 4841 828 4880 vero
859 4823 1117 4895 primum
1162 4821 1379 4892 prodiit
1407 4820 1641 4877 Lovanii
1673 4837 1822 4877 anno

172 4920 302 4974 1561
339 4933 518 4989 opera
539 4921 594 4971 et
615 4913 810 4971 studio
840 4911 1085 4967 Joannis
1119 4910 1366 4966 Molinaei
1392 4910 1742 4977 Gaudensis,
1768 4915 1825 4965 et

164 5013 371 5082 postea
403 5024 535 5063 cum
561 5005 691 5063 aliis
712 5004 905 5061 lvonis
927 5002 1200 5074 operibus
1225 5002 1296 5057 ad
1324 5001 1493 5056 ﬁdem
1520 4999 1820 5072 antiquis-

168 5098 305 5153 simi
351 5096 570 5151 codicis
618 5091 900 5148 Victorini
946 5089 1158 5145 iterum
1190 5090 1551 5161 impressum
1583 5088 1826 5144 Parisiis

169 5203 325 5243 anno
362 5185 517 5239 1647.
554 5182 795 5255 Utrique
827 5178 987 5251 operi
1032 5178 1091 5232 in
1146 5177 1402 5250 vulgatis
1452 5178 1686 5249 praeﬁxa
1735 5179 1825 5232 est

170 5277 375 5331 eadem
409 5272 647 5328 omnino
685 5268 970 5342 praefatio,
999 5282 1177 5337 quam
1223 5267 1412 5322 lvonis
1463 5282 1591 5321 esse
1646 5264 1831 5338 stylus

178 5365 304 5421 aliis
337 5365 471 5435 ejus
502 5358 763 5432 epistolis
794 5356 1040 5428 aequalis
1071 5355 1309 5411 omnino
1340 5356 1721 5411 demonstrat.

244 5458 303 5509 2.
337 5453 655 5522 Utriusque
703 5448 898 5520 operis
927 5444 1131 5501 titulos
1162 5444 1455 5516 imprimis
1489 5445 1833 5499 referamus.

177 5545 344 5600 Parte
376 5540 568 5613 prima
598 5537 839 5594 fusioris
870 5533 1085 5606 operis,
1120 5534 1269 5603 quod
1326 5534 1607 5589 Decretum
1655 5535 1835 5589 Ivom's

177 5629 372 5689 vocari
396 5628 564 5694 solet,
598 5626 791 5699 agitur
821 5624 893 5679 de
922 5621 1217 5693 baptismo
1256 5626 1313 5677 et
1361 5621 1832 5677 confirmatione.

506 5756 768 5816 PATROL.
815 5750 1013 5812 CLXI.

1934 4730 2136 4788 sertim
2154 4730 2411 4803 Gregorii
2446 4729 2649 4803 Magni
2680 4729 3002 4786 sententias
3025 4727 3289 4783 continet
3329 4728 3402 4782 de
3445 4726 3581 4793 fide,

1936 4837 2042 4892 spe
2072 4823 2127 4875 et
2158 4819 2465 4875 charitate.

2003 4909 2056 4962 3.
2090 4912 2170 4962 En
2204 4925 2373 4979 porro
2404 4906 2607 4962 titulos
2630 4902 2872 4962 alterius
2894 4903 3283 4969 collectionis,
3301 4918 3428 4974 quae
3454 4903 3594 4957 Pan-

1933 4998 2153 5053 normz’a
2182 4997 2361 5052 lvonis
2390 4994 2754 5062 inscribitur,
2782 4993 2987 5065 quales
3019 4992 3145 5064 ipse
3174 4995 3380 5048 auctor
3409 5007 3590 5063 expo-

1937 5086 2081 5142 suit.

2011 5198 2038 5225 ‹‹
2070 5175 2264 5230 Prima
2302 5191 2437 5245 pars
2486 5173 2665 5243 hujus
2701 5170 2831 5227 libri
2864 5170 3121 5226 continet
3152 5170 3224 5226 de
3254 5170 3389 5238 ﬁde,
3427 5173 3485 5224 et
3516 5168 3588 5223 de

1942 5262 2186 5319 diversis
2242 5262 2587 5327 haeresi‘ous,
2619 5261 2690 5315 de
2722 5262 3115 5328 sacramento,
3149 5257 3209 5311 id
3258 5260 3346 5314 est
3394 5254 3591 5326 bapti-

1943 5356 2156 5421 smate,
2180 5354 2237 5405 et
2271 5349 2597 5405 ministerio
2628 5347 3136 5419 baptizandorum,
3157 5348 3214 5402 et
3242 5359 3592 5401 consecran-

1945 5443 2176 5506 dorum,
2236 5443 2292 5495 et
2356 5437 2913 5510 consignandorum,
2973 5438 3029 5492 et
3085 5434 3591 5506 consignatorum,

1946 5536 2003 5588 et
2060 5531 2131 5584 de
2188 5528 2593 5584 observatione
2665 5525 3075 5599 singulorum;
3136 5528 3192 5579 et
3249 5520 3392 5593 quid
3458 5536 3597 5576 con-

1948 5619 2096 5674 ferat
2128 5617 2483 5689 baptismus,
2517 5615 2658 5686 quid
2700 5610 3087 5675 confirmatio.
3118 5610 3198 5666 De
3228 5612 3597 5667 sacramento

3237 5740 3276 5799 2
