3928 6038
78 287 139 340 45
1540 292 1749 347 PROLI

1906 296 2099 349 ΙΕΝΑ.
3456 304 3528 359 46

78 411 579 468 concinnandam
615 410 879 467 animum
903 410 1224 484 appulisse,
1247 418 1305 471 et
1334 414 1570 486 utrique
1598 414 1759 488 operi
1789 420 1843 486 Α
1873 418 2117 489 epistolis
2171 421 2550 478 Romanorum
2595 424 2947 494 pontiﬁcum,
2993 428 3200 498 partim
3244 443 3317 484 ea:
3362 431 3525 499 gestis

74 502 374 558 eumdem
413 501 723 573 prologum
756 505 1015 573 aptasse.

135 611 196 667 5.
242 610 412 673 Quid
447 608 615 665 nobis
639 608 915 665 interbas
939 610 1263 666 sententias
1286 610 1658 682 probabilius
1688 612 1767 667 vi-

70 701 327 762 deatur,
364 700 575 771 paucis
605 698 1042 769 explicabimus.
1064 704 1295 754 Certum
1321 705 1409 755 est
1436 700 1622 772 primo
1646 701 1763 755 col-

71 788 416 843 lectionem
451 787 711 859 aliquam
732 774 1022 843 canonum
1049 788 1206 843 Ivoni
1239 790 1453 845 ascribi
1476 793 1763 861 oportere.

74 878 211 931 Non
250 876 459 932 solum
493 876 648 932 enim
688 877 746 931 id
778 877 1036 932 affirmat
1084 877 1442 949 Sigebcrtus,
1478 879 1573 949 qui
1608 880 1763 933 Ivoni

75 983 326 1021 coaevus
379 966 513 1031 fuit,
566 965 829 1021 scribens
877 965 935 1019 in
985 966 1131 1021 libro
1182 967 1249 1020 de
1292 968 1502 1038 Script.
1541 968 1758 1022 Eccles.

75 1072 117 1108 ε.
166 1055 280 1109 168
318 1072 329 1108 :
367 1055 459 1109 Ivo
492 1056 849 1111 Carnotensis
898 1057 1178 1125 episcopus
1208 1057 1514 1127 composuit
1544 1058 1765 1126 insigne

74 1144 353 1199 columen
383 1160 659 1199 canonum
677 1160 698 1205 ,·
729 1148 787 1199 et
819 1143 1092 1200 similiter
1114 1149 1455 1217 Anonymus
1486 1144 1759 1200 Melicen-

74 1235 179 1302 sis,
218 1235 335 1305 qui
370 1232 546 1304 paulo
591 1238 723 1304 post
773 1234 1007 1288 Ivonem
1058 1234 1222 1303 vixit,
1258 1234 1326 1288 de
1359 1234 1570 1306 Script.
1606 1234 1757 1290 Eccl.

76 1338 119 1376 c.
150 1322 232 1375 95
273 1342 291 1375 :
326 1325 419 1378 Ivo
468 1324 818 1379 Carnotensis
865 1323 1145 1394 episcopus
1201 1325 1391 1378 scribit
1448 1326 1596 1379 inter
1644 1325 1761 1379 alia

75 1411 395 1477 nonnulla,
433 1416 703 1483 Excerpta
733 1412 797 1467 de
821 1412 1172 1480 Canonibus;
1203 1429 1401 1468 verum
1432 1414 1607 1468 etiam
1633 1413 1757 1483 ipse

78 1504 167 1555 Ivo
198 1502 267 1555 in
308 1502 485 1572 epist.
518 1502 625 1556 262
671 1501 744 1557 ad
789 1501 1063 1557 Pontium
1115 1501 1388 1557 abbatem
1423 1500 1757 1557 monasterii

75 1589 499 1646 Cluniacensis
559 1595 831 1661 testatur,
890 1591 1242 1647 Collectiones
1311 1607 1603 1659 canonum,
1667 1591 1757 1645 in-

80 1679 328 1749 quiens,
361 1696 499 1751 quas
527 1697 559 1735 a
588 1696 674 1736 me
698 1680 1046 1751 pastulastis,
1081 1689 1132 1735 et
1163 1681 1424 1752 opuscula
1453 1697 1598 1749 mea,
1632 1694 1757 1751 quae

82 1770 159 1823 his
189 1769 347 1824 addi
394 1770 670 1838 voluistis,
725 1770 1016 1825 transmisi
1063 1770 1262 1826 vobis:
1296 1769 1509 1841 quibus
1560 1769 1756 1826 verbis
1788 1793 1834 1858 Β

84 1857 501 1913 collectionem
524 1874 557 1913 a
572 1874 637 1913 se
651 1857 941 1928 digestam
958 1858 1290 1930 signiﬁcare
1303 1859 1554 1915 videtur.
1571 1861 1756 1916 Erunt

85 1947 369 2002 fortassis
402 1947 501 2018 qui
534 1963 603 2002 ex
632 1946 741 2001 hoc
766 1946 1103 2003 testimonio
1136 1948 1415 2019 colligant
1445 1953 1753 2021 utramque

84 2034 525 2103 collectionem,
548 2049 757 2107 nempe
779 2039 903 2090 tum
937 2035 1375 2108 Pannormiam,
1392 2042 1517 2092 tum
1545 2038 1749 2093 Decre-

82 2132 209 2179 tum
246 2124 413 2180 Ivoni
441 2124 790 2195 adjudicari,
842 2124 1058 2195 quippe
1110 2125 1211 2197 qui
1242 2125 1591 2182 collectiones
1622 2126 1753 2198 plu-

84 2213 187 2267 rali
226 2229 484 2268 numero
516 2212 770 2285 scripsit,
797 2230 911 2268 non
944 2214 1337 2269 collectionem.
1374 2219 1437 2269 At
1470 2216 1623 2269 idem
1657 2218 1750 2271 Ivo

84 2302 143 2356 in
174 2303 359 2374 epist.
392 2302 463 2355 80
498 2301 710 2373 plurali
759 2303 897 2358 item
950 2319 1194 2360 numero
1227 2304 1307 2359 ait
1339 2320 1351 2359 :
1385 2305 1447 2358 In
1477 2304 1749 2361 collectio-

84 2394 247 2447 nibus
284 2391 602 2447 Burchardi
648 2392 1061 2447 Wormatiensis
1089 2393 1351 2463 episcopi,
1389 2408 1521 2447 cum
1553 2397 1747 2447 tamen

90 2480 261 2536 unica
306 2481 388 2537 sit
422 2480 739 2535 Burchardi
794 2479 1080 2536 collectio.
1127 2480 1324 2551 Neque
1353 2496 1486 2536 vero
1518 2497 1622 2553 pro
1654 2498 1747 2537 ex-

92 2570 392 2626 cludensis
425 2570 652 2625 duabus
686 2569 879 2625 Ivonis
910 2569 1358 2624 collectionibus
1386 2570 1528 2625 satis
1560 2570 1752 2625 effica-

93 2676 181 2715 ces
209 2664 361 2715 sunt
410 2658 717 2731 Sigeberti,
769 2659 1002 2715 Roberti
1055 2659 1126 2714 de
1174 2662 1366 2714 Monte
1408 2664 1465 2715 et
1496 2660 1744 2714 aliorum

94 2748 466 2821 Scriptorum
497 2753 713 2815 textus,
747 2748 848 2818 qui
897 2749 1074 2803 unius
1116 2746 1431 2803 voluminis
1462 2748 1743 2804 memine-

91 2844 249 2893 runt.
289 2838 477 2893 Unam
509 2837 665 2892 enim
715 2836 1116 2892 collectionem
1161 2838 1505 2892 Pannormia
1538 2836 1742 2892 inscri-

89 2932 269 2997 ptam,
307 2928 478 2998 cujus
508 2925 904 2997 frequentiora
952 2931 1093 2981 sunt
1122 2926 1500 2995 exemplaria,
1533 2926 1742 2982 fortas-

86 3018 161 3071 sis
192 3018 498 3080 viderunt,
530 3033 646 3070 non
689 3032 822 3070 vero
872 3016 1138 3085 alteram,
1172 3032 1273 3071 seu
1304 3017 1607 3085 Decretum,
1640 3032 1742 3070 cu-

80 3107 172 3175 jus
204 3105 455 3177 quidem
486 3105 731 3160 rariores
762 3104 989 3159 codices
1020 3104 1414 3160 inveniuntur.

148 3215 203 3268 6.
240 3212 517 3269 Secundo
547 3216 771 3267 certum
802 3216 890 3266 est
920 3211 1337 3267 Paunormiam
1370 3228 1482 3266 non
1515 3227 1643 3267 esse
1666 3211 1737 3265 il-

86 3303 195 3357 lam
225 3302 527 3357 Summam
554 3301 900 3356 decretorum
949 3301 1126 3355 Ivonis
1158 3317 1336 3371 quam
1380 3300 1544 3372 Hugo
1575 3304 1737 3356 Cata-

86 3390 389 3446 launensis
422 3390 827 3461 composuisse
860 3390 1284 3444 traditurztum
1317 3390 1457 3461 quia
1481 3394 1740 3444 Pannur-

90 3480 197 3535 mia
227 3480 307 3535 ob
339 3478 716 3550 partitionem
739 3482 913 3550 atque
945 3477 1424 3533 distributionem
1451 3495 1483 3533 a
1504 3478 1740 3534 Decreto

92 3569 409 3631 diversam,
429 3583 462 3620 a
482 3566 663 3621 forma
692 3566 1022 3636 compendii
1042 3567 1308 3637 ejusdem
1333 3567 1557 3622 Decretl
1580 3568 1746 3621 abest

92 3674 265 3728 quam
294 3654 679 3726 longissime;
711 3660 839 3709 tum
859 3655 998 3725 quia
1019 3655 1281 3710 continet
1310 3654 1595 3711 nonnulla
1618 3672 1743 3726 quae

94 3746 146 3800 in
176 3746 428 3801 Decreto
450 3745 671 3800 frustra
695 3743 959 3815 requires
987 3764 1000 3811 ;
1027 3748 1149 3799 tum
1175 3744 1350 3799 etiam
1376 3744 1513 3815 quia
1535 3744 1745 3799 nullibi

97 3834 146 3889 in
173 3834 429 3889 vetustis
470 3833 769 3888 codicibus
807 3834 1044 3888 Summa
1085 3832 1443 3902 decretorum,
1477 3833 1575 3888 sed
1608 3835 1748 3887 Pan-

96 3924 338 3989 normia,
372 3925 474 3976 aut
520 3922 913 3989 Excerptiones
962 3921 1140 3976 Ivonis
1188 3921 1554 3977 inscribitur.
1603 3922 1749 3979 Hinc

101 4014 325 4066 Summa
346 4009 418 4064 ab
436 4009 677 4081 Hugone
694 4010 940 4080 digesta,
963 4014 1020 4065 et
1043 4014 1367 4065 memorata
1390 4027 1422 4064 a
1444 4010 1747 4066 Vincentio

102 4098 516 4166 Bellovacensi,
549 4097 663 4153 alia
696 4098 825 4167 fuit,
845 4115 970 4169 qua:
991 4097 1207 4167 injuria
1224 4102 1553 4169 temporum
1579 4099 1754 4153 inter-

106 4190 258 4245 cidit.
295 4189 379 4244 Ne
410 4193 605 4243 autem
628 4188 982 4242 Pannormia
1000 4187 1372 4257 adjudicetur
1392 4188 1572 4258 Ivoni,
1596 4188 1753 4242 difﬁ-

110 4279 384 4334 cultatem
420 4277 735 4332 movebunt
781 4277 1048 4347 quaedam
1080 4277 1309 4331 decreta
1338 4276 1396 4331 in
1426 4277 1540 4332 ﬁne
1572 4276 1755 4349 partis

111 4368 321 4423 ultimm
352 4365 650 4436 descripta
680 4382 749 4420 ex
777 4365 1113 4420 Innocentio
1138 4365 1211 4429 II,
1236 4364 1338 4436 qui
1369 4370 1497 4437 post
1520 4366 1755 4421 Ivonem

112 4456 362 4528 pontifex
409 4454 541 4509 fuit.
593 4453 808 4509 Verum
859 4454 981 4509 haec
1030 4453 1350 4509 difﬁcultas
1400 4469 1468 4508 ex
1514 4454 1758 4510 vetustis

1874 509 2257 579 conciliorum,
2281 511 2688 569 catholicorum
2718 517 3115 587 episcoporum,
3138 524 3191 573 et
3220 535 3444 588 regum;
3473 526 3526 577 et

1873 601 2115 654 continet
2143 616 2259 655 xvn
2287 604 2495 672 partes.
2540 602 2876 661 Victorinus
2924 610 3123 662 autem
3152 623 3281 664 eam
3311 610 3520 679 praefa-

1872 687 2092 743 tionem
2129 706 2241 744 non
2278 690 2465 759 initio,
2499 692 2599 747 sed
2633 692 2692 747 in
2724 693 2840 749 fine
2874 695 3060 766 ipsius
3092 696 3311 753 codicis
3343 715 3521 755 manu

1875 776 2183 831 recentiori
2217 779 2476 835 additam
2527 786 2905 852 repraesentat
2950 783 3059 841 hac
3088 785 3469 858 inscriptione
3503 806 3516 844 :

1873 866 2032 920 Liber
2060 882 2332 922 canonum
2361 873 2773 940 suprascriptus
2794 871 3007 929 decreta
3032 876 3335 947 Joviniani,
3358 894 3518 948 quem

1874 958 2175 1021 composuit
2224 959 2312 1012 Ivo
2357 960 2632 1029 quondam
2683 963 3043 1017 Carnotensis
3088 967 3409 1036 episcopus;
3461 974 3515 1023 et

1870 1046 2109 1099 continet
2138 1062 2253 1100 xvn
2286 1051 2476 1117 partes
2499 1050 2871 1119 principales;
2903 1056 2965 1105 ut
2997 1050 3282 1109 discimus
3313 1071 3382 1110 ex
3403 1056 3511 1111 Ba-

1869 1130 2021 1188 lusio
2054 1133 2111 1188 in
2148 1135 2481 1203 praefatione
2510 1138 2579 1192 ad
2611 1138 2922 1209 Augustini
2953 1140 3214 1213 dialogos
3234 1160 3397 1198 num.
3420 1148 3510 1199 21.

1867 1220 2036 1274 Plura
2066 1238 2200 1277 vero
2233 1230 2369 1278 sunt
2391 1226 2747 1297 exemplaria
2766 1227 3147 1283 Pannormiae.
3174 1230 3365 1286 Unum
3388 1237 3513 1287 tan-

1867 1312 1991 1364 tum
2016 1311 2323 1369 laudatum
2343 1315 2415 1369 ab
2434 1316 2683 1370 Antonio
2698 1318 3023 1387 Augustino
3044 1335 3177 1375 cum
3198 1321 3514 1392 epigrapbe

1870 1399 2027 1454 Liber
2047 1417 2329 1457 sacrorum
2354 1420 2654 1471 canonum,
2680 1406 3075 1476 praefationem
3098 1424 3165 1462 ac
3194 1409 3387 1465 Ivonis
3409 1427 3515 1467 no-

1868 1504 2001 1543 men
2035 1489 2283 1562 ignorat.
2318 1492 2515 1547 Cmteri
2553 1494 2949 1564 praefationem
2983 1496 3071 1551 vel
3108 1496 3345 1553 titulum
3379 1515 3512 1554 cum

1866 1580 2058 1634 Ivonis
2076 1581 2313 1635 nomine
2331 1582 2661 1650 praeferunt.
2686 1583 2958 1639 Baluzius
2976 1584 3339 1642 Victorinum
3362 1588 3513 1643 anti-

1866 1666 2245 1737 quissimum,
2280 1673 2340 1724 et
2371 1674 2486 1725 tres
2514 1674 2571 1725 S.
2596 1670 2793 1726 Albini
2823 1673 3263 1745 Andegavensis
3284 1674 3509 1734 laudat.

1869 1756 2212 1812 Franciscus
2255 1758 2491 1814 Salmon
2538 1759 2597 1813 in
2645 1764 2895 1816 tractatu
2928 1762 3141 1818 Gallice
3189 1764 3406 1836 scripto
3439 1766 3508 1822 de

1864 1844 2061 1901 studio
2092 1845 2481 1901 Conciliorum
2514 1852 2661 1919 part.
2697 1866 2758 1920 ιι,
2792 1866 2840 1905 c.
2874 1850 2926 1916 1,
2958 1866 3089 1922 pag.
3120 1852 3226 1906 269
3245 1852 3384 1909 edit.
3408 1870 3505 1909 an.

1867 1935 2022 2000 1726,
2059 1935 2524 2007 manuscriptum
2555 1937 2855 2009 exemplar
2883 1938 3138 1996 ecclesiae
3159 1940 3505 1999 Parisiensis

1862 2023 1903 2077 F
1935 2024 1965 2076 4
1995 2027 2434 2080 commemorat.
2479 2024 2595 2081 Nos
2645 2031 2853 2096 praeter
2898 2044 3083 2084 unum
3115 2030 3413 2102 exemplar
3443 2032 3503 2087 S.

1860 2112 2157 2167 Benedicti
2177 2112 2630 2169 Padilironensis
2649 2115 3187 2188 mutilum,triaalia
3208 2135 3339 2175 cum
3357 2136 3503 2192 prae-

1861 2200 2077 2255 fatione
2108 2200 2262 2255 nacti
2288 2218 2518 2271 sumus,
2541 2220 2722 2258 unum
2754 2204 3012 2261 Basilica:
3036 2206 3323 2264 Vaticanaa
3348 2209 3414 2264 19
3436 2208 3504 2267 G.

1858 2287 2015 2344 aliud
2048 2289 2173 2343 Vat.
2209 2290 2346 2344 1538
2378 2307 2510 2345 cum
2542 2291 2820 2363 peculiari
2852 2294 3118 2365 ejusdem
3151 2296 3507 2368 prafationis

1858 2376 2175 2448 epigrapbe
2223 2378 2297 2432 ad
2342 2380 2404 2433 P.
2438 2380 2723 2448 abbatem,
2755 2381 3059 2454 nimirum,
3096 2390 3159 2439 ut
3187 2385 3507 2455 credimus,

1857 2467 1929 2522 ad
1953 2467 2225 2521 Pontium
2259 2467 2550 2535 abbatem,
2576 2470 2647 2523 ad
2680 2486 2855 2540 quem
2886 2475 2979 2528 Ivo
3010 2472 3411 2530 collectionem
3444 2491 3506 2531 se

1856 2555 2091 2611 misisse
2115 2555 2411 2626 professus
2433 2560 2522 2610 est
2542 2556 2712 2627 epist.
2735 2558 2874 2625 262;
2901 2574 2967 2613 ac
2985 2561 3221 2615 tandem
3244 2562 3502 2618 codicem

1853 2644 2194 2700 Patavinum
2231 2645 2652 2700 monachorum
2687 2646 2744 2701 S.
2767 2646 3015 2701 Justinus
3048 2647 3348 2720 signatum
3380 2649 3500 2705 YY.

1854 2734 1914 2791 V.
1951 2752 2007 2789 n.
2040 2734 2132 2802 86,
2162 2733 2221 2787 in
2254 2750 2369 2804 quo
2400 2732 2498 2789 hic
2526 2733 2733 2790 titulus
2770 2734 2980 2805 legitur
3010 2752 3024 2791 :
3056 2738 3234 2793 Ivonis
3261 2740 3507 2811 episcopi

1851 2825 2208 2881 Carnotensis
2243 2826 2635 2895 Excerptiones
2684 2825 3176 2882 ecclesiasticarum
3204 2838 3500 2883 canonum.

1852 2913 2130 2984 Sequitur
2147 2917 2340 2968 autem
2364 2913 2624 2984 praefatio
2648 2930 2778 2969 cum
2802 2914 2989 2971 titulis
3012 2919 3140 2972 octo
3161 2918 3415 2987 partium
3440 2917 3501 2972 in

1852 3018 1999 3072 quas
2023 3002 2376 3057 Pannormia
2393 3002 2689 3059 dividitur.
2718 3004 2820 3059 Hic
2846 3008 3040 3060 autem
3072 3006 3251 3061 codex
3271 3011 3500 3062 contro-

1848 3091 2098 3147 versiam
2131 3092 2201 3145 de
2232 3091 2411 3160 hujus
2457 3092 2648 3163 operis
2680 3097 2915 3148 auctore
2945 3094 3175 3149 videtur
3206 3095 3499 3152 dirimere.

1771 3162 1812 3227 C
1856 3180 2008 3234 Licet
2038 3180 2193 3235 enim
2228 3180 2500 3235 credatur
2522 3180 2721 3235 smculi
2749 3198 2864 3251 xxv,
2890 3184 3282 3255 transcriptus
3304 3188 3501 3240 tamen

1851 3270 1962 3323 fuit
1992 3284 2060 3323 ex
2089 3270 2406 3324 vetustiore
2427 3269 2713 3340 exemplo,
2738 3272 2893 3341 quod
2925 3272 3125 3326 statim
3158 3278 3289 3343 post
3312 3273 3500 3328 Ivonis

1851 3362 2101 3413 mortem
2132 3358 2321 3413 fuerat
2350 3363 2670 3414 exaratum.
2704 3359 3043 3431 Catalogum
3067 3362 3225 3416 enim
3256 3361 3497 3432 subjicit

1852 3447 2249 3502 Romanorum
2273 3447 2746 3518 pontificum,qui
2768 3449 2849 3503 ita
2870 3449 3087 3505 desinit
3104 3448 3161 3503 in
3182 3450 3413 3506 Gelasio
3436 3452 3501 3520 II,

1852 3541 1915 3592 ut
1946 3552 2131 3591 annos
2163 3536 2535 3606 pontificatus
2575 3535 2753 3607 huius
2804 3537 3036 3593 omittat
3065 3539 3165 3610 qui
3193 3539 3251 3594 in
3283 3555 3502 3611 prace-

1852 3625 2129 3680 dentibus
2147 3624 2521 3694 pontiﬁcibus
2534 3624 2880 3695 singillatim
2901 3631 3201 3683 notantur.
3218 3628 3279 3682 Id
3303 3633 3501 3684 autem

1853 3729 1921 3770 ex
1950 3730 2016 3769 eo
2048 3713 2235 3767 evenit
2267 3712 2408 3783 quia
2436 3711 2531 3767 ille
2563 3712 2865 3785 catalogus
2896 3715 3005 3769 sub
3038 3716 3238 3771 eodem
3270 3716 3501 3772 Gelasio

1853 3802 2108 3875 scriptus
2139 3802 2269 3868 fuit,
2315 3818 2447 3856 cum
2478 3801 2617 3856 anni
2664 3801 3040 3872 pontiﬁcatus
3087 3805 3352 3875 ejusdem
3378 3806 3501 3877 sig-

1858 3892 1982 3946 nari
2018 3908 2134 3945 non
2166 3894 2451 3962 poterant.
2506 3889 2773 3946 Gelasius
2801 3891 2852 3947 II
2900 3892 3307 3964 pontificatum
3339 3894 3512 3949 inivit

1858 3996 2011 4036 anno
2048 3980 2202 4045 1118,
2238 3982 2295 4034 et
2319 3979 2464 4034 obiit
2494 3994 2697 4035 mense
2734 3981 3010 4037 Januario
3052 3982 3379 4051 anni1119;
3416 3983 3510 4036 Ivo

1860 4073 2059 4124 autem
2089 4073 2435 4134 excesserat,
2466 4072 2525 4122 ut
2554 4067 2721 4123 initio
2752 4068 3028 4136 diximus,
3071 4087 3224 4125 anno
3262 4071 3396 4124 1115
3425 4069 3515 4124 vel

1865 4158 2021 4213 1117.
2054 4156 2204 4211 Illud
2236 4171 2373 4227 ergo
2422 4155 2777 4228 exemplum,
2806 4173 2874 4211 ex
2929 4173 3041 4228 quo
3083 4157 3393 4213 Patavinus
3425 4175 3512 4213 co-

1865 4246 1974 4299 dex
2015 4244 2344 4314 descriptus
2397 4247 2503 4310 est,
2557 4244 2749 4299 Ivonis
2790 4245 2943 4298 tutati
2975 4261 3197 4316 suppar
3224 4246 3355 4302 fuit.
3401 4246 3519 4302 Hoc

1865 4338 2060 4391 autem
2094 4338 2219 4389 tum
2270 4333 2579 4403 antiquum
2628 4333 3053 4402 testimonium,
3106 4351 3221 4406 quo
3262 4336 3521 4391 l‘annor.

1869 4423 1987 4478 mia
2018 4421 2176 4478 Ivoni
2213 4421 2518 4490 asseritur,
2553 4421 2723 4477 nobis
2770 4421 2917 4477 tanti
2965 4428 3053 4477 est
3083 4428 3165 4491 ut,
3200 4424 3249 4479 si
3282 4426 3353 4480 de
3385 4425 3524 4481 alte-

114 4510 465 4601 i’aunormia:
497 4542 801 4599 codicibus
852 4540 1090 4598 sublata
1139 4547 1247 4609 est,
1281 4542 1339 4597 in
1373 4543 1591 4614 quibus
1623 4560 1758 4599 cum
1788 4531 1835 4597 D
1869 4516 2030 4567 rutro
2062 4526 2231 4614 OPe‘f
2281 4510 2680 4614 dubitafldum‘
2713 4514 2892 4614 ,⁸⁸³θῇ
2936 4512 3006 4567 de
3058 4513 3294 4614 Ῑξθξξῖθῖο
3328 4516 3524 4586 Potius

116 4650 173 4690 ea
214 4631 543 4690 Innocentii
589 4631 639 4684 II
691 4633 924 4686 decreta
976 4647 1089 4686 non
1124 4631 1416 4701 legantur,
1464 4632 1759 4687 eademin

122 4723 409 4794 aliquibus
438 4719 875 4791 exemplaribus
898 4719 1205 4792 posteriori
1236 4719 1637 4776 additamento
1668 4737 1760 4776 ac-

124 4814 363 4868 cessisse
397 4812 860 4882 perspiciuntur.

182 4904 235 4956 7.
266 4903 347 4956 Ex
375 4901 678 4955 codicibus
716 4903 909 4955 autem
958 4916 1051 4955 res
1102 4899 1484 4970 dijudicanda
1514 4898 1761 4955 videtur.

122 4991 331 5048 Decreti
363 4990 597 5046 codices
633 4989 823 5061 pauci.
856 4993 995 5045 Tres
1017 4992 1247 5044 tantum
1281 4988 1564 5044 hactenus
1596 4989 1766 5046 nobis

123 5082 519 5146 innotuerunt,
541 5096 694 5134 unus
725 5095 793 5134 ex
810 5095 922 5148 quo
942 5079 1134 5148 prima
1164 5078 1342 5133 editio
1368 5078 1604 5150 prodiit,
1624 5078 1769 5133 alter

125 5168 453 5225 Victorinus
485 5185 519 5223 a
550 5167 821 5239 pluribus
867 5166 1166 5234 laudatus,
1200 5168 1273 5221 ad
1304 5182 1477 5237 quem
1511 5168 1770 5223 secunda

130 5259 292 5314 editio
310 5256 664 5313 Parisiensis
682 5261 879 5312 exacta
899 5257 1033 5324 fuit;
1056 5256 1262 5311 tertius
1276 5256 1587 5313 Vaticanus
1612 5258 1770 5327 1357,

131 5347 311 5404 seculi
343 5363 446 5414 xu,
479 5362 657 5417 quem
692 5346 803 5417 ipsi
832 5345 1115 5401 vidimus.
1151 5345 1215 5399 Hi
1247 5360 1451 5400 omnes
1483 5346 1771 5416 praefatio-

129 5454 245 5493 nem
278 5436 594 5503 exhibent;
630 5436 732 5490 sed
763 5434 1080 5490 Vaticanus
1104 5434 1231 5488 sine
1254 5434 1508 5489 auctoris
1538 5435 1775 5491 nomine

131 5526 269 5581 hunc
305 5524 548 5579 titulum
598 5524 832 5596 praefert
866 5540 879 5577 :
914 5526 1116 5593 Incipit
1160 5522 1297 5577 liber
1344 5526 1772 5592 extractionum,

131 5619 226 5673 sive
253 5619 640 5685 excerptarum
692 5612 1194 5669 ecclesiasticarum
1244 5627 1432 5667 rerum
1474 5617 1679 5681 partim
1707 5631 1779 5669 ea:

1870 4618 2047 4675 quam
2080 4601 2151 4656 de
2182 4599 2535 4655 Pannormia
2568 4599 2986 4671 ambigendum
3020 4602 3466 4660 arbitraremur.

1943 4727 1996 4782 8.
2028 4725 2227 4796 Neque
2248 4723 2464 4780 idcirco
2483 4723 2793 4779 Decretum
2818 4724 2888 4778 ab
2912 4724 3037 4796 ipso
3063 4724 3522 4797 abjudicandum

1875 4820 2173 4889 putamus.
2206 4815 2349 4868 Cum
2382 4812 2537 4868 enim
2560 4812 2699 4866 huic
2723 4829 2951 4884 quoque
2975 4816 3132 4885 operi
3157 4817 3360 4871 eadem
3383 4821 3533 4875 Pan-

1876 4903 2115 4961 normiaa
2147 4901 2407 4973 praefatio
2443 4902 2501 4955 in
2543 4900 2841 4956 veteribus
2871 4901 3038 4957 libris
3069 4904 3337 4973 addatur,
3368 4905 3428 4961 id
3462 4923 3531 4962 ea

1877 4995 1948 5049 de
1980 5008 2158 5048 causa
2186 4991 2404 5045 factum
2444 4989 2627 5044 fuisse
2658 4989 2975 5061 credimus,
3010 4992 3149 5062 quia
3178 4993 3405 5065 antiqui
3442 4994 3534 5051 illi

1880 5096 2267 5139 amanuenses
2287 5078 2395 5133 hoc
2425 5094 2655 5148 quoque
2686 5079 2757 5132 ab
2778 5079 2952 5133 Ivone
2974 5079 3349 5138 lucubratum
3369 5099 3533 5140 acce-

1882 5174 2109 5242 perant.
2145 5170 2238 5222 Ivo
2271 5166 2691 5220 Pannormiam
2724 5165 2912 5236 primo
2945 5167 3280 5239 scripsisse,
3312 5176 3368 5227 et
3398 5187 3533 5227 cum

1882 5255 2217 5329 praefatione
2261 5253 2515 5308 edidisse
2561 5253 2814 5307 videtur.
2870 5254 3016 5310 Hinc
3066 5258 3236 5327 plura
3268 5260 3533 5328 ejusdem

1886 5344 2246 5402 Pannormiae
2277 5340 2633 5412 exemplaria
2654 5341 2853 5397 statim
2876 5345 3208 5415 conscripta
3242 5350 3298 5400 et
3326 5360 3535 5415 propa-

1885 5440 2037 5507 gata.
2072 5434 2275 5489 Postea
2303 5446 2435 5485 vero
2458 5428 2830 5500 prolixiorem
2854 5430 3251 5488 collectionem
3275 5431 3533 5501 digessit,

1888 5525 1989 5577 sed
2021 5521 2290 5577 fortassis
2318 5519 2444 5589 ipse
2473 5534 2586 5572 non
2605 5518 2807 5573 edidit.
2832 5519 2978 5574 Hinc
2999 5519 3124 5574 sine
3144 5519 3377 5590 proprio
3400 5537 3535 5591 pro-

1889 5612 2022 5683 logo
2053 5613 2186 5682 post
2227 5609 2357 5677 ejus
2406 5609 2651 5662 mortem
2700 5606 2956 5671 inventa,
2989 5605 3177 5661 eidem
3208 5606 3267 5661 in
3302 5608 3542 5665 rariori-
