  <div class='ocr_page' id='page_1' title='image "/cluster/home/n/w/nwhite01/storage/ocr_20150623/161/hvd.32044054760194/069.png"; bbox 0 0 3916 6034; ppageno 0'>
   <div class='ocr_carea' id='block_1_1' title="bbox 413 316 3842 385">
    <p class='ocr_par' dir='ltr' id='par_1_1' title="bbox 413 316 3842 385">
     <span class='ocr_line' id='line_1_1' title="bbox 413 316 3842 385; baseline -0.004 -1"><span class='ocrx_word' id='word_1_1' title='bbox 413 331 481 385; x_wconf 83' lang='grc'>47</span> <span class='ocrx_word' id='word_1_2' title='bbox 1495 328 1563 378; x_wconf 91' lang='lat' dir='ltr'>D.</span> <span class='ocrx_word' id='word_1_3' title='bbox 1604 322 1846 377; x_wconf 85' lang='lat' dir='ltr'>IVONIS</span> <span class='ocrx_word' id='word_1_4' title='bbox 1882 320 2380 374; x_wconf 62' lang='lat' dir='ltr'>PARNOTENSIS</span> <span class='ocrx_word' id='word_1_5' title='bbox 2416 319 2739 373; x_wconf 82' lang='lat' dir='ltr'>EPISCOPI</span> <span class='ocrx_word' id='word_1_6' title='bbox 3754 316 3842 372; x_wconf 75' lang='grc'>48</span> 
     </span>
    </p>
   </div>
   <div class='ocr_carea' id='block_1_2' title="bbox 408 439 3839 527">
    <p class='ocr_par' dir='ltr' id='par_1_2' title="bbox 408 439 3839 527">
     <span class='ocr_line' id='line_1_2' title="bbox 408 439 3839 527; baseline -0.004 -16"><span class='ocrx_word' id='word_1_7' title='bbox 408 457 542 525; x_wconf 90' lang='lat' dir='ltr'>bus,</span> <span class='ocrx_word' id='word_1_8' title='bbox 573 471 700 527; x_wconf 63' lang='lat' dir='ltr'>quae</span> <span class='ocrx_word' id='word_1_9' title='bbox 732 453 952 525; x_wconf 87' lang='lat' dir='ltr'>scripta</span> <span class='ocrx_word' id='word_1_10' title='bbox 1000 452 1253 516; x_wconf 76' lang='lat' dir='ltr'>fuerunt,</span> <span class='ocrx_word' id='word_1_11' title='bbox 1304 445 1734 518; x_wconf 82' lang='lat' dir='ltr'>exemplaribus</span> <span class='ocrx_word' id='word_1_12' title='bbox 1783 443 2060 516; x_wconf 82' lang='lat' dir='ltr'>prologue</span> <span class='ocrx_word' id='word_1_13' title='bbox 2091 447 2143 512; x_wconf 82' lang='grc' dir='ltr'>Α</span> <span class='ocrx_word' id='word_1_14' title='bbox 2176 444 2298 511; x_wconf 89' lang='grc'>437,</span> <span class='ocrx_word' id='word_1_15' title='bbox 2331 443 2434 496; x_wconf 87' lang='grc'>438</span> <span class='ocrx_word' id='word_1_16' title='bbox 2463 446 2521 496; x_wconf 83' lang='lat' dir='ltr'>et</span> <span class='ocrx_word' id='word_1_17' title='bbox 2549 441 2672 511; x_wconf 87' lang='grc'>439,</span> <span class='ocrx_word' id='word_1_18' title='bbox 2704 441 2776 496; x_wconf 87' lang='lat' dir='ltr'>de</span> <span class='ocrx_word' id='word_1_19' title='bbox 2805 440 2980 496; x_wconf 90' lang='lat' dir='ltr'>verbo</span> <span class='ocrx_word' id='word_1_20' title='bbox 3029 440 3102 494; x_wconf 89' lang='lat' dir='ltr'>ad</span> <span class='ocrx_word' id='word_1_21' title='bbox 3154 439 3398 495; x_wconf 81' lang='lat' dir='ltr'>verbum</span> <span class='ocrx_word' id='word_1_22' title='bbox 3433 440 3736 496; x_wconf 78' lang='lat' dir='ltr'>transtulit</span> <span class='ocrx_word' id='word_1_23' title='bbox 3769 443 3839 498; x_wconf 91' lang='lat' dir='ltr'>in</span> 
     </span>
    </p>
   </div>
   <div class='ocr_carea' id='block_1_3' title="bbox 404 528 3840 608">
    <p class='ocr_par' dir='ltr' id='par_1_3' title="bbox 404 528 3840 608">
     <span class='ocr_line' id='line_1_3' title="bbox 404 528 3840 608; baseline -0.004 -7"><span class='ocrx_word' id='word_1_24' title='bbox 404 561 474 600; x_wconf 85' lang='lat' dir='ltr'>ex</span> <span class='ocrx_word' id='word_1_25' title='bbox 503 545 855 600; x_wconf 87' lang='lat' dir='ltr'>Pannormia</span> <span class='ocrx_word' id='word_1_26' title='bbox 901 543 1137 596; x_wconf 89' lang='lat' dir='ltr'>additus</span> <span class='ocrx_word' id='word_1_27' title='bbox 1190 539 1319 606; x_wconf 87' lang='lat' dir='ltr'>fuit,</span> <span class='ocrx_word' id='word_1_28' title='bbox 1356 537 1456 608; x_wconf 89' lang='lat' dir='ltr'>qui</span> <span class='ocrx_word' id='word_1_29' title='bbox 1488 536 1731 608; x_wconf 82' lang='lat' dir='ltr'>proinde</span> <span class='ocrx_word' id='word_1_30' title='bbox 1778 535 1836 589; x_wconf 91' lang='lat' dir='ltr'>in</span> <span class='ocrx_word' id='word_1_31' title='bbox 1861 533 2057 589; x_wconf 90' lang='lat' dir='ltr'>Victo-</span> <span class='ocrx_word' id='word_1_32' title='bbox 2167 532 2476 588; x_wconf 83' lang='lat' dir='ltr'>Decretum</span> <span class='ocrx_word' id='word_1_33' title='bbox 2511 535 2661 603; x_wconf 89' lang='lat' dir='ltr'>part.</span> <span class='ocrx_word' id='word_1_34' title='bbox 2694 547 2773 601; x_wconf 81' lang='lat' dir='ltr'>v1,</span> <span class='ocrx_word' id='word_1_35' title='bbox 2807 546 2856 585; x_wconf 91' lang='lat' dir='ltr'>c.</span> <span class='ocrx_word' id='word_1_36' title='bbox 2893 530 3018 598; x_wconf 88' lang='grc'>433,</span> <span class='ocrx_word' id='word_1_37' title='bbox 3053 529 3154 585; x_wconf 87' lang='grc'>434</span> <span class='ocrx_word' id='word_1_38' title='bbox 3187 533 3243 585; x_wconf 88' lang='lat' dir='ltr'>et</span> <span class='ocrx_word' id='word_1_39' title='bbox 3273 529 3398 585; x_wconf 80' lang='grc'>435.</span> <span class='ocrx_word' id='word_1_40' title='bbox 3433 528 3716 602; x_wconf 84' lang='lat' dir='ltr'>Pleraque</span> <span class='ocrx_word' id='word_1_41' title='bbox 3737 549 3840 589; x_wconf 82' lang='lat' dir='ltr'>ve-</span> 
     </span>
    </p>
   </div>
   <div class='ocr_carea' id='block_1_4' title="bbox 399 617 3835 704">
    <p class='ocr_par' dir='ltr' id='par_1_4' title="bbox 399 617 3835 704">
     <span class='ocr_line' id='line_1_4' title="bbox 399 617 3835 704; baseline -0.003 -15"><span class='ocrx_word' id='word_1_42' title='bbox 399 635 528 690; x_wconf 89' lang='lat' dir='ltr'>rino</span> <span class='ocrx_word' id='word_1_43' title='bbox 562 634 974 704; x_wconf 80' lang='lat' dir='ltr'>antiquissimo</span> <span class='ocrx_word' id='word_1_44' title='bbox 1025 628 1310 698; x_wconf 85' lang='lat' dir='ltr'>exemplo,</span> <span class='ocrx_word' id='word_1_45' title='bbox 1357 643 1470 680; x_wconf 90' lang='lat' dir='ltr'>non</span> <span class='ocrx_word' id='word_1_46' title='bbox 1507 626 1563 679; x_wconf 91' lang='lat' dir='ltr'>in</span> <span class='ocrx_word' id='word_1_47' title='bbox 1613 624 1821 692; x_wconf 88' lang='lat' dir='ltr'>fronte,</span> <span class='ocrx_word' id='word_1_48' title='bbox 1855 623 1953 678; x_wconf 88' lang='lat' dir='ltr'>sed</span> <span class='ocrx_word' id='word_1_49' title='bbox 1988 623 2048 676; x_wconf 88' lang='lat' dir='ltr'>in</span> <span class='ocrx_word' id='word_1_50' title='bbox 2161 639 2224 676; x_wconf 89' lang='lat' dir='ltr'>ro</span> <span class='ocrx_word' id='word_1_51' title='bbox 2254 638 2322 676; x_wconf 84' lang='lat' dir='ltr'>ex</span> <span class='ocrx_word' id='word_1_52' title='bbox 2354 621 2685 676; x_wconf 88' lang='lat' dir='ltr'>Burchardo</span> <span class='ocrx_word' id='word_1_53' title='bbox 2731 621 3007 691; x_wconf 87' lang='lat' dir='ltr'>sumpsit.</span> <span class='ocrx_word' id='word_1_54' title='bbox 3042 617 3174 674; x_wconf 85' lang='lat' dir='ltr'>Alia</span> <span class='ocrx_word' id='word_1_55' title='bbox 3228 635 3342 674; x_wconf 88' lang='lat' dir='ltr'>non</span> <span class='ocrx_word' id='word_1_56' title='bbox 3393 636 3580 690; x_wconf 88' lang='lat' dir='ltr'>pauca</span> <span class='ocrx_word' id='word_1_57' title='bbox 3609 626 3666 676; x_wconf 90' lang='lat' dir='ltr'>et</span> <span class='ocrx_word' id='word_1_58' title='bbox 3695 621 3835 694; x_wconf 83' lang='lat' dir='ltr'>ipse</span> 
     </span>
    </p>
   </div>
   <div class='ocr_carea' id='block_1_5' title="bbox 399 709 3833 781">
    <p class='ocr_par' dir='ltr' id='par_1_5' title="bbox 399 709 3833 781">
     <span class='ocr_line' id='line_1_5' title="bbox 399 709 3833 781; baseline -0.004 -2"><span class='ocrx_word' id='word_1_59' title='bbox 399 723 515 778; x_wconf 82' lang='lat' dir='ltr'>fine</span> <span class='ocrx_word' id='word_1_60' title='bbox 545 722 766 778; x_wconf 89' lang='lat' dir='ltr'>Decreti</span> <span class='ocrx_word' id='word_1_61' title='bbox 799 721 956 776; x_wconf 87' lang='lat' dir='ltr'>velut</span> <span class='ocrx_word' id='word_1_62' title='bbox 985 717 1292 774; x_wconf 91' lang='lat' dir='ltr'>addititius</span> <span class='ocrx_word' id='word_1_63' title='bbox 1323 715 1700 770; x_wconf 83' lang='lat' dir='ltr'>describitur.</span> <span class='ocrx_word' id='word_1_64' title='bbox 2161 711 2430 780; x_wconf 90' lang='lat' dir='ltr'>inseruit,</span> <span class='ocrx_word' id='word_1_65' title='bbox 2466 710 2550 764; x_wconf 88' lang='lat' dir='ltr'>uti</span> <span class='ocrx_word' id='word_1_66' title='bbox 2583 713 2723 764; x_wconf 88' lang='lat' dir='ltr'>sunt</span> <span class='ocrx_word' id='word_1_67' title='bbox 2752 726 2839 764; x_wconf 84' lang='lat' dir='ltr'>ex.</span> <span class='ocrx_word' id='word_1_68' title='bbox 2865 725 2953 781; x_wconf 93' lang='lat' dir='ltr'>gr.</span> <span class='ocrx_word' id='word_1_69' title='bbox 2978 724 3104 779; x_wconf 74' lang='lat' dir='ltr'>qua:</span> <span class='ocrx_word' id='word_1_70' title='bbox 3130 711 3291 779; x_wconf 86' lang='lat' dir='ltr'>parte</span> <span class='ocrx_word' id='word_1_71' title='bbox 3322 709 3582 764; x_wconf 88' lang='lat' dir='ltr'>secunda</span> <span class='ocrx_word' id='word_1_72' title='bbox 3614 710 3833 767; x_wconf 84' lang='lat' dir='ltr'>Decre-</span> 
     </span>
    </p>
   </div>
   <div class='ocr_carea' id='block_1_6' title="bbox 467 797 3834 882">
    <p class='ocr_par' dir='ltr' id='par_1_6' title="bbox 467 797 3834 882">
     <span class='ocr_line' id='line_1_6' title="bbox 467 797 3834 882; baseline -0.002 -17"><span class='ocrx_word' id='word_1_73' title='bbox 467 813 520 865; x_wconf 87' lang='lat'>9.</span> <span class='ocrx_word' id='word_1_74' title='bbox 556 811 892 882; x_wconf 68' lang='lat' dir='ltr'>Praecipuus</span> <span class='ocrx_word' id='word_1_75' title='bbox 920 811 1048 864; x_wconf 89' lang='lat' dir='ltr'>fons</span> <span class='ocrx_word' id='word_1_76' title='bbox 1077 822 1147 861; x_wconf 85' lang='lat' dir='ltr'>ex</span> <span class='ocrx_word' id='word_1_77' title='bbox 1176 822 1292 878; x_wconf 90' lang='lat' dir='ltr'>quo</span> <span class='ocrx_word' id='word_1_78' title='bbox 1325 805 1420 862; x_wconf 89' lang='lat' dir='ltr'>lvo</span> <span class='ocrx_word' id='word_1_79' title='bbox 1465 819 1720 860; x_wconf 90' lang='lat' dir='ltr'>canones</span> <span class='ocrx_word' id='word_1_80' title='bbox 1747 800 2050 868; x_wconf 82' lang='lat' dir='ltr'>derivavit,</span> <span class='ocrx_word' id='word_1_81' title='bbox 2161 799 2205 855; x_wconf 89' lang='lat' dir='ltr'>ti</span> <span class='ocrx_word' id='word_1_82' title='bbox 2263 799 2680 855; x_wconf 91' lang='lat' dir='ltr'>describuntur</span> <span class='ocrx_word' id='word_1_83' title='bbox 2737 799 3020 854; x_wconf 87' lang='lat' dir='ltr'>adversus</span> <span class='ocrx_word' id='word_1_84' title='bbox 3079 797 3408 870; x_wconf 89' lang='lat' dir='ltr'>Berengarii</span> <span class='ocrx_word' id='word_1_85' title='bbox 3469 814 3717 867; x_wconf 89' lang='lat' dir='ltr'>errores,</span> <span class='ocrx_word' id='word_1_86' title='bbox 3763 805 3834 857; x_wconf 85' lang='lat' dir='ltr'>et</span> 
     </span>
    </p>
   </div>
   <div class='ocr_carea' id='block_1_7' title="bbox 398 890 2053 963">
    <p class='ocr_par' dir='ltr' id='par_1_7' title="bbox 398 890 2053 963">
     <span class='ocr_line' id='line_1_7' title="bbox 398 890 2053 963; baseline -0.006 -9"><span class='ocrx_word' id='word_1_87' title='bbox 398 900 511 956; x_wconf 88' lang='lat' dir='ltr'>fuit</span> <span class='ocrx_word' id='word_1_88' title='bbox 537 899 800 956; x_wconf 85' lang='lat' dir='ltr'>collectio</span> <span class='ocrx_word' id='word_1_89' title='bbox 834 897 1182 953; x_wconf 88' lang='lat' dir='ltr'>Isidoriana.</span> <span class='ocrx_word' id='word_1_90' title='bbox 1219 895 1370 950; x_wconf 82' lang='lat' dir='ltr'>Usus</span> <span class='ocrx_word' id='word_1_91' title='bbox 1403 899 1493 949; x_wconf 88' lang='lat' dir='ltr'>est</span> <span class='ocrx_word' id='word_1_92' title='bbox 1524 894 1703 948; x_wconf 90' lang='lat' dir='ltr'>etiam</span> <span class='ocrx_word' id='word_1_93' title='bbox 1736 890 2053 963; x_wconf 81' lang='lat' dir='ltr'>aliquando</span> 
     </span>
    </p>
   </div>
   <div class='ocr_carea' id='block_1_8' title="bbox 400 984 2054 1060">
    <p class='ocr_par' dir='ltr' id='par_1_8' title="bbox 400 984 2054 1060">
     <span class='ocr_line' id='line_1_8' title="bbox 400 984 2054 1060; baseline -0.006 -16"><span class='ocrx_word' id='word_1_94' title='bbox 400 989 719 1060; x_wconf 82' lang='lat' dir='ltr'>Reginonis</span> <span class='ocrx_word' id='word_1_95' title='bbox 748 984 1185 1057; x_wconf 90' lang='lat' dir='ltr'>compilatione,</span> <span class='ocrx_word' id='word_1_96' title='bbox 1209 1000 1278 1039; x_wconf 86' lang='lat' dir='ltr'>ex</span> <span class='ocrx_word' id='word_1_97' title='bbox 1299 999 1414 1055; x_wconf 90' lang='lat' dir='ltr'>qua</span> <span class='ocrx_word' id='word_1_98' title='bbox 1436 984 1586 1037; x_wconf 90' lang='lat' dir='ltr'>inter</span> <span class='ocrx_word' id='word_1_99' title='bbox 1606 985 1832 1048; x_wconf 68' lang='lat' dir='ltr'>caetera,</span> <span class='ocrx_word' id='word_1_100' title='bbox 1855 995 2054 1035; x_wconf 86' lang='lat' dir='ltr'>exem-</span> 
     </span>
    </p>
   </div>
   <div class='ocr_carea' id='block_1_9' title="bbox 398 1069 2050 1150">
    <p class='ocr_par' dir='ltr' id='par_1_9' title="bbox 398 1069 2050 1150">
     <span class='ocr_line' id='line_1_9' title="bbox 398 1069 2050 1150; baseline -0.006 -18"><span class='ocrx_word' id='word_1_101' title='bbox 398 1077 585 1150; x_wconf 89' lang='lat' dir='ltr'>plaria</span> <span class='ocrx_word' id='word_1_102' title='bbox 612 1076 943 1131; x_wconf 87' lang='lat' dir='ltr'>litterarum</span> <span class='ocrx_word' id='word_1_103' title='bbox 976 1074 1363 1130; x_wconf 82' lang='lat' dir='ltr'>formatarum</span> <span class='ocrx_word' id='word_1_104' title='bbox 1395 1073 1468 1128; x_wconf 92' lang='lat' dir='ltr'>ab</span> <span class='ocrx_word' id='word_1_105' title='bbox 1494 1087 1560 1128; x_wconf 89' lang='lat' dir='ltr'>eo</span> <span class='ocrx_word' id='word_1_106' title='bbox 1581 1069 1766 1127; x_wconf 88' lang='lat' dir='ltr'>relata</span> <span class='ocrx_word' id='word_1_107' title='bbox 1795 1069 1898 1125; x_wconf 90' lang='lat' dir='ltr'>lib.</span> <span class='ocrx_word' id='word_1_108' title='bbox 1933 1086 1972 1136; x_wconf 86' lang='grc' dir='ltr'>ι,</span> <span class='ocrx_word' id='word_1_109' title='bbox 1995 1085 2050 1122; x_wconf 91' lang='lat' dir='ltr'>n.</span> 
     </span>
    </p>
   </div>
   <div class='ocr_carea' id='block_1_10' title="bbox 1419 1323 2792 1448">
    <p class='ocr_par' dir='ltr' id='par_1_10' title="bbox 1419 1323 2792 1448">
     <span class='ocr_line' id='line_1_10' title="bbox 1419 1323 2792 1448; baseline -0.007 1"><span class='ocrx_word' id='word_1_110' title='bbox 1419 1328 1893 1448; x_wconf 79' lang='lat' dir='ltr'><strong>DIVI</strong></span> <span class='ocrx_word' id='word_1_111' title='bbox 2030 1323 2792 1444; x_wconf 82' lang='lat' dir='ltr'>IVONIS</span> 
     </span>
    </p>
   </div>
   <div class='ocr_carea' id='block_1_11' title="bbox 1760 1525 2420 1622">
    <p class='ocr_par' dir='ltr' id='par_1_11' title="bbox 1760 1525 2420 1622">
     <span class='ocr_line' id='line_1_11' title="bbox 1760 1525 2420 1622; baseline -0.003 -1"><span class='ocrx_word' id='word_1_112' title='bbox 1760 1525 2420 1622; x_wconf 83' lang='lat' dir='ltr'>PROLOGUS</span> 
     </span>
    </p>
   </div>
   <div class='ocr_carea' id='block_1_12' title="bbox 427 1695 3773 1842">
    <p class='ocr_par' dir='ltr' id='par_1_12' title="bbox 427 1695 3773 1842">
     <span class='ocr_line' id='line_1_12' title="bbox 427 1695 3773 1842; baseline -0.004 -72"><span class='ocrx_word' id='word_1_113' title='bbox 427 1711 505 1770; x_wconf 91' lang='lat' dir='ltr'>IN</span> <span class='ocrx_word' id='word_1_114' title='bbox 557 1708 982 1771; x_wconf 82' lang='lat' dir='ltr'>DECRETUM</span> <span class='ocrx_word' id='word_1_115' title='bbox 1028 1707 1078 1765; x_wconf 85' lang='lat' dir='ltr'><strong>A</strong></span> <span class='ocrx_word' id='word_1_116' title='bbox 1121 1706 1215 1766; x_wconf 88' lang='lat' dir='ltr'>SE</span> <span class='ocrx_word' id='word_1_117' title='bbox 1259 1697 2455 1842; x_wconf 46' lang='lat' dir='ltr'>CONCINNATUM,D1?GTE§$IIJI§IBUS</span> <span class='ocrx_word' id='word_1_118' title='bbox 2504 1697 2655 1758; x_wconf 88' lang='lat' dir='ltr'>SEU</span> <span class='ocrx_word' id='word_1_119' title='bbox 2701 1695 2955 1758; x_wconf 81' lang='lat' dir='ltr'>LlBRlS</span> <span class='ocrx_word' id='word_1_120' title='bbox 3001 1696 3309 1759; x_wconf 85' lang='lat' dir='ltr'>SEPTEM</span> <span class='ocrx_word' id='word_1_121' title='bbox 3357 1695 3455 1757; x_wconf 85' lang='lat' dir='ltr'><strong>AC</strong></span> <span class='ocrx_word' id='word_1_122' title='bbox 3503 1695 3773 1758; x_wconf 83' lang='lat' dir='ltr'>DECEM</span> 
     </span>
    </p>
   </div>
   <div class='ocr_carea' id='block_1_13' title="bbox 1495 319 2739 378">
    <p class='ocr_par' dir='ltr' id='par_1_13' title="bbox 1495 319 2739 378">
     <span class='ocr_line' id='line_1_13' title="bbox 1495 319 2739 378; baseline -0.006 0"><span class='ocrx_word' id='word_1_123' title='bbox 1495 328 1563 378; x_wconf 91' lang='lat' dir='ltr'>D.</span> <span class='ocrx_word' id='word_1_124' title='bbox 1604 322 1846 377; x_wconf 84' lang='lat' dir='ltr'>IVONIS</span> <span class='ocrx_word' id='word_1_125' title='bbox 1882 320 2380 374; x_wconf 62' lang='lat' dir='ltr'>PARNOTENSIS</span> <span class='ocrx_word' id='word_1_126' title='bbox 2416 319 2739 373; x_wconf 82' lang='lat' dir='ltr'>EPISCOPI</span> 
     </span>
    </p>
   </div>
   <div class='ocr_carea' id='block_1_14' title="bbox 2163 886 3832 960">
    <p class='ocr_par' dir='ltr' id='par_1_14' title="bbox 2163 886 3832 960">
     <span class='ocr_line' id='line_1_14' title="bbox 2163 886 3832 960; baseline 0.001 -17"><span class='ocrx_word' id='word_1_127' title='bbox 2163 905 2290 960; x_wconf 80' lang='lat' dir='ltr'>quae</span> <span class='ocrx_word' id='word_1_128' title='bbox 2324 891 2477 960; x_wconf 84' lang='lat' dir='ltr'>part.</span> <span class='ocrx_word' id='word_1_129' title='bbox 2503 904 2596 942; x_wconf 69' lang='lat' dir='ltr'>xv:</span> <span class='ocrx_word' id='word_1_130' title='bbox 2630 887 2964 943; x_wconf 84' lang='lat' dir='ltr'>referuntur</span> <span class='ocrx_word' id='word_1_131' title='bbox 2991 903 3060 942; x_wconf 82' lang='lat' dir='ltr'>ex</span> <span class='ocrx_word' id='word_1_132' title='bbox 3088 886 3226 942; x_wconf 88' lang='lat' dir='ltr'>Jure</span> <span class='ocrx_word' id='word_1_133' title='bbox 3256 890 3516 943; x_wconf 85' lang='lat' dir='ltr'>Romano</span> <span class='ocrx_word' id='word_1_134' title='bbox 3548 893 3605 944; x_wconf 91' lang='lat' dir='ltr'>et</span> <span class='ocrx_word' id='word_1_135' title='bbox 3633 904 3704 944; x_wconf 83' lang='lat' dir='ltr'>ex</span> <span class='ocrx_word' id='word_1_136' title='bbox 3718 892 3832 945; x_wconf 86' lang='lat' dir='ltr'>Ca-</span> 
     </span>
    </p>
   </div>
   <div class='ocr_carea' id='block_1_15' title="bbox 2163 976 3174 1050">
    <p class='ocr_par' dir='ltr' id='par_1_15' title="bbox 2163 976 3174 1050">
     <span class='ocr_line' id='line_1_15' title="bbox 2163 976 3174 1050; baseline -0.002 -18"><span class='ocrx_word' id='word_1_137' title='bbox 2163 976 2524 1050; x_wconf 89' lang='lat' dir='ltr'>pitularibus</span> <span class='ocrx_word' id='word_1_138' title='bbox 2558 992 2761 1050; x_wconf 86' lang='lat' dir='ltr'>regum</span> <span class='ocrx_word' id='word_1_139' title='bbox 2795 977 3174 1033; x_wconf 84' lang='lat' dir='ltr'>Francorum.</span> 
     </span>
    </p>
   </div>
   <div class='ocr_carea' id='block_1_16' title="bbox 460 2079 3801 2166">
    <p class='ocr_par' dir='ltr' id='par_1_16' title="bbox 460 2079 3801 2166">
     <span class='ocr_line' id='line_1_16' title="bbox 460 2079 3801 2166; baseline -0.004 -16"><span class='ocrx_word' id='word_1_140' title='bbox 460 2098 499 2150; x_wconf 75' lang='grc' dir='ltr'><strong>ι</strong></span> <span class='ocrx_word' id='word_1_141' title='bbox 541 2093 948 2166; x_wconf 80' lang='lat' dir='ltr'>Excerptiones</span> <span class='ocrx_word' id='word_1_142' title='bbox 978 2091 1512 2147; x_wconf 85' lang='lat' dir='ltr'>ecclesiasticarum</span> <span class='ocrx_word' id='word_1_143' title='bbox 1533 2088 1865 2160; x_wconf 88' lang='lat' dir='ltr'>regularum</span> <span class='ocrx_word' id='word_1_144' title='bbox 1901 2103 2031 2158; x_wconf 87' lang='lat' dir='ltr'>par-</span> <span class='ocrx_word' id='word_1_145' title='bbox 2062 2087 2110 2152; x_wconf 90' lang='lat' dir='ltr'><strong>B</strong></span> <span class='ocrx_word' id='word_1_146' title='bbox 2143 2099 2277 2139; x_wconf 89' lang='lat' dir='ltr'>nem</span> <span class='ocrx_word' id='word_1_147' title='bbox 2303 2083 2488 2138; x_wconf 88' lang='lat' dir='ltr'>sacris</span> <span class='ocrx_word' id='word_1_148' title='bbox 2509 2080 2987 2138; x_wconf 88' lang='lat' dir='ltr'>institutionibus</span> <span class='ocrx_word' id='word_1_149' title='bbox 3009 2080 3276 2136; x_wconf 90' lang='lat' dir='ltr'>debitum</span> <span class='ocrx_word' id='word_1_150' title='bbox 3302 2079 3604 2152; x_wconf 84' lang='lat' dir='ltr'>pervenire</span> <span class='ocrx_word' id='word_1_151' title='bbox 3629 2079 3801 2138; x_wconf 86' lang='lat' dir='ltr'>inten</span> 
     </span>
    </p>
   </div>
   <div class='ocr_carea' id='block_1_17' title="bbox 382 2171 3808 2255">
    <p class='ocr_par' dir='ltr' id='par_1_17' title="bbox 382 2171 3808 2255">
     <span class='ocr_line' id='line_1_17' title="bbox 382 2171 3808 2255; baseline -0.003 -16"><span class='ocrx_word' id='word_1_152' title='bbox 382 2185 490 2239; x_wconf 88' lang='lat' dir='ltr'>tim</span> <span class='ocrx_word' id='word_1_153' title='bbox 523 2201 591 2238; x_wconf 81' lang='lat' dir='ltr'>ex</span> <span class='ocrx_word' id='word_1_154' title='bbox 620 2182 881 2255; x_wconf 88' lang='lat' dir='ltr'>epistolis</span> <span class='ocrx_word' id='word_1_155' title='bbox 925 2183 1311 2236; x_wconf 77' lang='lat' dir='ltr'>Romanorum</span> <span class='ocrx_word' id='word_1_156' title='bbox 1341 2179 1706 2250; x_wconf 76' lang='lat' dir='ltr'>pontificum,</span> <span class='ocrx_word' id='word_1_157' title='bbox 1732 2175 1944 2248; x_wconf 88' lang='lat' dir='ltr'>partim</span> <span class='ocrx_word' id='word_1_158' title='bbox 1967 2192 2034 2230; x_wconf 82' lang='lat' dir='ltr'>ex</span> <span class='ocrx_word' id='word_1_159' title='bbox 2143 2175 2263 2229; x_wconf 88' lang='lat' dir='ltr'>dat.</span> <span class='ocrx_word' id='word_1_160' title='bbox 2303 2175 2458 2230; x_wconf 90' lang='lat' dir='ltr'>Unde</span> <span class='ocrx_word' id='word_1_161' title='bbox 2482 2173 2622 2228; x_wconf 89' lang='lat' dir='ltr'>dicit</span> <span class='ocrx_word' id='word_1_162' title='bbox 2644 2173 2849 2228; x_wconf 88' lang='lat' dir='ltr'>beatus</span> <span class='ocrx_word' id='word_1_163' title='bbox 2881 2171 3254 2243; x_wconf 86' lang='lat' dir='ltr'>Augustinus</span> <span class='ocrx_word' id='word_1_164' title='bbox 3276 2171 3347 2227; x_wconf 88' lang='lat' dir='ltr'>de</span> <span class='ocrx_word' id='word_1_165' title='bbox 3367 2171 3686 2243; x_wconf 88' lang='lat' dir='ltr'>disciplina</span> <span class='ocrx_word' id='word_1_166' title='bbox 3707 2187 3808 2228; x_wconf 82' lang='lat' dir='ltr'>ec-</span> 
     </span>
    </p>
   </div>
   <div class='ocr_carea' id='block_1_18' title="bbox 383 2260 3816 2339">
    <p class='ocr_par' dir='ltr' id='par_1_18' title="bbox 383 2260 3816 2339">
     <span class='ocr_line' id='line_1_18' title="bbox 383 2260 3816 2339; baseline -0.003 -11"><span class='ocrx_word' id='word_1_167' title='bbox 383 2273 577 2328; x_wconf 89' lang='lat' dir='ltr'>Gestis</span> <span class='ocrx_word' id='word_1_168' title='bbox 608 2271 990 2327; x_wconf 90' lang='lat' dir='ltr'>conciliorum</span> <span class='ocrx_word' id='word_1_169' title='bbox 1010 2269 1432 2325; x_wconf 87' lang='lat' dir='ltr'>catholicorum</span> <span class='ocrx_word' id='word_1_170' title='bbox 1456 2267 1885 2339; x_wconf 90' lang='lat' dir='ltr'>episcoporum,</span> <span class='ocrx_word' id='word_1_171' title='bbox 1906 2280 2034 2334; x_wconf 88' lang='lat' dir='ltr'>par-</span> <span class='ocrx_word' id='word_1_172' title='bbox 2141 2262 2471 2318; x_wconf 90' lang='lat' dir='ltr'>clesiastica</span> <span class='ocrx_word' id='word_1_173' title='bbox 2494 2266 2754 2317; x_wconf 89' lang='lat' dir='ltr'>tractans</span> <span class='ocrx_word' id='word_1_174' title='bbox 2779 2279 2791 2315; x_wconf 90' lang='lat'>:</span> <span class='ocrx_word' id='word_1_175' title='bbox 2825 2281 2846 2309; x_wconf 78' lang='grc' dir='ltr'>ι</span> <span class='ocrx_word' id='word_1_176' title='bbox 2872 2261 3030 2316; x_wconf 87' lang='lat' dir='ltr'>Habe</span> <span class='ocrx_word' id='word_1_177' title='bbox 3053 2260 3494 2327; x_wconf 89' lang='lat' dir='ltr'>charitatem,et</span> <span class='ocrx_word' id='word_1_178' title='bbox 3521 2262 3608 2316; x_wconf 88' lang='lat' dir='ltr'>l&#39;ac</span> <span class='ocrx_word' id='word_1_179' title='bbox 3633 2262 3816 2332; x_wconf 90' lang='lat' dir='ltr'>quid-</span> 
     </span>
    </p>
   </div>
   <div class='ocr_carea' id='block_1_19' title="bbox 378 2349 3809 2425">
    <p class='ocr_par' dir='ltr' id='par_1_19' title="bbox 378 2349 3809 2425">
     <span class='ocr_line' id='line_1_19' title="bbox 378 2349 3809 2425; baseline -0.003 -9"><span class='ocrx_word' id='word_1_180' title='bbox 378 2362 486 2416; x_wconf 89' lang='lat' dir='ltr'>tim</span> <span class='ocrx_word' id='word_1_181' title='bbox 519 2378 588 2417; x_wconf 83' lang='lat' dir='ltr'>ex</span> <span class='ocrx_word' id='word_1_182' title='bbox 605 2360 954 2416; x_wconf 83' lang='lat' dir='ltr'>tractatibus</span> <span class='ocrx_word' id='word_1_183' title='bbox 972 2359 1427 2414; x_wconf 89' lang='lat' dir='ltr'>orthodoxorum</span> <span class='ocrx_word' id='word_1_184' title='bbox 1451 2358 1708 2422; x_wconf 86' lang='lat' dir='ltr'>Patrum,</span> <span class='ocrx_word' id='word_1_185' title='bbox 1732 2355 1941 2425; x_wconf 83' lang='lat' dir='ltr'>partim</span> <span class='ocrx_word' id='word_1_186' title='bbox 1967 2369 2034 2408; x_wconf 85' lang='lat' dir='ltr'>ex</span> <span class='ocrx_word' id='word_1_187' title='bbox 2143 2353 2284 2422; x_wconf 83' lang='lat' dir='ltr'>quid</span> <span class='ocrx_word' id='word_1_188' title='bbox 2318 2352 2422 2406; x_wconf 85' lang='lat' dir='ltr'>vis.</span> <span class='ocrx_word' id='word_1_189' title='bbox 2457 2351 2518 2406; x_wconf 91' lang='lat' dir='ltr'>Si</span> <span class='ocrx_word' id='word_1_190' title='bbox 2549 2351 2816 2421; x_wconf 86' lang='lat' dir='ltr'>corripis,</span> <span class='ocrx_word' id='word_1_191' title='bbox 2849 2351 3075 2422; x_wconf 87' lang='lat' dir='ltr'>corripe</span> <span class='ocrx_word' id='word_1_192' title='bbox 3099 2366 3236 2406; x_wconf 83' lang='lat' dir='ltr'>eum</span> <span class='ocrx_word' id='word_1_193' title='bbox 3259 2349 3564 2406; x_wconf 90' lang='lat' dir='ltr'>charitate.</span> <span class='ocrx_word' id='word_1_194' title='bbox 3591 2350 3648 2404; x_wconf 88' lang='lat' dir='ltr'>Si</span> <span class='ocrx_word' id='word_1_195' title='bbox 3675 2367 3809 2421; x_wconf 86' lang='lat' dir='ltr'>par-</span> 
     </span>
    </p>
   </div>
   <div class='ocr_carea' id='block_1_20' title="bbox 375 2438 3814 2517">
    <p class='ocr_par' dir='ltr' id='par_1_20' title="bbox 375 2438 3814 2517">
     <span class='ocr_line' id='line_1_20' title="bbox 375 2438 3814 2517; baseline -0.003 -13"><span class='ocrx_word' id='word_1_196' title='bbox 375 2449 851 2505; x_wconf 83' lang='lat' dir='ltr'>institutionibus</span> <span class='ocrx_word' id='word_1_197' title='bbox 901 2448 1320 2503; x_wconf 86' lang='lat' dir='ltr'>catholicorum</span> <span class='ocrx_word' id='word_1_198' title='bbox 1374 2461 1602 2516; x_wconf 88' lang='lat' dir='ltr'>regum,</span> <span class='ocrx_word' id='word_1_199' title='bbox 1640 2442 1918 2498; x_wconf 90' lang='lat' dir='ltr'>nonnullo</span> <span class='ocrx_word' id='word_1_200' title='bbox 1949 2442 2032 2496; x_wconf 90' lang='lat' dir='ltr'>la-</span> <span class='ocrx_word' id='word_1_201' title='bbox 2143 2441 2248 2505; x_wconf 90' lang='lat' dir='ltr'>cis,</span> <span class='ocrx_word' id='word_1_202' title='bbox 2281 2456 2453 2512; x_wconf 89' lang='lat' dir='ltr'>parce</span> <span class='ocrx_word' id='word_1_203' title='bbox 2493 2456 2626 2494; x_wconf 91' lang='lat' dir='ltr'>cum</span> <span class='ocrx_word' id='word_1_204' title='bbox 2678 2439 2986 2495; x_wconf 88' lang='lat' dir='ltr'>eharitate.</span> <span class='ocrx_word' id='word_1_205' title='bbox 3017 2462 3040 2492; x_wconf 79' lang='grc' dir='ltr'><strong><em>ι</em></strong></span> <span class='ocrx_word' id='word_1_206' title='bbox 3098 2440 3207 2494; x_wconf 89' lang='lat' dir='ltr'>Sed</span> <span class='ocrx_word' id='word_1_207' title='bbox 3255 2438 3439 2517; x_wconf 87' lang='lat' dir='ltr'>inhis</span> <span class='ocrx_word' id='word_1_208' title='bbox 3468 2438 3814 2495; x_wconf 83' lang='lat' dir='ltr'>adhibenda</span> 
     </span>
    </p>
   </div>
   <div class='ocr_carea' id='block_1_21' title="bbox 375 2528 3805 2608">
    <p class='ocr_par' dir='ltr' id='par_1_21' title="bbox 375 2528 3805 2608">
     <span class='ocr_line' id='line_1_21' title="bbox 375 2528 3805 2608; baseline -0.002 -16"><span class='ocrx_word' id='word_1_209' title='bbox 375 2539 516 2594; x_wconf 88' lang='lat' dir='ltr'>bore</span> <span class='ocrx_word' id='word_1_210' title='bbox 543 2539 600 2594; x_wconf 87' lang='lat' dir='ltr'>in</span> <span class='ocrx_word' id='word_1_211' title='bbox 636 2555 821 2593; x_wconf 88' lang='lat' dir='ltr'>unum</span> <span class='ocrx_word' id='word_1_212' title='bbox 870 2554 1084 2608; x_wconf 83' lang='lat' dir='ltr'>corpus</span> <span class='ocrx_word' id='word_1_213' title='bbox 1137 2537 1330 2607; x_wconf 89' lang='lat' dir='ltr'>[opus]</span> <span class='ocrx_word' id='word_1_214' title='bbox 1381 2536 1642 2590; x_wconf 85' lang='lat' dir='ltr'>adunare</span> <span class='ocrx_word' id='word_1_215' title='bbox 1691 2532 1887 2589; x_wconf 90' lang='lat' dir='ltr'>curavi</span> <span class='ocrx_word' id='word_1_216' title='bbox 1922 2550 1935 2588; x_wconf 93' lang='lat'><strong>:</strong></span> <span class='ocrx_word' id='word_1_217' title='bbox 1971 2535 2035 2586; x_wconf 90' lang='lat' dir='ltr'>ut</span> <span class='ocrx_word' id='word_1_218' title='bbox 2142 2535 2230 2585; x_wconf 91' lang='lat' dir='ltr'>est</span> <span class='ocrx_word' id='word_1_219' title='bbox 2260 2545 2496 2585; x_wconf 91' lang='lat' dir='ltr'>summa</span> <span class='ocrx_word' id='word_1_220' title='bbox 2517 2529 2839 2600; x_wconf 82' lang='lat' dir='ltr'>diligentia,</span> <span class='ocrx_word' id='word_1_221' title='bbox 2864 2533 2919 2583; x_wconf 92' lang='lat' dir='ltr'>et</span> <span class='ocrx_word' id='word_1_222' title='bbox 2941 2528 3321 2584; x_wconf 90' lang='lat' dir='ltr'>mundandus</span> <span class='ocrx_word' id='word_1_223' title='bbox 3343 2528 3550 2584; x_wconf 89' lang='lat' dir='ltr'>oculus</span> <span class='ocrx_word' id='word_1_224' title='bbox 3579 2528 3805 2596; x_wconf 89' lang='lat' dir='ltr'>cordis,</span> 
     </span>
    </p>
   </div>
   <div class='ocr_carea' id='block_1_22' title="bbox 377 2617 3807 2698">
    <p class='ocr_par' dir='ltr' id='par_1_22' title="bbox 377 2617 3807 2698">
     <span class='ocr_line' id='line_1_22' title="bbox 377 2617 3807 2698; baseline -0.003 -17"><span class='ocrx_word' id='word_1_225' title='bbox 377 2628 478 2698; x_wconf 90' lang='lat' dir='ltr'>qui</span> <span class='ocrx_word' id='word_1_226' title='bbox 501 2626 720 2697; x_wconf 86' lang='lat' dir='ltr'>scripta</span> <span class='ocrx_word' id='word_1_227' title='bbox 743 2626 866 2694; x_wconf 91' lang='lat' dir='ltr'>illa,</span> <span class='ocrx_word' id='word_1_228' title='bbox 891 2643 959 2680; x_wconf 84' lang='lat' dir='ltr'>ex</span> <span class='ocrx_word' id='word_1_229' title='bbox 979 2626 1192 2696; x_wconf 88' lang='lat' dir='ltr'>quibus</span> <span class='ocrx_word' id='word_1_230' title='bbox 1213 2625 1328 2679; x_wconf 88' lang='lat' dir='ltr'>ista</span> <span class='ocrx_word' id='word_1_231' title='bbox 1356 2628 1623 2694; x_wconf 87' lang='lat' dir='ltr'>excerpta</span> <span class='ocrx_word' id='word_1_232' title='bbox 1646 2629 1787 2677; x_wconf 89' lang='lat' dir='ltr'>sunt</span> <span class='ocrx_word' id='word_1_233' title='bbox 1808 2634 1878 2676; x_wconf 85' lang='lat' dir='ltr'>ad</span> <span class='ocrx_word' id='word_1_234' title='bbox 1905 2637 2031 2674; x_wconf 83' lang='lat' dir='ltr'>ma-</span> <span class='ocrx_word' id='word_1_235' title='bbox 2144 2624 2440 2690; x_wconf 90' lang='lat' dir='ltr'>quatenus</span> <span class='ocrx_word' id='word_1_236' title='bbox 2471 2618 2528 2672; x_wconf 90' lang='lat' dir='ltr'>in</span> <span class='ocrx_word' id='word_1_237' title='bbox 2560 2618 2982 2689; x_wconf 90' lang='lat' dir='ltr'>puniendo,vel</span> <span class='ocrx_word' id='word_1_238' title='bbox 3009 2619 3323 2689; x_wconf 89' lang='lat' dir='ltr'>parcendo,</span> <span class='ocrx_word' id='word_1_239' title='bbox 3347 2617 3630 2674; x_wconf 88' lang='lat' dir='ltr'>sanandis</span> <span class='ocrx_word' id='word_1_240' title='bbox 3647 2634 3807 2672; x_wconf 62' lang='lat' dir='ltr'>more</span> 
     </span>
    </p>
   </div>
   <div class='ocr_carea' id='block_1_23' title="bbox 377 2705 3806 2784">
    <p class='ocr_par' dir='ltr' id='par_1_23' title="bbox 377 2705 3806 2784">
     <span class='ocr_line' id='line_1_23' title="bbox 377 2705 3806 2784; baseline -0.002 -14"><span class='ocrx_word' id='word_1_241' title='bbox 377 2732 520 2771; x_wconf 90' lang='lat' dir='ltr'>num</span> <span class='ocrx_word' id='word_1_242' title='bbox 555 2715 768 2771; x_wconf 87' lang='lat' dir='ltr'>habere</span> <span class='ocrx_word' id='word_1_243' title='bbox 801 2731 915 2770; x_wconf 89' lang='lat' dir='ltr'>non</span> <span class='ocrx_word' id='word_1_244' title='bbox 948 2715 1180 2784; x_wconf 90' lang='lat' dir='ltr'>poterit,</span> <span class='ocrx_word' id='word_1_245' title='bbox 1208 2714 1344 2768; x_wconf 90' lang='lat' dir='ltr'>hinc</span> <span class='ocrx_word' id='word_1_246' title='bbox 1366 2711 1577 2769; x_wconf 87' lang='lat' dir='ltr'>saltem</span> <span class='ocrx_word' id='word_1_247' title='bbox 1611 2710 1856 2782; x_wconf 90' lang='lat' dir='ltr'>accipiat</span> <span class='ocrx_word' id='word_1_248' title='bbox 1877 2710 2030 2780; x_wconf 92' lang='lat' dir='ltr'>quod</span> <span class='ocrx_word' id='word_1_249' title='bbox 2141 2707 2232 2762; x_wconf 90' lang='lat' dir='ltr'>bis</span> <span class='ocrx_word' id='word_1_250' title='bbox 2250 2708 2506 2762; x_wconf 89' lang='lat' dir='ltr'>cbaritas</span> <span class='ocrx_word' id='word_1_251' title='bbox 2520 2709 2747 2764; x_wconf 89' lang='lat' dir='ltr'>sincera</span> <span class='ocrx_word' id='word_1_252' title='bbox 2769 2707 3100 2778; x_wconf 89' lang='lat' dir='ltr'>subveniat,</span> <span class='ocrx_word' id='word_1_253' title='bbox 3125 2711 3183 2762; x_wconf 88' lang='lat' dir='ltr'>et</span> <span class='ocrx_word' id='word_1_254' title='bbox 3212 2723 3383 2762; x_wconf 91' lang='lat' dir='ltr'>nemo</span> <span class='ocrx_word' id='word_1_255' title='bbox 3405 2706 3485 2761; x_wconf 86' lang='lat' dir='ltr'>ibi</span> <span class='ocrx_word' id='word_1_256' title='bbox 3507 2705 3806 2762; x_wconf 87' lang='lat' dir='ltr'>venalium</span> 
     </span>
    </p>
   </div>
   <div class='ocr_carea' id='block_1_24' title="bbox 379 2795 3810 2872">
    <p class='ocr_par' dir='ltr' id='par_1_24' title="bbox 379 2795 3810 2872">
     <span class='ocr_line' id='line_1_24' title="bbox 379 2795 3810 2872; baseline -0.002 -13"><span class='ocrx_word' id='word_1_257' title='bbox 379 2806 449 2860; x_wconf 91' lang='lat' dir='ltr'>ad</span> <span class='ocrx_word' id='word_1_258' title='bbox 474 2805 850 2859; x_wconf 87' lang='lat' dir='ltr'>commodum</span> <span class='ocrx_word' id='word_1_259' title='bbox 877 2818 1066 2858; x_wconf 71' lang='lat' dir='ltr'>caussa</span> <span class='ocrx_word' id='word_1_260' title='bbox 1092 2819 1210 2856; x_wconf 67' lang='lat' dir='ltr'>suae</span> <span class='ocrx_word' id='word_1_261' title='bbox 1232 2802 1419 2856; x_wconf 87' lang='lat' dir='ltr'>valere</span> <span class='ocrx_word' id='word_1_262' title='bbox 1439 2800 1815 2872; x_wconf 82' lang='lat' dir='ltr'>perspexerit.</span> <span class='ocrx_word' id='word_1_263' title='bbox 1836 2805 1883 2852; x_wconf 85' lang='grc' dir='ltr'><strong>Α</strong></span> <span class='ocrx_word' id='word_1_264' title='bbox 1903 2799 2033 2854; x_wconf 83' lang='lat' dir='ltr'>fun-</span> <span class='ocrx_word' id='word_1_265' title='bbox 2143 2797 2501 2852; x_wconf 90' lang='lat' dir='ltr'>medicorum</span> <span class='ocrx_word' id='word_1_266' title='bbox 2539 2797 2893 2867; x_wconf 89' lang='lat' dir='ltr'>more,quod</span> <span class='ocrx_word' id='word_1_267' title='bbox 2925 2812 3100 2851; x_wconf 89' lang='lat' dir='ltr'>suum</span> <span class='ocrx_word' id='word_1_268' title='bbox 3125 2800 3214 2852; x_wconf 88' lang='lat' dir='ltr'>est</span> <span class='ocrx_word' id='word_1_269' title='bbox 3235 2799 3454 2867; x_wconf 72' lang='lat' dir='ltr'>quaerat</span> <span class='ocrx_word' id='word_1_270' title='bbox 3474 2799 3530 2850; x_wconf 90' lang='lat' dir='ltr'>et</span> <span class='ocrx_word' id='word_1_271' title='bbox 3552 2795 3810 2867; x_wconf 84' lang='lat' dir='ltr'>prophe-</span> 
     </span>
    </p>
   </div>
   <div class='ocr_carea' id='block_1_25' title="bbox 377 2883 3803 2962">
    <p class='ocr_par' dir='ltr' id='par_1_25' title="bbox 377 2883 3803 2962">
     <span class='ocr_line' id='line_1_25' title="bbox 377 2883 3803 2962; baseline -0.002 -14"><span class='ocrx_word' id='word_1_272' title='bbox 377 2895 652 2948; x_wconf 89' lang='lat' dir='ltr'>damento</span> <span class='ocrx_word' id='word_1_273' title='bbox 684 2892 881 2962; x_wconf 88' lang='lat' dir='ltr'>itaque</span> <span class='ocrx_word' id='word_1_274' title='bbox 903 2891 1248 2946; x_wconf 71' lang='lat' dir='ltr'>Christianae</span> <span class='ocrx_word' id='word_1_275' title='bbox 1272 2889 1594 2961; x_wconf 82' lang='lat' dir='ltr'>religionis,</span> <span class='ocrx_word' id='word_1_276' title='bbox 1618 2888 1675 2943; x_wconf 92' lang='lat' dir='ltr'>id</span> <span class='ocrx_word' id='word_1_277' title='bbox 1698 2893 1788 2943; x_wconf 88' lang='lat' dir='ltr'>est</span> <span class='ocrx_word' id='word_1_278' title='bbox 1809 2888 1922 2942; x_wconf 84' lang='lat' dir='ltr'>ﬁde</span> <span class='ocrx_word' id='word_1_279' title='bbox 1945 2888 2034 2942; x_wconf 89' lang='lat' dir='ltr'>in-</span> <span class='ocrx_word' id='word_1_280' title='bbox 2142 2887 2319 2941; x_wconf 87' lang='lat' dir='ltr'>ticam</span> <span class='ocrx_word' id='word_1_281' title='bbox 2346 2885 2508 2941; x_wconf 87' lang='lat' dir='ltr'>illam</span> <span class='ocrx_word' id='word_1_282' title='bbox 2532 2885 3045 2956; x_wconf 90' lang='lat' dir='ltr'>reprehensionem</span> <span class='ocrx_word' id='word_1_283' title='bbox 3070 2885 3333 2940; x_wconf 89' lang='lat' dir='ltr'>incurrat</span> <span class='ocrx_word' id='word_1_284' title='bbox 3357 2901 3369 2939; x_wconf 92' lang='lat'><strong>:</strong></span> <span class='ocrx_word' id='word_1_285' title='bbox 3396 2883 3803 2954; x_wconf 73' lang='lat' dir='ltr'>Mortiﬁcabant</span> 
     </span>
    </p>
   </div>
   <div class='ocr_carea' id='block_1_26' title="bbox 378 2974 3807 3049">
    <p class='ocr_par' dir='ltr' id='par_1_26' title="bbox 378 2974 3807 3049">
     <span class='ocr_line' id='line_1_26' title="bbox 378 2974 3807 3049; baseline -0.002 -13"><span class='ocrx_word' id='word_1_286' title='bbox 378 2981 680 3046; x_wconf 88' lang='lat' dir='ltr'>choantes,</span> <span class='ocrx_word' id='word_1_287' title='bbox 716 2979 799 3034; x_wconf 88' lang='lat' dir='ltr'>sic</span> <span class='ocrx_word' id='word_1_288' title='bbox 831 2997 897 3034; x_wconf 89' lang='lat' dir='ltr'>ea</span> <span class='ocrx_word' id='word_1_289' title='bbox 926 2995 1058 3049; x_wconf 64' lang='lat' dir='ltr'>quae</span> <span class='ocrx_word' id='word_1_290' title='bbox 1088 2980 1161 3033; x_wconf 88' lang='lat' dir='ltr'>ad</span> <span class='ocrx_word' id='word_1_291' title='bbox 1215 2983 1583 3034; x_wconf 89' lang='lat' dir='ltr'>sacramenta</span> <span class='ocrx_word' id='word_1_292' title='bbox 1611 2976 2030 3043; x_wconf 83' lang='lat' dir='ltr'>ecclesiastica,</span> <span class='ocrx_word' id='word_1_293' title='bbox 2139 2978 2359 3031; x_wconf 78' lang='lat' dir='ltr'>animas</span> <span class='ocrx_word' id='word_1_294' title='bbox 2389 2990 2514 3046; x_wconf 66' lang='lat' dir='ltr'>quae</span> <span class='ocrx_word' id='word_1_295' title='bbox 2542 2991 2650 3030; x_wconf 79' lang='lat' dir='ltr'>non</span> <span class='ocrx_word' id='word_1_296' title='bbox 2681 2975 3082 3041; x_wconf 75' lang='lat' dir='ltr'>moriebantur,</span> <span class='ocrx_word' id='word_1_297' title='bbox 3110 2980 3165 3029; x_wconf 76' lang='lat' dir='ltr'>et</span> <span class='ocrx_word' id='word_1_298' title='bbox 3198 2974 3552 3042; x_wconf 81' lang='lat' dir='ltr'>viviﬁcabant</span> <span class='ocrx_word' id='word_1_299' title='bbox 3577 2990 3807 3030; x_wconf 74' lang='lat' dir='ltr'>anima:</span> 
     </span>
    </p>
   </div>
   <div class='ocr_carea' id='block_1_27' title="bbox 377 3061 3803 3140">
    <p class='ocr_par' dir='ltr' id='par_1_27' title="bbox 377 3061 3803 3140">
     <span class='ocr_line' id='line_1_27' title="bbox 377 3061 3803 3140; baseline -0.002 -15"><span class='ocrx_word' id='word_1_300' title='bbox 377 3071 461 3125; x_wconf 91' lang='lat' dir='ltr'>sic</span> <span class='ocrx_word' id='word_1_301' title='bbox 493 3085 560 3124; x_wconf 90' lang='lat' dir='ltr'>ea</span> <span class='ocrx_word' id='word_1_302' title='bbox 585 3085 716 3140; x_wconf 57' lang='lat' dir='ltr'>quas</span> <span class='ocrx_word' id='word_1_303' title='bbox 746 3069 816 3123; x_wconf 89' lang='lat' dir='ltr'>ad</span> <span class='ocrx_word' id='word_1_304' title='bbox 850 3067 1230 3124; x_wconf 82' lang='lat' dir='ltr'>instruendus</span> <span class='ocrx_word' id='word_1_305' title='bbox 1261 3066 1701 3137; x_wconf 87' lang='lat' dir='ltr'>[instituendos]</span> <span class='ocrx_word' id='word_1_306' title='bbox 1733 3064 1820 3120; x_wconf 88' lang='lat' dir='ltr'>vel</span> <span class='ocrx_word' id='word_1_307' title='bbox 1852 3065 2031 3120; x_wconf 91' lang='lat' dir='ltr'>corri-</span> <span class='ocrx_word' id='word_1_308' title='bbox 2140 3080 2265 3136; x_wconf 73' lang='lat' dir='ltr'>quae</span> <span class='ocrx_word' id='word_1_309' title='bbox 2290 3079 2402 3119; x_wconf 82' lang='lat' dir='ltr'>non</span> <span class='ocrx_word' id='word_1_310' title='bbox 2430 3065 2682 3120; x_wconf 79' lang='lat' dir='ltr'>vivebant</span> <span class='ocrx_word' id='word_1_311' title='bbox 2703 3063 3082 3135; x_wconf 70' lang='lat' dir='ltr'>(Ezech.x1u).</span> <span class='ocrx_word' id='word_1_312' title='bbox 3115 3063 3280 3118; x_wconf 91' lang='lat' dir='ltr'>Sicut</span> <span class='ocrx_word' id='word_1_313' title='bbox 3309 3062 3468 3118; x_wconf 91' lang='lat' dir='ltr'>enim</span> <span class='ocrx_word' id='word_1_314' title='bbox 3491 3061 3638 3118; x_wconf 91' lang='lat' dir='ltr'>ratio</span> <span class='ocrx_word' id='word_1_315' title='bbox 3664 3079 3803 3119; x_wconf 91' lang='lat' dir='ltr'>cor-</span> 
     </span>
    </p>
   </div>
   <div class='ocr_carea' id='block_1_28' title="bbox 320 3150 3802 3232">
    <p class='ocr_par' dir='ltr' id='par_1_28' title="bbox 320 3150 3802 3232">
     <span class='ocr_line' id='line_1_28' title="bbox 320 3150 3802 3232; baseline -0.001 -19"><span class='ocrx_word' id='word_1_316' title='bbox 320 3223 330 3232; x_wconf 39' lang='lat'>,</span> <span class='ocrx_word' id='word_1_317' title='bbox 375 3158 596 3229; x_wconf 86' lang='lat' dir='ltr'>gendos</span> <span class='ocrx_word' id='word_1_318' title='bbox 617 3174 834 3222; x_wconf 88' lang='lat' dir='ltr'>mores,</span> <span class='ocrx_word' id='word_1_319' title='bbox 853 3155 936 3212; x_wconf 92' lang='lat' dir='ltr'>sic</span> <span class='ocrx_word' id='word_1_320' title='bbox 966 3172 1032 3212; x_wconf 87' lang='lat' dir='ltr'>ea</span> <span class='ocrx_word' id='word_1_321' title='bbox 1057 3173 1182 3227; x_wconf 85' lang='lat' dir='ltr'>quae</span> <span class='ocrx_word' id='word_1_322' title='bbox 1214 3156 1284 3210; x_wconf 91' lang='lat' dir='ltr'>ad</span> <span class='ocrx_word' id='word_1_323' title='bbox 1313 3170 1561 3226; x_wconf 67' lang='lat' dir='ltr'>quaeque</span> <span class='ocrx_word' id='word_1_324' title='bbox 1579 3154 1812 3226; x_wconf 89' lang='lat' dir='ltr'>negotia</span> <span class='ocrx_word' id='word_1_325' title='bbox 1832 3154 2029 3209; x_wconf 89' lang='lat' dir='ltr'>discu-</span> <span class='ocrx_word' id='word_1_326' title='bbox 2138 3153 2358 3226; x_wconf 87' lang='lat' dir='ltr'>poralis</span> <span class='ocrx_word' id='word_1_327' title='bbox 2388 3153 2692 3208; x_wconf 70' lang='lat' dir='ltr'>medicinae</span> <span class='ocrx_word' id='word_1_328' title='bbox 2721 3152 2808 3208; x_wconf 89' lang='lat' dir='ltr'>vel</span> <span class='ocrx_word' id='word_1_329' title='bbox 2854 3151 3141 3229; x_wconf 88' lang='lat' dir='ltr'>depellere</span> <span class='ocrx_word' id='word_1_330' title='bbox 3175 3152 3432 3218; x_wconf 91' lang='lat' dir='ltr'>morbos,</span> <span class='ocrx_word' id='word_1_331' title='bbox 3464 3150 3554 3208; x_wconf 89' lang='lat' dir='ltr'>vel</span> <span class='ocrx_word' id='word_1_332' title='bbox 3585 3168 3802 3209; x_wconf 89' lang='lat' dir='ltr'>curare</span> 
     </span>
    </p>
   </div>
   <div class='ocr_carea' id='block_1_29' title="bbox 374 3239 3802 3315">
    <p class='ocr_par' dir='ltr' id='par_1_29' title="bbox 374 3239 3802 3315">
     <span class='ocr_line' id='line_1_29' title="bbox 374 3239 3802 3315; baseline -0.001 -13"><span class='ocrx_word' id='word_1_333' title='bbox 374 3247 572 3302; x_wconf 88' lang='lat' dir='ltr'>tienda</span> <span class='ocrx_word' id='word_1_334' title='bbox 603 3246 687 3302; x_wconf 90' lang='lat' dir='ltr'>vel</span> <span class='ocrx_word' id='word_1_335' title='bbox 720 3245 1057 3301; x_wconf 81' lang='lat' dir='ltr'>definienda</span> <span class='ocrx_word' id='word_1_336' title='bbox 1087 3245 1397 3315; x_wconf 84' lang='lat' dir='ltr'>pertinent,</span> <span class='ocrx_word' id='word_1_337' title='bbox 1421 3245 1529 3298; x_wconf 91' lang='lat' dir='ltr'>sub</span> <span class='ocrx_word' id='word_1_338' title='bbox 1560 3242 1932 3315; x_wconf 87' lang='lat' dir='ltr'>generalibus</span> <span class='ocrx_word' id='word_1_339' title='bbox 1964 3244 2030 3298; x_wconf 91' lang='lat' dir='ltr'>ti-</span> <span class='ocrx_word' id='word_1_340' title='bbox 2135 3243 2378 3297; x_wconf 90' lang='lat' dir='ltr'>vulnera</span> <span class='ocrx_word' id='word_1_341' title='bbox 2408 3241 2659 3297; x_wconf 88' lang='lat' dir='ltr'>salutem</span> <span class='ocrx_word' id='word_1_342' title='bbox 2700 3257 2952 3308; x_wconf 89' lang='lat' dir='ltr'>servare,</span> <span class='ocrx_word' id='word_1_343' title='bbox 2983 3239 3073 3296; x_wconf 88' lang='lat' dir='ltr'>vel</span> <span class='ocrx_word' id='word_1_344' title='bbox 3125 3256 3338 3312; x_wconf 88' lang='lat' dir='ltr'>augere</span> <span class='ocrx_word' id='word_1_345' title='bbox 3364 3239 3655 3308; x_wconf 84' lang='lat' dir='ltr'>intendit;</span> <span class='ocrx_word' id='word_1_346' title='bbox 3690 3257 3802 3298; x_wconf 88' lang='lat' dir='ltr'>nec</span> 
     </span>
    </p>
   </div>
   <div class='ocr_carea' id='block_1_30' title="bbox 371 3329 3797 3406">
    <p class='ocr_par' dir='ltr' id='par_1_30' title="bbox 371 3329 3797 3406">
     <span class='ocr_line' id='line_1_30' title="bbox 371 3329 3797 3406; baseline -0.001 -14"><span class='ocrx_word' id='word_1_347' title='bbox 371 3335 516 3392; x_wconf 88' lang='lat' dir='ltr'>tulis</span> <span class='ocrx_word' id='word_1_348' title='bbox 548 3335 826 3391; x_wconf 90' lang='lat' dir='ltr'>distincta</span> <span class='ocrx_word' id='word_1_349' title='bbox 847 3331 1272 3406; x_wconf 86' lang='lat' dir='ltr'>congessimus,</span> <span class='ocrx_word' id='word_1_350' title='bbox 1299 3336 1362 3388; x_wconf 90' lang='lat' dir='ltr'>ut</span> <span class='ocrx_word' id='word_1_351' title='bbox 1394 3349 1508 3387; x_wconf 90' lang='lat' dir='ltr'>non</span> <span class='ocrx_word' id='word_1_352' title='bbox 1531 3331 1608 3387; x_wconf 90' lang='lat' dir='ltr'>sit</span> <span class='ocrx_word' id='word_1_353' title='bbox 1630 3332 1910 3403; x_wconf 82' lang='lat' dir='ltr'>quaerenti</span> <span class='ocrx_word' id='word_1_354' title='bbox 1935 3348 2030 3387; x_wconf 91' lang='lat' dir='ltr'>ne-</span> <span class='ocrx_word' id='word_1_355' title='bbox 2137 3332 2402 3387; x_wconf 87' lang='lat' dir='ltr'>medicus</span> <span class='ocrx_word' id='word_1_356' title='bbox 2432 3331 2761 3386; x_wconf 89' lang='lat' dir='ltr'>contrarius</span> <span class='ocrx_word' id='word_1_357' title='bbox 2793 3329 2905 3385; x_wconf 91' lang='lat' dir='ltr'>sibi</span> <span class='ocrx_word' id='word_1_358' title='bbox 2925 3329 3156 3385; x_wconf 90' lang='lat' dir='ltr'>videtur</span> <span class='ocrx_word' id='word_1_359' title='bbox 3185 3345 3336 3397; x_wconf 88' lang='lat' dir='ltr'>esse,</span> <span class='ocrx_word' id='word_1_360' title='bbox 3358 3345 3492 3384; x_wconf 90' lang='lat' dir='ltr'>cum</span> <span class='ocrx_word' id='word_1_361' title='bbox 3525 3346 3630 3401; x_wconf 89' lang='lat' dir='ltr'>pro</span> <span class='ocrx_word' id='word_1_362' title='bbox 3651 3346 3797 3402; x_wconf 87' lang='lat' dir='ltr'>qua-</span> 
     </span>
    </p>
   </div>
   <div class='ocr_carea' id='block_1_31' title="bbox 371 3420 2023 3484">
    <p class='ocr_par' dir='ltr' id='par_1_31' title="bbox 371 3420 2023 3484">
     <span class='ocr_line' id='line_1_31' title="bbox 371 3420 2023 3484; baseline -0.002 -4"><span class='ocrx_word' id='word_1_363' title='bbox 371 3441 533 3480; x_wconf 89' lang='lat' dir='ltr'>cesse</span> <span class='ocrx_word' id='word_1_364' title='bbox 564 3429 752 3479; x_wconf 87' lang='lat' dir='ltr'>totum</span> <span class='ocrx_word' id='word_1_365' title='bbox 782 3422 1053 3478; x_wconf 90' lang='lat' dir='ltr'>volumen</span> <span class='ocrx_word' id='word_1_366' title='bbox 1078 3421 1359 3484; x_wconf 87' lang='lat' dir='ltr'>evolvere,</span> <span class='ocrx_word' id='word_1_367' title='bbox 1391 3421 1491 3476; x_wconf 90' lang='lat' dir='ltr'>sed</span> <span class='ocrx_word' id='word_1_368' title='bbox 1524 3426 1753 3476; x_wconf 89' lang='lat' dir='ltr'>tantum</span> <span class='ocrx_word' id='word_1_369' title='bbox 1787 3420 2023 3477; x_wconf 83' lang='lat' dir='ltr'>titulum</span> 
     </span>
    </p>
   </div>
   <div class='ocr_carea' id='block_1_32' title="bbox 371 3511 2024 3582">
    <p class='ocr_par' dir='ltr' id='par_1_32' title="bbox 371 3511 2024 3582">
     <span class='ocr_line' id='line_1_32' title="bbox 371 3511 2024 3582; baseline 0 -16"><span class='ocrx_word' id='word_1_370' title='bbox 371 3512 702 3582; x_wconf 86' lang='lat' dir='ltr'>generalem</span> <span class='ocrx_word' id='word_1_371' title='bbox 731 3528 852 3567; x_wconf 64' lang='lat' dir='ltr'>suae</span> <span class='ocrx_word' id='word_1_372' title='bbox 882 3511 1190 3582; x_wconf 67' lang='lat' dir='ltr'>quaestioni</span> <span class='ocrx_word' id='word_1_373' title='bbox 1218 3515 1637 3581; x_wconf 87' lang='lat' dir='ltr'>congruentem</span> <span class='ocrx_word' id='word_1_374' title='bbox 1673 3515 1871 3564; x_wconf 89' lang='lat' dir='ltr'>notare</span> <span class='ocrx_word' id='word_1_375' title='bbox 1892 3514 1949 3565; x_wconf 90' lang='lat' dir='ltr'>et</span> <span class='ocrx_word' id='word_1_376' title='bbox 1972 3512 2024 3566; x_wconf 87' lang='lat' dir='ltr'>ei</span> 
     </span>
    </p>
   </div>
   <div class='ocr_carea' id='block_1_33' title="bbox 372 3597 2022 3671">
    <p class='ocr_par' dir='ltr' id='par_1_33' title="bbox 372 3597 2022 3671">
     <span class='ocr_line' id='line_1_33' title="bbox 372 3597 2022 3671; baseline 0 -16"><span class='ocrx_word' id='word_1_377' title='bbox 372 3601 640 3671; x_wconf 85' lang='lat' dir='ltr'>subjecta</span> <span class='ocrx_word' id='word_1_378' title='bbox 669 3599 923 3671; x_wconf 90' lang='lat' dir='ltr'>capitula</span> <span class='ocrx_word' id='word_1_379' title='bbox 965 3599 1090 3654; x_wconf 89' lang='lat' dir='ltr'>sine</span> <span class='ocrx_word' id='word_1_380' title='bbox 1123 3597 1572 3669; x_wconf 88' lang='lat' dir='ltr'>interpolatione</span> <span class='ocrx_word' id='word_1_381' title='bbox 1604 3601 2022 3655; x_wconf 88' lang='lat' dir='ltr'>transcurrere.</span> 
     </span>
    </p>
   </div>
   <div class='ocr_carea' id='block_1_34' title="bbox 378 3687 2026 3759">
    <p class='ocr_par' dir='ltr' id='par_1_34' title="bbox 378 3687 2026 3759">
     <span class='ocr_line' id='line_1_34' title="bbox 378 3687 2026 3759; baseline -0.001 -16"><span class='ocrx_word' id='word_1_382' title='bbox 378 3689 443 3743; x_wconf 86' lang='lat' dir='ltr'>In</span> <span class='ocrx_word' id='word_1_383' title='bbox 477 3705 590 3759; x_wconf 86' lang='lat' dir='ltr'>quo</span> <span class='ocrx_word' id='word_1_384' title='bbox 623 3689 968 3759; x_wconf 88' lang='lat' dir='ltr'>prudentem</span> <span class='ocrx_word' id='word_1_385' title='bbox 1002 3687 1276 3742; x_wconf 86' lang='lat' dir='ltr'>lectorem</span> <span class='ocrx_word' id='word_1_386' title='bbox 1311 3703 1668 3758; x_wconf 68' lang='lat' dir='ltr'>praemonere</span> <span class='ocrx_word' id='word_1_387' title='bbox 1700 3703 2026 3758; x_wconf 89' lang='lat' dir='ltr'>congruum</span> 
     </span>
    </p>
   </div>
   <div class='ocr_carea' id='block_1_35' title="bbox 375 3774 2025 3847">
    <p class='ocr_par' dir='ltr' id='par_1_35' title="bbox 375 3774 2025 3847">
     <span class='ocr_line' id='line_1_35' title="bbox 375 3774 2025 3847; baseline -0.001 -16"><span class='ocrx_word' id='word_1_388' title='bbox 375 3776 652 3832; x_wconf 82' lang='lat' dir='ltr'>duximus</span> <span class='ocrx_word' id='word_1_389' title='bbox 686 3780 767 3844; x_wconf 92' lang='lat' dir='ltr'>ut,</span> <span class='ocrx_word' id='word_1_390' title='bbox 802 3779 850 3832; x_wconf 92' lang='lat' dir='ltr'>si</span> <span class='ocrx_word' id='word_1_391' title='bbox 904 3777 1047 3832; x_wconf 79' lang='lat' dir='ltr'>forte</span> <span class='ocrx_word' id='word_1_392' title='bbox 1095 3792 1225 3846; x_wconf 63' lang='lat' dir='ltr'>qua:</span> <span class='ocrx_word' id='word_1_393' title='bbox 1267 3774 1494 3847; x_wconf 89' lang='lat' dir='ltr'>legerit,</span> <span class='ocrx_word' id='word_1_394' title='bbox 1528 3792 1640 3830; x_wconf 89' lang='lat' dir='ltr'>non</span> <span class='ocrx_word' id='word_1_395' title='bbox 1675 3777 1747 3830; x_wconf 92' lang='lat' dir='ltr'>ad</span> <span class='ocrx_word' id='word_1_396' title='bbox 1788 3776 2025 3846; x_wconf 88' lang='lat' dir='ltr'>plenum</span> 
     </span>
    </p>
   </div>
   <div class='ocr_carea' id='block_1_36' title="bbox 375 3863 2025 3933">
    <p class='ocr_par' dir='ltr' id='par_1_36' title="bbox 375 3863 2025 3933">
     <span class='ocr_line' id='line_1_36' title="bbox 375 3863 2025 3933; baseline -0.002 -13"><span class='ocrx_word' id='word_1_397' title='bbox 375 3865 743 3933; x_wconf 80' lang='lat' dir='ltr'>intellexerit,</span> <span class='ocrx_word' id='word_1_398' title='bbox 759 3865 843 3919; x_wconf 92' lang='lat' dir='ltr'>vel</span> <span class='ocrx_word' id='word_1_399' title='bbox 863 3865 973 3919; x_wconf 89' lang='lat' dir='ltr'>sibi</span> <span class='ocrx_word' id='word_1_400' title='bbox 997 3866 1246 3919; x_wconf 89' lang='lat' dir='ltr'>invicem</span> <span class='ocrx_word' id='word_1_401' title='bbox 1272 3864 1565 3918; x_wconf 88' lang='lat' dir='ltr'>adversari</span> <span class='ocrx_word' id='word_1_402' title='bbox 1588 3863 2025 3931; x_wconf 83' lang='lat' dir='ltr'>existimaverit,</span> 
     </span>
    </p>
   </div>
   <div class='ocr_carea' id='block_1_37' title="bbox 2138 3417 3796 3490">
    <p class='ocr_par' dir='ltr' id='par_1_37' title="bbox 2138 3417 3796 3490">
     <span class='ocr_line' id='line_1_37' title="bbox 2138 3417 3796 3490; baseline 0.001 -16"><span class='ocrx_word' id='word_1_403' title='bbox 2138 3419 2300 3474; x_wconf 90' lang='lat' dir='ltr'>litate</span> <span class='ocrx_word' id='word_1_404' title='bbox 2350 3419 2436 3473; x_wconf 90' lang='lat' dir='ltr'>vel</span> <span class='ocrx_word' id='word_1_405' title='bbox 2491 3420 2815 3490; x_wconf 81' lang='lat' dir='ltr'>quantitate</span> <span class='ocrx_word' id='word_1_406' title='bbox 2843 3417 3234 3490; x_wconf 74' lang='lat' dir='ltr'>aegritudinis,</span> <span class='ocrx_word' id='word_1_407' title='bbox 3281 3418 3371 3473; x_wconf 90' lang='lat' dir='ltr'>vel</span> <span class='ocrx_word' id='word_1_408' title='bbox 3429 3420 3796 3490; x_wconf 61' lang='lat' dir='ltr'>aegrotantis,</span> 
     </span>
    </p>
   </div>
   <div class='ocr_carea' id='block_1_38' title="bbox 2137 3506 3792 3579">
    <p class='ocr_par' dir='ltr' id='par_1_38' title="bbox 2137 3506 3792 3579">
     <span class='ocr_line' id='line_1_38' title="bbox 2137 3506 3792 3579; baseline 0.001 -15"><span class='ocrx_word' id='word_1_409' title='bbox 2137 3526 2292 3564; x_wconf 92' lang='lat' dir='ltr'>nunc</span> <span class='ocrx_word' id='word_1_410' title='bbox 2325 3509 2847 3576; x_wconf 84' lang='lat' dir='ltr'>mordentia,nunc</span> <span class='ocrx_word' id='word_1_411' title='bbox 2865 3506 3188 3562; x_wconf 90' lang='lat' dir='ltr'>mollientia</span> <span class='ocrx_word' id='word_1_412' title='bbox 3213 3507 3519 3579; x_wconf 67' lang='lat' dir='ltr'>aegrotanti</span> <span class='ocrx_word' id='word_1_413' title='bbox 3540 3509 3792 3565; x_wconf 74' lang='lat' dir='ltr'>medica-</span> 
     </span>
    </p>
   </div>
   <div class='ocr_carea' id='block_1_39' title="bbox 2136 3596 3799 3669">
    <p class='ocr_par' dir='ltr' id='par_1_39' title="bbox 2136 3596 3799 3669">
     <span class='ocr_line' id='line_1_39' title="bbox 2136 3596 3799 3669; baseline 0.001 -17"><span class='ocrx_word' id='word_1_414' title='bbox 2136 3597 2298 3653; x_wconf 90' lang='lat' dir='ltr'>mina</span> <span class='ocrx_word' id='word_1_415' title='bbox 2313 3596 2554 3669; x_wconf 88' lang='lat' dir='ltr'>apponit</span> <span class='ocrx_word' id='word_1_416' title='bbox 2577 3616 2592 3664; x_wconf 92' lang='lat'>;</span> <span class='ocrx_word' id='word_1_417' title='bbox 2624 3602 2682 3652; x_wconf 90' lang='lat' dir='ltr'>et</span> <span class='ocrx_word' id='word_1_418' title='bbox 2711 3613 2868 3652; x_wconf 90' lang='lat' dir='ltr'>nunc</span> <span class='ocrx_word' id='word_1_419' title='bbox 2887 3596 3040 3652; x_wconf 86' lang='lat' dir='ltr'>ferro</span> <span class='ocrx_word' id='word_1_420' title='bbox 3057 3601 3235 3663; x_wconf 90' lang='lat' dir='ltr'>secat,</span> <span class='ocrx_word' id='word_1_421' title='bbox 3261 3597 3354 3652; x_wconf 92' lang='lat' dir='ltr'>cui</span> <span class='ocrx_word' id='word_1_422' title='bbox 3379 3597 3635 3653; x_wconf 83' lang='lat' dir='ltr'>fomento</span> <span class='ocrx_word' id='word_1_423' title='bbox 3657 3598 3799 3654; x_wconf 91' lang='lat' dir='ltr'>sub-</span> 
     </span>
    </p>
   </div>
   <div class='ocr_carea' id='block_1_40' title="bbox 2135 3685 3800 3758">
    <p class='ocr_par' dir='ltr' id='par_1_40' title="bbox 2135 3685 3800 3758">
     <span class='ocr_line' id='line_1_40' title="bbox 2135 3685 3800 3758; baseline 0.002 -18"><span class='ocrx_word' id='word_1_424' title='bbox 2135 3687 2329 3742; x_wconf 87' lang='lat' dir='ltr'>venire</span> <span class='ocrx_word' id='word_1_425' title='bbox 2360 3703 2475 3742; x_wconf 91' lang='lat' dir='ltr'>non</span> <span class='ocrx_word' id='word_1_426' title='bbox 2508 3690 2755 3758; x_wconf 87' lang='lat' dir='ltr'>poterat,</span> <span class='ocrx_word' id='word_1_427' title='bbox 2775 3690 2831 3741; x_wconf 91' lang='lat' dir='ltr'>et</span> <span class='ocrx_word' id='word_1_428' title='bbox 2861 3701 2891 3740; x_wconf 89' lang='lat' dir='ltr'>e</span> <span class='ocrx_word' id='word_1_429' title='bbox 2922 3685 3225 3742; x_wconf 88' lang='lat' dir='ltr'>conversio</span> <span class='ocrx_word' id='word_1_430' title='bbox 3249 3685 3301 3740; x_wconf 91' lang='lat' dir='ltr'>ei</span> <span class='ocrx_word' id='word_1_431' title='bbox 3333 3703 3490 3741; x_wconf 91' lang='lat' dir='ltr'>nunc</span> <span class='ocrx_word' id='word_1_432' title='bbox 3519 3686 3800 3743; x_wconf 79' lang='lat' dir='ltr'>subvenit</span> 
     </span>
    </p>
   </div>
   <div class='ocr_carea' id='block_1_41' title="bbox 2136 3775 3798 3848">
    <p class='ocr_par' dir='ltr' id='par_1_41' title="bbox 2136 3775 3798 3848">
     <span class='ocr_line' id='line_1_41' title="bbox 2136 3775 3798 3848; baseline 0 -18"><span class='ocrx_word' id='word_1_433' title='bbox 2136 3776 2416 3843; x_wconf 84' lang='lat' dir='ltr'>fomento,</span> <span class='ocrx_word' id='word_1_434' title='bbox 2449 3791 2619 3845; x_wconf 90' lang='lat' dir='ltr'>quem</span> <span class='ocrx_word' id='word_1_435' title='bbox 2649 3775 2797 3830; x_wconf 80' lang='lat' dir='ltr'>ferro</span> <span class='ocrx_word' id='word_1_436' title='bbox 2837 3790 3033 3831; x_wconf 88' lang='lat' dir='ltr'>secare</span> <span class='ocrx_word' id='word_1_437' title='bbox 3082 3792 3198 3830; x_wconf 92' lang='lat' dir='ltr'>non</span> <span class='ocrx_word' id='word_1_438' title='bbox 3225 3775 3518 3844; x_wconf 91' lang='lat' dir='ltr'>audebat;</span> <span class='ocrx_word' id='word_1_439' title='bbox 3551 3775 3633 3830; x_wconf 89' lang='lat' dir='ltr'>ita</span> <span class='ocrx_word' id='word_1_440' title='bbox 3661 3776 3798 3848; x_wconf 88' lang='lat' dir='ltr'>spi-</span> 
     </span>
    </p>
   </div>
   <div class='ocr_carea' id='block_1_42' title="bbox 2136 3862 3797 3930">
    <p class='ocr_par' dir='ltr' id='par_1_42' title="bbox 2136 3862 3797 3930">
     <span class='ocr_line' id='line_1_42' title="bbox 2136 3862 3797 3930; baseline 0 -11"><span class='ocrx_word' id='word_1_441' title='bbox 2136 3863 2378 3920; x_wconf 89' lang='lat' dir='ltr'>rituales</span> <span class='ocrx_word' id='word_1_442' title='bbox 2425 3864 2656 3930; x_wconf 90' lang='lat' dir='ltr'>medici,</span> <span class='ocrx_word' id='word_1_443' title='bbox 2703 3864 2972 3919; x_wconf 87' lang='lat' dir='ltr'>doctores</span> <span class='ocrx_word' id='word_1_444' title='bbox 3020 3862 3289 3919; x_wconf 91' lang='lat' dir='ltr'>videlicet</span> <span class='ocrx_word' id='word_1_445' title='bbox 3335 3867 3551 3919; x_wconf 60' lang='lat' dir='ltr'>sancta;</span> <span class='ocrx_word' id='word_1_446' title='bbox 3595 3863 3797 3920; x_wconf 89' lang='lat' dir='ltr'>Eccle-</span> 
     </span>
    </p>
   </div>
   <div class='ocr_carea' id='block_1_43' title="bbox 378 3952 2030 4024">
    <p class='ocr_par' dir='ltr' id='par_1_43' title="bbox 378 3952 2030 4024">
     <span class='ocr_line' id='line_1_43' title="bbox 378 3952 2030 4024; baseline -0.001 -16"><span class='ocrx_word' id='word_1_447' title='bbox 378 3971 494 4009; x_wconf 83' lang='lat' dir='ltr'>non</span> <span class='ocrx_word' id='word_1_448' title='bbox 528 3958 722 4009; x_wconf 86' lang='lat' dir='ltr'>statim</span> <span class='ocrx_word' id='word_1_449' title='bbox 758 3953 1177 4024; x_wconf 88' lang='lat' dir='ltr'>reprehendat;</span> <span class='ocrx_word' id='word_1_450' title='bbox 1215 3952 1316 4008; x_wconf 88' lang='lat' dir='ltr'>sed</span> <span class='ocrx_word' id='word_1_451' title='bbox 1349 3952 1485 4022; x_wconf 91' lang='lat' dir='ltr'>quid</span> <span class='ocrx_word' id='word_1_452' title='bbox 1521 3953 1844 4007; x_wconf 90' lang='lat' dir='ltr'>secundum</span> <span class='ocrx_word' id='word_1_453' title='bbox 1876 3952 2030 4022; x_wconf 87' lang='lat' dir='ltr'>rigo-</span> 
     </span>
    </p>
   </div>
   <div class='ocr_carea' id='block_1_44' title="bbox 373 4041 2028 4114">
    <p class='ocr_par' dir='ltr' id='par_1_44' title="bbox 373 4041 2028 4114">
     <span class='ocr_line' id='line_1_44' title="bbox 373 4041 2028 4114; baseline 0 -17"><span class='ocrx_word' id='word_1_454' title='bbox 373 4060 518 4114; x_wconf 87' lang='lat' dir='ltr'>rem,</span> <span class='ocrx_word' id='word_1_455' title='bbox 535 4043 675 4114; x_wconf 91' lang='lat' dir='ltr'>quid</span> <span class='ocrx_word' id='word_1_456' title='bbox 694 4042 1016 4098; x_wconf 90' lang='lat' dir='ltr'>secundum</span> <span class='ocrx_word' id='word_1_457' title='bbox 1040 4041 1518 4106; x_wconf 88' lang='lat' dir='ltr'>moderationem,</span> <span class='ocrx_word' id='word_1_458' title='bbox 1542 4041 1676 4110; x_wconf 91' lang='lat' dir='ltr'>quid</span> <span class='ocrx_word' id='word_1_459' title='bbox 1703 4042 2028 4097; x_wconf 87' lang='lat' dir='ltr'>secundum</span> 
     </span>
    </p>
   </div>
   <div class='ocr_carea' id='block_1_45' title="bbox 363 4130 2024 4202">
    <p class='ocr_par' dir='ltr' id='par_1_45' title="bbox 363 4130 2024 4202">
     <span class='ocr_line' id='line_1_45' title="bbox 363 4130 2024 4202; baseline -0.001 -15"><span class='ocrx_word' id='word_1_460' title='bbox 363 4132 682 4202; x_wconf 81' lang='lat' dir='ltr'>judicium,</span> <span class='ocrx_word' id='word_1_461' title='bbox 717 4131 854 4202; x_wconf 92' lang='lat' dir='ltr'>quid</span> <span class='ocrx_word' id='word_1_462' title='bbox 898 4132 1222 4185; x_wconf 89' lang='lat' dir='ltr'>secundum</span> <span class='ocrx_word' id='word_1_463' title='bbox 1283 4130 1738 4184; x_wconf 79' lang='lat' dir='ltr'>misericordiam</span> <span class='ocrx_word' id='word_1_464' title='bbox 1772 4130 2024 4200; x_wconf 88' lang='lat' dir='ltr'>dicatur,</span> 
     </span>
    </p>
   </div>
   <div class='ocr_carea' id='block_1_46' title="bbox 2137 3951 3798 4024">
    <p class='ocr_par' dir='ltr' id='par_1_46' title="bbox 2137 3951 3798 4024">
     <span class='ocr_line' id='line_1_46' title="bbox 2137 3951 3798 4024; baseline 0.001 -16"><span class='ocrx_word' id='word_1_465' title='bbox 2137 3953 2260 4018; x_wconf 83' lang='lat' dir='ltr'>sise,</span> <span class='ocrx_word' id='word_1_466' title='bbox 2293 3969 2398 4008; x_wconf 89' lang='lat' dir='ltr'>nec</span> <span class='ocrx_word' id='word_1_467' title='bbox 2429 3969 2462 4007; x_wconf 88' lang='lat' dir='ltr'>a</span> <span class='ocrx_word' id='word_1_468' title='bbox 2491 3969 2574 4024; x_wconf 91' lang='lat' dir='ltr'>se,</span> <span class='ocrx_word' id='word_1_469' title='bbox 2608 3969 2712 4008; x_wconf 93' lang='lat' dir='ltr'>nec</span> <span class='ocrx_word' id='word_1_470' title='bbox 2743 3952 2894 4008; x_wconf 88' lang='lat' dir='ltr'>inter</span> <span class='ocrx_word' id='word_1_471' title='bbox 2924 3968 2986 4008; x_wconf 91' lang='lat' dir='ltr'>se</span> <span class='ocrx_word' id='word_1_472' title='bbox 3015 3952 3395 4019; x_wconf 81' lang='lat' dir='ltr'>dissentiunt,</span> <span class='ocrx_word' id='word_1_473' title='bbox 3421 3968 3556 4008; x_wconf 90' lang='lat' dir='ltr'>cum</span> <span class='ocrx_word' id='word_1_474' title='bbox 3586 3951 3798 4010; x_wconf 85' lang='lat' dir='ltr'>illicita</span> 
     </span>
    </p>
   </div>
   <div class='ocr_carea' id='block_1_47' title="bbox 2137 4041 3793 4114">
    <p class='ocr_par' dir='ltr' id='par_1_47' title="bbox 2137 4041 3793 4114">
     <span class='ocr_line' id='line_1_47' title="bbox 2137 4041 3793 4114; baseline 0.001 -18"><span class='ocrx_word' id='word_1_475' title='bbox 2137 4041 2468 4114; x_wconf 91' lang='lat' dir='ltr'>prohibent,</span> <span class='ocrx_word' id='word_1_476' title='bbox 2503 4045 2834 4097; x_wconf 88' lang='lat' dir='ltr'>necessaria</span> <span class='ocrx_word' id='word_1_477' title='bbox 2853 4042 3084 4112; x_wconf 89' lang='lat' dir='ltr'>jubent,</span> <span class='ocrx_word' id='word_1_478' title='bbox 3118 4058 3355 4096; x_wconf 90' lang='lat' dir='ltr'>summa</span> <span class='ocrx_word' id='word_1_479' title='bbox 3383 4042 3655 4106; x_wconf 90' lang='lat' dir='ltr'>suadent,</span> <span class='ocrx_word' id='word_1_480' title='bbox 3687 4058 3793 4098; x_wconf 86' lang='lat' dir='ltr'>ve-</span> 
     </span>
    </p>
   </div>
   <div class='ocr_carea' id='block_1_48' title="bbox 2136 4129 3790 4202">
    <p class='ocr_par' dir='ltr' id='par_1_48' title="bbox 2136 4129 3790 4202">
     <span class='ocr_line' id='line_1_48' title="bbox 2136 4129 3790 4202; baseline 0.001 -16"><span class='ocrx_word' id='word_1_481' title='bbox 2136 4131 2315 4187; x_wconf 89' lang='lat' dir='ltr'>nialia</span> <span class='ocrx_word' id='word_1_482' title='bbox 2347 4130 2655 4202; x_wconf 80' lang='lat' dir='ltr'>indulgent</span> <span class='ocrx_word' id='word_1_483' title='bbox 2683 4149 2694 4186; x_wconf 92' lang='lat'>:</span> <span class='ocrx_word' id='word_1_484' title='bbox 2730 4147 2864 4186; x_wconf 90' lang='lat' dir='ltr'>cum</span> <span class='ocrx_word' id='word_1_485' title='bbox 2913 4132 3238 4186; x_wconf 88' lang='lat' dir='ltr'>secundum</span> <span class='ocrx_word' id='word_1_486' title='bbox 3280 4130 3560 4186; x_wconf 87' lang='lat' dir='ltr'>duritiam</span> <span class='ocrx_word' id='word_1_487' title='bbox 3593 4129 3790 4188; x_wconf 89' lang='lat' dir='ltr'>cordis</span> 
     </span>
    </p>
   </div>
   <div class='ocr_carea' id='block_1_49' title="bbox 2133 4218 3787 4292">
    <p class='ocr_par' dir='ltr' id='par_1_49' title="bbox 2133 4218 3787 4292">
     <span class='ocr_line' id='line_1_49' title="bbox 2133 4218 3787 4292; baseline 0 -16"><span class='ocrx_word' id='word_1_488' title='bbox 2133 4221 2600 4292; x_wconf 88' lang='lat' dir='ltr'>delinquentium</span> <span class='ocrx_word' id='word_1_489' title='bbox 2635 4237 2738 4290; x_wconf 91' lang='lat' dir='ltr'>pro</span> <span class='ocrx_word' id='word_1_490' title='bbox 2769 4219 3123 4275; x_wconf 89' lang='lat' dir='ltr'>correctione</span> <span class='ocrx_word' id='word_1_491' title='bbox 3173 4235 3400 4286; x_wconf 88' lang='lat' dir='ltr'>eorum,</span> <span class='ocrx_word' id='word_1_492' title='bbox 3434 4218 3520 4276; x_wconf 92' lang='lat' dir='ltr'>vel</span> <span class='ocrx_word' id='word_1_493' title='bbox 3554 4220 3787 4276; x_wconf 89' lang='lat' dir='ltr'>cautela</span> 
     </span>
    </p>
   </div>
   <div class='ocr_carea' id='block_1_50' title="bbox 2129 4305 3785 4380">
    <p class='ocr_par' dir='ltr' id='par_1_50' title="bbox 2129 4305 3785 4380">
     <span class='ocr_line' id='line_1_50' title="bbox 2129 4305 3785 4380; baseline -0.002 -17"><span class='ocrx_word' id='word_1_494' title='bbox 2129 4315 2472 4364; x_wconf 82' lang='lat' dir='ltr'>caeterorum</span> <span class='ocrx_word' id='word_1_495' title='bbox 2495 4324 2726 4365; x_wconf 88' lang='lat' dir='ltr'>severas</span> <span class='ocrx_word' id='word_1_496' title='bbox 2749 4309 3096 4380; x_wconf 74' lang='lat' dir='ltr'>poenitentiae</span> <span class='ocrx_word' id='word_1_497' title='bbox 3122 4307 3281 4380; x_wconf 88' lang='lat' dir='ltr'>leges</span> <span class='ocrx_word' id='word_1_498' title='bbox 3312 4309 3660 4380; x_wconf 88' lang='lat' dir='ltr'>imponunt;</span> <span class='ocrx_word' id='word_1_499' title='bbox 3694 4305 3785 4365; x_wconf 87' lang='lat' dir='ltr'>vel</span> 
     </span>
    </p>
   </div>
   <div class='ocr_carea' id='block_1_51' title="bbox 369 4218 2021 4291">
    <p class='ocr_par' dir='ltr' id='par_1_51' title="bbox 369 4218 2021 4291">
     <span class='ocr_line' id='line_1_51' title="bbox 369 4218 2021 4291; baseline 0.001 -17"><span class='ocrx_word' id='word_1_500' title='bbox 369 4220 680 4291; x_wconf 87' lang='lat' dir='ltr'>diligenter</span> <span class='ocrx_word' id='word_1_501' title='bbox 698 4221 959 4274; x_wconf 86' lang='lat' dir='ltr'>attendat</span> <span class='ocrx_word' id='word_1_502' title='bbox 978 4237 989 4273; x_wconf 90' lang='lat'><strong>:</strong></span> <span class='ocrx_word' id='word_1_503' title='bbox 1011 4236 1139 4290; x_wconf 66' lang='lat' dir='ltr'>qua:</span> <span class='ocrx_word' id='word_1_504' title='bbox 1166 4220 1315 4273; x_wconf 87' lang='lat' dir='ltr'>inter</span> <span class='ocrx_word' id='word_1_505' title='bbox 1335 4236 1397 4274; x_wconf 91' lang='lat' dir='ltr'>se</span> <span class='ocrx_word' id='word_1_506' title='bbox 1415 4218 1728 4274; x_wconf 88' lang='lat' dir='ltr'>dissentire</span> <span class='ocrx_word' id='word_1_507' title='bbox 1751 4235 1864 4273; x_wconf 91' lang='lat' dir='ltr'>non</span> <span class='ocrx_word' id='word_1_508' title='bbox 1884 4236 2021 4275; x_wconf 85' lang='lat' dir='ltr'>sen-</span> 
     </span>
    </p>
   </div>
   <div class='ocr_carea' id='block_1_52' title="bbox 365 4307 2016 4378">
    <p class='ocr_par' dir='ltr' id='par_1_52' title="bbox 365 4307 2016 4378">
     <span class='ocr_line' id='line_1_52' title="bbox 365 4307 2016 4378; baseline 0 -18"><span class='ocrx_word' id='word_1_509' title='bbox 365 4309 568 4374; x_wconf 88' lang='lat' dir='ltr'>tiebat,</span> <span class='ocrx_word' id='word_1_510' title='bbox 602 4308 697 4378; x_wconf 90' lang='lat' dir='ltr'>qui</span> <span class='ocrx_word' id='word_1_511' title='bbox 732 4307 961 4362; x_wconf 89' lang='lat' dir='ltr'>dicebat</span> <span class='ocrx_word' id='word_1_512' title='bbox 998 4325 1010 4362; x_wconf 89' lang='lat'>:</span> <span class='ocrx_word' id='word_1_513' title='bbox 1047 4307 1483 4362; x_wconf 58' lang='lat' dir='ltr'>illiserz&#39;cordiam</span> <span class='ocrx_word' id='word_1_514' title='bbox 1512 4311 1559 4361; x_wconf 80' lang='lat' dir='ltr'>et</span> <span class='ocrx_word' id='word_1_515' title='bbox 1581 4307 1864 4376; x_wconf 76' lang='lat' dir='ltr'>judicium</span> <span class='ocrx_word' id='word_1_516' title='bbox 1885 4324 2016 4362; x_wconf 83' lang='lat' dir='ltr'>can-</span> 
     </span>
    </p>
   </div>
   <div class='ocr_carea' id='block_1_53' title="bbox 361 4395 3783 4470">
    <p class='ocr_par' dir='ltr' id='par_1_53' title="bbox 361 4395 3783 4470">
     <span class='ocr_line' id='line_1_53' title="bbox 361 4395 3783 4470; baseline 0.002 -21"><span class='ocrx_word' id='word_1_517' title='bbox 361 4395 486 4450; x_wconf 85' lang='lat' dir='ltr'>tabo</span> <span class='ocrx_word' id='word_1_518' title='bbox 515 4396 639 4463; x_wconf 82' lang='lat' dir='ltr'>tibi,</span> <span class='ocrx_word' id='word_1_519' title='bbox 674 4397 902 4450; x_wconf 78' lang='lat' dir='ltr'>Domine</span> <span class='ocrx_word' id='word_1_520' title='bbox 952 4396 1132 4465; x_wconf 78' lang='lat' dir='ltr'>(Psal.</span> <span class='ocrx_word' id='word_1_521' title='bbox 1167 4396 1218 4465; x_wconf 79' lang='grc' dir='ltr'>ο)</span> <span class='ocrx_word' id='word_1_522' title='bbox 1245 4414 1259 4464; x_wconf 89' lang='grc'>;</span> <span class='ocrx_word' id='word_1_523' title='bbox 1291 4401 1347 4451; x_wconf 90' lang='lat' dir='ltr'>et</span> <span class='ocrx_word' id='word_1_524' title='bbox 1376 4395 1514 4451; x_wconf 90' lang='lat' dir='ltr'>alibi</span> <span class='ocrx_word' id='word_1_525' title='bbox 1548 4411 1561 4451; x_wconf 88' lang='lat'>:</span> <span class='ocrx_word' id='word_1_526' title='bbox 1597 4397 1878 4453; x_wconf 68' lang='lat' dir='ltr'>Universae</span> <span class='ocrx_word' id='word_1_527' title='bbox 1912 4400 2018 4455; x_wconf 66' lang='lat' dir='ltr'>viae</span> <span class='ocrx_word' id='word_1_528' title='bbox 2126 4414 2260 4452; x_wconf 89' lang='lat' dir='ltr'>cum</span> <span class='ocrx_word' id='word_1_529' title='bbox 2291 4399 2615 4453; x_wconf 90' lang='lat' dir='ltr'>secundum</span> <span class='ocrx_word' id='word_1_530' title='bbox 2649 4398 3013 4454; x_wconf 89' lang='lat' dir='ltr'>devotionem</span> <span class='ocrx_word' id='word_1_531' title='bbox 3037 4397 3362 4453; x_wconf 89' lang='lat' dir='ltr'>dolentium</span> <span class='ocrx_word' id='word_1_532' title='bbox 3389 4403 3447 4453; x_wconf 91' lang='lat' dir='ltr'>et</span> <span class='ocrx_word' id='word_1_533' title='bbox 3475 4413 3783 4470; x_wconf 80' lang='lat' dir='ltr'>resurgere</span> 
     </span>
    </p>
   </div>
   <div class='ocr_carea' id='block_1_54' title="bbox 359 4484 3785 4558">
    <p class='ocr_par' dir='ltr' id='par_1_54' title="bbox 359 4484 3785 4558">
     <span class='ocr_line' id='line_1_54' title="bbox 359 4484 3785 4558; baseline 0.001 -21"><span class='ocrx_word' id='word_1_534' title='bbox 359 4485 604 4551; x_wconf 83' lang='lat' dir='ltr'>Domini,</span> <span class='ocrx_word' id='word_1_535' title='bbox 636 4484 1017 4538; x_wconf 81' lang='lat' dir='ltr'>misericordia</span> <span class='ocrx_word' id='word_1_536' title='bbox 1057 4488 1108 4538; x_wconf 81' lang='lat' dir='ltr'>et</span> <span class='ocrx_word' id='word_1_537' title='bbox 1154 4486 1358 4539; x_wconf 79' lang='lat' dir='ltr'>veritas</span> <span class='ocrx_word' id='word_1_538' title='bbox 1408 4485 1586 4555; x_wconf 84' lang='lat' dir='ltr'>(Psal.</span> <span class='ocrx_word' id='word_1_539' title='bbox 1620 4489 1794 4552; x_wconf 81' lang='lat' dir='ltr'>xxiv).</span> <span class='ocrx_word' id='word_1_540' title='bbox 1828 4487 2015 4542; x_wconf 86' lang='lat' dir='ltr'>Habet</span> <span class='ocrx_word' id='word_1_541' title='bbox 2121 4486 2845 4551; x_wconf 87' lang='lat' dir='ltr'>volentium,considerata</span> <span class='ocrx_word' id='word_1_542' title='bbox 2866 4485 3345 4557; x_wconf 87' lang='lat' dir='ltr'>fragilitatevasis</span> <span class='ocrx_word' id='word_1_543' title='bbox 3367 4486 3523 4557; x_wconf 90' lang='lat' dir='ltr'>quod</span> <span class='ocrx_word' id='word_1_544' title='bbox 3545 4490 3785 4558; x_wconf 81' lang='lat' dir='ltr'>portant</span> 
     </span>
    </p>
   </div>
   <div class='ocr_carea' id='block_1_55' title="bbox 357 4570 3780 4646">
    <p class='ocr_par' dir='ltr' id='par_1_55' title="bbox 357 4570 3780 4646">
     <span class='ocr_line' id='line_1_55' title="bbox 357 4570 3780 4646; baseline 0.001 -20"><span class='ocrx_word' id='word_1_545' title='bbox 357 4572 703 4628; x_wconf 90' lang='lat' dir='ltr'>enimomnis</span> <span class='ocrx_word' id='word_1_546' title='bbox 719 4570 2008 4645; x_wconf 87' lang='lat' dir='ltr'>ecclesiasticadisciplinaprincipaliterhanc</span> <span class='ocrx_word' id='word_1_547' title='bbox 2116 4574 2495 4646; x_wconf 63' lang='lat' dir='ltr'>indulgentiae</span> <span class='ocrx_word' id='word_1_548' title='bbox 2518 4574 2810 4646; x_wconf 88' lang='lat' dir='ltr'>malagma</span> <span class='ocrx_word' id='word_1_549' title='bbox 2835 4580 3263 4646; x_wconf 90' lang='lat' dir='ltr'>superponunt.</span> <span class='ocrx_word' id='word_1_550' title='bbox 3280 4573 3556 4645; x_wconf 87' lang='lat' dir='ltr'>Nam,qui</span> <span class='ocrx_word' id='word_1_551' title='bbox 3580 4574 3780 4630; x_wconf 89' lang='lat' dir='ltr'>indul-</span> 
     </span>
    </p>
   </div>
   <div class='ocr_carea' id='block_1_56' title="bbox 355 4660 3781 4734">
    <p class='ocr_par' dir='ltr' id='par_1_56' title="bbox 355 4660 3781 4734">
     <span class='ocr_line' id='line_1_56' title="bbox 355 4660 3781 4734; baseline 0.002 -20"><span class='ocrx_word' id='word_1_552' title='bbox 355 4660 764 4728; x_wconf 89' lang='lat' dir='ltr'>intentionem,</span> <span class='ocrx_word' id='word_1_553' title='bbox 807 4660 893 4716; x_wconf 89' lang='lat' dir='ltr'>vel</span> <span class='ocrx_word' id='word_1_554' title='bbox 945 4676 1179 4716; x_wconf 88' lang='lat' dir='ltr'>omnem</span> <span class='ocrx_word' id='word_1_555' title='bbox 1229 4661 1675 4717; x_wconf 79' lang='lat' dir='ltr'>aedificationem</span> <span class='ocrx_word' id='word_1_556' title='bbox 1724 4664 2004 4721; x_wconf 90' lang='lat' dir='ltr'>adversus</span> <span class='ocrx_word' id='word_1_557' title='bbox 2114 4669 2273 4734; x_wconf 88' lang='lat' dir='ltr'>gent,</span> <span class='ocrx_word' id='word_1_558' title='bbox 2308 4663 2634 4734; x_wconf 70' lang='lat' dir='ltr'>majoribus</span> <span class='ocrx_word' id='word_1_559' title='bbox 2679 4663 2899 4719; x_wconf 91' lang='lat' dir='ltr'>morbis</span> <span class='ocrx_word' id='word_1_560' title='bbox 2952 4662 3293 4719; x_wconf 87' lang='lat' dir='ltr'>amovendis</span> <span class='ocrx_word' id='word_1_561' title='bbox 3340 4663 3688 4734; x_wconf 88' lang='lat' dir='ltr'>provident;</span> <span class='ocrx_word' id='word_1_562' title='bbox 3722 4668 3781 4720; x_wconf 91' lang='lat' dir='ltr'>et</span> 
     </span>
    </p>
   </div>
   <div class='ocr_carea' id='block_1_57' title="bbox 355 4749 3775 4824">
    <p class='ocr_par' dir='ltr' id='par_1_57' title="bbox 355 4749 3775 4824">
     <span class='ocr_line' id='line_1_57' title="bbox 355 4749 3775 4824; baseline 0.001 -21"><span class='ocrx_word' id='word_1_563' title='bbox 355 4749 662 4805; x_wconf 86' lang='lat' dir='ltr'>scientiam</span> <span class='ocrx_word' id='word_1_564' title='bbox 693 4749 906 4805; x_wconf 89' lang='lat' dir='ltr'>Christi</span> <span class='ocrx_word' id='word_1_565' title='bbox 941 4765 1002 4804; x_wconf 90' lang='lat' dir='ltr'>se</span> <span class='ocrx_word' id='word_1_566' title='bbox 1034 4749 1354 4820; x_wconf 88' lang='lat' dir='ltr'>erigentem</span> <span class='ocrx_word' id='word_1_567' title='bbox 1385 4751 1686 4805; x_wconf 88' lang='lat' dir='ltr'>destruere</span> <span class='ocrx_word' id='word_1_568' title='bbox 1719 4769 1731 4805; x_wconf 83' lang='lat'><strong>:</strong></span> <span class='ocrx_word' id='word_1_569' title='bbox 1764 4752 1849 4807; x_wconf 91' lang='lat' dir='ltr'>vel</span> <span class='ocrx_word' id='word_1_570' title='bbox 1873 4753 2004 4808; x_wconf 72' lang='lat' dir='ltr'>aadi-</span> <span class='ocrx_word' id='word_1_571' title='bbox 2113 4751 2214 4821; x_wconf 87' lang='lat' dir='ltr'>qui</span> <span class='ocrx_word' id='word_1_572' title='bbox 2245 4750 2450 4805; x_wconf 87' lang='lat' dir='ltr'>illicita</span> <span class='ocrx_word' id='word_1_573' title='bbox 2482 4751 2814 4822; x_wconf 89' lang='lat' dir='ltr'>prohibent,</span> <span class='ocrx_word' id='word_1_574' title='bbox 2849 4767 2884 4806; x_wconf 90' lang='lat' dir='ltr'>a</span> <span class='ocrx_word' id='word_1_575' title='bbox 2913 4754 3101 4806; x_wconf 89' lang='lat' dir='ltr'>morte</span> <span class='ocrx_word' id='word_1_576' title='bbox 3130 4751 3429 4806; x_wconf 88' lang='lat' dir='ltr'>deterrent</span> <span class='ocrx_word' id='word_1_577' title='bbox 3459 4768 3472 4806; x_wconf 90' lang='lat'><strong>:</strong></span> <span class='ocrx_word' id='word_1_578' title='bbox 3509 4752 3610 4824; x_wconf 90' lang='lat' dir='ltr'>qui</span> <span class='ocrx_word' id='word_1_579' title='bbox 3644 4768 3775 4808; x_wconf 77' lang='lat' dir='ltr'>vero</span> 
     </span>
    </p>
   </div>
   <div class='ocr_carea' id='block_1_58' title="bbox 353 4824 3775 4912">
    <p class='ocr_par' dir='ltr' id='par_1_58' title="bbox 353 4824 3775 4912">
     <span class='ocr_line' id='line_1_58' title="bbox 353 4824 3775 4912; baseline 0.002 -22"><span class='ocrx_word' id='word_1_580' title='bbox 353 4838 685 4894; x_wconf 80' lang='lat' dir='ltr'>ticationem</span> <span class='ocrx_word' id='word_1_581' title='bbox 721 4839 838 4905; x_wconf 89' lang='lat' dir='ltr'>Dei,</span> <span class='ocrx_word' id='word_1_582' title='bbox 872 4837 1006 4892; x_wconf 84' lang='lat' dir='ltr'>ﬁdei</span> <span class='ocrx_word' id='word_1_583' title='bbox 1050 4837 1311 4906; x_wconf 81' lang='lat' dir='ltr'>veritate,</span> <span class='ocrx_word' id='word_1_584' title='bbox 1346 4841 1400 4893; x_wconf 87' lang='lat' dir='ltr'>et</span> <span class='ocrx_word' id='word_1_585' title='bbox 1433 4854 1663 4894; x_wconf 89' lang='lat' dir='ltr'>morum</span> <span class='ocrx_word' id='word_1_586' title='bbox 1696 4839 2002 4897; x_wconf 89' lang='lat' dir='ltr'>honestate</span> <span class='ocrx_word' id='word_1_587' title='bbox 2032 4824 2080 4889; x_wconf 85' lang='lat' dir='ltr'><strong>D</strong></span> <span class='ocrx_word' id='word_1_588' title='bbox 2111 4838 2440 4895; x_wconf 88' lang='lat' dir='ltr'>necessaria</span> <span class='ocrx_word' id='word_1_589' title='bbox 2465 4840 2698 4909; x_wconf 85' lang='lat' dir='ltr'>jubent,</span> <span class='ocrx_word' id='word_1_590' title='bbox 2724 4838 2972 4895; x_wconf 89' lang='lat' dir='ltr'>salutem</span> <span class='ocrx_word' id='word_1_591' title='bbox 3002 4841 3648 4911; x_wconf 88' lang='lat' dir='ltr'>cupiuntconservare;</span> <span class='ocrx_word' id='word_1_592' title='bbox 3671 4842 3775 4912; x_wconf 88' lang='lat' dir='ltr'>qui</span> 
     </span>
    </p>
   </div>
   <div class='ocr_carea' id='block_1_59' title="bbox 350 4926 3772 5001">
    <p class='ocr_par' dir='ltr' id='par_1_59' title="bbox 350 4926 3772 5001">
     <span class='ocr_line' id='line_1_59' title="bbox 350 4926 3772 5001; baseline 0.002 -22"><span class='ocrx_word' id='word_1_593' title='bbox 350 4931 712 4981; x_wconf 87' lang='lat' dir='ltr'>constantem</span> <span class='ocrx_word' id='word_1_594' title='bbox 735 4926 1223 4994; x_wconf 88' lang='lat' dir='ltr'>construere;vel</span> <span class='ocrx_word' id='word_1_595' title='bbox 1248 4928 1515 4982; x_wconf 89' lang='lat' dir='ltr'>eamdem</span> <span class='ocrx_word' id='word_1_596' title='bbox 1537 4927 2000 4986; x_wconf 82' lang='lat' dir='ltr'>sicontaminata</span> <span class='ocrx_word' id='word_1_597' title='bbox 2109 4934 2305 4984; x_wconf 87' lang='lat' dir='ltr'>autem</span> <span class='ocrx_word' id='word_1_598' title='bbox 2357 4929 2628 4998; x_wconf 89' lang='lat' dir='ltr'>suadent,</span> <span class='ocrx_word' id='word_1_599' title='bbox 2677 4927 2928 4984; x_wconf 89' lang='lat' dir='ltr'>salutem</span> <span class='ocrx_word' id='word_1_600' title='bbox 2975 4930 3213 4985; x_wconf 90' lang='lat' dir='ltr'>student</span> <span class='ocrx_word' id='word_1_601' title='bbox 3256 4945 3490 5001; x_wconf 89' lang='lat' dir='ltr'>augere.</span> <span class='ocrx_word' id='word_1_602' title='bbox 3541 4930 3654 4984; x_wconf 82' lang='lat' dir='ltr'>Hoc</span> <span class='ocrx_word' id='word_1_603' title='bbox 3687 4934 3772 4986; x_wconf 86' lang='lat' dir='ltr'>at-</span> 
     </span>
    </p>
   </div>
   <div class='ocr_carea' id='block_1_60' title="bbox 346 5013 3770 5090">
    <p class='ocr_par' dir='ltr' id='par_1_60' title="bbox 346 5013 3770 5090">
     <span class='ocr_line' id='line_1_60' title="bbox 346 5013 3770 5090; baseline 0.003 -24"><span class='ocrx_word' id='word_1_604' title='bbox 346 5013 540 5079; x_wconf 84' lang='lat' dir='ltr'>fuerit,</span> <span class='ocrx_word' id='word_1_605' title='bbox 561 5015 914 5086; x_wconf 78' lang='lat' dir='ltr'>poenitentiae</span> <span class='ocrx_word' id='word_1_606' title='bbox 937 5015 1213 5070; x_wconf 90' lang='lat' dir='ltr'>remediis</span> <span class='ocrx_word' id='word_1_607' title='bbox 1236 5016 1579 5071; x_wconf 88' lang='lat' dir='ltr'>emundare.</span> <span class='ocrx_word' id='word_1_608' title='bbox 1604 5017 1791 5087; x_wconf 87' lang='lat' dir='ltr'>Hujus</span> <span class='ocrx_word' id='word_1_609' title='bbox 1813 5019 1996 5073; x_wconf 79' lang='lat' dir='ltr'>aediﬁ-</span> <span class='ocrx_word' id='word_1_610' title='bbox 2106 5018 2353 5072; x_wconf 87' lang='lat' dir='ltr'>tendens</span> <span class='ocrx_word' id='word_1_611' title='bbox 2384 5015 2633 5088; x_wconf 78' lang='lat' dir='ltr'>diligens</span> <span class='ocrx_word' id='word_1_612' title='bbox 2663 5016 2845 5072; x_wconf 91' lang='lat' dir='ltr'>lector</span> <span class='ocrx_word' id='word_1_613' title='bbox 2875 5017 3163 5090; x_wconf 88' lang='lat' dir='ltr'>intelliget</span> <span class='ocrx_word' id='word_1_614' title='bbox 3194 5034 3368 5074; x_wconf 89' lang='lat' dir='ltr'>unam</span> <span class='ocrx_word' id='word_1_615' title='bbox 3400 5017 3605 5073; x_wconf 82' lang='lat' dir='ltr'>faciem</span> <span class='ocrx_word' id='word_1_616' title='bbox 3639 5033 3770 5075; x_wconf 85' lang='lat' dir='ltr'>esse</span> 
     </span>
    </p>
   </div>
   <div class='ocr_carea' id='block_1_61' title="bbox 343 5103 3765 5177">
    <p class='ocr_par' dir='ltr' id='par_1_61' title="bbox 343 5103 3765 5177">
     <span class='ocr_line' id='line_1_61' title="bbox 343 5103 3765 5177; baseline 0.002 -22"><span class='ocrx_word' id='word_1_617' title='bbox 343 5103 592 5157; x_wconf 89' lang='lat' dir='ltr'>cationis</span> <span class='ocrx_word' id='word_1_618' title='bbox 617 5104 900 5175; x_wconf 89' lang='lat' dir='ltr'>magistra</span> <span class='ocrx_word' id='word_1_619' title='bbox 927 5108 1015 5158; x_wconf 88' lang='lat' dir='ltr'>est</span> <span class='ocrx_word' id='word_1_620' title='bbox 1039 5103 1316 5170; x_wconf 87' lang='lat' dir='ltr'>cbaritas,</span> <span class='ocrx_word' id='word_1_621' title='bbox 1341 5121 1465 5175; x_wconf 67' lang='lat' dir='ltr'>quae</span> <span class='ocrx_word' id='word_1_622' title='bbox 1497 5104 1669 5160; x_wconf 83' lang='lat' dir='ltr'>saluti</span> <span class='ocrx_word' id='word_1_623' title='bbox 1701 5107 1993 5177; x_wconf 82' lang='lat' dir='ltr'>proximo-</span> <span class='ocrx_word' id='word_1_624' title='bbox 2104 5105 2472 5177; x_wconf 90' lang='lat' dir='ltr'>eloquiorum</span> <span class='ocrx_word' id='word_1_625' title='bbox 2506 5123 2837 5177; x_wconf 90' lang='lat' dir='ltr'>sacrorum,</span> <span class='ocrx_word' id='word_1_626' title='bbox 2868 5123 3002 5162; x_wconf 91' lang='lat' dir='ltr'>cum</span> <span class='ocrx_word' id='word_1_627' title='bbox 3037 5107 3314 5163; x_wconf 85' lang='lat' dir='ltr'>distincte</span> <span class='ocrx_word' id='word_1_628' title='bbox 3343 5107 3765 5174; x_wconf 87' lang='lat' dir='ltr'>considerabit,</span> 
     </span>
    </p>
   </div>
   <div class='ocr_carea' id='block_1_62' title="bbox 342 5191 3766 5269">
    <p class='ocr_par' dir='ltr' id='par_1_62' title="bbox 342 5191 3766 5269">
     <span class='ocr_line' id='line_1_62' title="bbox 342 5191 3766 5269; baseline 0.002 -25"><span class='ocrx_word' id='word_1_629' title='bbox 342 5207 474 5245; x_wconf 89' lang='lat' dir='ltr'>rum</span> <span class='ocrx_word' id='word_1_630' title='bbox 509 5191 841 5259; x_wconf 87' lang='lat' dir='ltr'>consulens,</span> <span class='ocrx_word' id='word_1_631' title='bbox 865 5193 922 5247; x_wconf 90' lang='lat' dir='ltr'>id</span> <span class='ocrx_word' id='word_1_632' title='bbox 953 5193 1215 5264; x_wconf 67' lang='lat' dir='ltr'>praecipit</span> <span class='ocrx_word' id='word_1_633' title='bbox 1246 5192 1379 5248; x_wconf 87' lang='lat' dir='ltr'>aliis</span> <span class='ocrx_word' id='word_1_634' title='bbox 1402 5194 1524 5248; x_wconf 78' lang='lat' dir='ltr'>fieri</span> <span class='ocrx_word' id='word_1_635' title='bbox 1555 5196 1707 5263; x_wconf 89' lang='lat' dir='ltr'>quod</span> <span class='ocrx_word' id='word_1_636' title='bbox 1730 5196 1841 5250; x_wconf 89' lang='lat' dir='ltr'>sibi</span> <span class='ocrx_word' id='word_1_637' title='bbox 1862 5197 1990 5266; x_wconf 89' lang='lat' dir='ltr'>qui-</span> <span class='ocrx_word' id='word_1_638' title='bbox 2108 5194 2248 5264; x_wconf 91' lang='lat' dir='ltr'>quid</span> <span class='ocrx_word' id='word_1_639' title='bbox 2281 5195 2357 5250; x_wconf 91' lang='lat' dir='ltr'>sit</span> <span class='ocrx_word' id='word_1_640' title='bbox 2386 5195 2734 5263; x_wconf 88' lang='lat' dir='ltr'>admonitio,</span> <span class='ocrx_word' id='word_1_641' title='bbox 2765 5197 2905 5267; x_wconf 91' lang='lat' dir='ltr'>quid</span> <span class='ocrx_word' id='word_1_642' title='bbox 2939 5196 3018 5252; x_wconf 86' lang='lat' dir='ltr'>sit</span> <span class='ocrx_word' id='word_1_643' title='bbox 3044 5199 3420 5269; x_wconf 60' lang='lat' dir='ltr'>praeceptum,</span> <span class='ocrx_word' id='word_1_644' title='bbox 3453 5196 3594 5268; x_wconf 91' lang='lat' dir='ltr'>quid</span> <span class='ocrx_word' id='word_1_645' title='bbox 3627 5212 3766 5268; x_wconf 89' lang='lat' dir='ltr'>pro-</span> 
     </span>
    </p>
   </div>
   <div class='ocr_carea' id='block_1_63' title="bbox 340 5278 1988 5352">
    <p class='ocr_par' dir='ltr' id='par_1_63' title="bbox 340 5278 1988 5352">
     <span class='ocr_line' id='line_1_63' title="bbox 340 5278 1988 5352; baseline 0.004 -21"><span class='ocrx_word' id='word_1_646' title='bbox 340 5294 486 5349; x_wconf 91' lang='lat' dir='ltr'>sque</span> <span class='ocrx_word' id='word_1_647' title='bbox 519 5278 642 5334; x_wconf 90' lang='lat' dir='ltr'>vult</span> <span class='ocrx_word' id='word_1_648' title='bbox 671 5282 742 5334; x_wconf 91' lang='lat' dir='ltr'>ab</span> <span class='ocrx_word' id='word_1_649' title='bbox 775 5280 905 5334; x_wconf 90' lang='lat' dir='ltr'>aliis</span> <span class='ocrx_word' id='word_1_650' title='bbox 937 5280 1221 5350; x_wconf 89' lang='lat' dir='ltr'>impendi.</span> <span class='ocrx_word' id='word_1_651' title='bbox 1271 5280 1614 5352; x_wconf 87' lang='lat' dir='ltr'>Quicunque</span> <span class='ocrx_word' id='word_1_652' title='bbox 1643 5299 1776 5352; x_wconf 70' lang='lat' dir='ltr'>ergo</span> <span class='ocrx_word' id='word_1_653' title='bbox 1806 5283 1988 5339; x_wconf 85' lang='lat' dir='ltr'>eccle-</span> 
     </span>
    </p>
   </div>
   <div class='ocr_carea' id='block_1_64' title="bbox 339 5367 1990 5443">
    <p class='ocr_par' dir='ltr' id='par_1_64' title="bbox 339 5367 1990 5443">
     <span class='ocr_line' id='line_1_64' title="bbox 339 5367 1990 5443; baseline 0.005 -23"><span class='ocrx_word' id='word_1_654' title='bbox 339 5367 611 5424; x_wconf 86' lang='lat' dir='ltr'>siasticus</span> <span class='ocrx_word' id='word_1_655' title='bbox 642 5368 843 5424; x_wconf 91' lang='lat' dir='ltr'>doctor</span> <span class='ocrx_word' id='word_1_656' title='bbox 873 5368 1306 5424; x_wconf 88' lang='lat' dir='ltr'>ecclesiasticas</span> <span class='ocrx_word' id='word_1_657' title='bbox 1337 5369 1568 5440; x_wconf 89' lang='lat' dir='ltr'>regulas</span> <span class='ocrx_word' id='word_1_658' title='bbox 1602 5371 1681 5425; x_wconf 90' lang='lat' dir='ltr'>ita</span> <span class='ocrx_word' id='word_1_659' title='bbox 1712 5371 1990 5443; x_wconf 88' lang='lat' dir='ltr'>interpre-</span> 
     </span>
    </p>
   </div>
   <div class='ocr_carea' id='block_1_65' title="bbox 336 5457 1986 5528">
    <p class='ocr_par' dir='ltr' id='par_1_65' title="bbox 336 5457 1986 5528">
     <span class='ocr_line' id='line_1_65' title="bbox 336 5457 1986 5528; baseline 0.006 -21"><span class='ocrx_word' id='word_1_660' title='bbox 336 5458 494 5510; x_wconf 89' lang='lat' dir='ltr'>tatur</span> <span class='ocrx_word' id='word_1_661' title='bbox 523 5461 624 5512; x_wconf 90' lang='lat' dir='ltr'>aut</span> <span class='ocrx_word' id='word_1_662' title='bbox 654 5459 1010 5526; x_wconf 89' lang='lat' dir='ltr'>moderatur,</span> <span class='ocrx_word' id='word_1_663' title='bbox 1033 5461 1095 5511; x_wconf 89' lang='lat' dir='ltr'>ut</span> <span class='ocrx_word' id='word_1_664' title='bbox 1126 5457 1196 5512; x_wconf 92' lang='lat' dir='ltr'>ad</span> <span class='ocrx_word' id='word_1_665' title='bbox 1225 5472 1470 5528; x_wconf 86' lang='lat' dir='ltr'>regnum</span> <span class='ocrx_word' id='word_1_666' title='bbox 1494 5458 1799 5514; x_wconf 89' lang='lat' dir='ltr'>charitatis</span> <span class='ocrx_word' id='word_1_667' title='bbox 1817 5477 1986 5517; x_wconf 91' lang='lat' dir='ltr'>cunc-</span> 
     </span>
    </p>
   </div>
   <div class='ocr_carea' id='block_1_66' title="bbox 333 5545 1980 5619">
    <p class='ocr_par' dir='ltr' id='par_1_66' title="bbox 333 5545 1980 5619">
     <span class='ocr_line' id='line_1_66' title="bbox 333 5545 1980 5619; baseline 0.008 -25"><span class='ocrx_word' id='word_1_668' title='bbox 333 5545 394 5596; x_wconf 91' lang='lat' dir='ltr'>ta</span> <span class='ocrx_word' id='word_1_669' title='bbox 423 5559 550 5614; x_wconf 76' lang='lat' dir='ltr'>quae</span> <span class='ocrx_word' id='word_1_670' title='bbox 573 5547 844 5603; x_wconf 82' lang='lat' dir='ltr'>docuerit</span> <span class='ocrx_word' id='word_1_671' title='bbox 873 5545 960 5602; x_wconf 91' lang='lat' dir='ltr'>vel</span> <span class='ocrx_word' id='word_1_672' title='bbox 991 5547 1347 5617; x_wconf 83' lang='lat' dir='ltr'>exposuerit,</span> <span class='ocrx_word' id='word_1_673' title='bbox 1373 5547 1602 5614; x_wconf 81' lang='lat' dir='ltr'>referat,</span> <span class='ocrx_word' id='word_1_674' title='bbox 1628 5565 1733 5605; x_wconf 89' lang='lat' dir='ltr'>nec</span> <span class='ocrx_word' id='word_1_675' title='bbox 1764 5557 1980 5619; x_wconf 88' lang='lat' dir='ltr'>peccat,</span> 
     </span>
    </p>
   </div>
   <div class='ocr_carea' id='block_1_67' title="bbox 332 5634 1984 5710">
    <p class='ocr_par' dir='ltr' id='par_1_67' title="bbox 332 5634 1984 5710">
     <span class='ocr_line' id='line_1_67' title="bbox 332 5634 1984 5710; baseline 0.007 -24"><span class='ocrx_word' id='word_1_676' title='bbox 332 5643 440 5688; x_wconf 85' lang='lat' dir='ltr'>nec</span> <span class='ocrx_word' id='word_1_677' title='bbox 461 5636 615 5691; x_wconf 86' lang='lat' dir='ltr'>errat</span> <span class='ocrx_word' id='word_1_678' title='bbox 638 5651 652 5694; x_wconf 91' lang='lat'><strong>:</strong></span> <span class='ocrx_word' id='word_1_679' title='bbox 677 5652 811 5695; x_wconf 90' lang='lat' dir='ltr'>cum</span> <span class='ocrx_word' id='word_1_680' title='bbox 836 5635 1011 5695; x_wconf 88' lang='lat' dir='ltr'>saluti</span> <span class='ocrx_word' id='word_1_681' title='bbox 1033 5634 1434 5708; x_wconf 85' lang='lat' dir='ltr'>proximorum</span> <span class='ocrx_word' id='word_1_682' title='bbox 1457 5637 1793 5710; x_wconf 87' lang='lat' dir='ltr'>consulens,</span> <span class='ocrx_word' id='word_1_683' title='bbox 1817 5640 1888 5697; x_wconf 90' lang='lat' dir='ltr'>ad</span> <span class='ocrx_word' id='word_1_684' title='bbox 1919 5639 1984 5696; x_wconf 81' lang='lat' dir='ltr'>ﬁ-</span> 
     </span>
    </p>
   </div>
   <div class='ocr_carea' id='block_1_68' title="bbox 2101 5282 3759 5354">
    <p class='ocr_par' dir='ltr' id='par_1_68' title="bbox 2101 5282 3759 5354">
     <span class='ocr_line' id='line_1_68' title="bbox 2101 5282 3759 5354; baseline 0.003 -17"><span class='ocrx_word' id='word_1_685' title='bbox 2101 5282 2332 5351; x_wconf 88' lang='lat' dir='ltr'>hibitio,</span> <span class='ocrx_word' id='word_1_686' title='bbox 2367 5284 2508 5354; x_wconf 90' lang='lat' dir='ltr'>quid</span> <span class='ocrx_word' id='word_1_687' title='bbox 2542 5284 2813 5342; x_wconf 87' lang='lat' dir='ltr'>remissio</span> <span class='ocrx_word' id='word_1_688' title='bbox 2839 5302 2853 5353; x_wconf 93' lang='lat'>;</span> <span class='ocrx_word' id='word_1_689' title='bbox 2896 5289 2954 5341; x_wconf 91' lang='lat' dir='ltr'>et</span> <span class='ocrx_word' id='word_1_690' title='bbox 2981 5285 3101 5340; x_wconf 84' lang='lat' dir='ltr'>haec</span> <span class='ocrx_word' id='word_1_691' title='bbox 3133 5301 3240 5341; x_wconf 90' lang='lat' dir='ltr'>nec</span> <span class='ocrx_word' id='word_1_692' title='bbox 3265 5302 3336 5342; x_wconf 87' lang='lat' dir='ltr'>se</span> <span class='ocrx_word' id='word_1_693' title='bbox 3365 5285 3614 5341; x_wconf 87' lang='lat' dir='ltr'>invicem</span> <span class='ocrx_word' id='word_1_694' title='bbox 3646 5285 3759 5342; x_wconf 88' lang='lat' dir='ltr'>im-</span> 
     </span>
    </p>
   </div>
   <div class='ocr_carea' id='block_1_69' title="bbox 2099 5374 3758 5446">
    <p class='ocr_par' dir='ltr' id='par_1_69' title="bbox 2099 5374 3758 5446">
     <span class='ocr_line' id='line_1_69' title="bbox 2099 5374 3758 5446; baseline 0.003 -20"><span class='ocrx_word' id='word_1_695' title='bbox 2099 5387 2494 5444; x_wconf 84' lang='lat' dir='ltr'>pugnare,nec</span> <span class='ocrx_word' id='word_1_696' title='bbox 2516 5391 2550 5429; x_wconf 92' lang='lat' dir='ltr'>a</span> <span class='ocrx_word' id='word_1_697' title='bbox 2574 5375 2783 5445; x_wconf 90' lang='lat' dir='ltr'>seipsis</span> <span class='ocrx_word' id='word_1_698' title='bbox 2801 5376 3040 5446; x_wconf 87' lang='lat' dir='ltr'>distare,</span> <span class='ocrx_word' id='word_1_699' title='bbox 3061 5375 3162 5431; x_wconf 89' lang='lat' dir='ltr'>sed</span> <span class='ocrx_word' id='word_1_700' title='bbox 3185 5375 3463 5431; x_wconf 89' lang='lat' dir='ltr'>omnibus</span> <span class='ocrx_word' id='word_1_701' title='bbox 3483 5374 3758 5432; x_wconf 89' lang='lat' dir='ltr'>sanitatis</span> 
     </span>
    </p>
   </div>
   <div class='ocr_carea' id='block_1_70' title="bbox 2095 5462 3754 5537">
    <p class='ocr_par' dir='ltr' id='par_1_70' title="bbox 2095 5462 3754 5537">
     <span class='ocr_line' id='line_1_70' title="bbox 2095 5462 3754 5537; baseline 0.004 -22"><span class='ocrx_word' id='word_1_702' title='bbox 2095 5462 2422 5516; x_wconf 85' lang='lat' dir='ltr'>remedium</span> <span class='ocrx_word' id='word_1_703' title='bbox 2442 5479 2545 5534; x_wconf 93' lang='lat' dir='ltr'>pro</span> <span class='ocrx_word' id='word_1_704' title='bbox 2564 5481 2672 5520; x_wconf 91' lang='lat' dir='ltr'>sua</span> <span class='ocrx_word' id='word_1_705' title='bbox 2690 5463 3090 5520; x_wconf 89' lang='lat' dir='ltr'>moderatione</span> <span class='ocrx_word' id='word_1_706' title='bbox 3113 5464 3476 5537; x_wconf 88' lang='lat' dir='ltr'>dispensare.</span> <span class='ocrx_word' id='word_1_707' title='bbox 3497 5464 3604 5521; x_wconf 87' lang='lat' dir='ltr'>Sed</span> <span class='ocrx_word' id='word_1_708' title='bbox 3631 5463 3754 5521; x_wconf 71' lang='lat' dir='ltr'>haec</span> 
     </span>
    </p>
   </div>
   <div class='ocr_carea' id='block_1_71' title="bbox 2095 5549 3750 5626">
    <p class='ocr_par' dir='ltr' id='par_1_71' title="bbox 2095 5549 3750 5626">
     <span class='ocr_line' id='line_1_71' title="bbox 2095 5549 3750 5626; baseline 0.004 -22"><span class='ocrx_word' id='word_1_709' title='bbox 2095 5549 2329 5621; x_wconf 87' lang='lat' dir='ltr'>singula</span> <span class='ocrx_word' id='word_1_710' title='bbox 2379 5552 2520 5622; x_wconf 88' lang='lat' dir='ltr'>quid</span> <span class='ocrx_word' id='word_1_711' title='bbox 2570 5552 2847 5624; x_wconf 89' lang='lat' dir='ltr'>ponderis</span> <span class='ocrx_word' id='word_1_712' title='bbox 2896 5552 3177 5622; x_wconf 88' lang='lat' dir='ltr'>habeant,</span> <span class='ocrx_word' id='word_1_713' title='bbox 3226 5553 3514 5626; x_wconf 89' lang='lat' dir='ltr'>quibusve</span> <span class='ocrx_word' id='word_1_714' title='bbox 3544 5569 3750 5610; x_wconf 89' lang='lat' dir='ltr'>conve-</span> 
     </span>
    </p>
   </div>
   <div class='ocr_carea' id='block_1_72' title="bbox 2092 5639 3750 5717">
    <p class='ocr_par' dir='ltr' id='par_1_72' title="bbox 2092 5639 3750 5717">
     <span class='ocr_line' id='line_1_72' title="bbox 2092 5639 3750 5717; baseline 0.003 -20"><span class='ocrx_word' id='word_1_715' title='bbox 2092 5639 2276 5710; x_wconf 79' lang='lat' dir='ltr'>niant,</span> <span class='ocrx_word' id='word_1_716' title='bbox 2306 5657 2431 5714; x_wconf 80' lang='lat' dir='ltr'>quae</span> <span class='ocrx_word' id='word_1_717' title='bbox 2463 5641 2584 5699; x_wconf 89' lang='lat' dir='ltr'>sint</span> <span class='ocrx_word' id='word_1_718' title='bbox 2613 5642 3012 5716; x_wconf 89' lang='lat' dir='ltr'>remissibilia,</span> <span class='ocrx_word' id='word_1_719' title='bbox 3040 5660 3168 5717; x_wconf 67' lang='lat' dir='ltr'>qua</span> <span class='ocrx_word' id='word_1_720' title='bbox 3200 5643 3658 5714; x_wconf 88' lang='lat' dir='ltr'>irremissibilia,</span> <span class='ocrx_word' id='word_1_721' title='bbox 3692 5647 3750 5702; x_wconf 85' lang='lat' dir='ltr'>et</span> 
     </span>
    </p>
   </div>
  </div>
