3928 6038
112 156 190 211 49
1406 168 1822 223 DECRETUM.
1865 196 1937 209 —
1973 166 2364 223 PROLOGUS.
3505 164 3576 220 50

111 284 416 355 quando,
448 286 538 341 vel
597 287 815 359 quibus
872 288 944 344 de
1002 289 1197 345 causis
1254 289 1374 345 sint
1439 290 1816 359 remittenda,
1846 290 1901 358 Α
1932 289 2325 363 prohibitione
2375 289 2572 361 aliqua
2616 288 2781 346 nobis
2812 289 3060 345 dicenda
3103 292 3261 345 sunt.
3312 288 3569 361 Praecep-

111 373 318 444 paulo
358 374 544 432 latius
575 381 667 433 est
696 376 1206 449 distinguendum.
1923 380 2113 435 tiones
2146 381 2341 450 itaque
2372 384 2426 435 et
2460 380 2905 450 prohibitiones,
2941 379 3063 434 aliae
3113 384 3253 434 sunt
3300 379 3569 445 mobiles,

186 462 275 518 Et.
314 464 520 535 prima
550 466 785 538 quidem
832 467 1157 523 admonitio
1202 485 1431 539 pmnam
1467 486 1582 525 non
1616 469 1814 524 inten~
1925 469 2049 525 aliae
2080 469 2863 541 immobilesPraeceptiones
2894 468 3229 525 immobiles
3260 471 3570 537 sunt,quas

112 553 232 617 tat,
276 552 339 607 si
375 555 513 624 quis
548 560 678 625 post
708 571 835 610 eam
869 573 983 611 non
1040 561 1155 620 eat,
1187 558 1286 612 sed
1336 558 1643 629 praemium
1695 558 1803 613 sibi
1922 558 2011 613 lex
2041 564 2255 614 (eterna
2287 560 2480 614 sanxit
2513 575 2525 613 :
2564 576 2687 630 quae
2720 560 3036 614 observatas
3085 559 3335 613 salutem
3373 558 3571 612 confe-

114 640 665 710 acquiescentibus
718 643 1043 715 pollicetur.
1078 645 1240 700 Unde
1268 646 1552 701 Dominus
1581 647 1721 701 dicit
1752 647 1809 701 in
1923 652 2097 713 runt;
2133 664 2247 702 non
2297 647 2636 715 observatai,
2683 648 2943 702 eamdem
2992 648 3266 702 auferunt
3300 663 3312 700 :
3367 644 3572 712 Qualia

114 728 167 782 2
207 728 549 803 Evangelio
585 748 596 786 :
625 736 690 788 Si
718 735 800 787 vis
828 749 943 788 esse
971 734 1272 805 perfectus,
1303 735 1463 803 vade,
1492 736 1663 790 vende
1694 753 1810 790 om-
1923 741 2062 791 sunt
2095 754 2107 790 :
2142 736 2350 806 Diliges
2402 738 2690 791 Dominum
2737 738 2902 791 Deum
2946 740 3101 791 tuum
3139 753 3208 791 ea:
3256 740 3363 790 toto
3409 734 3570 789 corde

115 818 229 873 nia
264 835 407 890 quae
435 822 619 885 habes,
652 828 704 877 et
735 822 810 877 da
856 826 1210 893 pauperibus,
1239 828 1291 879 et
1331 825 1562 880 habebis
1593 825 1809 881 thesau-
1922 833 2031 894 tuo,
2064 835 2115 880 et
2170 827 2490 896 proximum
2544 833 2702 879 tuum
2756 827 2899 879 sicut
2948 827 3223 894 teipsum;
3257 833 3305 879 et
3361 823 3568 879 honora

117 924 266 962 rum
300 911 368 963 in
398 913 532 965 calo
564 911 767 982 (Malth.
803 912 1095 982 x1x).Ecce
1125 912 1296 968 lectio
1326 914 1441 967 ista
1473 915 1809 985 evangelica
1919 919 2131 982 patrem
2166 920 2326 969 tuum
2357 917 2405 969 et
2434 923 2671 969 matrem
2703 923 2853 968 tuam
2892 915 3070 975 (Deut.
3105 930 3195 979 v1;
3230 913 3399 969 Levii.
3430 930 3561 980 xxx;

114 996 179 1051 in
244 998 563 1054 voluntate
620 1000 881 1055 hominis
937 1002 1347 1072 perfectionem
1410 1019 1636 1073 ponens
1694 1022 1804 1059 non
1920 1005 2249 1072 Exod.xx);
2312 1004 2454 1059 etsi
2514 1019 2631 1073 qua
2688 1006 2827 1057 sunt
2884 1003 2972 1056 his
3030 1001 3267 1057 similia.
3326 1001 3565 1057 Mobiles

115 1088 321 1158 cogit,
361 1106 473 1145 non
509 1088 699 1143 minas
732 1090 1023 1155 intentat;
1058 1090 1209 1145 sicut
1241 1107 1345 1146 nec
1379 1091 1479 1145 illa
1508 1109 1636 1161 quaa
1670 1110 1805 1160 spa-

115 1175 329 1231 dones
366 1176 744 1249 laudans,qui
776 1195 839 1233 se
857 1183 1259 1234 castraverunt
1293 1185 1529 1251 propter
1561 1197 1801 1252 regnum

118 1265 781 1332 ccelorum,subinfert:
809 1269 915 1336 Qui
940 1273 1118 1338 potest
1144 1270 1553 1340 capere,capiat
1583 1270 1802 1341 (ibid).

120 1357 427 1409 Attamen
460 1371 592 1409 cum
627 1355 696 1409 ad
730 1357 1140 1427 perfectionem
1172 1365 1300 1412 voto
1332 1373 1392 1412 se
1425 1358 1559 1429 quis
1590 1360 1805 1414 astrin-
1914 1360 2101 1415 tutius
2160 1360 2539 1414 muniendam
2595 1376 2607 1414 :
2671 1357 2849 1423 Quale
2896 1360 2985 1412 est
3040 1356 3185 1410 illud
3244 1355 3501 1424 Apostoli
3541 1372 3553 1409 :

121 1443 414 1507 xerit,vel
447 1446 909 1517 gradum,quem
944 1447 1145 1501 nullus
1176 1448 1400 1519 absque
1431 1449 1803 1503 continentiae
1914 1451 2239 1505 Haretzcum
2283 1450 2553 1503 hominem
2602 1456 2718 1519 post
2744 1450 2984 1518 primam
3013 1449 3064 1500 et
3113 1444 3403 1499 secundam
3432 1460 3556 1499 cor-

117 1532 360 1587 virtute
390 1534 709 1589 ascendere
739 1535 929 1601 debet,
963 1537 1312 1600 ascenderit,
1340 1537 1464 1605 jam
1492 1538 1569 1592 sit
1602 1554 1801 1592 neces-
1912 1542 2221 1610 reptionem
2252 1538 2434 1593 devita
2483 1540 2607 1605 (Tit.
2640 1538 2728 1608 ιιι)
2760 1552 2771 1591 :
2807 1553 2920 1591 non
2954 1536 3105 1606 quod
3141 1550 3341 1590 eorum
3373 1532 3553 1588 collo-

124 1621 376 1721 sarium
405 1627 461 1676 et
492 1623 741 1694 pcenale,
774 1625 821 1678 si
855 1641 969 1679 non
1001 1626 1454 1696 teneatur,quod
1488 1630 1619 1682 ante
1653 1627 1800 1682 hanc
1832 1665 1879 1729 B
1913 1629 2117 1699 quium
2153 1644 2255 1699 per
2285 1645 2345 1682 se
2390 1628 2561 1682 saluti
2598 1628 2861 1692 obesset;
2896 1626 2995 1680 sed
3029 1624 3183 1695 quod
3216 1623 3550 1692 frequenta-

124 1711 557 1767 ascensionem
591 1713 782 1767 fuerat
806 1713 1397 1769 voluntarium.Unde
1428 1719 1484 1770 et
1513 1715 1801 1773 Dominus
1832 1711 1879 1729 υ
1909 1721 2034 1771 tum
2081 1734 2149 1772 ex
2198 1716 2434 1787 obliquo
2488 1716 2881 1786 quorumdam
2941 1711 3381 1784 simplicitatem
3426 1728 3551 1767 cor-

120 1802 285 1857 dicit
322 1820 336 1858 :
370 1808 537 1859 Nemo
587 1806 815 1860 mittens
847 1821 1073 1860 manum
1121 1823 1280 1861 suam
1317 1807 1389 1861 ad
1438 1816 1715 1876 aratrum,
1748 1814 1799 1864 et
1908 1821 2180 1877 rumpere
2232 1809 2446 1878 posset.
2500 1804 2566 1859 Et
2610 1804 2795 1858 multa
2845 1802 3098 1873 reperies
3148 1802 3205 1856 in
3257 1801 3554 1856 canonicis

116 1897 282 1948 retro
320 1895 620 1964 aspiciens,
652 1902 813 1965 aptus
843 1901 921 1950 est
954 1910 1120 1966 regno
1149 1898 1249 1950 Dei
1277 1898 1531 1967 (Luam).
1569 1898 1799 1952 Poterat
1905 1895 2378 1950 institutionibus
2423 1894 2482 1948 in
2514 1894 2671 1947 hunc
2721 1893 2981 1947 modum.
3018 1890 3302 1945 Similiter
3338 1890 3548 1945 immo-

108 1979 283 2036 enim
320 1986 459 2037 ante
510 1983 931 2039 Ascensionem
983 2001 1111 2040 esse
1140 1985 1402 2056 inferior,
1452 2003 1567 2041 non
1598 1990 1791 2041 tamen
1901 1984 2050 2040 biles
2098 1984 2519 2055 prohibitiones
2569 1985 2727 2047 sunt,
2771 1998 2897 2051 quae
2952 1981 3231 2035 adversus
3282 1978 3422 2033 vitia
3467 1978 3549 2032 lo-

107 2070 423 2141 deterior;
457 2075 589 2144 post
635 2073 1055 2128 Ascensionem
1111 2090 1243 2130 vero
1295 2075 1535 2130 inferior
1583 2080 1691 2143 est,
1738 2081 1794 2131 et
1900 2078 2200 2145 quuntur;
2235 2072 2432 2145 qualia
2478 2076 2659 2127 sunt:
2709 2073 2824 2126 Non
2875 2070 3125 2135 occides;
3160 2071 3280 2123 Non
3308 2068 3548 2123 maecha-

104 2158 396 2215 deterior.
433 2159 560 2215 Haec
593 2162 663 2216 de
698 2162 1125 2218 admonitione.
1897 2163 2038 2218 beris
2071 2162 2265 2233 (Exod.
2298 2165 2392 2229 xx)
2429 2180 2439 2216 :
2470 2165 2526 2215 et
2556 2164 2780 2214 caetera.
2818 2160 2948 2213 Haec
2980 2162 3119 2213 sunt
3167 2156 3265 2211 illa
3298 2157 3547 2211 minima

177 2247 568 2320 Indulgentia
615 2267 749 2305 vero
805 2252 1123 2323 (quantum
1159 2253 1330 2308 nobis
1361 2254 1612 2325 videtur)
1647 2254 1783 2326 quia
1896 2257 2209 2324 praecepta,
2242 2253 2311 2306 de
2360 2250 2577 2322 quibus
2606 2248 2890 2304 Dominus
2940 2247 3083 2302 dicit
3116 2264 3128 2301 :
3166 2248 3305 2314 Quia
3354 2248 3450 2318 qui
3481 2263 3545 2301 ea

104 2336 362 2393 meliora
393 2355 511 2393 non
545 2339 740 2411 elegit,
774 2341 1100 2396 remedium
1149 2342 1385 2413 quidem
1421 2343 1615 2409 habet,
1667 2362 1779 2400 non
1889 2344 2135 2407 solverit,
2167 2347 2216 2396 et
2246 2343 2325 2395 sic
2367 2340 2631 2408 docuerit,
2666 2341 2725 2393 in
2758 2354 2925 2407 regno
2955 2336 3227 2392 caelorum
3275 2338 3543 2390 minimus

103 2426 467 2497 praemium;
503 2428 602 2482 sed
635 2428 707 2483 ab
743 2428 848 2484 hoc
889 2429 937 2484 si
976 2431 1109 2499 quis
1160 2430 1557 2497 declinaverit,
1595 2450 1777 2488 mere-
1888 2434 1997 2487 erit
2026 2431 2240 2499 (Matth.
2277 2430 2351 2501 v).
2385 2429 2491 2491 Qui
2535 2444 2667 2482 vero
2718 2425 3126 2491 observaverit,
3160 2441 3274 2479 non
3327 2423 3526 2479 statim

102 2517 204 2567 tur
233 2513 816 2584 exitialejudicium.
855 2517 1021 2573 Verbi
1052 2518 1241 2589 gratia
1272 2534 1285 2573 :
1332 2519 1583 2586 Scimus,
1628 2520 1779 2576 sicut
1889 2537 2066 2592 regno
2098 2519 2200 2574 Dei
2249 2519 2466 2589 dignus
2497 2517 2628 2581 erit,
2663 2516 2802 2586 quia
2850 2514 3185 2568 inchoantia
3215 2518 3355 2567 sunt
3384 2513 3527 2580 hmo,

108 2601 184 2656 ab
209 2602 500 2673 Apostolo
532 2603 873 2674 didicimus,
905 2606 1167 2663 humano
1199 2608 1396 2680 generi
1430 2613 1667 2680 propter
1694 2611 1776 2664 vi-
1888 2627 2003 2665 non
2037 2607 2418 2679 perﬁcientia.
2469 2606 2614 2659 Sunt
2663 2604 2775 2657 alia
2829 2602 3160 2664 interdicta,
3204 2601 3262 2653 in
3313 2600 3528 2669 quibus

1917 1110 2049 1147 vero
2081 1097 2241 1157 sunt,
2273 1109 2421 1163 quas
2454 1092 2545 1146 lex
2575 1096 2787 1147 {eterna
2835 1108 2947 1145 non
2980 1090 3194 1157 sanxit,
3227 1091 3327 1145 sed
3369 1094 3562 1160 poste-

1917 1183 2139 1237 riorum
2172 1181 2469 1251 diligentia
2501 1180 2723 1236 ratione
2756 1180 3029 1235 utilitatis
3077 1179 3453 1246 invenitlnon
3488 1180 3557 1233 ad

1915 1272 2165 1326 salutem
2224 1269 2628 1342 principaliter
2681 1269 3079 1333 obtinendam,
3140 1269 3241 1322 sed
3299 1268 3369 1321 ad
3426 1283 3556 1321 eam

112 2692 361 2747 tendam
414 2691 855 2748 fornicationem
908 2695 1206 2750 indultum
1259 2713 1387 2751 esse
1437 2698 1773 2770 conjugium

108 2779 157 2849 (I
184 2780 312 2834 Cor.
347 2780 473 2849 vn),
504 2782 678 2852 cujus
727 2782 974 2838 violator
1024 2789 1283 2840 meretur
1322 2790 1603 2841 aeternum
1655 2791 1775 2856 (eo-

109 2868 246 2924 dem
286 2869 566 2940 Apostolo
616 2874 891 2942 testante)
943 2873 1323 2945 supplicium.
1380 2875 1529 2930 Dicit
1572 2878 1722 2932 enim
1762 2895 1773 2932 :

109 2958 498 3013 Fomicatores
526 2962 578 3013 et
625 2962 913 3016 adulteros
933 2962 1212 3033 judicabit
1243 2966 1387 3019 Deus
1415 2964 1595 3034 (Hebr.
1630 2968 1771 3035 xm).

1887 2701 1935 2754 si
1971 2697 2277 2753 interdicta
2327 2712 2439 2749 non
2494 2693 2763 2761 fuissent,
2810 2707 2914 2747 nec
2964 2707 3120 2746 mors
3170 2696 3531 2760 operaretur,

1887 2805 1992 2842 nec
2025 2787 2186 2842 salus
2216 2784 2660 2856 periclitaretur.
2694 2782 2805 2837 Sed
2838 2781 2907 2836 ad
2960 2780 3068 2834 hoc
3098 2795 3164 2833 ea
3194 2782 3533 2833 sanctorum

1886 2881 2115 2932 Patrum
2177 2874 2497 2929 auctoritas
2555 2871 2873 2927 reverenda
2919 2871 3002 2924 ita
3051 2867 3321 2936 decrevit,
3374 2870 3438 2920 ut
3480 2869 3537 2921 et

1890 2964 2276 3036 praesentibus
2307 2979 2422 3017 non
2452 2962 2702 3030 obesset,
2736 2963 2793 3013 et
2823 2956 3266 3028 compescendis
3298 2953 3537 3025 majori—

109 3046 177 3100 Et
208 3044 311 3100 hic
342 3047 583 3118 gradus,
617 3048 771 3103 sicut
802 3050 871 3105 de
902 3051 1303 3107 admonitione
1331 3053 1608 3124 diximus,
1646 3054 1777 3108 nul-
1810 3035 1851 3102 (ἶ
1892 3056 2001 3111 bus
2035 3054 2205 3109 malis
2236 3053 2324 3108 vel
2358 3051 2653 3116 cavendis,
2687 3049 2943 3104 charitas
2992 3048 3221 3101 sincera
3271 3045 3539 3117 provide-

110 3134 235 3190 lum
273 3136 453 3206 cogit,
487 3137 599 3193 nisi
630 3154 762 3193 cum
796 3139 895 3211 qui
928 3156 990 3195 se
1022 3141 1074 3195 ei
1121 3141 1395 3212 primitus
1426 3142 1772 3213 alligaverit.

109 3223 503 3279 Voluntarius
559 3226 715 3282 enim
757 3231 865 3296 est,
901 3246 1016 3285 non
1077 3231 1465 3289 necessarius.
1504 3232 1776 3303 Alioquin

110 3318 524 3385 transgressor
552 3320 726 3384 esset,
762 3318 1098 3388 quicunque
1146 3336 1381 3375 uxorem
1434 3338 1547 3377 non
1601 3322 1778 3377 duce-

112 3406 217 3457 ret.
254 3406 579 3473 Postquam
624 3422 761 3461 vero
791 3423 855 3462 se
904 3407 1251 3480 alligaverit,
1283 3410 1483 3465 audiat
1524 3411 1777 3483 Aposto-

112 3490 234 3546 lum
285 3491 629 3549 dicentem:
675 3494 964 3568 Alligatus
1012 3514 1065 3553 es
1114 3499 1330 3555 uxori?
1358 3497 1485 3554 noli
1525 3515 1779 3571 querere

112 3582 447 3637 solutionem
500 3583 548 3653 (ι
579 3583 699 3639 Cor.
758 3590 878 3656 vn).
943 3586 1103 3642 Idem
1166 3603 1399 3659 quoque
1458 3588 1777 3659 Apostolus

116 3686 250 3724 cum
286 3671 360 3726 de
395 3672 616 3742 nuptiis
664 3672 1027 3745 loqueretur,
1080 3693 1195 3731 non
1247 3677 1411 3745 dixit,
1466 3676 1679 3732 mulier
1728 3679 1775 3732 si

116 3758 412 3829 nupserit,
442 3760 745 3830 praemium
806 3767 1106 3833 meretur;
1159 3765 1261 3820 sed
1323 3769 1554 3821 tantum
1613 3765 1774 3833 dixit,

114 3862 221 3901 nou
255 3852 467 3918 peccat,
498 3851 546 3903 si
573 3850 745 3905 nubat
776 3850 981 3922 (ibid.).
1016 3852 1102 3907 Ita
1151 3868 1387 3925 quoque
1419 3854 1469 3909 si
1508 3854 1642 3925 quis
1673 3855 1776 3909 ali-

116 3950 295 4005 quem
329 3936 402 3990 ad
451 3937 798 4007 quotidiana
821 3938 1054 4010 jejunis
1102 3939 1334 4011 invitet,
1368 3957 1485 3996 rem
1537 3941 1777 4014 quidem

115 4024 595 4080 remuneratione
627 4026 864 4098 dignam
899 4028 1291 4098 acquiescenti
1322 4034 1378 4084 et
1409 4046 1780 4101 perseveran-

112 4113 151 4165 ti
187 4112 446 4182 suadet;
478 4115 578 4168 sed
614 4115 713 4186 qui
751 4131 862 4169 non
913 4116 1285 4188 acquieverit,
1319 4134 1433 4172 non
1494 4119 1557 4172 ﬁt
1588 4118 1778 4189 seipso

114 4200 377 4257 melior:
430 4203 531 4257 sed
584 4202 721 4259 licet
771 4210 1007 4260 maneat
1057 4206 1305 4262 faciente
1355 4207 1615 4276 inferior,
1665 4224 1778 4262 non

116 4290 176 4343 ﬁt
228 4294 442 4345 tamen
492 4291 686 4363 seipso
746 4293 930 4363 pejor.
982 4293 1087 4348 Sed
1140 4295 1188 4351 si
1242 4312 1273 4350 a
1323 4300 1457 4351 voto
1510 4296 1783 4351 ceciderit

1884 3150 1971 3201 ret
2001 3162 2013 3199 ί
2049 3142 2220 3215 quale
2265 3146 2352 3197 est
2406 3141 2549 3195 illud
2586 3156 2599 3193 :
2634 3138 2888 3195 Clericus
2938 3139 3070 3209 post
3101 3141 3291 3189 actam
3325 3136 3395 3190 de
3428 3135 3538 3189 cri-

1887 3236 2042 3290 mine
2074 3231 2333 3287 damnali
2397 3228 2764 3301 [damnabili]
2807 3226 3230 3297 paenitentiam.
3291 3222 3537 3277 clericus

1885 3341 2001 3379 non
2038 3324 2287 3388 maneat,
2321 3318 2403 3374 vel
2441 3319 2508 3373 ad
2543 3317 2881 3372 clericatum
2925 3332 3039 3370 non
3074 3312 3534 3378 accedat.Quod,

1886 3418 1951 3468 ut
1983 3413 2065 3466 ait
2096 3414 2299 3465 beatus
2329 3407 2697 3479 Augustinus
2728 3406 2887 3474 (Dist.
2916 3405 3009 3467 50,
3042 3420 3087 3457 c.
3121 3407 3180 3456 ut
3209 3402 3535 3465 constituen-

1886 3502 2022 3573 tur),
2058 3502 2276 3555 dictum
2311 3502 2399 3553 est
2429 3497 2621 3569 rigore
2651 3493 2993 3565 disciplinae,
3031 3509 3141 3547 non
3174 3490 3534 3561 desperatio-

1886 3608 1959 3647 ne
2014 3587 2405 3660 indulgentiaa.
2447 3584 2722 3655 Alioquin
2776 3588 2982 3637 contra
3030 3581 3219 3635 claves
3266 3576 3536 3634 Ecclesia:

1887 3677 2397 3752 disputaretur,de
2429 3675 2643 3745 quibus
2676 3672 2895 3727 dictum
2928 3675 3017 3724 est
3052 3687 3063 3723 :
3099 3671 3233 3737 Quae
3260 3668 3538 3723 solveritis

1888 3772 1947 3825 in
1977 3774 2146 3835 terra,
2182 3766 2360 3820 soluta
2391 3772 2556 3818 erunt
2586 3769 2634 3816 et
2665 3763 2725 3816 in
2753 3762 2884 3815 cmlo
2911 3759 3119 3830 (Matth.
3151 3756 3434 3827 xv1).Sed,
3466 3771 3538 3810 ne

1890 3858 2131 3913 forsitan
2164 3871 2266 3926 spe
2315 3852 2556 3907 honoris
2587 3849 2965 3906 ecclesiastici
3010 3847 3247 3903 animus
3277 3845 3538 3900 intume-

1889 3964 2057 4003 scens
2125 3944 2376 4016 superbe
2445 3943 2642 4012 ageret
2699 3938 3123 4011 paenitentiam,
3176 3934 3541 3991 severissime

1888 4035 2111 4109 placuit
2143 4038 2206 4088 ut
2239 4035 2371 4103 post
2404 4036 2593 4086 actam
2636 4026 3039 4101 pcenitentiam
3090 4041 3259 4078 nemo
3294 4023 3395 4076 ﬁat
3425 4021 3541 4076 cle-

1891 4125 2069 4192 ricus,
2102 4120 2189 4175 vel
2223 4122 2458 4174 maneat
2500 4116 2766 4173 clericus.
2800 4114 2932 4178 Qum
2982 4112 3370 4184 posteriorum
3422 4123 3535 4161 non

1888 4218 1977 4269 est
2007 4224 2369 4281 supervacua
2399 4206 2663 4278 putanda
2693 4202 3001 4275 diligentia
3034 4218 3047 4254 :
3080 4200 3180 4272 qui
3212 4199 3310 4253 ubi
3362 4195 3541 4253 saluti

1890 4300 2035 4357 nihil
2068 4297 2508 4363 detrahebatur,
2543 4293 2856 4349 humilitati
2910 4290 3128 4361 aliquid
3164 4287 3537 4351 addiderunt,

117 4378 571 4472 [exciderit],‘ﬁt
600 4380 794 4472 seipso
828 4381 1069 4438 inferior
1098 4387 1155 4439 et
1186 4385 1429 4472 pejor.Si
1456 4401 1589 4440 vero
1622 4384 1775 4441 intra
1808 4410 1851 4472 Ι)
1883 4386 2375 4462 quosalustutius
2404 4380 2982 4453 muniretur,experti
3011 4379 3182 4435 credo
3201 4376 3533 4448 aliquorum

120 4472 307 4523 metas
338 4467 681 4524 sobrietatis
714 4474 772 4525 et
805 4486 1023 4526 mensa;
1056 4471 1299 4544 frugalis
1334 4490 1396 4529 se
1426 4472 1773 4544 cohibuerit,
1810 4465 1845 4472 ”
1886 4482 2050 4534 ﬁctas
2074 4473 2573 4547 poenitentias,per
2597 4469 3198 4525 al‘fectatashonorum
3222 4465 3538 4539 potentias.

122 4572 496 4611 summorum
555 4559 798 4630 praemia
857 4576 974 4615 non
1033 4562 1412 4633 assequitur;
1448 4564 1547 4618 sed
1608 4562 1655 4619 si
1706 4564 1775 4617 ad
1887 4570 2111 4639 Cogunt
2135 4564 2290 4619 enim
2325 4561 2543 4617 multas
2580 4558 2823 4614 inveniri
2852 4556 3175 4612 medicinas
3215 4552 3536 4609 multorum

124 4645 585 4703 comessationes
632 4652 689 4703 et
719 4648 1035 4705 ebrietates
1086 4651 1396 4722 prolapsus
1428 4652 1622 4719 fuerit,
1656 4670 1779 4708 rem
1889 4655 2285 4728 experimenta
2311 4646 2827 4705 morborum.Tale
2850 4652 2939 4702 est
2962 4644 3179 4700 etillud
3202 4644 3258 4697 in
3284 4644 3541 4713 Evange-

126 4734 583 4806 reprehensione
612 4743 671 4794 et
702 4739 1044 4796 confusione
1077 4741 1317 4812 dignam
1354 4743 1559 4799 fecisse
1593 4743 1783 4815 perhi-
1889 4746 1965 4801 lio
2000 4763 2012 4800 :
2042 4743 2123 4798 Sit
2150 4758 2330 4797 sermo
2359 4744 2558 4801 vester,
2592 4741 2692 4806 est,
2723 4745 2820 4799 est,
2855 4751 2987 4802 non,
3019 4750 3154 4800 non,
3187 4732 3326 4804 quod
3355 4736 3544 4787 autem

126 4824 318 4879 betur.
350 4825 451 4881 Isti
501 4826 702 4898 itaque
733 4828 846 4884 duo
880 4832 1086 4897 status,
1121 4846 1274 4887 unus
1321 4832 1605 4903 superior,
1637 4833 1785 4888 alter
1891 4834 2137 4905 amplius
2184 4838 2283 4894 est,
2316 4846 2349 4883 a
2379 4829 2525 4883 malo
2572 4835 2650 4882 est
2693 4825 2903 4896 (Matth.
2942 4824 3043 4894 v1),
3099 4839 3215 4878 non
3258 4821 3547 4892 jurantis,

128 4912 392 4980 inferior,
424 4914 524 4986 qui
560 4919 693 4971 ante
724 4922 921 4973 votum
956 4923 1095 4973 sunt
1131 4919 1470 4991 voluntarii,
1504 4925 1636 4992 post
1682 4937 1784 4977 νο-
1894 4923 1991 4979 sed
2022 4922 2224 4991 jurare
2245 4917 2523 4990 cogentis.
2550 4917 2673 4974 Non
2699 4916 2855 4987 quod
2880 4912 3100 4968 malum
3125 4911 3202 4966 sit
3224 4912 3281 4965 in
3316 4913 3547 4965 contra-

130 5006 251 5057 tum
283 5016 419 5058 vero
452 5005 767 5061 necessarii
794 5005 1018 5062 habent
1049 5008 1256 5064 modos
1287 5012 1344 5064 et
1390 5009 1789 5065 institutiones
1896 5011 2091 5067 ctibus
2136 5006 2412 5063 humanis
2463 5023 2531 5061 ex
2577 5003 2925 5060 necessitate
2962 5003 3205 5073 jurare;
3240 4999 3339 5055 sed
3391 4999 3548 5071 quod

137 5105 296 5157 suas,
330 5107 462 5162 qua
512 5092 847 5164 observate,
884 5096 1039 5151 sicut
1077 5097 1205 5168 jam
1239 5097 1465 5152 dictum
1517 5102 1625 5169 est,
1657 5097 1789 5154 aliis
1897 5099 2130 5172 longius
2164 5098 2241 5152 sit
2272 5115 2305 5152 a
2337 5095 2617 5168 perjurio,
2650 5092 2748 5165 qui
2800 5095 3103 5163 nunquam
3144 5091 3329 5161 jurat,
3371 5105 3550 5161 quam

143 5180 488 5251 remedium,
521 5182 653 5238 aliis
684 5184 999 5256 acquirunt
1029 5187 1481 5257 praemium,non
1515 5188 1789 5243 observa-
1897 5189 1994 5243 ille
2029 5188 2128 5260 qui
2178 5186 2575 5258 qualicunque
2624 5181 2927 5237 occasione
2970 5182 3151 5251 jurat.
3184 5180 3329 5235 Nam
3381 5182 3439 5234 et
3485 5179 3555 5231 de

144 5270 206 5321 te
236 5284 372 5323 vero
404 5273 687 5328 aeternum
720 5279 1020 5329 merentur
1051 5276 1427 5346 supplicium.
1460 5283 1523 5331 In
1557 5277 1650 5332 his
1681 5278 1791 5333 ita-
1904 5278 2148 5333 Domino
2196 5276 2410 5331 dicitur
2444 5292 2457 5330 :
2507 5274 2724 5329 Iuravit
2774 5272 3035 5327 Dominus
3083 5270 3250 5342 (Psal.
3304 5268 3435 5337 Cix).
3489 5267 3555 5319 Et

151 5372 256 5428 que
285 5362 422 5414 ante
453 5362 885 5434 susceptionem
919 5367 1007 5419 est
1035 5364 1502 5434 deliberandum,
1528 5371 1662 5438 post
1692 5384 1796 5423 su-
1910 5366 2221 5438 Apostolus
2253 5365 2390 5419 dicit
2426 5382 2439 5419 :
2472 5366 2666 5422 Omnis
2694 5362 3074 5418 controversae
3102 5376 3291 5415 eorum
3321 5357 3448 5425 ﬁnis
3475 5359 3554 5409 est

152 5446 504 5519 εαεριὶοηεω
535 5465 670 5505 vero
703 5455 1213 5523 perseverandum.
1900 5457 2285 5528 juramentum
2336 5456 2517 5527 (Hebr.
2552 5454 2647 5525 v1).
2682 5452 2749 5507 Et
2798 5451 2952 5507 idem
2986 5447 3298 5520 Apostolus
3340 5446 3552 5516 jurans

218 5536 322 5593 His
370 5536 456 5594 ita
507 5539 759 5598 breviter
804 5541 1145 5616 praalibatis,
1196 5545 1267 5601 de
1317 5548 1703 5620 pra‘meptione
1747 5550 1804 5603 et
1912 5546 1993 5601 ita
2019 5544 2208 5603 dicit:
2244 5548 2339 5601 Est
2384 5544 2594 5601 veritas
2646 5541 2861 5597 Christi
2906 5541 2965 5593 in
3010 5555 3096 5593 me
3128 5534 3451 5607 (100nm).
3487 5534 3552 5588 Et
