3916 6034
386 183 454 240 51
1472 193 1540 242 D.
1581 189 1772 243 IVOhu.

388 307 567 366 alibi:
598 310 858 380 Quotidie
883 312 1097 368 morior
1119 329 1223 386 per
1251 321 1485 368 vestram
1531 313 1797 383 gratiam,

386 398 441 470 (Ι
469 397 589 454 Cor.
620 400 736 470 xv).
774 403 836 456 In
867 400 962 457 his
992 401 1195 474 igitur,
1243 402 1300 456 in
1333 402 1544 473 quibus
1593 401 1916 458 observatis
1948 418 2040 458 sa-

386 485 485 544 lus
515 489 843 560 acquiritur
889 491 973 546 vel
1005 490 1064 546 in
1117 491 1334 562 quibus
1376 490 1655 562 neglectis
1684 507 1843 546 mors
1871 491 2040 546 indu-

387 575 575 634 bitata
604 579 1004 651 consequitur,
1040 579 1201 634 nulla
1231 585 1319 634 est
1348 579 1710 635 admittenda
1740 582 2038 652 dispensa-

387 665 505 736 tio;
538 667 640 722 sed
675 667 758 722 ita
805 672 944 723 sunt
992 667 1190 722 omnia
1240 669 1541 738 mandata,
1589 669 1677 724 vel
1727 669 2039 725 interdicta

388 758 695 824 servanda,
743 758 897 813 sicut
943 761 1084 812 sunt
1128 761 1342 813 aeterna
1389 758 1517 830 lege
1565 760 1806 815 sancite.
1842 763 1905 814 In
1943 759 2037 814 his

385 862 521 902 vero
552 863 679 918 quae
713 851 947 918 propter
978 847 1230 916 rigorem
1262 847 1609 918 disciplinae,
1641 848 1728 904 vel
1764 849 2036 905 munien-

385 937 522 992 dam
581 935 851 1000 salutem,
911 935 1308 1006 posteriorum
1367 938 1558 992 sanxit
1615 938 1940 1009 diligentia,
1987 941 2036 994 si

383 1023 629 1080 honesta
682 1023 772 1078 vel
824 1022 989 1078 utilis
1048 1029 1333 1096 sequatur
1388 1028 1812 1099 compensatio,
1847 1031 2039 1098 potest

382 1113 707 1186 praecedere
737 1111 1082 1168 auctoritate
1132 1114 1570 1185 praesidentium
1601 1116 1911 1188 diligenter
1939 1117 2036 1172 de-

380 1201 624 1257 liberata
653 1201 1223 1274 dispensatio.Multa
1252 1204 1410 1259 enim
1442 1205 1583 1261 talia
1614 1205 1673 1260 in
1704 1206 2039 1278 evangelica

379 1289 652 1358 historia,
677 1290 738 1345 in
769 1291 1015 1346 Actibus
1060 1292 1487 1364 apostolorum,
1521 1295 1579 1349 in
1613 1295 1806 1350 Gestis
1838 1296 2037 1351 conci-

381 1378 599 1434 liorum
629 1383 688 1434 et
713 1380 1027 1450 contigisse
1059 1381 1334 1452 legimus,
1366 1387 1422 1438 et
1453 1385 1826 1455 postmodum
1866 1401 2036 1456 aposo

381 1468 696 1525 tolicorum
751 1467 1008 1525 virorum
1057 1471 1401 1527 auctoritate
1449 1473 1724 1530 roborata
1762 1473 2036 1546 cognovi-

386 1574 544 1613 mus.
577 1561 956 1614 Assumamus
1015 1559 1214 1630 itaque
1270 1562 1531 1633 primum
1584 1563 1916 1635 exemplum
1967 1565 2038 1620 de

385 1645 719 1718 Evangelio.
753 1646 1038 1704 Dominus
1090 1649 1308 1722 quippe
1340 1650 1579 1707 mittens
1610 1651 1935 1725 discipulos
1965 1653 2036 1708 ad

385 1736 850 1809 praedicandum,
883 1738 1182 1794 interdixit
1214 1739 1300 1795 eis
1328 1745 1386 1797 et
1414 1757 1615 1812 peram
1647 1747 1704 1798 et
1733 1743 2035 1799 sacculum

383 1826 536 1898 (Luc.
566 1826 645 1897 x).
681 1827 752 1881 Et
780 1827 919 1898 quia
946 1828 1066 1884 vita
1100 1828 1326 1885 Domini
1369 1830 1509 1886 Jesu
1543 1831 1603 1887 in
1648 1833 1820 1888 terris
1866 1831 2036 1888 disci-

384 1914 550 1987 plina
577 1919 668 1970 est
698 1931 954 1982 morum,
983 1916 1242 1973 instante
1285 1921 1550 1991 tempore
1593 1921 1885 1993 passionis
1917 1940 2035 1979 suae

385 2008 443 2059 et
472 2019 674 2075 peram
703 2005 894 2060 reddit
922 2009 980 2061 et
1009 2006 1307 2062 sacculum
1345 2009 1502 2080 (Luc.
1529 2012 1668 2078 χχιι)
1701 2027 1712 2064 :
1747 2011 1808 2066 in
1840 2012 2036 2084 seipse

387 2090 578 2165 primo
607 2092 756 2148 dans
787 2094 1144 2166 exemplum,
1177 2096 1332 2166 quod
1364 2095 1423 2150 in
1462 2097 1805 2167 hujusmodi
1853 2101 2036 2156 tradi-

388 2180 650 2238 tionibus
681 2181 1015 2238 necessitati
1047 2185 1329 2256 temporis
1359 2185 1437 2240 sit
1485 2187 1829 2243 cedendum.
1861 2190 2037 2244 Simi-

388 2269 526 2326 liter
551 2268 790 2340 Paulus,
834 2287 968 2327 cum
1013 2289 1116 2344 per
1161 2272 1494 2329 Corinthios
1541 2292 1603 2331 se
1644 2277 2032 2334 transiturum

391 2358 767 2431 promisisset
794 2361 852 2415 in
886 2361 1286 2418 Macedoniam
1316 2363 1452 2434 (Act.
1483 2365 1664 2436 xx),et
1692 2369 2036 2437 prtesensis-

394 2452 485 2504 set
515 2447 623 2504 hoc
651 2449 737 2504 eis
768 2449 1012 2505 minime
1040 2452 1438 2523 profuturum,
1471 2453 1518 2507 8
1549 2456 1797 2510 mutavit
1842 2456 2036 2529 dispo-

392 2536 668 2593 sitionem
713 2554 905 2606 suam,
939 2555 1056 2594 non
1099 2543 1291 2596 tamen
1343 2542 1716 2599 sententiam.
1768 2545 1930 2602 Unde
1975 2563 2037 2603 se

390 2626 473 2682 ita
501 2630 742 2682 excusat
771 2627 974 2682 dicens
1007 2647 1020 2684 :
1055 2629 1189 2684 Cum
1220 2645 1350 2700 ergo
1397 2631 1494 2686 hoc
1539 2633 1849 2701 voluissem,
1890 2654 2036 2691 nun-

388 2715 526 2788 quid
558 2717 774 2772 levitate
819 2733 952 2772 usus
980 2734 1104 2772 sum
1124 2722 1149 2772 .9
1177 2729 1281 2775 aut
1325 2721 1469 2793 quod
1507 2727 1700 2794 cogito,
1731 2727 2037 2782 secundum

387 2819 612 2860 carnem
639 2807 814 2875 cogito
860 2813 920 2860 ut
951 2807 1024 2861 sit
1052 2808 1210 2879 apud
1247 2826 1354 2881 me,
1387 2822 1482 2882 est,
1514 2823 1566 2870 et
1611 2832 1722 2871 non
1747 2820 1773 2869 γ
1815 2817 1885 2887 (II
1915 2817 2036 2872 Cor.

389 2892 453 2963 ι).
485 2890 612 2946 Non
642 2893 798 2948 enim
846 2897 1200 2951 sententiam
1233 2915 1400 2955 suam
1442 2918 1504 2958 se
1530 2909 1791 2960 mutasse
1820 2905 2040 2960 intelli-

391 2979 590 3053 gebat,
620 2981 723 3052 qui
769 2981 829 3036 in
876 2984 1160 3041 veniendo
1192 2988 1263 3043 ad
1312 3005 1431 3061 eos,
1463 2997 1521 3047 et
1567 3010 1683 3048 non
1731 2995 2036 3063 veniendo,

392 3068 642 3124 salutem
673 3085 876 3125 eorum
927 3073 1242 3143 quaerebat.
1278 3077 1438 3134 Unde
1468 3084 1525 3135 et
1551 3081 1610 3135 in
1659 3060 2041 3153 sequentibus
2073 3060 2115 3127 (ἶ

394 3155 582 3213 dicit:
615 3158 725 3230 Ego
773 3167 956 3216 autem
1001 3167 1192 3219 testem
1236 3166 1408 3222 Deum
1452 3169 1640 3226 invoco
1688 3174 1748 3226 in
1796 3176 2042 3229 animam

395 3263 596 3313 meam,
612 3248 757 3319 quod
782 3266 1015 3320 parcen:
1043 3255 1193 3310 vobis
1222 3255 1373 3310 ultra
1400 3274 1512 3314 non
1538 3261 1664 3315 veni
1694 3262 2040 3318 Corinthum.

397 3336 734 3392 Secundum
764 3353 997 3394 carnem
1032 3356 1265 3414 quoque
1294 3345 1740 3418 dispositionem
1781 3368 1948 3407 suam
1981 3369 2043 3409 se

399 3430 665 3482 mutasse
719 3443 834 3482 non
893 3429 1160 3500 putabat,
1221 3435 1498 3503 quoniam
1558 3439 1659 3508 qui
1717 3442 2042 3497 secundum

400 3529 634 3569 carnem
683 3515 921 3587 cogitat,
953 3521 1096 3574 tunc
1146 3537 1265 3577 non
1316 3522 1524 3596 implet
1567 3528 1722 3598 quod
1762 3529 2042 3602 disponit,

397 3603 635 3673 quando
665 3605 933 3676 personis
982 3608 1306 3679 majoribus
1354 3611 1561 3681 defert,
1613 3620 1716 3671 aut
1764 3622 1917 3674 certe
1959 3619 2045 3675 lu-

398 3692 538 3759 cris,
569 3696 670 3746 aut
719 3695 1102 3764 apparatibus
1147 3697 1420 3756 vincitur.
1459 3702 1795 3774 Spiritualis
1845 3712 2042 3764 autem

395 3782 538 3836 tunc
568 3779 918 3852 dispositum
950 3800 1066 3840 non
1088 3784 1556 3860 implet,quando
1579 3793 1906 3853 consultius
1938 3797 2044 3853 ali-

397 3868 538 3957 quid
565 3885 667 3939 pro
690 3871 875 3925 salute
897 3887 1096 3928 eorum
1138 3876 1355 3944 quibus
1378 3880 1654 3948 prodesse
1681 3883 1826 3953 vult,
1859 3888 2044 3957 provi-

393 3956 511 4012 det.
546 3957 652 4013 Per
670 3960 965 4031 apostolos
988 3960 1160 4018 etiam
1201 3969 1501 4023 communi
1524 3972 1817 4028 sententia
1851 3956 2043 4032 Hiero-

393 4045 639 4118 solymis
668 4048 1080 4106 confirmatum
1111 4057 1219 4123 est,
1251 4059 1310 4110 et
1335 4072 1438 4128 per
1462 4059 1709 4116 Paulum
1741 4067 1798 4118 et
1825 4063 2043 4120 Barna-

392 4135 530 4191 bam
553 4137 830 4194 fratribus
853 4155 955 4211 per
982 4141 1180 4197 Asiam
1214 4143 1599 4218 destinatum,
1623 4165 1694 4206 ne
1726 4152 2040 4225 quisquam

393 4225 466 4279 ad
489 4225 664 4281 fidem
687 4228 947 4296 veniens,
971 4231 1410 4291 circumcisioni
1431 4235 1578 4310 legis
1599 4238 1914 4298 haberetur
1941 4245 2041 4300 οι)-

395 4311 606 4368 noxius
638 4315 772 4384 (Act.
804 4317 920 4387 xv).
953 4322 1082 4388 Ipse
1130 4323 1307 4378 etiam
1353 4327 1673 4398 Apostolus
1702 4330 1774 4384 ad
1805 4331 2041 4391 Galatas

394 4399 658 4493 scribens
707 4403 909 4493 (Galat.
962 4407 1039 4477 v),
1090 4409 1170 4466 ita
1217 4412 1398 4470 dicit:
1432 4417 1498 4471 Si
1541 4419 2037 4493 circumcidamini,

391 4489 644 4547 Christus
691 4492 841 4547 vobis
885 4495 1030 4550 nihil
1087 4499 1336 4569 proderit
1379 4504 1588 4571 (Galat.
1643 4509 1725 4575 ιι).
1778 4509 1846 4563 Et
1889 4489 2044 4571 idem

390 4575 614 4672 Paul-us
656 4594 789 4672 cum
816 4581 1006 4672 ‘Petro
1054 4587 1370 4646 restitisset
1401 4592 1457 4647 in
1508 4593 1712 4651 faciem
1740 4597 1873 4667 (Act.
1906 4602 2042 4672 xw).

388 4665 545 4736 quod
567 4665 930 4725 simulationi
955 4677 1384 4743 quorumdamJ
1398 4680 1693 4736 udseorum
1718 4665 2047 4744 consensis-

389 4754 608 4823 set,qui
631 4756 1138 4817 circumcisionem
1161 4763 1334 4820 saluti
1371 4769 1658 4838 putabant
1679 4786 1807 4827 esse
1838 4788 2041 4831 neces-

388 4839 628 4910 sariam,
660 4846 858 4900 tamen
892 4850 1226 4908 necessitati
1265 4855 1547 4925 temporis
1579 4858 1810 4928 cedens,
1844 4861 2039 4919 Timo-

385 4929 589 4986 theum
609 4933 831 5004 Lystris
854 4935 1316 5011 circumcidit,ut
1331 4946 1677 5002 scandalum
1699 4948 2037 5008 Judaaorum

385 5016 990 5110 commorantium
1033 5027 1334 5099 devitaret,
1369 5035 1684 5091 ostendens
1715 5042 1847 5093 actu
1881 5043 2034 5110 quod

387 5105 528 5199 alibi
564 5109 634 5165 de
663 5127 724 5165 se
773 5116 1068 5172 testatur:
1102 5121 1298 5174 Factus
1343 5138 1466 5176 sum
1514 5124 1719 5180 Iudaeis
1771 5105 2032 5199 tanquam

383 5196 635 5286 Judaeus,
671 5208 730 5254 ut
774 5202 991 5258 Iudaeos
1037 5205 1416 5277 lucrifacerem
1467 5213 1514 5284 (Ι
1542 5214 1664 5268 Cor.
1719 5218 1817 5286 1x).
1869 5196 2030 5283 Quod

385 5285 608 5344 dixisse
637 5287 1083 5361 intelligendum
1115 5299 1348 5366 est,non
1381 5305 1508 5356 astu
1545 5285 1904 5373 mentientis,
1927 5309 2028 5364 sed

386 5375 595 5432 affectu
626 5379 1037 5449 compatieutis
1058 5399 1072 5437 :
1093 5384 1303 5456 cuique
1326 5387 1408 5444 ita
1432 5391 1674 5462 cupiens
1697 5395 2025 5467 subvenire,

384 5467 886 5535 quemadmodum
918 5469 1029 5526 sibi
1048 5472 1348 5531 subveniri
1378 5477 1676 5551 voluisset,
1705 5481 1753 5536 si
1784 5481 1866 5538 ita
1895 5485 2028 5542 affe-

387 5556 518 5610 ctus
535 5562 709 5616 esset.
732 5559 910 5616 Multa
931 5574 1164 5634 quoque
1180 5565 1472 5639 principes
1492 5569 1886 5628 Ecclesiarum
1918 5591 2021 5647 pro

1861 187 2358 244 CARNOTENSIS
2393 186 2718 241 EPlSCOPI

1911 317 1931 379 ί
1946 329 1957 364 ›
1976 331 2002 364 (ί
2068 310 2124 377 Α
2151 313 2350 366 tenore
2365 326 2658 366 canonum
2681 307 3508 380 districtiusjudicant,multa
3527 321 3632 378 pro
3657 311 3846 364 tem-

3741 182 3856 235 52

2153 416 2360 471 porum
2395 399 2740 455 necessitate
2769 398 3048 468 tolerant,
3070 397 3260 452 multa
3284 413 3386 468 pro
3418 412 3846 468 personarum

2155 488 2530 554 utilitate,vel
2561 493 2755 560 strage
2787 489 3138 560 populorum
3169 487 3407 542 vitanda
3436 486 3841 558 dispensant.

2153 578 2339 634 Multa
2367 579 2541 633 etiam
2574 595 2609 632 a
2637 578 2859 633 sanctis
2890 577 3160 632 Patribus
3189 575 3509 631 imminuta
3537 577 3844 647 Scriptu-

2152 684 2350 724 rarum
2403 667 2758 724 testimoniis
2833 665 3310 738 comprobantur.
3369 665 3536 721 Sicut
3587 669 3835 721 sanctae

2150 761 2426 813 Romanas.
2471 757 2736 812 Ecclesia:
2769 761 3009 812 sanctus
3041 754 3300 827 pontifex
3330 755 3439 810 Leo
3479 755 3834 827 neophytos

2151 847 2222 902 ad
2250 863 2555 902 summum
2578 845 2972 902 sacerdotium
3008 844 3274 916 permisit
3305 844 3834 916 ascendere,quos

2152 935 2370 991 Paulus
2403 936 2634 1007 publica
2665 935 3072 1006 praedicatione
3103 935 3176 988 ab
3227 934 3431 989 eodem
3463 933 3655 990 ofﬁcio
3689 939 3836 989 stu-

2151 1025 2279 1078 duit
2332 1040 2628 1080 removere
2675 1026 2718 1096 (I
2755 1026 2888 1080 Tim.
2942 1028 3047 1091 ιιι).
3099 1023 3262 1078 Sicut
3310 1021 3481 1078 etiam
3537 1021 3830 1088 Arianos,

2153 1118 2465 1186 postquam
2507 1113 2766 1174 conversi
2817 1113 3077 1177 fuerunt,
3126 1111 3376 1184 legimus
3405 1111 3466 1166 in
3517 1111 3645 1168 suis
3678 1110 3830 1167 ofﬁ-

2153 1203 2260 1258 ciis
2293 1203 2473 1258 fuisse
2498 1207 2820 1273 susceptos.
2855 1203 2996 1257 Inde
3044 1200 3220 1256 etiam
3257 1205 3610 1273 praetentus
3657 1217 3836 1272 papa

2152 1292 2262 1347 Leo
2295 1293 2364 1348 de
2396 1292 2716 1348 stabilitate
2747 1307 2861 1347 non
2895 1291 3336 1356 mutandorum,
3363 1295 3420 1346 et
3449 1291 3834 1346 discretione

2151 1383 2691 1452 temperandorum,
2723 1381 2803 1436 ita
2834 1380 3040 1438 scribit
3090 1381 3328 1436 Rustico
3360 1380 3635 1453 episcopo
3668 1381 3830 1436 Nar-

2153 1472 2400 1528 bonensi
2429 1489 2441 1528 :
2476 1494 2504 1522 «
2537 1471 2700 1528 Sicut
2729 1471 2998 1542 quaedam
3031 1473 3190 1536 sunt,
3228 1486 3356 1542 quae
3388 1469 3551 1526 nulla
3580 1470 3825 1528 ratione

2153 1565 2402 1634 possunt
2445 1561 2712 1628 convelli,
2743 1561 2826 1616 ita
2876 1561 3065 1616 multa
3093 1563 3236 1614 sunt
3267 1575 3393 1630 quis
3437 1563 3542 1614 aut
3570 1576 3678 1630 pro
3713 1575 3820 1615 ne-

2154 1652 2424 1706 cessitate
2470 1655 2826 1722 temporum,
2860 1653 2963 1704 aut
3013 1665 3116 1721 pro
3165 1648 3634 1704 consideratione
3666 1653 3815 1704 mta-

2145 1744 2271 1797 tum
2304 1745 2532 1812 oportet
2579 1738 2899 1811 temperari
2935 1756 2947 1794 :
2980 1737 3083 1794 illa
3113 1754 3349 1810 semper
3387 1736 3816 1794 consideratio-

2147 1846 2218 1886 ne
2248 1833 2496 1900 servata,
2526 1833 2590 1885 ut
2634 1832 2693 1884 in
2725 1829 2820 1885 his
2866 1845 2997 1901 quae
3045 1827 3226 1883 dubia
3269 1826 3508 1893 fuerint,
3541 1835 3640 1883 aut
3671 1828 3814 1884 obs-

2145 1937 2308 1988 cura,
2339 1920 2395 1974 id
2426 1920 2762 1976 noverimus
2793 1919 3187 1990 sequendum,
3220 1918 3375 1989 quod
3409 1933 3514 1974 nec
3545 1933 3815 1990 praecep-

2142 2009 2220 2064 tis
2250 2009 2602 2081 evangelicis
2631 2008 3013 2074 contrarium,
3039 2023 3143 2062 nec
3174 2006 3428 2062 decretis
3460 2011 3815 2062 sanctorum

2144 2100 2382 2155 Patrum
2430 2098 2764 2154 inveniatur
2811 2098 3143 2153 adversum.
3177 2117 3205 2146 »
3238 2095 3405 2152 Unde
3435 2100 3491 2151 et
3521 2095 3815 2168 Augusti-

2145 2205 2258 2244 nus
2305 2188 2366 2242 in
2415 2187 2662 2258 epistola
2704 2187 2776 2241 ad
2820 2185 3186 2240 Bonifacium
3223 2200 3236 2241 :
3271 2208 3299 2234 ‹‹
3337 2185 3403 2239 In
3453 2183 3812 2253 hujusmodi

2144 2277 2337 2333 causis
2370 2277 2465 2331 ubi
2501 2291 2604 2348 per
2644 2291 2851 2347 graves
2893 2273 3332 2330 dissensionum
3362 2273 3655 2328 scissuras
3687 2289 3812 2330 non

2143 2366 2325 2436 hujus
2356 2370 2458 2421 aut
2488 2365 2650 2420 illius
2681 2363 2940 2420 hominis
2969 2367 3061 2418 est
3100 2361 3452 2434 periculum,
3484 2363 3587 2418 sed
3620 2379 3816 2435 p0pu-

2142 2456 2334 2512 lorum
2366 2459 2591 2526 strages
2614 2455 2838 2524 jacent,
2871 2451 3300 2508 detrahendum
3332 2456 3424 2506 est
3451 2451 3672 2522 aliquid
3706 2469 3812 2508 se-

2142 2543 2393 2614 veritati,
2429 2548 2490 2598 ut
2523 2543 2847 2614 majoribus
2877 2541 3050 2598 malis
3081 2540 3648 2610 sanan‘dis,charitas
3681 2541 3810 2597 sin-

2145 2651 2276 2690 cera
2303 2634 2632 2689 subveniat.
2668 2654 2696 2681 »
2732 2632 2888 2688 Idem
2914 2633 2972 2686 in
3005 2633 3206 2686 eadem
3236 2631 3516 2686 adversus
3565 2630 3805 2685 hereti-

2145 2740 2244 2779 cos
2279 2739 2291 2777 :
2327 2746 2355 2773 ‹‹
2386 2724 2464 2792 Si,
2499 2721 2800 2794 inquiunt,
2851 2724 3098 2793 oportet,
3151 2724 3218 2776 ut
3245 2737 3353 2775 nos
3395 2728 3553 2775 extra
3596 2718 3806 2775 Eccle~

2146 2813 2295 2869 siam
2327 2812 2510 2869 fuisse
2541 2811 2836 2882 pceniteat,
2863 2816 2927 2866 ut
2975 2811 3119 2866 salvi
3149 2825 3279 2866 esse
3308 2809 3624 2881 possimus,
3658 2826 3806 2880 quo-

2146 2903 2317 2958 modo
2346 2906 2479 2973 post
2510 2902 2683 2956 istam
2713 2900 3118 2972 pmnitentiam
3153 2899 3306 2970 apud
3340 2915 3440 2953 vos
3468 2897 3687 2964 clerici,
3709 2898 3805 2954 vel

2147 2991 2321 3047 etiam
2354 2991 2636 3063 episcopi,
2663 2989 3123 3062 permanemus?
3156 2990 3268 3044 Hoc
3294 3004 3411 3044 non
3445 2986 3625 3055 fieret,
3657 3004 3805 3058 quo-

2151 3080 2309 3135 niam
2343 3096 2541 3134 revera
2590 3079 2769 3150 (quod
2815 3079 3114 3133 fatendum
3167 3080 3273 3146 est)
3310 3076 3432 3130 fieri
3466 3092 3579 3130 non
3631 3077 3808 3131 debe-

2153 3172 2260 3238 ret,
2293 3167 2407 3224 nisi
2439 3168 2601 3239 pacis
2634 3167 2822 3239 ipsius
2852 3166 3262 3238 compassione
3293 3169 3656 3222 sanaretur.»
3687 3166 3804 3222 Sed

2151 3258 2263 3313 sibi
2297 3257 2406 3313 hoc
2435 3258 2655 3326 dicant,
2690 3261 2749 3312 et
2779 3257 2967 3312 multo
3010 3255 3265 3311 maxime
3312 3254 3613 3310 humiliter
3641 3254 3806 3310 dole-

2153 3353 2274 3414 ant,
2309 3348 2409 3420 qui
2439 3347 2498 3402 in
2531 3351 2694 3402 tanta
2743 3351 2925 3402 morte
2957 3344 3318 3418 praecisionis
3342 3345 3562 3416 jacent,
3595 3349 3658 3398 ut
3689 3345 3806 3399 isto

2153 3439 2408 3509 quodam
2433 3437 2668 3492 vulnere
2699 3436 2906 3492 matris
2923 3434 3237 3491 Catholicae
3259 3433 3628 3489 reviviscant.
3659 3437 3811 3488 Cum

2151 3527 2306 3583 enim
2340 3525 2616 3598 praecisus
2667 3541 2868 3581 ramus
2917 3524 3221 3592 inseritur,
3256 3523 3323 3577 fit
3372 3521 3531 3577 aliud
3580 3521 3810 3577 vulnus

2151 3615 2210 3669 in
2241 3615 2469 3680 arbore,
2501 3631 2617 3686 quo
2648 3614 2835 3686 possit
2882 3613 3063 3686 recipi
3098 3617 3162 3668 ut
3189 3611 3364 3678 vivat,
3400 3611 3502 3683 qui
3534 3610 3659 3667 sine
3687 3610 3813 3667 vita

2153 3704 2368 3759 radicis
2386 3703 2630 3775 peribat.
2661 3705 2772 3758 Sed
2795 3719 2930 3758 cum
2960 3705 3226 3772 receptus
3249 3700 3556 3772 recipienti
3582 3700 3813 3754 coalue-

2152 3793 2311 3860 rit,et
2338 3793 2501 3865 vigor
2541 3792 2926 3863 consequitur
2976 3797 3033 3848 et
3073 3791 3342 3858 fructus;
3375 3789 3426 3845 si
3457 3793 3652 3844 autem
3684 3805 3806 3844 non

2153 3882 2450 3948 coaluerit,
2485 3880 2583 3936 ille
2601 3879 2839 3952 quidem
2873 3880 3103 3948 arescit,
3138 3880 3237 3935 sed
3265 3879 3384 3934 vita
3411 3877 3636 3934 arboris
3666 3894 3807 3948 per-

2153 3971 2541 4028 manebit.Est
2569 3970 2725 4025 enim
2758 3974 2815 4026 et
2844 3969 2957 4025 tale
2989 3968 3286 4025 inserendi
3317 3984 3523 4040 genus,
3551 3972 3611 4022 ut
3642 3965 3805 4022 nullo

2151 4061 2393 4132 presciso
2415 4077 2576 4116 ramo
2599 4060 2699 4132 qui
2724 4061 2885 4116 intus
2907 4064 3017 4130 est,
3050 4058 3147 4114 ille
3169 4057 3269 4130 qui
3291 4058 3436 4112 foris
3465 4061 3555 4112 est
3586 4056 3804 4111 insera-

2155 4157 2248 4208 tur
2280 4168 2292 4208 :
2320 4168 2432 4208 non
2456 4157 2654 4208 tamen
2679 4151 2975 4218 nullo,sed
2997 4150 3083 4206 vel
3100 4148 3400 4206 levissimo
3423 4146 3648 4202 arboris
3676 4149 3806 4201 vul-

2151 4257 2307 4298 nere.
2342 4246 2431 4298 Ita
2459 4257 2594 4312 ergo
2622 4245 2679 4298 et
2709 4241 2805 4296 isti
2857 4257 2992 4296 cum
3024 4240 3096 4296 ad
3141 4239 3400 4295 radicem
3448 4236 3800 4294 catholicam

2149 4331 2408 4398 veniunt,
2434 4346 2540 4386 nec
2569 4329 2652 4386 eis
2684 4331 2954 4400 quamvis
2988 4333 3122 4401 post
3147 4327 3364 4384 erroris
3394 4326 3488 4382 sui
3518 4327 3800 4395 poeniten-

2071 4443 2116 4508 Ι)
2150 4420 2293 4476 tiam
2326 4420 2512 4476 honor
2537 4419 2848 4475 clericatus
2879 4423 2982 4475 aut
3007 4418 3393 4508 episcopatus
3415 4415 3698 4508 aufertur,
3725 4416 3803 4508 sit

2148 4509 2384 4580 quidem
2413 4508 2634 4579 aliquid
2671 4514 2953 4578 tanquam
2987 4509 3042 4562 in
3071 4508 3285 4563 cortice
3317 4504 3542 4560 arboris
3573 4503 3798 4571 matris,

2153 4602 2358 4654 contra
2385 4597 2783 4668 integritatem
2815 4596 3165 4652 severitatis.
3198 4595 3614 4650 Verumtamen
3664 4592 3799 4663 quia

2152 4703 2341 4757 neque
2368 4686 2466 4757 qui
2500 4685 2744 4756 plantat,
2778 4693 2864 4741 est
2895 4684 3142 4756 aliquid,
3169 4699 3361 4755 neque
3390 4681 3491 4753 qui
3523 4681 3694 4754 rigat,
3726 4682 3794 4737 ad

2151 4775 2253 4832 Dei
2278 4773 2739 4831 misericordiam
2767 4774 3041 4846 precibus
3075 4771 3623 4841 fusis,coalescente
3653 4770 3793 4826 insi-

2147 4870 2340 4922 torum
2372 4881 2511 4937 pace
2536 4880 2855 4931 ramorum,
2890 4864 3145 4921 cbaritas
3186 4864 3446 4934 cooperit
3473 4858 3792 4916 multitudi-

2147 4971 2280 5012 nem
2303 4953 2785 5026 peccatorum.De
2805 4952 2910 5008 hac
2935 4953 3138 5008 eadem
3163 4948 3602 5023 dispensatione
3618 4948 3791 5005 corri-

2145 5044 2492 5116 piendorum
2516 5043 3098 5114 ettemperandorum
3113 5041 3251 5097 dicit
3268 5041 3409 5096 idem
3430 5037 3791 5111 Augustinus

2144 5134 2201 5187 in
2227 5133 2482 5190 secundo
2507 5130 2652 5186 libro
2675 5135 2877 5186 contra
2896 5129 3203 5202 epistolam
3218 5125 3791 5194 Parmeniani,«Cum

2141 5223 2391 5294 quisque
2425 5222 2662 5276 fratrum
2693 5223 2751 5275 et
2797 5219 3266 5275 Christianorum
3315 5217 3479 5273 intus
3511 5215 3570 5269 in
3601 5213 3790 5270 Eccle-

2139 5310 2239 5366 siae
2295 5310 2571 5366 societate
2623 5307 3082 5364 constitutorum
3142 5309 3200 5364 in
3256 5307 3454 5378 aliquo
3504 5303 3608 5360 tali
3656 5321 3790 5375 pec-

2137 5404 2263 5455 cato
2295 5399 2470 5454 fuerit
2491 5396 2914 5469 deprehensus,
2949 5401 3014 5451 ut
3043 5396 3414 5452 anathemate
3436 5392 3652 5464 dignus
3687 5392 3779 5446 ha-

2133 5488 2468 5558 beatur,ﬁat
2482 5487 2582 5543 hoc
2597 5486 2692 5540 ubi
2708 5485 3032 5557 periculum
3044 5480 3624 5543 schismatisnullum
3641 5485 3742 5538 est.
3755 5505 3773 5532 ι

2132 5576 2287 5634 Infra
2311 5577 2465 5633 idem
2491 5585 2507 5634 ξ
2537 5598 2558 5628 α
2584 5575 2826 5640 Quando
2849 5576 3199 5648 cujusquam
3221 5573 3444 5632 crimen
3468 5573 3673 5628 notum
3695 5577 3776 5626 est
