3928 6038
219 131 305 187 53

1474 143 1869 198 DECRETUM
1880 183 1891 196 .
1924 171 1992 182 -—-—
2024 142 2416 199 PROLOGUS.

3582 146 3653 200 54

223 265 285 316 et
308 262 591 319 omnibus
611 263 985 321 exsecrabilis
1005 270 1251 337 apparet
1274 271 1340 322 ut
1376 266 1463 323 vel
1495 267 1687 323 nullos
1721 285 1881 338 pror-
1912 270 1968 335 Α
1996 267 2303 339 episcopos
2336 269 2394 323 in
2430 268 2709 324 Hibernia
2739 269 3038 325 catholicae
3070 270 3338 327 Ecclesia:
3375 291 3388 336 ς
3418 272 3654 344 «Igitur

221 353 455 421 sus,vel
473 370 587 409 non
614 354 763 409 tales
786 353 999 410 habeat
1020 356 1381 426 defensores,
1420 374 1519 429 per
1539 375 1684 428 quos
1709 359 1892 428 possit

220 444 492 501 schisms
527 446 884 517 contingere,
920 463 1033 501 non
1076 448 1331 503 dormiat
1381 450 1659 505 severitas
1710 451 1886 505 disci-

221 532 428 604 plinze.
452 556 480 582 »
509 534 739 589 Infram
769 535 967 605 Neque
997 535 1154 590 enim
1191 540 1382 607 potest
1413 552 1541 592 esse
1573 538 1825 594 salubris
1855 558 1888 594 a

223 622 439 678 multis
470 623 776 692 correctio,
810 624 921 679 nisi
954 641 1089 679 cum
1122 625 1218 680 ille
1249 626 1581 697 corripitur,
1615 628 1715 698 qui
1770 646 1881 683 non

219 710 411 766 habet
432 712 675 781 sociam,
709 713 1172 769 multitudinem.
1208 715 1351 769 Cum
1374 731 1511 770 vero
1545 716 1697 771 idem
1729 734 1882 772 mor-

220 799 338 855 bus
369 800 661 871 plurimos
687 802 1081 872 occupaverit,
1110 802 1255 857 nihil
1291 803 1449 858 aliud
1480 804 1648 859 bonis
1679 811 1879 873 restat,

221 904 405 959 quam
439 889 608 947 dolor
636 895 693 946 et
724 893 979 963 gemitus
1010 896 1076 947 ut
1099 907 1200 963 per
1246 892 1389 947 illud
1436 896 1669 965 signum
1723 897 1877 965 quod

220 978 511 1034 Ezechieli
532 984 737 1036 sancto
757 980 1069 1049 reveletur,
1090 980 1257 1037 illaesi
1285 983 1526 1038 evadere
1548 984 1620 1038 ab
1642 983 1875 1040 illorum

217 1068 555 1124 vastatione
571 1073 964 1125 mereantur.»
988 1070 1198 1125 Infram
1220 1071 1438 1125 Revera
1455 1086 1587 1125 cum
1608 1072 1874 1143 contagio

217 1157 504 1226 peccandi
535 1158 979 1214 multitudinem
1010 1159 1522 1229 invaserit,divinaa
1552 1159 1874 1229 disciplinae

214 1261 425 1301 severa
442 1246 847 1303 misericordia
866 1248 1198 1303 necessaria
1227 1252 1319 1303 est
1349 1264 1484 1302 nam
1515 1248 1761 1304 consilia
1782 1266 1871 1304 se-

214 1333 547 1407 parationis
575 1340 631 1391 et
658 1335 859 1392 inania
889 1339 1028 1392 sunt
1056 1340 1112 1391 et
1142 1335 1669 1408 perniciosa,atque
1691 1338 1871 1392 sacri-

212 1421 367 1495 lega,
403 1424 545 1495 quia
575 1428 633 1479 et
661 1424 844 1496 impia
875 1426 1131 1497 superba
1160 1425 1313 1479 ﬁunt
1353 1429 1412 1479 et
1458 1424 1591 1495 plus
1641 1431 1867 1497 pertur-

213 1512 358 1567 bant
408 1512 678 1569 inﬁrmos
730 1514 939 1579 bonos,
983 1530 1157 1585 quam
1209 1514 1505 1585 corrigunt
1568 1514 1865 1571 animosos

2000 356 2303 412 veritatem
2340 359 2665 413 nativztatis
2698 357 2913 414 Christi
2946 359 3284 430 quicunque
3315 377 3347 415 a
3380 377 3650 433 perverso

2000 462 2193 501 errore
2223 447 2475 501 Nestorii
2508 452 2901 514 revertuntur,
2935 464 3130 503 coram
3187 453 3389 504 saneta
3440 452 3647 507 frater-

1999 535 2201 589 nitatis
2247 539 2455 591 vestrae
2504 537 2953 607 congregatione
3002 537 3317 608 fateantur,
3372 541 3647 595 eumdem

1994 623 2331 678 Nestorium
2365 642 2495 679 cum
2532 626 2806 679 omnibus
2838 626 2964 680 suis
2995 626 3347 696 sequacibus
3396 644 3461 682 ac
3512 629 3646 683 reli-

1993 730 2141 783 quas
2173 713 2424 768 haereses
2455 714 3045 769 anathematizantes.
3080 715 3457 771 Venerandas
3506 733 3646 787 quo-

1992 818 2106 871 que
2136 802 2412 873 synodos,
2447 820 2593 873 quas
2627 803 2977 857 universalis
3008 804 3263 858 Ecclesia
3305 806 3533 876 recipit,
3583 823 3645 862 se

1990 892 2247 963 recipere
2297 896 2353 947 et
2399 894 2662 947 venerari
2712 892 3091 963 promittant;
3149 898 3205 947 et
3251 895 3474 965 absque
3523 895 3645 951 ulla

1988 980 2356 1037 dubitatione
2387 981 2670 1037 sanctitas
2700 985 2890 1036 vestra
2921 997 3040 1048 eos,
3075 983 3320 1037 servatis
3366 983 3451 1038 eis
3505 1001 3637 1056 pro-

1985 1070 2129 1141 priis
2160 1071 2489 1137 ordinibus,
2523 1070 2580 1124 in
2614 1087 2719 1125 suo
2753 1073 2901 1125 cretu
2953 1070 3196 1141 recipiat
3228 1086 3240 1123 :
3278 1074 3343 1125 ut
3389 1073 3528 1127 dum
3582 1078 3639 1129 et

1984 1176 2087 1231 per
2118 1158 2575 1215 sollicitudinem
2607 1158 2835 1214 occulta
2865 1159 3076 1215 mentis
3093 1176 3293 1215 eorum
3319 1160 3635 1229 discutitis,

1982 1252 2152 1318 atque
2183 1264 2282 1303 eos
2312 1264 2413 1319 per
2443 1248 2751 1303 scientiam
2803 1263 2999 1302 veram
3052 1251 3210 1301 recta
3258 1263 3384 1317 qua:
3438 1250 3633 1303 tenere

1980 1337 2233 1391 debeant
2265 1335 2487 1391 docetis
2518 1339 2573 1391 et
2604 1352 2705 1406 per
2734 1335 3257 1390 mansuetudinem
3290 1334 3514 1390 nullam
3546 1338 3630 1392 eis

1980 1425 2455 1481 contrarietatem
2486 1424 2574 1481 vel
2624 1424 3034 1480 difficultatem
3080 1424 3149 1479 de
3202 1424 3457 1496 propriis
3506 1427 3631 1481 suis

1978 1515 2284 1571 ordinibus
2312 1514 2520 1583 facitis,
2545 1531 2641 1569 eos
2674 1514 2745 1569 ab
2778 1513 3008 1583 antiqui
3044 1512 3235 1568 hostis
3285 1530 3382 1568 ore
3434 1514 3629 1585 rapia-

212 1599 426 1656 malos.
460 1600 621 1656 Infra
654 1618 667 1655 :
702 1602 899 1658 Turba
927 1605 1120 1657 autem
1153 1602 1654 1672 iniquorum,cum
1688 1604 1864 1660 facul-
1896 1639 1941 1705 Β
1973 1604 2071 1659 tis.
2124 1626 2152 1653 »
2205 1605 2497 1660 Habemus
2547 1602 2740 1659 simile
2794 1603 2930 1672 quid
2982 1618 3048 1657 ex
3106 1601 3351 1673 epistola
3418 1602 3626 1702 pyrilli

207 1692 303 1745 tas
334 1693 429 1745 est
459 1689 813 1761 populorum
845 1691 1155 1763 promendi
1204 1706 1557 1759 sermonem,
1606 1693 1863 1763 generali

208 1778 629 1851 objurgatione
653 1780 915 1836 ferienda
944 1783 1113 1846 est,el
1136 1780 1390 1835 maxime
1416 1780 1465 1834 si
1496 1781 1860 1839 occasionem

205 1872 392 1938 atque
422 1871 918 1939 opportunitatem
952 1868 1262 1941 praebuerit
1291 1868 1527 1939 aliquod
1562 1870 1857 1941 ﬂagellum

203 1956 464 2027 desuper
494 1956 872 2028 Domini,quo
906 1973 1004 2013 eos
1037 1961 1315 2029 appareat
1344 1973 1448 2028 pro
1480 1957 1605 2012 suis
1637 1960 1859 2016 meritis

200 2044 543 2115 vapulare.»
574 2047 716 2102 Item
750 2047 807 2101 in
840 2044 1092 2118 epistola
1120 2046 1189 2101 ad
1225 2044 1628 2101 Marcellinum
1655 2064 1666 2101 :
1703 2070 1729 2097 «
1758 2050 1858 2103 So-

200 2133 291 2190 leo
323 2134 615 2205 audire,in
648 2140 934 2207 potestate
966 2152 1094 2191 esse
1118 2136 1339 2205 judicis
1364 2135 1590 2191 mollire
1622 2142 1855 2193 senten-

197 2223 370 2288 tiam,
397 2228 454 2279 et
476 2223 677 2279 mitius
704 2224 1020 2294 vindicare,
1042 2242 1221 2296 quam
1252 2225 1426 2296 leges.
1466 2247 1494 2273 ››
1522 2226 1659 2280 Inde
1683 2228 1853 2282 Inno-

200 2313 442 2368 centius
468 2313 615 2368 Rufo
639 2316 695 2369 et
716 2314 966 2369 Eusebio
989 2318 1043 2368 et
1077 2313 1302 2368 caeteris
1340 2313 1631 2384 episcopis
1660 2315 1852 2370 Mace-

195 2401 457 2457 donibus
488 2419 502 2457 :
530 2425 556 2451 ‹‹
583 2405 805 2457 Nostrae
834 2401 927 2456 lex
948 2408 1038 2457 est
1066 2401 1354 2468 Ecclesiae,
1379 2401 1746 2458 venientibus
1779 2405 1851 2460 ab

193 2488 510 2559 haereticis,
534 2490 632 2562 qui
663 2494 859 2546 tamen
883 2490 1003 2545 illic
1027 2489 1300 2560 baptizati
1327 2496 1485 2555 sunt,
1510 2507 1610 2561 per
1642 2508 1849 2547 manus

195 2579 638 2652 impositionem
683 2579 891 2636 laicam
941 2584 1172 2634 tantum
1198 2579 1455 2635 tribuere
1483 2581 1847 2636 communio-

192 2684 357 2733 nem,
394 2684 501 2723 nec
525 2685 595 2724 ex
623 2667 715 2722 his
738 2668 996 2739 aliquem
1018 2668 1076 2722 in
1110 2667 1418 2723 clericatus
1450 2668 1728 2723 honorem
1759 2671 1844 2726 vel

194 2757 475 2830 exiguum
516 2757 856 2829 subrogare.
889 2758 1193 2813 Pervideat
1223 2773 1359 2829 ergo
1390 2756 1623 2812 dilectio
1653 2764 1845 2815 vestra

191 2846 487 2902 hactenus
509 2845 646 2901 talia
668 2847 974 2913 transisse,
996 2851 1053 2902 et
1071 2846 1349 2902 advertite
1372 2847 1528 2917 quod
1552 2847 1757 2918 utique
1781 2855 1844 2904 ut

188 2935 414 3003 dicitis,
443 2935 765 2991 necessitas
790 2935 1118 3008 imperavit,
1151 2936 1210 2990 in
1238 2936 1517 3007 pacejam
1551 2935 1840 2993 Ecclesiae

1973 1693 2154 1749 missa
2185 1694 2433 1748 Maximo
2464 1692 2706 1748 diacono
2738 1691 3103 1749 Antiocheno
3138 1707 3149 1746 :
3187 1715 3213 1741 «
3252 1690 3434 1746 Didici
3466 1708 3499 1746 a
3530 1693 3622 1746 di-

1970 1781 2203 1855 ligendo
2235 1782 2380 1837 mihi
2414 1782 2588 1837 Paulo
2622 1782 2931 1850 monacho,
2966 1780 3106 1852 quia
3150 1784 3382 1837 recusat
3431 1780 3621 1851 pietas

1968 1876 2072 1926 tua
2093 1888 2281 1943 usque
2302 1872 2473 1927 hodie
2494 1871 2961 1926 communionem
2989 1868 3460 1925 reverendissimi
3476 1870 3625 1941 epis—

1968 1961 2095 2033 copi
2116 1961 2360 2017 Joannis
2383 1959 2678 2030 amplecti,
2703 1976 2805 2029 pro
2838 1975 2903 2013 eo
2937 1959 3092 2030 quod
3128 1957 3368 2029 quidam
3402 1959 3463 2012 in
3494 1964 3619 2013 An-

1967 2050 2238 2105 tiochena
2260 2049 2513 2105 Ecclesia
2546 2048 2695 2103 male
2719 2048 2910 2104 adhuc
2934 2064 3065 2102 cum
3089 2046 3353 2103 Nestorio
3375 2047 3464 2102 vel
3487 2064 3619 2102 sen-

1966 2136 2363 2206 tiant,veljam
2388 2137 2683 2191 senserint
2705 2136 3076 2207 quidem,sed
3102 2135 3347 2190 forsitan
3370 2135 3621 2206 resipue-

1965 2227 2101 2282 rint.
2135 2227 2343 2282 Probet
2374 2226 2552 2298 igitur
2592 2230 2695 2281 tua
2738 2226 3030 2280 modestia
3073 2228 3271 2280 utrum
3303 2224 3618 2295 aliquando

1963 2317 2159 2388 colligi
2185 2317 2338 2371 nude
2361 2332 2425 2370 ac
2457 2316 2844 2369 irreverenter
2874 2330 3007 2369 cum
3040 2313 3306 2368 Nestorio
3340 2314 3619 2379 sentiant,

1960 2410 2017 2459 et
2040 2405 2287 2459 invicem
2302 2402 2877 2473 colloquantur,licet
2901 2404 3215 2473 aliquando
3235 2402 3616 2457 cauteriatam

1960 2492 2269 2548 habuerint
2289 2491 2730 2558 conscientiam;
2766 2490 3121 2561 colligantur
3144 2496 3338 2545 autem
3370 2492 3613 2561 Duelius,

1959 2598 2134 2646 nunc,
2168 2582 2297 2651 quia
2319 2582 2378 2633 in
2403 2579 2580 2635 Graeco
2608 2582 2746 2649 va],
2784 2595 2887 2633 nec
2911 2584 3040 2632 acta
3066 2578 3408 2649 poenitentia
3431 2594 3611 2649 super

1954 2670 2027 2727 iis
2043 2671 2101 2725 in
2114 2670 2326 2741 quibus
2350 2670 2611 2739 subrepti
2629 2668 3059 2737 sunt,quamvis
3074 2667 3334 2722 confiteri
3358 2668 3608 2722 fortasse

1954 2764 2325 2815 revereantur
2348 2775 2672 2813 excessum.
2702 2779 2730 2806 »
2757 2757 2969 2810 Infrazc
2995 2755 3064 2810 Ut
3089 2760 3283 2810 autem
3311 2771 3425 2809 non
3451 2756 3608 2810 testi-

1954 2864 2185 2903 mcmur
2204 2863 2401 2902 amare
2424 2846 2877 2911 contentionem,
2896 2844 3319 2916 amplectamur
3340 2844 3602 2915 episcopi

1951 2936 2422 2993 reverendissimi
2440 2935 2686 2990 Joannis
2710 2934 3207 2998 communionem,
3228 2932 3602 3003 indulgentes

182 3023 540 3079 constitutas
572 3040 689 3080 non
722 3041 1094 3095 praesumere.
1130 3025 1262 3091 Sed,
1300 3028 1363 3078 ut
1400 3041 1551 3095 saepe
1601 3025 1833 3093 accidit,
1872 3009 1912 3075 C
1950 3026 2084 3095 ei,et
2106 3042 2281 3081 causa
2303 3023 2917 3095 dispensationis,ejus
2944 3022 3241 3091 negotium
3271 3036 3384 3075 non
3408 3020 3599 3075 subti-

178 3113 413 3185 quoties
436 3130 468 3168 a
489 3113 723 3184 pepulis
743 3114 1074 3169 autaturba
1095 3114 1604 3185 peccatur,quiain
1631 3130 1835 3171 omnes

174 3205 417 3274 propter
438 3200 877 3259 multitudinem
903 3220 1020 3257 non
1044 3206 1238 3274 potest
1260 3201 1829 3268 vindicari,inultum

174 3289 361 3346 soleat
382 3290 693 3345 transire.»
721 3291 882 3346 Idem
906 3291 1184 3347 eisdemza
1204 3292 1578 3346 Sacerdotum
1597 3310 1831 3348 summa

172 3378 522 3435 deliberatio
544 3379 666 3435 haec
697 3379 830 3449 fuit,
862 3385 929 3436 ut
959 3397 1106 3452 quos
1140 3385 1407 3436 Bonosus
1439 3380 1828 3449 ordinaverat,

170 3480 242 3521 ne
265 3482 406 3521 cum
430 3466 633 3522 eodem
656 3472 1106 3536 remanerent,4
1125 3485 1189 3523 ac
1212 3469 1375 3523 ﬁeret
1398 3485 1513 3523 non
1537 3470 1829 3526 mediocre

168 3552 542 3624 scandalum,
575 3555 830 3611 ordinati
862 3556 1576 3628 reciperentur.Vicimus,
1610 3562 1674 3613 ut
1703 3559 1825 3629 opi-

170 3660 306 3709 nor,
366 3643 665 3716 ambigua.
703 3666 731 3694 »
761 3644 890 3701 Jam
922 3661 1060 3716 ergo
1092 3646 1246 3717 quod
1300 3662 1402 3718 pro
1452 3648 1705 3703 remedio
1761 3665 1825 3703 ac

170 3731 524 3789 necessitate
554 3734 836 3805 temporis
869 3738 1154 3790 statutum
1186 3739 1297 3801 est,
1352 3740 1581 3791 constat
1625 3738 1824 3807 primi-

171 3823 265 3875 tus
297 3837 415 3877 non
448 3820 634 3877 fuisse
668 3838 682 3878 :
710 3839 777 3879 ac
809 3823 991 3879 fuisse
1023 3824 1257 3896 regulas
1286 3829 1531 3894 veteres,
1563 3841 1710 3897 quas
1749 3828 1821 3883 ab

170 3909 581 3981 apostolis,aut
605 3912 677 3967 ab
708 3912 1046 3984 apostolicis
1075 3913 1261 3984 [viris]
1292 3914 1537 3970 traditas
1564 3914 1822 3972 Ecclesia

167 4002 432 4055 Romana
457 4000 740 4067 custodit,
766 4001 1299 4072 custodiendasque
1331 4004 1572 4058 mandat
1598 4003 1689 4059 his
1718 4005 1815 4075 qui

168 4103 296 4143 eam
330 4087 534 4143 audire
567 4096 1020 4146 consueverunt.
1047 4092 1157 4147 Sed
1184 4092 1506 4148 necessitas
1536 4094 1817 4164 temporis

168 4176 222 4231 id
249 4176 379 4231 fieri
412 4194 769 4250 magnopere
810 4179 1164 4250 postulabat.
1216 4181 1364 4252 Ergo
1409 4182 1563 4252 quod
1613 4198 1816 4238 neces-

172 4265 315 4322 sitas
372 4282 477 4338 pro
536 4268 795 4324 remedio
845 4270 1082 4341 reperit,
1132 4272 1398 4325 cessante
1447 4272 1813 4338 necessitate,

1940 3113 2059 3169 lius
2081 3114 2167 3169 vel
2200 3114 2552 3177 districtius,
2582 3114 2703 3167 sive
2735 3111 3141 3165 vehementius
3176 3126 3315 3179 erga
3348 3125 3409 3165 se
3441 3125 3599 3163 reco-

1940 3202 2279 3274 gnoscentis
2311 3206 2537 3271 agatur.
2573 3199 3043 3271 Dispensationis
3076 3199 3232 3253 enim
3265 3198 3475 3270 gratia,
3511 3198 3591 3251 si-

1942 3298 2040 3347 cut
2068 3293 2343 3363 dixi,eget
2378 3290 2677 3361 negotium
2708 3289 3013 3344 multum.»
3036 3288 3314 3357 Ejusdem
3350 3286 3421 3341 ad
3447 3286 3592 3341 Gen-

1940 3383 2182 3437 nadium
2217 3381 2615 3453 presbyterum
2649 3384 2705 3434 et
2741 3374 3594 3446 ArchimandritamzuDispen-

1938 3472 2197 3527 sationes
2228 3472 2304 3541 (1,
2327 3488 2378 3541 q.
2404 3471 2458 3533 7,
2490 3486 2536 3523 ε.
2574 3470 3044 3539 Dispensationes)
3080 3481 3275 3521 rerum
3311 3480 3588 3519 nonnun-

1939 3577 2112 3633 quam
2149 3565 2364 3631 cogunt
2396 3574 2603 3629 parum
2632 3557 2771 3628 quid
2804 3574 2834 3610 a
2864 3555 3059 3611 debito
3087 3555 3375 3626 quosdam
3428 3554 3588 3607 foras

1936 3651 2111 3713 exire,
2146 3654 2208 3703 ut
2240 3649 2433 3717 majus
2465 3647 2687 3718 aliquid
2723 3645 3112 3701 lucrifaciant.
3145 3644 3307 3699 Sicut
3339 3642 3495 3697 enim
3547 3640 3584 3694 ii

1935 3742 2033 3811 qui
2068 3754 2226 3793 mare
2256 3737 2531 3807 navigant
2557 3739 2903 3805 tempestate
2933 3731 3453 3804 urgente,navique
3482 3747 3586 3801 pe-

1932 3828 2245 3895 riclitante,
2297 3825 2514 3881 anxiati
2557 3815 2823 3895 quaedam
2869 3825 3205 3887 exonerant,
3257 3824 3321 3874 ut
3374 3824 3585 3875 caetera

1932 3917 2092 3973 salva
2126 3920 2537 3988 permaneant;
2575 3915 2655 3968 ita
2686 3917 2742 3968 et
2790 3930 2895 3968 nos
2946 3929 3078 3969 cum
3130 3926 3245 3966 nou
3294 3908 3585 3964 habemus

1931 4004 2346 4061 salvandorum
2380 4001 2641 4057 omnium
2677 4001 3044 4071 negotiorum
3081 3998 3315 4070 penitus
3346 3996 3585 4050 certitu-

1930 4094 2149 4163 dinem,
2182 4091 2540 4163 despicimus
2572 4107 2640 4145 ex
2672 4090 2765 4144 his
2798 4089 3086 4159 quaedam,
3121 4103 3192 4140 ne
3234 4088 3583 4139 cunctorum

1928 4183 2219 4254 patiamur
2248 4180 2613 4251 dispendia.»
2647 4179 2713 4232 Et
2743 4177 2896 4230 intra
2930 4193 2943 4229 2
2971 4199 2995 4224 «
3032 4176 3099 4229 Et
3132 4175 3239 4228 hoc
3263 4172 3456 4227 scribo
3489 4188 3578 4225 co-

1927 4287 2217 4343 gnoscens
2248 4269 2401 4341 quod
2457 4269 2644 4339 pietas
2694 4271 2796 4319 tua
2846 4266 3118 4319 tristetur
3166 4262 3223 4317 in
3272 4260 3577 4317 sanctissi-

169 4354 336 4449 debet
380 4355 589 4427 utique
634 4374 868 4415 cessare
917 4359 1139 4431 pariter
1186 4360 1344 4430 quod
1377 4361 1639 4432 urgebat.
1670 4362 1816 4426 Quia
1851 4386 1896 4449 D
1930 4377 2091 4415 mum
2123 4365 2179 4415 et
2210 4359 2307 4413 Dei
2336 4357 2618 4413 cultorem
2652 4356 2889 4409 fratrem
2910 4358 2967 4408 et
2989 4351 3461 4449 comministrum
3486 4366 3580 4449 no:

176 4441 325 4499 alius
354 4449 447 4500 est
476 4446 618 4503 ordo
651 4445 977 4519 legitimus,
1010 4446 1123 4503 alia
1154 4448 1482 4521 usurpatio,
1516 4465 1692 4520 quam
1748 4452 1817 4507 ad

174 4547 431 4602 praesens
483 4533 611 4590 ﬁeri
665 4540 902 4608 tempus
956 4535 1226 4608 impellit.
1277 4538 1386 4593 Sed
1434 4538 1541 4594 hoc
1570 4555 1821 4595 canones

175 4622 317 4692 apud
356 4622 605 4679 Niceam
641 4625 947 4681 constituti
979 4626 1049 4680 de
1078 4626 1411 4681 Novatianis
1447 4626 1568 4682 fieri
1604 4628 1819 4699 permi-

175 4713 369 4766 serunt
401 4710 590 4783 (Conc.
625 4715 749 4772 Nic.
783 4730 906 4770 can.
939 4714 1016 4784 8).
1049 4714 1221 4769 Prius
1251 4713 1349 4769 ille
1398 4732 1582 4771 canon
1632 4733 1664 4771 a
1712 4721 1822 4772 Pa-

174 4799 357 4857 tribus
387 4801 705 4859 institutus
742 4805 1048 4875 ponendus
1080 4806 1259 4869 est,ut
1289 4804 1585 4872 possimus
1617 4805 1821 4859 adver-

174 4891 306 4959 tere,
338 4890 426 4945 vel
459 4891 598 4961 quid
630 4891 719 4947 vel
751 4891 1006 4963 qualiter
1044 4892 1116 4947 ab
1165 4890 1385 4947 eisdem
1438 4908 1669 4947 sensum
1723 4894 1819 4961 sit,

172 4975 256 5031 vel
306 4985 689 5051 praeceptum.
740 5003 769 5031 ‹‹
820 4980 901 5036 De
955 4980 1069 5051 his,
1122 4980 1333 5051 inquit,
1383 4982 1482 5052 qui
1517 4983 1824 5039 nominant

180 5065 405 5137 seipsos
438 5068 741 5135 Catharos,
772 5069 830 5124 id
864 5074 974 5139 est,
1008 5070 1283 5141 mundos,
1306 5074 1362 5124 et
1391 5070 1706 5142 aliquando
1738 5090 1825 5129 ve-

178 5153 348 5209 niunt
404 5158 475 5211 ad
537 5157 891 5214 catholicam
943 5157 1287 5229 Ecclesiam,
1338 5158 1555 5231 placuit
1606 5166 1821 5217 sanctas

181 5247 234 5298 et
262 5259 494 5316 magna:
527 5249 751 5319 synodo
785 5253 868 5316 ut,
902 5252 1134 5318 accepta
1164 5265 1377 5304 manus
1424 5249 1821 5323 impositione,

182 5332 263 5387 sic
296 5339 581 5391 maneant
609 5336 670 5391 in
703 5335 876 5393 clero.
912 5360 940 5386 »
975 5336 1164 5392 Simili
1219 5338 1655 5409 dispensatione
1720 5340 1822 5394 be-

188 5426 317 5478 atus
371 5440 525 5497 papa
576 5426 894 5500 Gregorius
941 5443 974 5481 a
1024 5425 1370 5485 Nestoriana
1398 5428 1601 5485 haeresi
1636 5446 1822 5485 rever-

180 5513 369 5573 tentes
392 5511 453 5572 in
477 5514 601 5585 suis
622 5516 909 5591 gradibus
937 5514 1116 5589 recipi
1139 5516 1331 5589 jubet,
1354 5517 1436 5575 ita
1462 5519 1725 5577 scribens
1750 5521 1821 5576 ad

1932 4455 2119 4507 strum
2169 4447 2477 4503 Proculum
2525 4446 2894 4517 episcopum,
2947 4458 3012 4496 eo
3064 4442 3220 4513 quod
3274 4439 3585 4495 admiserit

1930 4538 2289 4594 Heliensium
2314 4534 2691 4606 Eguminum,
2730 4549 2904 4605 quem
2928 4530 3161 4601 quidem
3198 4528 3468 4585 Ecclesia:
3499 4526 3582 4582 les

1931 4646 2032 4701 ges
2064 4628 2362 4683 Palestina
2397 4626 2771 4697 praepositum
2807 4640 2921 4678 non
2956 4625 3377 4676 noverunt.»Et
3404 4619 3577 4673 infra:

1933 4739 1961 4768 ‹‹
1994 4719 2179 4790 Igitur
2209 4734 2280 4773 ne
2313 4715 2563 4787 refugiat
2594 4715 2781 4785 pictas
2814 4717 2915 4768 tua
2945 4710 3303 4767 sanctissimi
3356 4712 3413 4764 et
3465 4706 3580 4763 Deo

1934 4806 2275 4862 amicissimi
2312 4804 2537 4860 Proculi
2589 4802 2849 4874 episcopi
2899 4800 3403 4856 communionem.
3459 4796 3585 4850 Una

1933 4895 2087 4951 enim
2125 4896 2233 4950 fuit
2265 4911 2405 4950 cura
2437 4892 2579 4948 mihi
2613 4895 2669 4947 et
2699 4890 3027 4946 sanctitatis
3059 4890 3211 4959 ejus,
3241 4892 3296 4942 et
3340 4886 3583 4957 dispen-

1933 4985 2181 5040 sationis
2205 4984 2335 5039 mod
2348 5000 2416 5038 us
2439 4981 2581 5036 nulli
2607 4980 2965 5052 sapientium
2998 4975 3583 5049 displicuit.»Eadem

1933 5072 2301 5129 discretionis
2352 5070 2753 5126 moderatione
2804 5068 3048 5123 Romani
3104 5066 3432 5138 pontiﬁces,
3486 5063 3585 5135 qui

1932 5161 2348 5217 translationes
2371 5161 2941 5233 episcoporum,quee
2966 5157 3229 5213 districts
3253 5152 3587 5227 apostolicis

1933 5256 1989 5307 et
2019 5250 2317 5306 canonicis
2350 5249 2755 5305 sanctionibus
2789 5247 3089 5318 prohibita:
3147 5250 3279 5301 ante
3326 5244 3578 5304 fuerant,

1934 5340 2138 5411 majori
2171 5339 2433 5395 Ecclesiae
2469 5337 2705 5394 utilitati
2738 5337 3113 5392 consulentes
3146 5334 3268 5389 fieri
3301 5328 3578 5403 permise-

1932 5434 2088 5487 runt.
2122 5429 2232 5485 Alii
2256 5430 2429 5486 etiam
2455 5428 2741 5501 quosdam
2759 5427 3065 5499 episcopos
3085 5441 3116 5479 a
3135 5417 3573 5495 praedecessori-

1932 5521 2044 5577 bus
2066 5520 2191 5575 suis
2213 5520 2777 5593 depositos,propter
2794 5516 3157 5575 honestatem
3184 5525 3571 5583 personarum
