3916 6034
266 139 339 195 55
1355 141 1423 193 D.
1466 134 1706 191 IVONIS
1744 133 2239 189 CARNOTENSIS
2276 135 2596 189 EPISCOPI
3615 130 3694 184 56

270 270 330 325 et
358 262 765 322 necessitatem
798 262 1152 335 populorum
1186 263 1246 317 in
1278 260 1403 318 suis
1435 258 1645 315 ofﬁciis
1677 256 1929 314 reconci-
1962 264 2009 328 Α
2044 262 2134 314 est
2186 258 2242 314 in
2292 258 2706 330 Platinopolim
2758 257 3039 314 Thracias.
3090 256 3361 328 Optimus
3425 257 3696 328 Agadar—

276 356 867 427 liaveruntzquorum
902 351 1141 409 nomina
1169 351 1417 409 inferius
1453 350 1732 405 adnotata
1765 362 1926 419 repe-

278 448 528 503 rientur.
560 443 809 509 Quidam
839 459 1072 516 quoque
1104 440 1352 497 Romani
1386 438 1690 510 pontiﬁces
1731 438 1928 493 decre-

278 539 513 604 verunt,
546 538 637 604 :ne
690 532 795 588 ﬁlii
849 532 1319 605 presbyterorum
1366 531 1810 583 assumerentur
1858 526 1927 580 ad

280 625 788 698 presbyteratum;
852 639 967 677 non
1023 620 1177 691 quod
1229 634 1615 689 personarum
1674 616 1931 687 acceptio

283 716 436 787 apud
468 715 650 770 Deum
685 712 937 782 alicujus
969 710 1042 765 sit
1074 708 1378 778 momenti,
1410 707 1499 762 vel
1532 712 1763 777 natura,
1806 722 1931 777 quae

282 804 547 861 omnium
580 819 684 875 par
741 806 826 857 est
856 797 1125 871 genitrix,
1161 798 1231 853 ab
1265 796 1464 867 aliquo
1514 794 1694 867 possit
1740 811 1932 866 repre-

281 894 497 961 hendi;
531 893 619 947 vel
652 889 752 945 ﬁlii
787 905 890 960 pro
940 886 1251 958 iniquitate
1304 890 1615 957 parentum
1666 884 1933 939 condem-

282 983 432 1053 nari,
458 982 686 1037 dicente
714 976 1003 1048 Propheta
1037 993 1049 1030 :
1086 977 1258 1033 Filius
1286 992 1399 1030 non
1423 974 1671 1047 portabit
1719 973 1932 1045 iniqui-

280 1077 453 1129 tatem
474 1070 649 1141 patris
675 1065 1090 1139 (Ezechxvm);
1124 1068 1181 1120 et
1209 1063 1483 1136 Apostolo
1517 1080 1529 1118 :
1562 1063 1624 1119 Si
1650 1065 1789 1118 Deus
1818 1064 1935 1129 ius—

280 1162 473 1233 tiﬁcat,
507 1160 631 1229 quis
660 1161 738 1211 est
768 1158 867 1227 qui
896 1156 1256 1211 condemnet?
1284 1154 1458 1225 (Rom.
1490 1154 1634 1221 vm).
1668 1153 1739 1207 Et
1769 1152 1934 1206 beato

279 1245 1075 1319 AugustinomUndecunque
1100 1246 1418 1299 nascantur
1440 1240 1782 1307 homines,si
1800 1239 1938 1294 vitia

285 1339 602 1409 parentum
636 1350 751 1388 non
788 1336 1132 1403 sequantur,
1158 1330 1389 1385 honesti
1419 1334 1476 1385 et
1507 1330 1651 1385 salvi
1684 1333 1875 1394 erunt;
1910 1350 1937 1376 »

289 1426 391 1483 sed
423 1424 495 1481 ad
541 1422 973 1494 reprimendam
1026 1420 1419 1493 quorumdam
1466 1420 1938 1491 presbyterorum

287 1510 897 1578 incontinentiam,vel
915 1510 1102 1565 tutius
1127 1509 1505 1565 muniendam
1529 1507 1775 1562 aliorum
1801 1523 1943 1563 con-

284 1603 615 1659 tinentiam.
648 1601 761 1656 Sed
792 1599 931 1671 quia
961 1616 1029 1654 ex
1058 1599 1129 1654 iis
1153 1599 1439 1670 quasdam
1474 1613 1773 1669 personas,
1826 1612 1936 1651 non

286 1695 519 1748 tantum
553 1690 883 1762 religiosas,
914 1690 1015 1744 sed
1049 1688 1225 1744 etiam
1265 1686 1532 1743 Ecclesia
1583 1686 1679 1741 Dei
1731 1701 1935 1741 neces-

286 1782 475 1839 sarias
504 1797 631 1838 esse
661 1783 1080 1851 cognoverunt,
1114 1779 1413 1833 decretum
1444 1779 1933 1848 temperaverunt,

288 1876 345 1928 et
372 1872 455 1928 ita
483 1869 736 1942 genitos,
770 1884 1021 1939 quorum
1055 1867 1420 1923 conversatio
1453 1865 1512 1920 in
1565 1864 1936 1921 monasteriis

284 1959 374 2015 vel
405 1957 698 2029 religiosis
729 1956 1004 2013 Ecclesiis
1037 1957 1283 2028 probata
1333 1956 1525 2026 fuerit,
1581 1972 1696 2010 non
1742 1954 1935 2009 solum

287 2050 359 2105 ad
393 2046 991 2121 presbyteratum,sed
1023 2045 1200 2102 etiam
1231 2046 1302 2101 ad
1336 2061 1637 2101 summum
1671 2043 1939 2099 sacerdo-

285 2138 434 2194 tium
493 2136 819 2209 promoveri
882 2136 1293 2208 permiserunt.
1348 2136 1416 2190 Et
1467 2140 1531 2190 ut
1578 2135 1648 2189 de
1720 2134 1938 2189 nostris

287 2226 654 2299 temporibus
684 2230 1007 2295 taceamus,
1040 2223 1190 2280 sicut
1220 2223 1437 2295 legitur
1487 2223 1547 2279 in
1595 2222 1776 2295 gestis
1826 2226 1936 2277 Ro-

290 2332 603 2373 manorum
636 2314 1006 2387 pontiﬁcum,
1040 2312 1197 2369 Felix
1222 2313 1691 2379 tertius,natione
1721 2312 1936 2368 Roma-

291 2422 427 2474 nus,
459 2421 527 2460 ex
554 2408 718 2477 patre
748 2402 935 2458 Felice
965 2403 1304 2475 presbytero
1338 2401 1448 2456 fuit
1492 2418 1525 2456 a
1574 2401 1939 2473 temporibus

289 2494 537 2551 Odoacri
571 2493 725 2565 regis
760 2508 946 2563 usque
978 2492 1049 2547 ad
1084 2495 1352 2563 tempora
1379 2490 1730 2547 Tbeodorici
1763 2490 1937 2563 regis.

292 2588 438 2640 Item
472 2583 758 2655 Agapitus
808 2581 1048 2636 natione
1101 2582 1417 2650 Romanus,
1473 2597 1540 2636 ex
1591 2584 1756 2651 patre
1803 2580 1939 2635 Gor-

291 2673 466 2730 diano
498 2672 837 2745 presbytero
869 2686 1141 2726 summus
1174 2669 1431 2740 pontifex
1470 2670 1597 2724 fuit.
1650 2669 1937 2738 Gelasius,

290 2765 530 2821 natione
560 2762 788 2831 Afer,ex
818 2766 979 2832 patre
1010 2761 1240 2816 Valerio
1271 2762 1545 2832 episcopo
1577 2762 1727 2817 sedit
1756 2777 1940 2815 annos

291 2869 378 2921 III,
413 2866 644 2905 menses
674 2848 930 2917 v1n,dies
960 2846 1413 2903 xvnI.Silverius
1444 2848 1676 2903 natione
1705 2848 1943 2919 Campa-

294 2956 519 3009 nus,ex
550 2942 712 3009 patre
741 2936 1013 2993 Ormisda
1044 2940 1307 2992 Romano
1338 2936 1803 3009 episcopo,sedit
1835 2953 1940 2991 an-

2040 348 2159 403 mia
2188 348 2468 421 Phrygiae,
2502 349 2562 404 in
2591 348 2964 404 Antiochiam
2997 346 3227 403 Pisidiae
3255 350 3696 403 transmutatus

2040 441 2147 492 est.
2183 436 2492 494 Sistuanus
2540 455 2573 494 a
2618 437 2932 509 Philiopoli
2974 436 3237 492 Thraciae
3290 440 3554 492 mutatus
3602 440 3700 493 est

2039 526 2097 579 in
2131 528 2437 584 Troadem.
2475 526 2763 583 Plurimos
2813 527 2989 582 etiam
3040 526 3344 597 episcopos
3392 525 3697 597 depositas

2042 632 2076 671 a
2106 617 2241 671 sede
2274 616 2595 687 apostolica
2626 617 2930 673 restitutos
2963 614 3230 687 exempla
3280 615 3546 686 subjecta
3591 616 3699 672 de-

2042 705 2285 761 clarant.
2317 706 2573 761 Joannes
2604 706 3058 778 Chryeostomus
3091 722 3124 761 a
3171 705 3403 759 duabus
3455 705 3701 777 synodis

2044 795 2499 851 orthodoxorum
2550 796 2957 867 episcoporum
3009 796 3119 850 fuit
3164 793 3544 865 dijudicatus,
3592 795 3700 851 sed

2043 885 2257 939 iterum
2318 884 2425 940 fuit
2480 885 2813 940 restitutus.
2864 883 3176 939 Marcellus
3225 884 3537 955 episcopus
3583 886 3704 939 An—

2045 974 2218 1029 chirae
2249 975 2485 1029 Galatiae
2516 975 2820 1046 depositus
2853 974 2983 1040 fuit,
3015 974 3115 1029 sed
3148 975 3523 1045 postmodum
3557 990 3697 1045 pro-

2044 1064 2239 1135 prium
2269 1064 2485 1135 recepit
2514 1064 2944 1135 episcopatum.
2984 1062 3287 1132 Asclepius
3336 1062 3705 1132 dijudicatus

2046 1157 2133 1208 est
2165 1170 2198 1206 a
2228 1154 2468 1225 synodo,
2504 1152 2823 1208 Ecclesiam
2856 1169 3026 1208 suam
3060 1156 3260 1222 postea
3291 1152 3524 1223 recepit.
3578 1152 3702 1206 Lu-

2046 1242 2248 1296 cianus
2279 1241 2591 1313 episcopus
2620 1241 3455 1314 Adrianopolites,damnatus
3485 1258 3518 1296 a
3548 1258 3705 1312 papa

2044 1330 2225 1397 Julio,
2260 1331 2475 1402 recepit
2502 1331 2819 1386 Ecclesiam
2856 1331 2948 1386 sui
3001 1329 3399 1402 episcopatus.
3449 1329 3708 1401 Cyrillus

2048 1419 2610 1491 Hierosolymitanus
2642 1420 2954 1492 episcopus
2987 1418 3289 1491 depositus
3321 1419 3454 1486 fuit,
3496 1423 3708 1491 postea

2048 1509 2458 1565 reconciliatus
2516 1515 2604 1565 est
2660 1508 2927 1565 Ecclesiaa
2977 1526 3117 1565 suae.
3170 1508 3362 1563 Simili
3420 1509 3592 1564 modo
3643 1512 3707 1564 et

2050 1599 2455 1671 Polycronium
2514 1600 2781 1669 ejusdem
2842 1598 3360 1670 Herosolymitanae
3424 1597 3703 1653 Ecclesia:

2048 1686 2377 1758 pontiﬁcem
2411 1686 2609 1742 Sixtus
2642 1704 2793 1759 papa
2839 1686 3164 1757 damnavit,
3213 1692 3267 1741 et
3318 1685 3527 1741 iterum
3570 1685 3706 1757 ipse

2044 1792 2177 1832 eum
2198 1775 2994 1832 reconciliavit.Innocentius
3017 1792 3168 1848 papa
3188 1774 3501 1831 Photinum
3526 1776 3700 1830 dam-

2046 1865 2205 1921 navit
2234 1864 2595 1937 episcopum,
2618 1866 2716 1921 sed
2753 1866 2876 1936 ipse
2907 1868 3108 1937 postea
3136 1881 3270 1921 eum
3301 1863 3359 1919 in
3390 1864 3699 1936 proprium

2046 1955 2305 2010 restituit
2333 1955 2527 2009 locum
2561 1954 2829 2011 Ecclesiae
2856 1972 2995 2011 suae.
3026 1954 3315 2010 Misenum
3347 1953 3698 2025 episcopum

2047 2062 2080 2099 a
2108 2044 2294 2100 Felice
2327 2060 2477 2116 papa
2508 2045 2875 2113 damnatum,
2909 2043 3174 2100 Gelasius
3205 2058 3355 2116 papa
3392 2059 3707 2099 successor

2046 2132 2207 2189 illius
2234 2138 2290 2189 et
2319 2133 2793 2202 communicavit,
2833 2138 2890 2190 et
2930 2134 3201 2189 Ecclesia:
3248 2151 3364 2189 suae
3414 2133 3703 2189 restituit.

2048 2224 2322 2279 Leontius
2354 2224 2493 2277 dum
2523 2228 2677 2279 esset
2708 2224 3031 2295 presbyter,
3066 2222 3368 2295 depositus
3404 2223 3547 2290 fuit;
3598 2223 3703 2278 sed

2048 2317 2249 2384 postea
2278 2313 2337 2366 in
2372 2312 2684 2368 Antiochia
2716 2311 3043 2383 patriarcha
3085 2312 3330 2368 exstitit.
3382 2312 3705 2383 Gregorius

2046 2417 2179 2457 vero
2212 2406 2458 2472 quartus
2508 2418 2680 2473 papa,
2731 2401 3124 2457 Theodosium
3176 2418 3351 2472 quem
3403 2402 3709 2472 Eugenius

2048 2490 2176 2561 ejus
2237 2493 2574 2545 antecessor
2641 2490 2989 2562 presbyterii
3064 2490 3283 2547 honore
3350 2490 3703 2561 privaverat,

2049 2583 2262 2635 80.00th
2307 2578 2576 2636 Ecclesiae
2626 2578 2882 2651 Signinte
2933 2578 3291 2635 consecravit
3339 2581 3701 2651 episcopum.

2048 2667 2203 2723 Ybas
2237 2684 2468 2740 quoque
2500 2668 2810 2740 episcopus
2838 2669 3197 2740 dijudicatus
3230 2669 3465 2737 tuit,sed
3499 2673 3708 2725 sancta

2047 2759 2305 2830 synodus
2321 2758 2599 2814 canonice
2617 2774 2783 2813 suam
2804 2757 2887 2812 illi
2911 2758 3165 2814 restituit
3184 2757 3703 2814 Ecclesiam.Rho-

2049 2849 2254 2903 tadum
2286 2864 2419 2902 vero
2449 2850 2788 2919 episcopum
2824 2852 3038 2903 sanctas
3069 2848 3401 2904 Suessionis
3432 2846 3706 2903 Ecclesiae

2050 2955 2084 2992 a
2114 2937 2356 3008 synodo,
2390 2938 2483 2991 cui
2515 2935 2754 2992 Carolus
2783 2936 3051 2992 interfuit
3081 2954 3199 3008 rex,
3232 2938 3705 3007 condemnatum,

294 3044 439 3087 num
472 3042 754 3098 i,menses
785 3026 971 3094 v,dies
1000 3042 1115 3093 xxx,
1144 3024 1713 3081 Deusdeditnatione
1736 3026 1941 3081 Roma-
1972 3011 2014 3077 C
2054 3029 2109 3081 ct
2139 3025 2448 3080 Sofrenum
2478 3023 2881 3080 Placentinum
2910 3026 3249 3098 episcopum
3284 3026 3491 3082 merito
3514 3043 3711 3098 repro-

297 3135 412 3176 nus
443 3134 509 3173 ex
541 3119 705 3188 patre
735 3114 1028 3187 Stephano
1062 3114 1444 3183 subdiacono,
1469 3114 1621 3170 sedit
1643 3131 1829 3170 annos
1861 3132 1943 3182 IlI,

298 3208 423 3263 dies
447 3205 951 3261 xxm.Theodorus
975 3202 1213 3259 natione
1228 3209 1564 3269 Graecus,ex
1582 3208 1744 3276 patre
1766 3203 1950 3259 Theo-

300 3298 441 3353 doro
472 3294 768 3367 episcopo,
794 3293 947 3349 sedit
972 3309 1157 3349 annos
1187 3308 1263 3361 νι,
1287 3308 1519 3349 menses
1550 3309 1603 3363 v,
1639 3293 1763 3348 dies
1794 3310 1945 3348 xxxv.

302 3385 450 3451 Quia
481 3400 611 3440 vero
641 3382 1048 3455 episcoporum
1081 3381 1322 3454 plurimi
1354 3398 1423 3437 ex
1452 3382 1584 3438 aliis
1613 3382 1949 3437 civitatibus

305 3475 377 3530 ad
410 3472 555 3529 alias
587 3474 824 3544 propter
853 3471 1260 3527 necessitatem
1297 3487 1398 3526 seu
1444 3470 1756 3555 utilitatem
1808 3480 1951 3526 tem-

300 3577 511 3635 porum
543 3564 684 3617 sunt
714 3560 1113 3628 transmutati,
1148 3576 1216 3615 ex
1245 3560 1526 3630 subjectis
1572 3560 1949 3616 manifestum

302 3656 407 3705 est.
444 3650 754 3723 Perigenes
785 3648 843 3703 in
877 3650 1067 3705 Petris
1114 3654 1200 3705 est
1249 3650 1556 3705 ordinatus
1605 3649 1947 3722 episcopus;

296 3739 399 3795 sed
431 3738 707 3808 quoniam
739 3738 889 3795 cives
920 3740 1049 3809 eius
1082 3737 1333 3805 civitatis
1362 3754 1495 3793 eum
1529 3738 1826 3810 suscipere
1858 3755 1954 3792 no-

296 3827 833 3895 luerunt,Romana3
866 3827 1117 3883 civitatis
1148 3827 1459 3898 episcopus
1480 3827 1668 3898 jussit
1697 3843 1830 3881 eum
1862 3829 1952 3881 in-

294 3916 612 3973 thronizari
632 3916 693 3972 in
712 3916 991 3973 Corintho
1014 3915 1625 3987 metrOpoli,defuncto
1649 3916 1773 3986 ejus
1803 3916 1951 3988 epis-

296 4023 475 4078 COpo;
508 4006 702 4078 eique,
737 4006 921 4060 donec
953 4003 1191 4073 advixit,
1226 4003 1492 4059 Ecclesiae
1526 4005 1952 4076 praetuit.Dosi-

295 4097 472 4153 deum
503 4094 779 4152 Seleuciae
809 4095 1151 4167 episcOpum
1185 4092 1510 4149 Alexander
1552 4093 1949 4151 Antiochenus

295 4186 607 4257 episcopus
639 4185 698 4239 in
728 4183 1019 4240 Tharsum
1053 4182 1265 4240 Cilicia:
1298 4184 1736 4240 transmutavit.
1771 4188 1948 4243 Reve-

298 4273 527 4329 rentius
562 4274 631 4327 ab
664 4273 875 4328 Archis
923 4272 1232 4329 thniciaa
1280 4272 1339 4327 in
1385 4277 1599 4345 Tyrum
1650 4278 1946 4329 transmu-

2056 3116 2281 3185 batum,
2316 3113 2587 3171 Nicolaus
2622 3132 2770 3187 papa
2801 3116 3005 3170 ambos
3037 3115 3449 3171 reconciliavit.
3482 3115 3577 3171 Sic
3609 3116 3707 3171 Jo-

2056 3204 2283 3259 hannes
2331 3221 2481 3275 papa
2528 3204 2655 3259 VIII
2709 3204 2982 3260 Photium
3030 3205 3422 3278 NeOphytum,
3474 3222 3507 3260 a
3557 3222 3713 3277 papa

2057 3292 2291 3348 Nicolao
2322 3292 2679 3364 depositum,
2715 3296 3112 3367 Augustorum
3164 3295 3490 3350 interventu
3540 3293 3709 3350 Basi-

2057 3381 2141 3450 lii,
2178 3382 2406 3451 Leonis,
2438 3382 2769 3451 Alexandri,
2799 3384 2877 3453 δίη
2927 3383 3325 3455 patriarchatu
3375 3382 3708 3439 Constanti-

2060 3470 2395 3541 nopolitano
2428 3472 2988 3541 restituit,scribens
3018 3473 3309 3545 praedictis
3341 3472 3623 3545 Augustis
3647 3473 3707 3526 in

2060 3559 2181 3614 haec
2202 3560 2376 3616 verba
2400 3578 2413 3615 :
2447 3583 2473 3611 «
2527 3560 2860 3633 Scripsistis
2882 3560 3074 3630 nobis,
3103 3562 3467 3618 dilectissimi
3492 3562 3619 3628 ﬁlii,
3645 3566 3711 3617 ut

2061 3649 2379 3720 apostolica
2409 3654 2466 3704 et
2496 3650 2924 3722 compassionis
2952 3651 3178 3708 viscera
3208 3652 3556 3725 aperientes,
3581 3668 3710 3707 om-

2062 3755 2163 3793 nes
2197 3738 2296 3809 qui
2329 3738 2384 3793 in
2420 3739 2676 3795 Ecclesia
2708 3756 2839 3812 quae
2869 3742 3021 3813 apud
3056 3758 3155 3798 vos
3189 3746 3279 3797 est
3326 3741 3707 3813 correptioni-

2060 3829 2171 3883 bus
2198 3828 2525 3899 subjacent,
2559 3829 2933 3900 recipiamus,
2968 3830 3215 3902 pacique
3244 3835 3302 3886 et
3333 3831 3709 3887 unanimitati

2060 3917 2385 3985 studentes,
2420 3917 2615 3989 ipsum
2649 3918 2956 3974 dominum
2991 3920 3265 3977 Photium
3318 3921 3707 3993 archiepisco-

2060 4023 2201 4078 pum
2234 4009 2765 4065 communicantem
2798 4011 2989 4079 nobis,
3022 4012 3081 4066 in
3115 4028 3409 4068 summam
3442 4014 3709 4068 sacerdo-

2059 4100 2184 4149 tum
2217 4097 2559 4168 dignitatem
2594 4102 2651 4153 et
2676 4098 2958 4155 honorem
2986 4100 3414 4172 patriarchatus
3440 4101 3708 4157 restitua-

2060 4201 2215 4255 mus,
2268 4201 2338 4241 ne
2398 4186 2621 4242 diutius
2678 4186 2936 4243 Ecclesia
3000 4189 3096 4244 Dei
3157 4193 3220 4243 ut
3278 4189 3595 4246 schismate
3654 4194 3711 4247 et

2060 4274 2335 4331 seandalo
2367 4276 2715 4331 conturbata
2744 4282 3105 4348 permaneat.
3143 4278 3258 4335 Nos
3290 4295 3425 4352 ergo
3475 4279 3707 4351 petitio-

296 4366 452 4419 tatus
485 4365 592 4417 est.
623 4360 879 4418 Joannes
911 4363 980 4417 de
1031 4360 1388 4433 Gordolinia,
1437 4366 1700 4418 mutatus
1749 4368 1839 4419 est
1885 4364 1944 4418 in
1978 4378 2023 4441 Ι)
2056 4381 2189 4419 nem
2223 4368 2576 4435 vestram,ut
2598 4366 2825 4436 justam
2858 4372 2913 4423 et
2945 4371 3057 4423 Deo
3090 4367 3418 4439 placentem
3453 4369 3705 4441 amplexi

300 4449 756 4518 Prochonixum,
810 4454 866 4505 et
906 4452 959 4506 ei
1008 4451 1277 4521 praesedit
1325 4452 1613 4507 Ecclesiae.
1648 4452 1945 4508 Palladius

300 4541 373 4596 ab
407 4538 758 4611 Helinopoli,
794 4542 1055 4595 mutatus
1087 4544 1174 4595 est
1222 4540 1279 4594 in
1330 4542 1647 4613 Asponam.
1694 4541 1945 4598 Alexan-

302 4631 406 4685 der
435 4629 508 4685 ab
543 4628 660 4685 alia
689 4628 1038 4700 Helinopoli,
1072 4629 1131 4683 in
1163 4631 1206 4685 5
1262 4630 1702 4701 Adrianopolim
1756 4636 1946 4686 muta-

304 4721 401 4773 tus
432 4718 862 4790 est.Gregorius
895 4716 1293 4774 Nazianzenus
1324 4717 1487 4789 prius
1519 4719 1771 4776 civitatis
1802 4723 1948 4792 Cap-

305 4806 559 4879 padociae
625 4807 736 4863 fuit
800 4806 1147 4879 episcopus,
1216 4824 1343 4878 quas
1408 4808 1635 4865 Sasima
1702 4809 1949 4880 dicitur;

305 4895 516 4951 deinde
564 4913 597 4951 a
647 4896 814 4952 beato
873 4895 1087 4952 Basilio
1143 4904 1197 4952 et
1243 4896 1490 4953 aliorum
1541 4899 1947 4972 episcoporum

304 4998 620 5052 consensu,
668 4984 728 5040 in
776 4985 1061 5041 Nazianzo
1108 4986 1463 5044 constitutus
1514 4992 1619 5044 est.
1671 4988 1949 5057 Mclenus,

304 5074 471 5146 prius
501 5073 779 5129 Sebastiaa
810 5073 1079 5131 Ecclesia:
1114 5076 1367 5146 praefuit,
1412 5081 1468 5131 et
1518 5082 1717 5149 postea
1750 5078 1951 5133 Antio-

306 5163 448 5220 chia
480 5162 693 5235 praesul
722 5166 811 5219 est
840 5162 1217 5219 constitutus.
1270 5164 1635 5221 Theusebius
1685 5166 1755 5221 ab
1812 5172 1953 5238 Apa-

312 5254 432 5310 mia
456 5251 601 5308 Asias
643 5253 997 5308 transfertur
1044 5253 1103 5307 in
1152 5252 1617 5324 Eudoxiopolim,
1667 5272 1794 5325 quae
1843 5256 1948 5309 du-

315 5343 455 5398 dum
484 5341 746 5398 Salabria
776 5342 1109 5397 vocabatur.
1130 5342 1483 5413 Polycarpus
1513 5343 1583 5397 de
1614 5343 1757 5398 urbe
1781 5345 1956 5398 Anta-

315 5429 575 5503 pristena
606 5432 806 5506 Mysiae
835 5431 893 5486 in
924 5430 1248 5504 Nicopolim
1277 5430 1533 5489 Thraciae
1564 5435 1825 5488 mutatus
1848 5439 1955 5490 est.

316 5519 687 5591 Hierophilus
718 5524 788 5579 de
816 5521 1188 5594 Trapezopoli
1220 5521 1499 5594 Phrygiae,
1531 5527 1959 5582 transmutatus

2055 4458 2109 4509 et
2139 4459 2538 4526 Opportunum
2573 4460 2805 4527 tempus
2857 4458 3013 4528 quod
3070 4458 3172 4512 diu
3223 4458 3708 4526 desideravimus,

2056 4559 2163 4597 nos
2196 4542 2487 4598 invenisse
2518 4542 3005 4614 gavisi,misimus
3038 4546 3447 4617 apocrisiarios
3480 4553 3710 4605 nostros

2056 4631 2419 4687 voluntatem
2450 4636 2703 4688 vestram
2736 4632 2980 4706 implere
3014 4652 3027 4701 ;
3061 4635 3329 4705 quamvis
3363 4636 3548 4707 pietas
3581 4654 3708 4692 ves-

2057 4725 2150 4775 tra
2179 4723 2496 4791 antequam
2522 4720 2908 4791 advenirent,i
2919 4738 3089 4793 psum
3124 4722 3313 4779 virum
3347 4741 3711 4797 praeoccupa-

2058 4808 2202 4864 verit
2230 4809 2512 4866 violenter
2542 4809 2868 4866 restituere.
2890 4811 3052 4877 Quod
3084 4815 3281 4867 tamen
3311 4819 3367 4869 et
3399 4831 3506 4870 nos
3526 4814 3711 4871 liben-

2058 4901 2148 4953 ter
2177 4897 2518 4970 recipimus.
2551 4898 2622 4953 Et
2652 4899 2920 4970 quamvis
2952 4900 3058 4955 hoc
3086 4900 3335 4957 faciendi
3363 4907 3711 4975 potestatem

2060 4987 2370 5057 habentes,
2403 5004 2516 5043 non
2551 4992 2750 5043 tamen
2783 5004 2851 5044 ex
2884 4993 3171 5060 potestate
3204 4996 3404 5049 nostra
3431 5011 3565 5050 eum
3597 5012 3713 5051 res-

2062 5077 2271 5133 tituere
2302 5076 2597 5145 volumus,
2629 5079 2729 5133 sed
2761 5095 2827 5133 ex
2859 5079 3196 5149 apostolicis
3227 5082 3476 5139 decretis
3521 5088 3577 5139 et
3618 5102 3712 5156 pa-

2064 5167 2246 5222 ternis
2278 5167 2801 5223 constitutionibus
2830 5168 3165 5224 testimonia
3196 5172 3572 5243 proferimus,
3598 5191 3710 5231 non

2064 5256 2223 5327 leges
2257 5255 2519 5311 Ecclesiae
2552 5256 2879 5327 antiquitus
2919 5256 3083 5313 datas
3128 5258 3450 5325 solventes;
3504 5264 3605 5317 sed
3654 5265 3711 5319 in

2068 5344 2282 5416 quibus
2313 5345 2637 5417 gratiarum
2688 5345 2994 5417 diligentia
3043 5346 3565 5407 inconvertibiliter
3611 5353 3709 5409 ob-

2067 5438 2312 5491 servata.
2344 5433 2607 5490 Ecclesiae
2640 5451 2850 5507 corpus
2880 5434 3074 5492 evellit
3103 5453 3168 5493 ac
3202 5438 3468 5511 dissipat,
3503 5441 3574 5496 ad
3610 5441 3713 5497 uti-

2068 5524 2291 5580 litatem
2322 5525 2447 5594 ejus
2498 5524 2697 5581 omnia
2740 5526 3019 5582 reducere
3069 5526 3392 5599 cupientes.
3442 5530 3709 5603 Synodus
