3928 6038
166 153 249 208 57

1432 160 1848 217 DECRETUM.
1882 189 1950 201 —-
1980 161 2374 217 PROLOGUS.
2428 188 2431 195 λ
3538 160 3610 215 58

170 281 347 338 enim
375 281 612 338 Nicena
643 285 902 340 secundo
934 284 1191 357 capitulo
1223 285 1385 354 dicit,
1419 288 1695 358 quoniam
1730 288 1845 345 fre—
1872 291 1927 359 Α
1956 303 2320 361 quaecunque
2351 288 2493 342 sunt
2517 288 2719 343 contra
2745 301 2880 341 eum
2922 286 2981 340 in
3007 284 3283 342 manibus
3322 286 3611 361 principis

174 376 438 444 quenter
466 373 590 429 sive
624 390 693 428 ex
718 376 1085 445 necessitate,
1113 376 1230 431 sive
1251 375 1364 432 alio
1387 376 1647 447 quolibet
1676 379 1849 434 modo

172 462 521 535 transgredi
541 462 833 535 contingit
847 464 1117 519 homines
1131 464 1559 522 ecclesiasticos
1573 483 1847 522 canones.

173 552 245 606 Et
284 569 437 623 papa
466 551 735 607 Gelasius
761 553 919 624 dicit,
945 554 1225 625 quoniam
1260 555 1360 609 ubi
1392 555 1709 612 necessitas
1733 573 1848 611 non

176 646 294 707 est,
338 641 803 697 inconvertibilia
832 648 1107 699 maneant
1131 649 1467 700 sanctorum
1496 645 1735 701 Patrum
1759 647 1848 701 de-

182 735 373 785 creta.
408 732 475 785 Et
506 732 924 789 sanctissimus
951 750 1101 805 papa
1152 735 1262 789 Leo
1298 734 1365 802 ,in
1398 736 1601 789 eodem
1635 735 1847 806 spiritu

180 820 468 892 praecepit
491 821 693 877 dicens
719 839 730 877 :
757 821 864 877 Ubi
891 823 1212 879 necessitas
1237 841 1348 879 non
1376 823 1655 893 est,nullo
1677 824 1850 879 modo

177 908 487 965 violentur
521 916 860 966 sanctorum
890 912 1128 966 Patrum
1155 916 1395 969 statuta.
1424 913 1532 968 Ubi
1584 930 1715 969 vero
1747 929 1849 968 ne-

180 1000 437 1053 cessitas
468 1000 665 1066 fuerit,
699 1001 768 1055 ad
805 1000 1121 1057 utilitatem
1158 1002 1424 1057 Ecclesia;
1459 1003 1559 1075 qui
1596 1006 1847 1075 potesta-

178 1093 307 1143 tem
333 1088 604 1158 habet,ea
625 1090 946 1161 dispenset.
973 1091 1051 1145 Ex
1072 1092 1420 1147 necessitate
1441 1091 1599 1147 enim
1626 1092 1689 1146 lit
1719 1108 1848 1146 mu-

183 1177 337 1232 tatio
370 1177 538 1248 legis.
592 1179 660 1234 Et
712 1178 867 1234 Felix
914 1196 1102 1251 papa:
1158 1180 1551 1253 Contemplari
1602 1184 1850 1253 oportet,

183 1275 346 1346 quod
380 1276 481 1330 ubi
512 1276 767 1331 occurrit
797 1278 1141 1344 necessitas,
1193 1295 1346 1350 saepe
1400 1278 1853 1335 constitutiones

184 1365 432 1420 Patrum
467 1366 959 1437 transgredimur.
991 1368 1060 1423 Et
1082 1367 1562 1441 Carthaginensis
1593 1370 1851 1440 synodus

187 1470 343 1508 xxxv
373 1455 630 1525 capitulo
648 1456 792 1511 dicit
818 1472 830 1509 :
855 1458 1233 1528 Praecipimus
1257 1461 1321 1512 ut
1342 1456 1537 1512 clerici
1568 1473 1773 1512 rursus
1791 1457 1849 1511 in

191 1542 515 1599 Ecclesium
549 1545 930 1616 recipiantur,
956 1546 1227 1618 quamvis
1251 1546 1507 1619 primum
1540 1548 1597 1601 in
1629 1548 1851 1618 synodo

193 1632 453 1703 depositi
513 1633 753 1734 fuerint.
814 1635 1087 1708 Synodus
1146 1635 1320 1736 etiam
1368 1636 1653 1736 synodum
1683 1635 1933 1736 solvitB

204 1727 449 1793 propter
466 1722 754 1779 unitatem
783 1730 838 1779 et
857 1741 1056 1796 pacem
1081 1724 1369 1780 Ecclesiae.
1392 1726 1461 1780 Et
1482 1725 1856 1781 Innocentius

196 1827 348 1882 papa
370 1812 574 1882 quinto
593 1812 848 1884 capitulo
862 1814 1004 1869 dicit
1024 1813 1155 1878 :Qui
1172 1814 1420 1886 promoti
1434 1818 1619 1870 sunta
1632 1814 1855 1869 Bonoso

201 1898 868 1973 haretico,recipiantur
890 1903 1203 1968 iterum,ne
1225 1903 1506 1960 scandala
1524 1903 1581 1957 in
1601 1903 1857 1958 Ecclesia

198 1988 516 2058 pullulent.
559 1990 683 2046 Non
724 1990 913 2046 solum
961 1996 1155 2047 autem
1209 2009 1312 2063 pro
1346 1993 1548 2048 haeresi
1572 1992 1853 2063 depositis

197 2077 526 2150 apostolica
573 2080 744 2136 sedes
793 2080 913 2135 haec
963 2082 1090 2152 paci
1141 2080 1549 2136 ecclesiasticis
1587 2081 1850 2145 studens,

205 2166 486 2237 adjutorii
519 2184 761 2223 manum
786 2170 1039 2240 porrexit
1064 2186 1075 2225 ε
1106 2170 1205 2225 sed
1229 2175 1285 2225 et
1306 2170 1645 2225 orthodoxis
1668 2186 1855 2225 sacer-

196 2256 440 2311 dotibus
462 2260 519 2312 et
550 2257 901 2327 patriarchis
932 2260 1001 2313 ad
1022 2275 1151 2314 eam
1179 2259 1855 2330 confugientibus,sicut

195 2351 251 2401 et
283 2362 443 2399 nunc
472 2346 673 2401 Photio
707 2347 875 2417 fecit,
914 2348 1130 2403 usitata
1164 2349 1539 2405 miseratione
1560 2348 1851 2404 subvenit.

196 2444 399 2499 Nostis
429 2444 586 2499 enim
619 2446 775 2516 quod
802 2461 1082 2517 magnum
1106 2446 1493 2503 Athanasium
1517 2447 1855 2502 Alexandri-

199 2550 345 2587 num
380 2533 745 2606 episcopum,
776 2540 834 2590 et
864 2534 1165 2608 Cyrillum,
1201 2541 1257 2591 et
1288 2537 1690 2608 Polycronium
1728 2537 1857 2591 Hie-

199 2620 676 2693 rosolymitanos,
709 2627 766 2677 et
820 2627 1129 2694 Joannem,
1184 2642 1307 2695 quae
1364 2625 1620 2680 charitas
1664 2629 1856 2680 vestra

201 2709 691 2781 Chrysostomum
714 2718 898 2781 vocat,
924 2718 981 2768 et
1003 2713 1407 2780 Flavianum,a
1424 2715 1646 2786 synodo
1673 2715 1853 2785 depo-

205 2798 352 2853 sitos
381 2799 703 2869 apostolica
734 2801 903 2857 sedes
935 2802 990 2856 in
1020 2802 1335 2872 pristinum
1369 2803 1651 2859 honorem
1686 2804 1853 2859 resti-

209 2887 337 2942 tuit.
373 2888 433 2942 Si
466 2887 648 2959 igitur
674 2891 772 2959 qui
803 2906 835 2943 a
868 2890 1191 2946 Donatistis
1222 2897 1277 2947 et
1316 2892 1539 2947 Bonoso
1577 2891 1852 2958 ordinati,

202 2982 259 3031 et
290 2993 323 3030 a
351 2975 660 3035 liminibus
694 2978 1023 3034 orthodoxae
1043 2980 1315 3035 Ecclesia)
1346 2999 1379 3036 a
1401 2982 1621 3052 synodo
1654 2981 1850 3052 plena-

205 3065 293 3119 ria
326 3068 702 3136 sequestrati,
738 3067 809 3122 ab
862 3068 975 3123 alia
1024 3070 1246 3140 synodo
1298 3048 1680 3140 recipiuntur,
1714 3075 1771 3125 et
1802 3070 1860 3124 in
1891 3048 1936 3112 δ

204 3154 467 3225 catalogo
498 3156 871 3211 sacerdotum
903 3156 1218 3225 habentur,
1245 3174 1316 3213 ne
1336 3158 1593 3214 Ecclesia
1613 3159 1866 3213 diminu-

202 3242 421 3297 tionem
456 3243 542 3299 vel
575 3244 918 3300 divisionem
953 3247 1216 3317 patiatur
1248 3265 1261 3315 ;
1297 3252 1519 3319 quanto
1552 3248 1740 3319 magis
1772 3266 1862 3303 or-

209 3330 480 3386 thodoxa:
502 3332 635 3387 ﬁdei
657 3333 834 3400 viros,
855 3339 912 3389 et
942 3334 1335 3391 immaculata
1355 3337 1482 3391 vita:
1503 3354 1617 3391 non
1638 3341 1866 3408 oportet

204 3424 606 3489 contemnere,
639 3423 740 3478 sed
775 3424 845 3477 ad
876 3423 1191 3495 pristinum
1226 3425 1510 3481 honorem
1547 3429 1866 3481 revocare?

205 3519 373 3574 Sicut
404 3520 558 3575 enim
595 3520 913 3591 apostolica
945 3524 1112 3578 sedes
1146 3523 1289 3590 haec,
1333 3524 1513 3579 semel
1572 3525 1864 3596 accipiens

209 3608 401 3664 claves
436 3624 679 3680 regnum
694 3609 1038 3679 caalorum,a
1060 3613 1250 3683 primo
1269 3616 1324 3667 et
1347 3629 1559 3684 magno
1591 3613 1867 3684 pontiﬁce

207 3699 347 3751 Jesu
380 3713 482 3767 per
508 3698 832 3769 principem
857 3700 1253 3770 apostolorum
1280 3701 1774 3770 Petrum,dicente
1792 3702 1863 3756 ad

210 3806 343 3845 eum
376 3808 387 3845 :
429 3791 548 3845 Tibi
575 3793 713 3847 dabo
745 3794 923 3848 claves
954 3795 1110 3865 regni
1140 3796 1402 3851 malorum
1428 3815 1441 3863 ;
1493 3799 1543 3851 et
1574 3797 1864 3867 quodcun-

212 3896 313 3950 que
348 3881 601 3950 ligaveris
644 3898 813 3953 super
840 3884 1067 3953 terram,
1101 3886 1209 3940 erit
1241 3886 1476 3954 ligatum
1506 3889 1555 3939 et
1586 3886 1645 3939 in
1676 3886 1862 3940 oculis:

208 3973 263 4024 ει
292 3970 651 4041 quodcunque
678 3972 905 4027 solveris
935 3988 1105 4044 super
1155 3978 1383 4044 terram,
1418 3976 1525 4028 erit
1551 3974 1787 4029 solutum
1817 3978 1867 4028 et

210 4060 269 4113 in
294 4059 437 4114 aclis
464 4059 680 4129 (Matth.
714 4061 874 4132 xvm)
902 4079 914 4128 ;
950 4061 1123 4118 habet
1155 4067 1501 4135 potestatem
1528 4062 1869 4119 universali-

210 4151 301 4202 ter
330 4146 551 4218 ligandi
579 4152 635 4202 et
656 4146 1005 4217 solvendi,ct
1028 4152 1351 4206 secundum
1376 4150 1870 4219 Jeremiam,evel-

210 4235 365 4291 lendi
400 4240 457 4291 et
491 4237 793 4308 plantandi
822 4238 955 4309 (Jer.
1018 4240 1076 4312 ι).
1130 4240 1198 4296 Et
1252 4246 1488 4313 propter
1534 4239 1643 4296 hoc
1674 4244 1731 4295 et
1762 4257 1868 4296 nos

209 4325 479 4395 ejusdem
534 4329 826 4397 potestate
910 4327 1197 4400 principis
1260 4330 1655 4402 apostolorum
1715 4329 1867 4385 Petri

1959 378 2357 449 apostolorum
2390 376 2667 447 ponimus
2697 393 2709 430 :
2743 380 2799 430 et
2819 390 2922 447 per
2942 390 3078 429 eum
3100 374 3157 430 in
3181 374 3445 432 humeris
3465 377 3605 434 Jesu

1958 466 2171 521 Christi
2203 466 2337 537 agni
2364 466 2483 531 Dei,
2516 466 2613 535 qui
2638 464 2787 520 tollit
2808 468 3037 535 peccata
3066 464 3265 520 mundi
3294 465 3479 537 (Joan.
3505 467 3605 538 1).»

1960 558 2133 611 Item:
2161 578 2187 604 ‹‹
2214 554 2403 609 Ethoc
2419 554 2766 609 conﬁrmare
2783 569 2883 608 vos
2909 552 3283 621 volumus,ut
3306 558 3439 625 post
3462 570 3609 610 mor«

1958 646 2075 699 tem
2110 642 2299 698 Photii
2331 641 2525 697 fratris
2557 642 2764 710 nostri,
2790 640 2990 697 nullus
3014 657 3083 697 ex
3130 641 3397 713 Iignitate
3439 659 3607 699 mun-

1960 734 2113 788 dana
2172 734 2241 788 ad
2301 732 2691 803 pontificalem
2747 729 3027 785 honorem
3060 732 3378 801 ascendat;
3407 733 3508 787 sed
3540 750 3608 787 ex

1959 820 2315 893 presbyteris
2338 819 2735 875 cardinalibus
2773 820 3035 889 ejusdem
3080 820 3373 890 Ecclesiae,
3417 820 3506 876 vel
3540 838 3607 877 ex

1960 910 2328 979 diaconibus,
2363 916 2457 964 aut
2491 926 2557 964 ex
2612 908 2742 963 aliis
2774 908 3200 977 sacerdotibus,
3234 911 3334 980 qui
3368 910 3479 966 sub
3510 915 3609 965 Ec-

1960 999 2138 1055 clesia
2159 998 2809 1069 Constantinopolitana
2830 998 3183 1053 consistunt.
3219 1020 3246 1048 ››
3277 1003 3453 1055 Item:
3486 1022 3511 1049 ‹‹
3539 1000 3607 1054 Et

1960 1088 2236 1160 quoniam
2271 1105 2377 1144 nos
2409 1104 2510 1159 pro
2552 1103 2691 1159 pace
2730 1086 2998 1142 Ecclesiae
3038 1085 3297 1146 solliciti.
3329 1086 3605 1143 Photium

1960 1178 2203 1233 fratrem
2238 1182 2501 1232 nostrum
2554 1178 2601 1230 ϐ
2650 1174 2989 1246 recipimus,
3025 1174 3179 1230 sicut
3227 1179 3285 1230 et
3312 1176 3607 1232 Adrianus

1961 1283 2111 1339 papa
2128 1266 2476 1322 Tharasium
2490 1264 2633 1333 ,null
2648 1282 2713 1319 us
2730 1281 2856 1320 com
2868 1265 3391 1335 putetcanonicum
3407 1281 3603 1321 usum.

1962 1364 2273 1436 Privilegia
2297 1364 2453 1419 enim
2481 1379 2803 1435 paucorum
2849 1378 3223 1418 communem
3266 1362 3455 1434 legem
3487 1380 3604 1419 non

1960 1454 2199 1510 faciunt.
2232 1454 2290 1509 Si
2325 1453 2459 1525 quis
2489 1470 2622 1509 vero
2654 1451 2768 1509 tale
2819 1452 2958 1523 quid
3004 1452 3215 1509 amodo
3246 1452 3433 1508 facere
3463 1469 3607 1525 prae-

1961 1544 2303 1616 sumpserit,
2329 1544 2456 1599 sine
2487 1542 2657 1598 venia
2687 1542 2816 1597 erit.
2851 1564 2878 1591 »
2911 1543 2994 1597 Ita
3024 1558 3258 1613 quoque
3290 1559 3421 1597 cum
3455 1546 3611 1598 esset

1960 1635 2222 1706 antiquis
2244 1632 2462 1701 regulis
2492 1632 2870 1704 prmﬁnitum,
2908 1636 2970 1687 ut
3000 1629 3200 1686 nullus
3232 1631 3333 1702 qui
3364 1634 3519 1687 esset
3548 1632 3607 1685 in

1966 1722 2140 1793 clero,
2164 1725 2569 1777 extranearum
2602 1719 2961 1776 consortium
2986 1718 3230 1775 haberet
3256 1718 3566 1775 mulierum
3592 1736 3605 1774 :

1966 1821 2066 1875 sed
2098 1836 2298 1875 earum
2320 1823 2552 1874 tantum
2568 1835 2694 1890 qua:
2717 1833 2953 1873 omnem
2986 1816 3381 1888 suspicionem
3412 1815 3608 1872 exclu-

1965 1911 2191 1977 derent,
2226 1910 2431 1964 beatus
2485 1925 2636 1980 papa
2686 1906 3000 1979 Gregorius
3058 1907 3215 1961 hunc
3254 1906 3507 1978 rigorem
3530 1906 3611 1962 ita

1964 1998 2322 2054 modiﬁcavit
2352 1996 2579 2052 clericis
2600 1995 2947 2069 Anglorum,
2982 2000 3044 2050 ut
3072 1995 3122 2051 si
3153 1994 3249 2066 qui
3282 1999 3482 2051 essent
3511 2011 3609 2051 ex-

1962 2093 2053 2143 tra
2082 2104 2279 2143 sacros
2310 2087 2547 2142 ordines
2572 2084 2904 2156 constituti,
2937 2084 3038 2157 qui
3069 2100 3132 2141 se
3160 2084 3461 2140 continere
3492 2101 3609 2140 non

1965 2183 2228 2249 possent,
2262 2193 2470 2232 uxores
2500 2174 2873 2245 sortirentur,
2906 2178 2962 2229 et
2992 2172 3285 2245 stipendia
3314 2190 3423 2229 sua
3469 2172 3611 2229 foris

1963 2267 2313 2338 acciperent,
2331 2262 2951 2335 intelligensleviorem
2965 2278 3095 2317 esse
3112 2278 3339 2332 casum,
3363 2263 3412 2317 si
3437 2278 3580 2317 ruen
3596 2292 3612 2302 ι

1965 2362 2053 2413 tes
2083 2354 2379 2427 conjugali
2426 2353 2659 2409 vinculo
2713 2352 3140 2423 exciperentur,
3174 2367 3353 2422 quam
3388 2351 3438 2406 si
3465 2366 3610 2422 vago

1963 2444 2273 2502 concubitu
2308 2442 2697 2497 interminata:
2734 2440 2999 2496 libidinis
3023 2440 3298 2512 voragine
3334 2440 3607 2496 absorbe-

1962 2537 2187 2589 rentur.
2206 2531 2298 2586 Sic
2315 2529 2442 2585 aliae
2464 2528 2933 2600 dispensationes
2947 2527 3171 2583 salubri
3194 2528 3610 2584 deliberatione

1963 2623 2258 2693 admissis,
2282 2624 2547 2677 cessante
2580 2618 2946 2685 necessitate,
2981 2617 3197 2673 debent
3225 2620 3281 2672 et
3312 2617 3455 2688 ipsa:
3486 2634 3611 2673 ces-

1964 2728 2093 2770 sare
2118 2753 2131 2779 ,
2156 2728 2260 2767 nec
2290 2715 2379 2767 est
2407 2726 2508 2782 pro
2540 2709 2662 2780 lege
2694 2708 3033 2764 habendum
3066 2707 3221 2778 quod
3253 2711 3355 2761 aut
3384 2705 3610 2762 utilitas

1966 2802 2175 2870 suasit,
2210 2804 2310 2857 aut
2340 2798 2658 2855 necessitas
2694 2796 3023 2869 imperavit.
3086 2795 3250 2851 Unde
3308 2795 3525 2868 legitur
3555 2795 3615 2851 in

1965 2890 2216 2965 epistola
2259 2889 2411 2945 beati
2468 2904 2630 2960 papae
2691 2887 2901 2943 Leonis
2934 2886 3006 2941 ad
3037 2885 3343 2957 episcOpos
3375 2884 3574 2941 Africis
3603 2904 3618 2954 ;

1972 3005 1999 3033 ‹‹
2034 2982 2334 3052 Superest,
2369 2977 2601 3047 fratres,
2633 2980 2699 3031 ut
2728 2974 3095 3032 concorditer
3123 2973 3390 3030 salubres
3431 2973 3618 3029 susci-

1973 3070 2147 3143 piatis
2171 3068 2435 3124 hortatus
2461 3087 2474 3135 ;
2509 3069 2567 3121 et
2596 3064 2743 3120 nihil
2775 3081 2878 3135 per
2908 3063 3339 3119 contentionem
3359 3066 3616 3133 agentes,

1972 3160 2073 3217 sed
2108 3159 2179 3214 ad
2211 3173 2383 3214 omne
2414 3156 2679 3211 studium
2710 3152 3034 3209 devotionis
3068 3152 3377 3207 unanimes
3401 3150 3618 3207 divinis

1973 3256 2032 3308 et
2062 3247 2399 3322 apostolicis
2429 3245 2957 3303 constitutionibus
2980 3243 3238 3316 parcatis
3262 3259 3274 3298 :
3300 3246 3358 3298 et
3380 3242 3435 3297 in
3460 3241 3619 3297 nullo

1974 3338 2282 3412 patiamini
2309 3335 3123 3409 providentissimacanonum
3150 3329 3617 3387 decretaviolari.

1977 3441 2111 3504 Quae
2133 3436 2289 3493 enim
2313 3435 2597 3491 hactenus
2619 3436 2913 3488 certarum
2931 3428 3272 3486 remisimus
3294 3428 3623 3484 considera-

1973 3528 2132 3583 tione
2154 3521 2762 3593 causarum,antiquis
2784 3521 3059 3591 deinceps
3077 3517 3464 3574 custodienda
3485 3522 3623 3572 sunt

1975 3615 2215 3688 regulis,
2260 3630 2331 3669 ne
2364 3613 2517 3685 quod
2550 3612 2620 3666 ad
2654 3614 2888 3681 tempus
2936 3608 3032 3680 pia
3064 3606 3303 3663 lenitate
3327 3606 3624 3662 concessi-

1976 3723 2131 3771 mus,
2155 3705 2319 3775 justa
2347 3706 2481 3774 post
2507 3700 2728 3755 ultione
2758 3697 3227 3770 plectamus.Neo
3250 3698 3480 3751 tantum
3512 3694 3624 3750 hoc

1977 3796 2032 3851 in
2066 3791 2476 3850 ecclesiasticis
2505 3789 2936 3846 observandum
2968 3790 3057 3842 est
3076 3785 3423 3857 regulis,sed
3447 3784 3623 3840 etiam

1978 3886 2036 3940 in
2070 3884 2217 3956 ipsis
2250 3881 2495 3953 legibus.
2529 3879 2609 3935 De
2639 3876 2989 3935 venerandis
3013 3875 3240 3948 legibus
3262 3872 3478 3946 legitur
3509 3874 3623 3929 Ro-

1978 3974 2192 4030 manis.
2218 3972 2619 4041 Quodcunque
2650 3969 2969 4039 imperator
2998 3981 3099 4037 per
3120 3962 3431 4034 epistolam
3454 3978 3623 4016 cons-

1975 4063 2156 4133 tituit,
2188 4060 2276 4117 vel
2300 4073 2659 4132 cognoscens
2690 4055 2965 4123 decrevit,
2987 4056 3075 4108 vel
3110 4051 3298 4106 edicto
3322 4049 3615 4122 praecepit,

1975 4153 2165 4225 legem
2197 4166 2325 4207 esse
2346 4146 2699 4205 constat.Haa
2721 4148 3015 4214 sunt,quas
3037 4137 3490 4195 constitutiones
3519 4153 3624 4208 ap-

1977 4242 2293 4315 pellantur.
2328 4238 2505 4294 Plane
2526 4253 2595 4294 ex
2624 4235 2717 4290 his
2741 4233 3007 4306 quazdam
3030 4232 3173 4285 sunt
3200 4244 3326 4299 qua:
3350 4242 3627 4299 persona-

1978 4334 2063 4388 les
2094 4329 2485 4403 appellantur,
2519 4342 2647 4399 quae
2678 4340 2782 4380 nec
2814 4321 2884 4379 ad
2917 4318 3254 4391 exemplum
3282 4315 3625 4384 trahuntur,

210 4416 615 4480 utentes,cum
631 4415 791 4470 omni
813 4416 1070 4473 Ecclesia
1093 4424 1295 4473 nostra
1311 4419 1863 4488 mandamusvobis,
1893 4423 1945 4486 D
1975 4429 2254 4502 quoniam
2289 4443 2393 4483 nec
2425 4426 2534 4479 hoc
2568 4424 2839 4495 princeps
2887 4418 3034 4473 vult.
3085 4416 3232 4471 Nam
3263 4413 3415 4486 quod
3448 4412 3628 4502 alicui

210 4508 264 4559 et
295 4503 693 4559 sanctissimis
724 4505 1006 4560 fratribus
1023 4507 1240 4562 nostris
1260 4508 1868 4578 patriarchisAlcxan-

212 4593 724 4661 dria3,Anliochia3,
751 4598 817 4649 et
839 4593 1699 4667 Hierosolymorum,etca3teris
1720 4599 1872 4671 epis-

214 4682 397 4753 copis,
421 4687 477 4738 et
506 4683 668 4737 omni
702 4683 1063 4755 plenitudini
1087 4685 1740 4758 ConstantinOpolitanze
1766 4688 1869 4743 Ec-

214 4770 420 4842 clesiae,
445 4772 774 4827 secundum
806 4773 1153 4844 petitionem
1177 4780 1432 4830 vestram
1465 4775 1740 4830 Photium
1770 4793 1868 4845 pa-

212 4860 527 4915 triarcham
554 4861 790 4916 fratrem
814 4866 869 4917 et
891 4864 1369 4918 consacerdotem
1394 4868 1657 4919 nostrum
1682 4880 1786 4919 nos
1807 4864 1868 4919 in

214 4950 691 5005 communionem
710 4949 1211 5022 reciperealtem:
1232 4975 1259 5002 «
1294 4952 1553 5025 Recipite
1586 4970 1717 5008 eum
1733 4954 1860 5010 sine

210 5038 615 5107 excusatione;
637 5038 836 5095 nullus
860 5045 1097 5097 excuset
1119 5059 1219 5114 pro
1243 5041 1483 5114 synodis
1506 5047 1707 5097 contra
1729 5058 1864 5097 eum

210 5127 694 5200 peractis,nullus
719 5133 1056 5185 sanctorum
1082 5132 1574 5203 praedecessorum
1600 5147 1861 5187 meorum

211 5218 432 5275 Nicolai
465 5224 522 5275 et
548 5219 789 5275 Adriani
820 5221 1138 5277 sententias
1176 5226 1379 5279 contra
1408 5239 1541 5279 eum
1565 5227 1860 5280 causatur.

214 5318 435 5391 Deipso
472 5320 632 5376 enim
664 5321 1112 5393 subreptumest
1131 5322 1269 5391 illis,
1296 5323 1862 5379 nulluscontraeum

215 5408 679 5480 subscriptiones
701 5414 925 5466 vestras
967 5411 1332 5468 occasionem
1367 5412 1704 5469 schismatis
1754 5412 1861 5469 ha-

215 5497 382 5553 beat:
416 5499 616 5555 omnia
646 5498 800 5555 enim
849 5503 914 5555 ut
961 5499 1175 5557 infecta
1222 5505 1279 5558 et
1308 5502 1473 5559 irrita
1504 5502 1774 5574 facimus,
1807 5505 1863 5558 et

1981 4522 2053 4575 ob
2087 4518 2295 4573 merita
2325 4513 2591 4578 indulsit,
2624 4510 2711 4565 vel
2772 4508 2821 4563 si
2879 4507 2972 4561 cui
3032 4519 3262 4578 pmnam
3322 4501 3623 4574 irrogavit,

1979 4608 2070 4665 vel
2101 4608 2149 4663 si
2174 4607 2265 4662 cui
2297 4605 2421 4661 sine
2450 4599 2783 4671 exemplum
2836 4595 3130 4659 subvenit,
3164 4608 3474 4664 personam
3506 4608 3623 4646 non

1981 4696 2433 4769 transgreditur.
2469 4692 2784 4746 Possumus
2817 4687 2887 4741 de
2935 4680 3278 4754 hujusmodi
3334 4680 3624 4769 plurimas

1978 4767 2258 4853 rationes,
2291 4780 2548 4855 plurima
2576 4775 2843 4848 exempla
2893 4773 3184 4845 colligere,
3217 4769 3319 4826 sed
3350 4767 3626 4841 prudenti

1976 4876 2201 4942 lectori,
2235 4878 2290 4929 et
2317 4872 2369 4927 ei
2402 4868 2503 4942 qui
2535 4866 2696 4924 novit
2726 4866 2796 4921 de
2820 4864 3022 4936 paucis
3045 4859 3301 4934 plurima
3329 4857 3626 4930 intellige-

1978 4983 2059 5033 re,
2092 4964 2306 5019 debent
2360 4957 2639 5032 praedicta
2694 4955 2987 5011 sufficere.
3046 4951 3203 5015 Quod
3264 4954 3460 5004 tamen
3493 4948 3621 5018 jam

1977 5055 2338 5119 monuimus,
2398 5049 2605 5104 iterum
2653 5059 2979 5113 monemus,
3015 5046 3076 5096 ut
3106 5039 3156 5095 si
3189 5038 3321 5111 quis
3353 5036 3508 5109 quod
3542 5035 3623 5091 le-

1974 5143 2123 5217 gerit
2152 5143 2220 5197 de
2257 5136 2667 5195 sanctionibus
2718 5133 2840 5189 sive
2869 5126 3409 5202 dispensationibus
3438 5124 3625 5217 eccle-

1974 5214 2251 5302 siasticis,
2284 5229 2355 5285 ad
2396 5227 2766 5294 charitatem,
2800 5238 2931 5294 quae
2980 5225 3069 5277 est
3118 5216 3419 5291 plenitudo
3451 5214 3619 5285 legis,

1975 5323 2210 5389 referat,
2233 5335 2348 5374 non
2375 5316 2739 5381 errabit,non
2768 5309 3055 5384 peccabit;
3081 5311 3136 5365 et
3166 5305 3400 5378 quando
3420 5302 3619 5373 aliqua

1973 5410 2257 5487 probabili
2279 5409 2503 5465 ratione
2516 5423 2549 5461 a
2570 5420 2803 5461 summo
2817 5403 3006 5474 rigore
3019 5390 3619 5487 declinabit,charitas

1972 5479 2273 5560 excusabit
2300 5518 2315 5569 ;
2340 5498 2388 5556 si
2424 5502 2619 5554 tamen
2647 5491 2795 5548 nihil
2818 5495 3020 5547 contra
3037 5480 3436 5557 Evangelium,
3469 5479 3617 5537 nihil
