3916 6034
313 172 388 229 59
1399 168 1467 219 D.
1511 164 1753 219 IVONIS
1787 162 2292 220 CARNOTENSIS
2327 156 2655 243 EPISOOPI

3664 145 3743 202 60

314 298 514 351 contra
540 290 839 365 apostolos
870 288 1320 361 usurpaverit.8i
1342 303 1467 359 quae
1492 301 1627 340 vero
1648 285 1950 341 sententia:
1979 285 2035 352 Α
2064 284 2332 349 tilatione
2357 279 2754 337 multandum.
2786 280 2952 332 Hane
2974 275 3132 331 enim
3151 272 3442 330 rationem
3475 270 3737 328 Romani

312 385 384 438 de
417 382 752 438 forensibus
782 380 1015 452 legibus
1052 379 1285 433 inserta:
1317 380 1475 442 sunt,
1507 391 1631 446 qua:
1656 374 1951 444 judicium

312 470 629 543 sanguinis
662 469 1019 535 contineant,
1054 484 1167 522 non
1200 466 1272 520 ad
1305 466 1412 519 hoc
1446 463 1675 517 insertae
1710 467 1869 527 sunt,
1894 466 1960 516 ut

317 560 755 616 ecclesiasticus
777 558 959 628 judex
991 573 1093 626 per
1139 572 1238 609 eas
1275 553 1532 623 aliquem
1582 551 1789 606 debeat
1818 567 1955 606 con-

313 651 630 717 demnare;
665 648 767 703 sed
796 652 859 701 ut
890 662 957 700 ex
986 644 1070 699 eis
1111 642 1497 698 assertionem
1540 640 1958 695 canonicorum

313 740 493 795 faciat
522 739 908 792 decretorum.
936 733 1078 788 Hinc
1104 732 1415 787 attendens
1437 734 1657 800 quanta
1679 730 1963 796 paeniten-

316 826 396 882 tia
426 826 788 898 puniendum
822 822 901 877 sit
932 822 1157 876 facinus
1190 820 1332 875 illud
1362 819 1450 875 vel
1482 818 1959 891 ﬂagitium,quod

307 915 577 985 judicent
596 914 831 987 judices
856 910 1273 980 saeculi,morte
1292 908 1380 964 vel
1406 908 1803 964 membrorum
1830 923 1963 961 mu-

2063 372 2370 444 pontiﬁces
2389 371 2448 425 in
2462 369 2790 425 assertione
2803 367 3171 422 decretorum
3197 379 3438 419 suorum
3462 363 3738 433 frequen-

2066 466 2157 517 ter
2176 462 2577 530 interponunt.
2608 456 2842 524 Nam,si
2866 454 2975 509 hoc
3001 454 3158 525 leges
3181 450 3381 507 seculi
3407 450 3738 517 continent,

2069 554 2287 622 quanto
2334 548 2521 619 magis
2554 544 2850 601 divinae?-
2910 548 3040 597 Haec
3090 541 3401 597 hactenus.
3442 540 3737 611 Deinceps

2070 638 2442 709 singularum
2468 636 2721 709 partium
2746 632 2950 689 titulos
2978 630 3159 687 totius
3197 628 3514 685 voluminis
3539 628 3730 683 inten-

2069 729 2289 783 tionem
2329 725 2699 782 continentes
2722 722 2971 779 breviter
2992 720 3480 793 perstringemus,
3503 722 3568 773 ut
3588 717 3730 771 hinc

2073 818 2334 890 prudens
2367 814 2551 870 lector
2579 815 2862 877 advertat,
2893 811 3031 882 quid
3064 809 3123 864 in
3154 824 3510 881 unaquaque
3563 811 3731 879 parte

2075 904 2192 961 sibi
2228 902 2624 960 necessarium
2658 916 2917 973 quaarere
2946 900 3173 955 debeat.

1492 1260 1860 1360 DIVI
1953 1255 2541 1362 “70le

1580 1492 2079 1551 CARNOTENSIS
2133 1491 2445 1548 EPISCOPI

1124 1676 1787 1772 DECRETI
1916 1673 2285 1769 PARS
2417 1671 2902 1765 PRIMA

307 1888 395 1946 De
422 1884 545 1945 ﬁde
576 1888 640 1945 et
666 1886 1061 1943 sacramento
1094 1882 1263 1956 ﬁdei,
1296 1882 1357 1943 id
1390 1889 1483 1944 est
1506 1882 1911 1963 baptismate,
1944 1885 2006 1941 et
2028 1878 2373 1940 ministerio
2403 1876 2926 1957 baptizandorum
2969 1880 3033 1936 et
3071 1874 3536 1955 baptizatorum
3576 1891 3730 1934 con-

391 1982 846 2062 signandorum
877 1987 938 2042 et
964 1981 1474 2061 consignatorum
1505 2000 1519 2053 ;
1551 1987 1614 2043 et
1671 1980 1747 2042 de
1805 1978 2242 2041 observatione
2299 1976 2715 2056 singulorum.
2768 1978 2845 2037 Et
2875 1974 3028 2055 quid
3068 1973 3352 2035 conferat
3376 1970 3729 2053 baptisma,

389 2082 542 2160 quid
575 2080 995 2141 conﬁrmatio.

1815 2229 1871 2238 α.-

1880 2228 2221 2238 —————

312 2358 351 2413 ’1
388 2358 522 2435 Car.
557 2358 607 2413 1.
642 2387 710 2397 -—
738 2355 995 2435 Quaedam
1020 2358 1079 2413 in
1126 2357 1449 2435 Scripturisg
1480 2358 1688 2411 sancti:
1734 2358 1814 2435 sic
1841 2372 1952 2435 esse
1983 2356 2032 2421 B
2064 2355 2309 2412 cendam
2354 2366 2670 2435 moresque
2712 2348 3065 2422 pertineant,
3121 2348 3226 2403 hoc
3275 2363 3424 2419 opus
3470 2349 3627 2418 quod
3662 2347 3724 2403 in

373 2430 581 2500 posita,
614 2437 675 2484 ut
732 2430 1015 2484 mirentur
1065 2436 1117 2484 et
1168 2428 1564 2500 crederentur;
1601 2428 1848 2499 quaedam
1874 2431 1955 2484 sic

381 2503 553 2569 iussa,
586 2508 646 2555 ut
675 2501 1097 2555 observarentur
1116 2517 1135 2560 ;
1166 2500 1415 2571 quaedam
1443 2499 1743 2571 prohibita,
1768 2517 1837 2556 ne
1855 2502 1954 2571 ﬁe-

376 2580 515 2627 rent.
552 2572 623 2626 De
652 2572 868 2644 speculo
899 2572 1215 2643 Augustini.

380 2714 521 2781 Quis
542 2714 772 2785 ignorat
792 2713 851 2769 in
874 2714 1194 2785 Scripturis
1214 2713 1522 2783 sanctis,id
1545 2717 1635 2769 est
1656 2711 1957 2785 legitimis,

313 2802 697 2874 propheticis,
728 2801 1079 2873 evangelicis
1116 2806 1173 2857 et
1222 2801 1582 2873 apostolicis,
1615 2801 1961 2857 auctoritate

311 2890 592 2946 canonica
618 2890 897 2961 praeditis,
922 2890 1189 2960 quaedam
1224 2890 1308 2945 sic
1338 2906 1468 2945 esse
1500 2890 1710 2961 posita,
1738 2895 1801 2945 ut
1832 2894 1961 2945 tan-

309 2983 437 3034 tum
466 2978 757 3035 scirentur
782 2983 839 3033 et
862 2979 1236 3033 crederentur
1260 2995 1272 3033 :
1310 2981 1374 3032 ut
1404 2982 1514 3045 est,
1547 2979 1701 3049 quod
1725 2979 1784 3033 in
1799 2980 1963 3050 prin-

308 3070 455 3139 cipio
490 3069 619 3139 fecit
654 3068 795 3123 Deus
833 3066 1036 3123 caelum
1066 3070 1118 3123 et
1150 3066 1681 3139 terram(Gen.l);et
1703 3070 1881 3138 quod,
1906 3070 1967 3123 in

305 3158 584 3229 principio
622 3166 744 3213 erat
787 3156 1011 3212 verbum
1064 3156 1302 3227 (Jama);
1336 3161 1394 3211 et
1428 3172 1795 3228 quaecunque
1850 3157 1967 3212 fac-

308 3252 370 3303 ta
413 3245 611 3302 divina
658 3245 745 3302 vel
788 3245 1052 3301 humana
1104 3245 1512 3301 tantummodo
1562 3247 1971 3318 cognoscenda

316 3339 653 3391 narrantur.
690 3333 963 3396 Quaedam
994 3348 1127 3387 vero
1167 3332 1249 3387 sic
1292 3348 1419 3387 esse
1436 3332 1643 3403 ljussa,
1677 3338 1741 3388 ut
1771 3334 1969 3390 obser-

317 3428 615 3492 varentur,
649 3421 946 3493 prohibita
970 3437 1041 3475 ne
1073 3420 1300 3476 ﬁerent.
1343 3420 1416 3475 Ut
1446 3425 1535 3477 est
1565 3438 1577 3476 :
1614 3424 1833 3479 Honora
1862 3439 1970 3495 pa-

317 3516 459 3567 trem
487 3515 539 3565 et
567 3518 841 3565 matrem:
898 3514 993 3565 et:
1052 3510 1170 3564 Non
1225 3508 1583 3565 mwchaberz‘s
1626 3511 1819 3583 (Exod.
1854 3529 1967 3580 xx;

325 3599 519 3672 Ephes.
547 3599 646 3670 νι).
699 3598 919 3653 Horum
959 3602 1155 3653 autem
1189 3614 1315 3669 quae
1344 3598 1609 3669 jubendo
1640 3605 1696 3656 et
1724 3601 1973 3656 vetando

322 3688 541 3761 scripta
571 3691 730 3756 sunt,
765 3686 879 3742 alia
908 3692 1048 3742 sunt
1076 3695 1579 3744 sacramentorum
1602 3688 1789 3745 velata
1818 3707 1971 3762 mys-

318 3778 523 3834 teriis:
560 3793 685 3848 quae
749 3775 937 3832 multa
992 3776 1217 3831 Veteris
1247 3777 1600 3832 Testamenti
1642 3777 1852 3849 populo
1885 3777 1971 3833 illi

326 3865 594 3923 facienda
626 3864 906 3920 mandata
924 3868 1064 3919 sunt
1094 3882 1107 3933 ;
1132 3879 1321 3935 neque
1345 3882 1377 3919 a
1399 3865 1612 3936 p0pulo
1639 3865 1971 3923 Christiano

314 3972 473 4012 nunc
498 3955 672 4021 ﬁunt,
702 3953 803 4009 sed
830 3953 1239 4007 tantummodo
1263 3951 1646 4024 intelligenda
1667 3956 1971 4025 requirun-

316 4052 415 4102 tur
446 4047 627 4115 atque
656 4045 1019 4099 tractantur:
1055 4041 1205 4095 sicut
1252 4045 1340 4096 est
1385 4040 1705 4097 Sabbatum
1731 4044 1801 4098 ad
1831 4044 1969 4100 visi-

318 4134 499 4192 bilem
530 4132 917 4201 vacationem,
938 4130 1091 4186 sicut
1117 4134 1206 4186 est
1237 4147 1438 4203 azyma
1459 4130 1515 4186 in
1541 4148 1687 4202 pane
1709 4132 1836 4188 sine
1869 4134 1969 4189 fer-

320 4227 555 4289 mento,
587 4219 807 4292 pascha
860 4220 920 4273 in
978 4218 1101 4276 ovis
1134 4218 1464 4287 occisione;
1495 4220 1581 4276 sic
1614 4224 1701 4276 tot
1756 4236 1972 4293 genera

314 4310 633 4366 sacriﬁcio:
646 4325 742 4363 um
759 4308 1139 4378 ciborumque
1152 4309 1969 4380 vetandorum,etneomenies,

315 4403 375 4454 et
406 4413 618 4453 annua:
647 4394 1076 4465 solemnitates,
1100 4412 1250 4466 quas
1285 4398 1590 4453 observant
1621 4416 1969 4473 nuncusque

314 4486 540 4543 Judaei:
599 4489 656 4539 et
712 4481 822 4537 illa:
869 4482 1484 4558 justiﬁcationes,quae
1536 4504 1651 4543 non
1691 4488 1761 4544 ad
1786 4506 1964 4561 opera

306 4574 555 4647 justitiaa
604 4572 838 4644 proprie
871 4573 1185 4645 pertinent,
1230 4576 1329 4629 sed
1380 4575 1603 4648 aliquid
1639 4578 1968 4650 signiﬁcare

313 4661 899 4736 iutelliguntur.Quis
922 4661 1077 4716 enim
1117 4662 1487 4719 Christianus
1537 4666 1789 4736 septimo
1817 4685 1970 4725 anno

308 4753 537 4824 cogitur
580 4766 815 4807 servum
851 4750 1089 4805 reddere
1122 4750 1462 4818 libertati,et
1480 4753 1848 4810 sidiscedere
1872 4756 1970 4813 ille

309 4840 584 4909 noluerit,
620 4840 751 4911 ejus
782 4838 1105 4894 auriculam
1135 4840 1347 4896 subula
1377 4843 1728 4914 pertundere
1759 4846 1831 4899 ad
1863 4862 1967 4917 po-

312 4935 486 4998 stem,
516 4935 574 4986 et
603 4932 807 4985 caetera
838 4927 1173 4998 hujusmodi
1201 4933 1226 4982 γ
1258 4930 1379 4986 Alia
1414 4948 1544 4987 vero
1596 4932 1772 4989 etiam
1806 4950 1966 4991 nunc

309 5018 585 5081 facienda
614 5022 773 5083 sunt,
810 5017 861 5071 si
894 5016 1159 5071 facienda
1191 5025 1477 5091 praecepta
1503 5026 1680 5090 sunt;
1719 5040 1823 5078 nec
1878 5025 1967 5080 fa-

2064 2460 2278 2500 manus
2337 2440 2589 2513 sumpsi,
2650 2454 3000 2509 componere
3059 2453 3335 2510 agressus
3392 2452 3525 2492 sum
3582 2454 3597 2492 :
3661 2444 3727 2492 ut

2066 2537 2355 2605 quantum
2390 2546 2481 2585 me
2505 2530 2660 2584 Deus
2691 2529 2958 2599 adjuvat,
2990 2526 3189 2581 omnia
3245 2525 3388 2580 talia
3418 2525 3489 2580 de
3548 2542 3724 2580 cano-

2066 2622 2215 2678 nicis
2245 2620 2415 2677 libris
2438 2618 2935 2690 colligam,atque,
2959 2620 3025 2671 ut
3042 2614 3208 2671 facile
3225 2613 3437 2687 inspici
3460 2614 3715 2685 possint,

2066 2712 2127 2768 in
2158 2726 2344 2767 unum
2375 2714 2657 2781 tanquam
2692 2703 2998 2778 speculum
3048 2719 3382 2776 congeram.
3440 2703 3719 2775 Oportuit

2068 2801 2225 2858 enim
2257 2800 2343 2855 sic
2373 2815 2440 2855 ea
2470 2798 2607 2870 poni
2655 2797 2726 2853 ab
2758 2794 3098 2851 auctoribus
3132 2792 3373 2863 nostris,
3419 2793 3710 2864 quemad-

2069 2891 2311 2946 modum
2346 2888 2540 2961 posita
2588 2890 2767 2942 sunt:
2830 2888 2896 2940 ut
2946 2887 3235 2956 pnecepta
3284 2881 3733 2939 narrationibus

2069 2980 2158 3037 vel
2191 2976 2695 3050 disputationibus
2741 2973 2995 3047 propriis
3046 2973 3317 3045 ﬁgurata,
3370 2975 3425 3027 et
3456 2972 3733 3045 ﬁguratis

2073 3067 2306 3141 propria
2336 3067 2746 3133 miscerentur,
2780 3066 2922 3120 dum
2970 3079 3168 3119 rerum
3226 3066 3527 3134 gestarum
3586 3062 3732 3119 ordo

2076 3162 2365 3223 servatur,
2401 3160 2502 3211 aut
2533 3156 2927 3227 respondetur
2953 3152 3216 3208 adversis
3241 3171 3255 3219 ;
3276 3155 3379 3207 aut
3398 3150 3499 3223 qui
3522 3150 3734 3206 docen-

2076 3247 2135 3303 di
2166 3254 2306 3303 sunt
2364 3245 2762 3315 instruuntur,
2817 3250 2917 3299 aut
2974 3240 3341 3297 occultorum
3394 3238 3738 3296 inventione

2078 3332 2515 3405 quodammodo
2548 3334 2905 3387 renovantur
2933 3328 2995 3385 hi
3026 3329 3125 3401 qui
3148 3332 3418 3401 prompta
3446 3331 3505 3383 et
3532 3331 3739 3399 aperta

2079 3422 2411 3480 fastidiunt.

2081 3530 2211 3586 CAP.
2243 3530 2298 3584 2.
2330 3560 2399 3570 -——
2432 3529 2565 3596 Quae
2594 3542 2703 3583 esse
2759 3526 2989 3597 propria
3035 3524 3244 3581 divina
3285 3522 3733 3597 Trinitatisjen-

2151 3609 2341 3727 sariunt
2371 3595 2641 3656 catholici
2671 3595 3007 3654 tradalores.
3042 3598 3295 3669 August,
3328 3596 3366 3651 ι.
3399 3614 3417 3649 ι
3467 3595 3542 3650 De
3574 3595 3727 3649 Trin.

2154 3690 2201 3727 ο.
2255 3714 2267 3727 .

2154 3690 2267 3729 0.4.

2155 3782 2253 3848 (De
2310 3786 2607 3835 consecrat.
2670 3776 2795 3831 diu.
2855 3777 2908 3844 3,
2970 3791 3018 3829 ο.
3080 3774 3275 3829 Omnes
3306 3774 3478 3844 quos.)
3510 3772 3731 3828 Omnes

2083 3886 2229 3941 quos
2261 3868 2450 3939 legere
2473 3865 2657 3938 potui,
2690 3865 2791 3936 qui
2824 3868 2959 3919 ante
2991 3880 3085 3918 me
3118 3862 3484 3934 scripserunt
3514 3862 3585 3918 de
3614 3861 3732 3917 Tri-

2081 3960 2286 4027 nitate,
2318 3975 2445 4030 quae
2468 3957 2621 4013 Deus
2648 3954 3113 4020 est,divinorum
3133 3952 3419 4008 librorum
3440 3953 3733 4017 veterum,

2080 4054 2137 4104 et
2194 4063 2476 4104 novorum
2522 4044 2798 4103 catholici
2826 4047 3171 4098 tractatores
3211 4040 3319 4096 hoc
3350 4039 3733 4095 intenderunt

2081 4138 2406 4195 secundum
2438 4135 2772 4207 Scripturas
2806 4132 3030 4199 dooere,
3063 4130 3217 4203 quod
3242 4130 3428 4197 Pater,
3461 4132 3518 4184 et
3550 4128 3735 4185 Filius

2079 4233 2135 4284 et
2163 4226 2420 4300 Spiritus
2452 4228 2713 4289 sanctus,
2747 4222 2928 4278 unius
2958 4221 3345 4293 ejusdemque
3360 4218 3732 4290 |substantias

2079 4312 2459 4387 inseparabili
2479 4311 2810 4384 aequalitate
2829 4310 3083 4366 divinam
3100 4306 3729 4364 insinuentunitatem.

2080 4405 2333 4475 Ideoque
2364 4420 2478 4458 non
2513 4402 2633 4458 sint
2664 4405 2783 4457 tres
2814 4398 2916 4467 dii,
2939 4398 3040 4455 sed
3066 4414 3221 4453 unus
3242 4396 3417 4453 Deus.
3451 4397 3732 4461 Quamvis

2082 4495 2247 4550 Pater
2271 4493 2481 4548 Filium
2514 4489 2784 4564 genuerit
2841 4492 2896 4545 et
2954 4488 3083 4543 ideo
3142 4485 3325 4543 Filius
3376 4500 3490 4541 non
3521 4483 3599 4540 sit
3629 4486 3730 4558 qui

2079 4587 2249 4639 Pater
2271 4586 2359 4637 est
2392 4600 2406 4649 ;
2440 4578 2737 4649 Filiusque
2794 4594 2828 4632 a
2882 4578 3052 4633 Patre
3084 4575 3162 4631 sit
3218 4572 3477 4646 genitus,
3508 4577 3567 4631 et
3596 4573 3729 4630 ideo

2080 4671 2248 4727 Pater
2282 4685 2396 4724 non
2430 4668 2505 4723 sit
2536 4666 2635 4738 qui
2669 4666 2852 4721 Filius
2911 4669 3035 4733 est;
3083 4662 3456 4737 Spiritusque
3488 4667 3726 4719 sanctus

2078 4775 2184 4815 nec
2220 4762 2388 4813 Pater
2419 4760 2494 4812 sit
2526 4772 2631 4812 nec
2663 4754 2871 4822 Filius,
2895 4755 2995 4809 sed
3028 4752 3439 4809 tantummodo
3459 4752 3651 4808 Patris
3674 4756 3729 4809 et

2078 4848 2209 4904 Filii
2232 4846 2489 4920 Spiritus
2520 4850 2576 4900 et
2608 4844 2759 4900 Patri
2782 4848 2840 4898 et
2862 4842 3003 4897 Filio
3030 4842 3210 4897 etiam
3236 4841 3362 4913 ipse
3394 4839 3727 4912 coaequalis,

2078 4941 2134 4993 et
2168 4936 2239 4992 ad
2286 4933 2591 4989 Trinitatis
2651 4932 2954 5005 pertinens
3009 4930 3316 4985 unitatem.
3377 4927 3502 4983 Non
3530 4932 3725 4986 tamen

2078 5025 2345 5081 eamdem
2374 5022 2720 5077 Trinitatem
2753 5025 2950 5077 natam
2970 5020 3040 5075 de
3070 5018 3295 5090 virgine
3325 5017 3591 5081 Maria,et
3619 5019 3726 5073 sub

309 5104 541 5177 oienda,
574 5105 623 5161 si
656 5102 976 5176 prohibita,
1033 5103 1229 5174 qualia
1283 5113 1422 5162 sunt
1454 5107 1571 5172 illa,
1624 5124 1748 5179 qua:
1808 5111 1964 5183 dixi;
1997 5115 2045 5182 D
2076 5114 2281 5169 Pontio
2313 5111 2496 5167 Pilato
2527 5110 2867 5165 cruciﬁxam
2899 5113 2956 5164 et
2987 5107 3301 5180 sepultam,
3344 5109 3400 5160 et
3434 5106 3609 5161 tertia
3634 5107 3725 5164 die

306 5196 523 5251 Honora
551 5201 763 5265 patrem
791 5199 842 5245 et
873 5196 1105 5247 matrem
1133 5210 1154 5253 ;
1204 5200 1261 5249 et
1285 5212 1298 5249 :
1323 5201 1442 5252 Non
1474 5198 1848 5255 mazchaberis.
1881 5203 1961 5258 De

307 5281 403 5339 bis
434 5283 611 5354 igitur
641 5296 771 5353 qua:
800 5280 881 5334 ita
912 5285 1050 5335 sunt
1080 5281 1271 5352 posita
1300 5284 1358 5339 in
1392 5285 1604 5341 litteris
1634 5288 1839 5355 sacris,
1870 5290 1960 5347 vel

306 5371 589 5441 jubendo,
620 5368 706 5425 vel
738 5372 1009 5436 vetando,
1040 5368 1129 5424 vol
1153 5370 1491 5441 sinendo,ut
1511 5374 1685 5429 etiam
1718 5378 1957 5443 nunc,id

314 5464 404 5519 est
431 5464 693 5533 tempore
716 5458 856 5517 Novi
889 5459 1247 5517 Testamenti
1276 5462 1348 5517 ad
1381 5462 1559 5518 vitam
1591 5463 1746 5536 piam
1797 5481 1957 5523 exer-

2073 5202 2480 5268 resurrexisse,
2514 5204 2571 5254 et
2602 5201 2661 5254 in
2694 5198 2904 5255 cmlum
2933 5195 3294 5261 ascendisse,
3332 5195 3434 5249 sed
3470 5197 3723 5252 tantum-

2072 5292 2244 5349 modo
2278 5291 2483 5346 ﬁlium.
2510 5288 2624 5346 Nec
2654 5289 2920 5345 eamdem
2962 5285 3307 5342 Trinitatem
3342 5284 3718 5343 descendisse

2069 5382 2127 5437 in
2161 5382 2356 5455 specie
2387 5378 2670 5435 columbae
2698 5394 2875 5449 super
2892 5377 3095 5433 Jesum
3119 5374 3479 5446 baptizatum
3502 5373 3707 5445 (Matth.

2066 5472 2177 5544 ιιι),
2263 5474 2366 5527 aut
2440 5468 2535 5525 die
2632 5469 3003 5524 Pentecostes
3083 5466 3216 5537 post
3291 5463 3709 5525 Ascensionem
