3982 6060
241 218 314 273 61
1314 206 1628 264 DECRETI
1664 204 1849 259 PARS
1886 206 1924 255 Ι.

2038 227 2045 239 -
2073 202 2171 255 DE
2210 202 2400 267 FIDE,
2442 200 2598 254 are.
3597 190 3669 246 62

242 340 488 402 Domini
514 338 713 396 sonitu
738 338 892 392 facto
923 335 993 391 de
1026 332 1189 403 ccelo,
1224 331 1393 405 quasi
1426 331 1674 386 ferretur
1724 327 1899 383 ﬂatus
1928 324 1982 392 Α
2011 324 2431 396 intellectibus,
2466 322 2647 395 aequis
2667 319 2934 393 vestigiis
2969 317 3340 388 inhaerentes;
3363 320 3538 391 atque
3558 316 3669 373 iter

242 431 653 500 vehemens,et
672 425 891 498 linguis
915 423 1121 480 divisis
1134 422 1293 477 velut
1312 421 1464 493 ignis
1482 419 1707 475 sedisse
1729 432 1905 487 super

246 534 740 594 unumquemque
762 530 961 572 eorum
992 515 1037 570 8
1062 514 1160 568 sed
1187 510 1598 568 tantummodo
1618 506 1904 580 Spiritum

252 617 528 669 sanctum
553 610 685 679 (Act.
720 607 802 677 ιι).
837 605 952 660 Nec
984 602 1251 659 eamdem
1300 600 1646 655 Trinitatem
1683 594 1909 651 dixisse

255 704 331 759 de
364 700 647 757 coelo:Tu
697 714 753 753 es
801 695 977 749 Filius
1029 708 1180 748 meus
1234 694 1433 760 (Marc.
1470 689 1532 756 ι),
1594 686 1714 743 sive
1772 700 1905 739 cum

250 793 587 865 baptizatus
621 792 708 843 est
739 804 773 841 a
801 785 1027 840 Joanne
1058 780 1269 854 (Matth.
1305 780 1411 849 111),
1439 776 1559 833 sive
1608 776 1668 829 in
1714 780 1907 829 monte

254 861 493 951 quando
518 892 653 931 cum
685 872 784 928 illo
811 874 978 927 erant
1008 874 1129 924 tres
1180 865 1457 938 discipuli
1509 862 1718 932 (Matth.
1748 861 1908 930 xvn),

255 973 357 1027 aut
389 966 626 1040 quando
674 961 873 1019 sonuit
926 976 1035 1015 vox
1066 958 1268 1013 dicens
1320 974 1332 1011 :
1388 956 1451 1010 Et
1496 952 1831 1022 clariﬁcavi,
1863 954 1913 1005 et

260 1039 466 1115 ileruin
528 1052 838 1124 clariﬁcabo
896 1051 1076 1120 (Joan.
1136 1047 1273 1116 x11);
1337 1044 1439 1100 sed
1499 1039 1913 1097 tantummodo

256 1148 449 1205 Patris
477 1159 676 1201 vocem
719 1141 905 1197 fuisse
954 1139 1025 1194 ad
1079 1135 1291 1192 Filium
1344 1134 1579 1188 factam.
1638 1127 1914 1196 Quamvis

256 1239 435 1294 Pater
455 1240 511 1291 et
533 1233 716 1290 Filius
747 1235 803 1286 et
826 1228 1083 1300 Spiritus
1104 1229 1345 1281 sanctus
1370 1223 1523 1278 sicut
1553 1218 1917 1291 inseparabi-

259 1328 345 1382 les
376 1329 550 1392 sunt;
596 1323 678 1377 ita
717 1316 1192 1391 inseparabiliter
1233 1317 1567 1387 operentur.
1598 1310 1770 1377 Nam,
1806 1324 1919 1380 quo

256 1414 568 1472 intellectu
586 1412 760 1468 homo
782 1415 969 1465 Deum
995 1405 1172 1478 capit,
1198 1402 1300 1476 qui
1332 1402 1528 1474 ipsum
1553 1398 1917 1455 intellectum

260 1522 462 1568 suum,
502 1518 620 1573 quo
663 1516 795 1555 cum
825 1498 955 1554 vult
1009 1511 1236 1568 capere,
1288 1492 1551 1548 nondum
1613 1489 1809 1560 capit?
1859 1486 1919 1543 Si

263 1598 455 1652 autem
484 1592 645 1647 hunc
668 1590 792 1661 jam
816 1586 993 1660 capit,
1026 1584 1293 1640 attendat
1314 1581 1647 1653 diligenter,
1680 1575 1826 1633 nihil
1858 1575 1916 1631 in

261 1701 333 1742 eo
361 1698 490 1740 esse
519 1682 581 1737 in
612 1696 722 1736 sua
765 1681 976 1732 natura
1019 1672 1231 1729 melius
1284 1676 1340 1727 et
1379 1670 1578 1725 videat
1608 1670 1807 1722 utrum
1839 1663 1919 1719 ibi

261 1774 460 1830 videat
494 1768 989 1826 ullalineamenta
1010 1764 1357 1828 formarum,
1388 1758 1608 1814 nitores
1634 1755 1919 1826 colorum,

266 1861 590 1935 spatiosam
620 1854 1041 1929 granditatem,
1082 1848 1339 1923 partium
1373 1842 1922 1909 distantiam,molis

266 1932 713 2014 distentionem,
733 1943 964 2015 aliquas
981 1956 1083 2013 per
1099 1939 1360 1995 locorum
1384 1933 1690 1991 intervalla
1713 1932 1920 1988 motio-

266 2037 488 2108 nes,vel
510 2034 734 2107 aliquid
756 2027 1290 2102 hujusmodi.Nihil
1314 2025 1564 2080 istorum
1589 2021 1923 2077 invenimus

263 2132 421 2187 certe
440 2127 501 2181 in
523 2141 610 2192 eo,
638 2121 835 2194 quoin
870 2123 1083 2175 natura
1113 2121 1314 2172 nostra
1338 2113 1483 2169 nihil
1508 2112 1721 2167 melius
1761 2111 1921 2164 inve-

262 2220 486 2283 nimus,
516 2214 576 2269 id
607 2216 699 2269 est
729 2212 789 2266 in
824 2212 1024 2265 nostro
1055 2205 1380 2275 intellectu,
1408 2220 1523 2275 quo
1566 2200 1922 2273 sapientiam

264 2307 537 2378 capimus
584 2305 811 2373 quanto
846 2312 1092 2369 capaces
1140 2310 1376 2349 sumus.
1438 2291 1603 2356 Quod
1637 2306 1775 2362 ergo
1806 2305 1922 2343 non

264 2396 602 2453 invenimus
632 2393 693 2447 in
726 2389 968 2445 meliore
1014 2391 1235 2453 nostro,
1271 2401 1387 2440 non
1419 2383 1700 2439 debemus
1732 2380 1792 2434 in
1824 2378 1923 2433 illo

265 2500 527 2559 quaerere
567 2481 723 2553 quod
755 2480 927 2550 longe
960 2476 1172 2533 melius
1206 2479 1296 2531 est
1331 2472 1568 2530 meliore
1600 2475 1820 2527 nostro.
1856 2468 1927 2527 Ut

269 2576 358 2631 sic
378 2566 1052 2645 intelligamusDeum,si
1077 2580 1397 2638 possumus
1411 2565 1699 2634 quantum
1728 2574 1930 2631 possu‘

270 2662 547 2721 mussine
568 2659 851 2733 qualitate
870 2655 1251 2724 bonum,sine
1273 2651 1603 2724 quantitate
1623 2662 1926 2719 magnum,

273 2755 405 2809 sine
450 2748 774 2821 indigentia
822 2748 1168 2809 creatorem,
1202 2742 1328 2797 sine
1387 2740 1507 2796 situ
1555 2740 1927 2810 praesentem,

273 2842 407 2899 sine
438 2840 641 2897 habitu
679 2836 879 2893 omnia
908 2833 1329 2901 continentem,
1365 2830 1491 2885 sine
1541 2827 1666 2883 loco
1708 2825 1928 2896 ubique

276 2936 495 2997 totum,
532 2928 659 2983 sine
695 2930 960 2996 tempore
1013 2922 1466 2991 sempiternum,
1502 2917 1629 2972 sine
1670 2914 1791 2969 ulla
1836 2912 1928 2968 sui

277 3019 607 3076 mutatione
628 3015 936 3072 mutabilia
952 3012 1258 3068 facientem
1273 3006 1558 3078 ,nihilque
1581 3004 1921 3077 patientem.

275 3108 553 3178 Quisquis
595 3106 779 3160 Deum
805 3105 886 3157 ita
907 3101 1142 3173 cogitat,
1168 3104 1224 3154 et
1244 3076 1503 3152 nondum
1532 3076 1925 3166 potestomni-
1959 3076 2001 3143 C

280 3199 456 3253 modo
488 3194 751 3251 invenire
782 3192 920 3264 quid
955 3190 1051 3255 sit,
1088 3188 1178 3260 pie
1208 3192 1407 3241 tamen
1451 3188 1615 3240 cavet
1642 3187 1927 3253 quantum

272 3292 465 3359 potes,
510 3283 756 3355 taliquid
778 3283 846 3337 de
865 3297 930 3336 eo
956 3279 1175 3335 sentire
1198 3276 1350 3347 quod
1372 3291 1486 3329 non
1508 3274 1599 3327 sit.
1617 3274 1719 3327 Est
1736 3276 1935 3325 tamen

273 3378 405 3434 sine
428 3372 793 3429 dubitatione
813 3368 1165 3433 substantia,
1184 3364 1271 3420 vel
1296 3364 1345 3419 si
1372 3362 1579 3419 melius
1602 3362 1710 3416 hoc
1729 3359 1932 3431 appel-

270 3467 455 3532 latur,
478 3462 735 3519 essentia
764 3476 941 3532 quam
966 3457 1146 3513 Graeci
1172 3452 1354 3508 οὐσίαν
1389 3456 1620 3509 vocant.

272 3585 409 3637 CAP.
468 3580 519 3634 3.
583 3576 904 3648 Symbolum
965 3572 1233 3656 Ephesini
1301 3568 1523 3624 concilii
1572 3567 1933 3622 ducentorum

923 3657 1302 3716 episcoporum

353 3764 668 3822 Credimus
689 3762 747 3816 in
763 3776 881 3815 unu
894 3775 945 3815 m
978 3753 1933 3825 Deum,Patrem,omnipotentem,

283 3854 553 3913 omnium
585 3850 906 3906 visibilium
940 3852 999 3904 et
1041 3845 1423 3902 invisibilium
1457 3842 1852 3907 Conditorem,
1886 3843 1942 3895 et

278 3946 339 4001 in
375 3959 561 4000 unum
604 3940 920 3994 Dominum
963 3936 1170 3992 Jesum
1220 3932 1517 3990 Christum
1564 3930 1779 3986 Filium
1818 3928 1937 3994 Dei,

280 4038 487 4091 natum
522 4032 593 4086 de
626 4030 811 4093 Patre,
831 4024 1222 4097 unigenitum,
1260 4024 1368 4079 hoc
1390 4026 1480 4077 est
1500 4022 1571 4075 de
1602 4018 1940 4075 substantia

283 4122 518 4179 Patris:
552 4120 739 4176 Deum
791 4132 860 4171 ex
902 4116 1041 4181 Deo,
1076 4114 1280 4169 lumen
1340 4128 1407 4167 ex
1462 4109 1706 4175 lumine,
1752 4107 1934 4163 Deum

280 4227 482 4268 verum
514 4226 582 4265 ex
613 4209 729 4262 Deo
750 4222 901 4273 vero,
936 4208 1167 4273 natum,
1204 4218 1320 4257 non
1375 4201 1619 4265 factum,
1676 4193 1937 4269 ὁμούσιον

277 4300 465 4369 Patri,
497 4299 604 4353 hoc
654 4300 762 4364 est,
814 4295 989 4347 unius
1040 4308 1174 4346 cum
1232 4292 1394 4345 Patre
1421 4286 1790 4357 substantiae,
1835 4302 1938 4357 per

278 4404 459 4463 quem
510 4384 707 4442 omnia
746 4383 897 4438 facta
928 4384 1068 4437 sunt
1120 4381 1178 4435 in
1238 4378 1383 4435 coelo
1415 4382 1473 4434 et
1506 4378 1564 4432 in
1597 4380 1753 4433 terra
1785 4391 1797 4431 :
1834 4375 1937 4447 qui

2016 414 2387 470 ambulantes
2410 415 2661 485 regium,
2686 411 3033 484 proﬁtemur
3063 410 3219 480 quod
3242 408 3439 480 ipsum
3460 408 3666 479 unige-

2016 505 2205 560 nitum
2229 505 2329 560 Dei
2361 504 2643 569 Verbum,
2675 506 2882 557 natum
2917 516 2986 555 ex
3011 500 3141 571 ipsa
3162 497 3352 553 Patris
3383 496 3666 563 essentia,

2018 595 2089 650 de
2115 594 2232 650 Deo
2265 610 2397 649 vero
2431 593 2589 647 Deus
2635 607 2850 659 verus;
2895 589 3097 643 lumen
3148 588 3218 642 de
3273 585 3518 653 lumine,
3568 601 3671 657 per

2018 700 2193 755 quem
2227 684 2421 737 omnia
2450 682 2603 737 facta
2626 683 2785 747 sunt,
2812 678 2931 733 sive
2955 677 3013 732 in
3047 675 3227 745 caelis,
3261 674 3381 730 sive
3402 673 3462 729 in
3492 677 3668 740 terra,

2020 780 2229 837 salutis
2248 785 2459 835 nostrae
2486 795 2665 833 causa
2686 775 3051 832 descendens
3092 774 3165 829 ad
3210 772 3669 828 exinanitionem

2021 886 2148 926 sese
2179 870 2456 941 dignatus
2489 872 2578 923 est
2608 865 2918 921 inclinare.
2963 864 3149 921 Natus
3178 865 3377 918 autem
3409 865 3467 916 et
3494 861 3670 915 homo

2021 958 2230 1027 factus,
2254 958 2311 1011 id
2345 961 2438 1013 est
2460 971 2695 1011 carnem
2716 954 2786 1009 de
2814 952 3051 1022 Virgine
3074 955 3275 1007 sancta
3306 949 3663 1021 suscipiens,

2022 1062 2269 1117 eamque
2303 1044 2605 1117 propriam
2636 1042 2855 1098 faciens
2884 1039 3253 1096 nativitatem
3306 1043 3572 1094 nostram
3603 1055 3674 1093 ex

2021 1136 2193 1192 vulva
2224 1133 2512 1190 sustinuit
2551 1132 2727 1187 homo
2777 1131 2848 1186 de
2896 1128 3144 1184 muliere
3176 1128 3521 1199 procedens,
3552 1143 3671 1183 non

2025 1226 2181 1299 quod
2201 1230 2326 1281 erat
2357 1223 2663 1294 abjiciens.
2695 1221 2840 1276 Nam
2874 1218 3009 1274 licet
3040 1217 3231 1273 factus
3263 1215 3339 1272 sit
3365 1216 3424 1271 in
3448 1232 3675 1272 assum-

2024 1315 2223 1387 ptione
2256 1313 2451 1369 carnis
2482 1316 2539 1367 et
2570 1310 2918 1382 sanguinis;
2970 1312 3170 1362 tamen
3216 1305 3469 1361 servavit
3517 1306 3672 1377 quod

2026 1408 2170 1459 erat.
2190 1404 2346 1458 Deus
2373 1400 2596 1456 scilicet
2624 1403 2837 1454 natura
2858 1400 2914 1452 et
2934 1394 3177 1452 veritate
3194 1394 3539 1466 persistens.
3558 1397 3674 1449 Nec

2027 1509 2262 1571 carnem
2294 1492 2494 1563 itaque
2542 1487 2794 1543 dicimus
2831 1486 2891 1541 in
2934 1488 3206 1540 naturam
3251 1483 3494 1539 Deitatis
3552 1498 3683 1540 esse

2028 1597 2391 1650 conversam,
2448 1595 2553 1634 nec
2596 1576 2657 1632 in
2714 1574 3051 1631 substantia
3082 1573 3273 1629 carnis
3320 1571 3677 1628 ineffabilem

2028 1670 2130 1728 Dei
2159 1668 2333 1726 Verbi
2365 1666 2682 1724 essentiam
2714 1666 3161 1720 commutatam.
3208 1659 3679 1717 Inconvertibilis

2028 1760 2184 1817 enim
2213 1763 2302 1815 est
2337 1753 2866 1819 incommutabilis,
2894 1752 3168 1823 idemque
3189 1749 3316 1822 ipse
3331 1751 3502 1821 juxta
3522 1750 3674 1807 Scri-

2030 1856 2233 1923 pturas
2249 1848 2471 1921 jugiter
2492 1860 2866 1919 permanens.
2898 1841 3078 1897 Visus
3110 1843 3200 1896 est
3232 1842 3427 1895 autem
3457 1843 3513 1895 et
3542 1856 3675 1911 par-

2029 1939 2224 2005 vulus,
2274 1936 2500 2009 positus
2534 1933 2726 1990 adhuc
2775 1932 2835 1987 in
2872 1929 3207 1988 cunabulis.
3239 1932 3306 1983 Et
3335 1928 3395 1985 in
3446 1927 3679 1986 sinibus

2030 2028 2339 2083 Genitricis
2358 2024 2604 2097 virginis
2617 2022 2978 2078 constitutus
2993 2021 3330 2076 universam
3343 2021 3676 2074 creaturam

2030 2117 2315 2189 replebat,
2346 2120 2411 2170 ut
2445 2119 2596 2170 Deus
2626 2110 2874 2184 genitori
2914 2126 3021 2166 suo
3053 2108 3346 2164 indivisus
3391 2106 3672 2164 existens.

2032 2215 2197 2280 Quod
2237 2213 2503 2269 divinum
2539 2215 2629 2267 est
2676 2209 2856 2276 enim,
2901 2207 3028 2264 sine
3075 2205 3405 2278 quantitate
3453 2209 3511 2261 et
3552 2205 3679 2261 sine

2033 2305 2185 2360 mole
2234 2301 2627 2374 cognoscitur,
2680 2315 2785 2354 nec
2828 2297 2968 2353 ullis
3013 2295 3284 2353 terminis
3326 2294 3676 2351 continetur.

2033 2395 2275 2451 Unitum
2293 2408 2430 2464 ergo
2452 2390 2611 2446 carni
2633 2389 2877 2445 verbum
2898 2386 3020 2456 Dei,
3049 2386 3378 2443 secundum
3404 2384 3683 2442 substan-

2033 2484 2177 2539 tiam
2210 2481 2579 2546 confltentes,
2603 2493 2789 2532 unum
2818 2476 3135 2531 adoramus
3168 2473 3381 2530 Filium
3413 2477 3471 2529 et
3496 2471 3687 2528 Domi-

2035 2588 2177 2627 num
2208 2571 2411 2625 Jesum
2468 2566 2788 2632 Christum,
2826 2581 2939 2619 non
2990 2579 3257 2619 seorsum
3309 2567 3591 2633 ponentes
3624 2564 3685 2615 et

2035 2660 2493 2716 determinantes
2522 2657 2821 2712 hominem
2879 2656 2936 2708 et
2993 2652 3203 2718 Deum,
3234 2649 3392 2706 velut
3436 2650 3686 2705 invicem

2035 2750 2148 2806 sibi
2174 2746 2483 2820 dignitatis
2515 2749 2572 2801 et
2602 2741 2971 2800 auctoritatis
3016 2739 3238 2795 unitate
3285 2739 3686 2808 conjunctum.

2035 2839 2154 2895 Hoc
2206 2836 2365 2892 enim
2424 2834 2650 2891 novitas
2704 2829 2865 2887 vocis
2922 2833 3031 2899 est,
3064 2832 3120 2884 et
3167 2827 3328 2883 aliud
3373 2826 3543 2882 nihil.
3573 2827 3689 2883 Nec

2035 2927 2176 2982 item
2195 2926 2492 2981 Christum
2508 2921 2837 2995 specialiter
2859 2916 3687 2974 nominantesDeumVerbum

2038 3017 2195 3088 quod
2230 3030 2298 3070 ex
2328 3014 2444 3068 Deo
2467 3017 2591 3079 est;
2641 3026 2745 3065 nec
2779 3008 3028 3065 alterum
3080 3006 3352 3063 similiter
3389 3004 3687 3061 Christum

2040 3105 2141 3178 qui
2172 3101 2503 3175 specialiter
2561 3100 2631 3155 de
2683 3098 2930 3154 muliere
2978 3105 3151 3153 natus
3200 3099 3307 3166 est,
3357 3095 3455 3151 sed
3506 3110 3689 3151 unum

2040 3192 2412 3251 solummodo
2443 3189 2742 3246 Christum
2771 3187 2866 3242 Dei
2892 3186 3078 3242 Patris
3102 3184 3351 3241 Verbum
3384 3200 3520 3240 cum
3554 3200 3688 3255 pro-

2042 3284 2170 3358 pria
2199 3297 2372 3338 carne
2402 3277 2837 3351 cognoscimus.
2863 3276 3026 3330 Tunc
3059 3273 3213 3330 enim
3238 3273 3411 3344 juxta
3443 3290 3548 3328 nos
3580 3290 3689 3327 un-

2044 3378 2173 3429 ctus
2205 3374 2312 3438 est,
2348 3366 2618 3440 quamvis
2648 3364 2929 3436 Spiritum
2962 3362 3090 3434 ipse
3121 3360 3317 3433 dignis
3349 3358 3691 3423 contulerit;

2043 3475 2101 3527 et
2142 3486 2252 3526 non
2275 3468 2351 3524 ad
2371 3480 2708 3534 mensuram,
2736 3463 2889 3518 sicut
2910 3462 3116 3517 beatus
3137 3456 3497 3531 evangelista
3517 3456 3694 3512 Joan-

2045 3577 2149 3617 nes
2181 3555 2433 3615 asseruit
2463 3556 2641 3627 (Joan.
2679 3553 2786 3622 ιιι).
2814 3550 2922 3605 Sed
2948 3566 3054 3605 nec
3084 3549 3228 3604 illud
3260 3548 3514 3603 dicimus
3539 3545 3693 3617 quod

2044 3649 2147 3707 Dei
2177 3648 2443 3716 verbum,
2490 3642 2649 3699 velut
2690 3642 2749 3696 in
2782 3639 3021 3695 homine
3072 3636 3397 3704 communi,
3464 3634 3563 3707 qui
3623 3634 3694 3690 de

2047 3742 2250 3794 sancta
2269 3735 2510 3808 Virgine
2530 3735 2705 3787 natus
2726 3728 3291 3799 est,habitaverit,ne
3313 3726 3498 3781 Deum
3520 3723 3694 3779 homo

2046 3828 2309 3883 Christus
2344 3823 2734 3879 habitatorem
2768 3817 3062 3890 possidere
3092 3816 3381 3871 credatur.
3417 3811 3695 3879 Quamvis

2047 3916 2204 3973 enim
2234 3914 2490 3969 Verbum
2522 3907 2876 3965 habitaverit
2905 3906 2965 3960 in
2998 3904 3166 3960 nobis
3189 3907 3245 3959 et
3271 3902 3497 3958 dictum
3530 3900 3606 3956 sit
3636 3901 3695 3955 in

2047 4006 2274 4062 Christo
2305 4002 2576 4057 habitare
2597 4013 2831 4054 omnem
2864 3993 3289 4067 plenitudinem
3315 3991 3535 4047 Deiatis
3568 4006 3697 4045 cor-

2048 4090 2569 4169 poraliter(Coloss.
2622 4088 2685 4159 ιι)
2730 4104 2741 4142 :
2782 4091 2980 4141 tamen
3013 4080 3402 4153 intelligimus
3431 4078 3695 4134 Verbum

2050 4166 2204 4258 quod
2228 4197 2362 4239 caro
2382 4179 2603 4235 factum
2637 4178 2748 4245 est,
2787 4190 2902 4229 non
2929 4172 3083 4229 sicut
3107 4172 3166 4225 in
3186 4168 3408 4226 sanctis
3430 4166 3699 4222 habitare

2050 4255 2424 4340 dicitur;nec
2481 4266 2660 4322 talem
2709 4263 2770 4318 in
2818 4262 2947 4335 ipso
3005 4259 3428 4317 habitationem
3482 4255 3697 4311 factam

2050 4361 2294 4421 definire
2319 4355 2706 4416 tentabimus.
2730 4353 2843 4408 Sed
2871 4352 3071 4407 unitus
3088 4351 3252 4420 juxta
3269 4350 3568 4413 naturam,
3593 4359 3700 4399 nec

281 4432 459 4463 ‘1“V‘“
511 4432 707 4442 ’“’”·’“
746 4432 897 4438 '““"
928 4432 1065 4437 '“"'
1121 4432 1178 4435 "'
1244 4432 1373 4435 ""'
1425 4432 1467 4434 τί
1850 4432 1870 4447 ι

281 4481 523 4553 propter
554 4490 661 4529 nos
694 4470 982 4540 homines,
1015 4478 1074 4524 et
1106 4473 1343 4541 propter
1389 4474 1657 4523 nostram
1691 4464 1943 4521 salutem
1977 4450 2023 4515 D
2056 4454 2116 4509 in
2148 4466 2381 4507 carnem
2436 4444 2674 4519 penitus
2723 4444 3143 4506 commutatus,
3175 4436 3351 4493 talem
3407 4433 3520 4490 sibi
3564 4432 3703 4486 fecit

2054 4544 2068 4553 .
2135 4543 2147 4553 .
2176 4541 2208 4553 ο.
2262 4540 2296 4553 .-
2556 4531 2780 4553 ____1-__
2850 4534 2900 4553 ,ι
2956 4528 3141 4553 -..ξηιηι
3195 4523 3451 4553 ιεηηιξηζο
3485 4521 3701 4553 ιπηιπηω

278 4565 609 4633 descendit,
642 4566 699 4618 et
728 4561 1070 4616 incarnatus
1103 4564 1192 4614 est
1224 4562 1281 4613 et
1311 4557 1483 4612 homo
1517 4556 1707 4611 factus
1732 4571 1943 4627 passus

280 4662 394 4725 est,
420 4661 477 4712 et
504 4666 822 4724 resurgens
844 4648 1014 4704 tertia
1042 4648 1156 4713 die,
1186 4646 1454 4702 ascendit
1474 4646 1535 4699 in
1571 4644 1744 4700 caelos
1768 4662 1779 4699 :
1806 4643 1945 4699 inde

278 4749 571 4803 venturus
604 4744 690 4795 est
714 4738 987 4810 judicare
1007 4736 1165 4790 vivos
1188 4739 1245 4789 et
1267 4739 1552 4789 mortuos.
1584 4733 1728 4787 Etin
1754 4730 1940 4803 Spiri-

278 4842 413 4893 tum
446 4833 745 4889 sanctum.
780 4827 890 4881 Eos
927 4829 1123 4880 autem
1157 4824 1255 4896 qui
1290 4822 1510 4892 dicunt,
1544 4824 1669 4876 erat
1709 4825 1944 4891 tempus

280 4922 525 4997 quando
558 4935 675 4975 non
708 4921 854 4982 erat;
878 4919 934 4970 et
954 4922 1274 4984 antequam
1298 4916 1640 4967 nasceretur
1661 4926 1775 4964 non
1799 4913 1940 4977 erat;

277 5018 342 5072 et
372 5011 515 5084 quia
543 5025 613 5064 ex
643 5005 823 5063 nullis
845 5003 1235 5060 existentibus
1262 5004 1449 5058 factus
1480 5005 1587 5068 est,
1618 5003 1720 5055 aut
1741 5015 1807 5054 ex
1831 4998 1946 5054 alia

274 5100 619 5164 substantia
658 5096 747 5153 vel
800 5093 1060 5151 essentia
1106 5108 1235 5148 esse
1280 5093 1505 5159 dicunt,
1536 5095 1637 5146 aut
1690 5088 1946 5161 τρεπτὸν,

274 5198 394 5253 hoc
449 5194 540 5246 est
596 5182 1074 5251 convertibilem,
1133 5197 1237 5237 seu
1298 5177 1780 5236 commutabilem
1842 5179 1941 5233 Dei

285 5282 435 5341 Filiu
449 5295 507 5333 m
530 5294 544 5333 :
568 5273 839 5332 anathem
849 5270 1026 5328 atizat
1048 5270 1337 5326 catholica
1354 5274 1411 5325 et
1425 5267 1743 5341 apostolica
1758 5264 1944 5320 Eccle‘

289 5375 403 5431 sia.
424 5368 747 5438 Sequentes
769 5362 965 5433 itaque
984 5360 1251 5416 omnium
1268 5376 1371 5431 per
1386 5357 1584 5413 omnia
1608 5360 1944 5411 sanctorum

288 5464 535 5519 Patrum
569 5450 987 5517 confessiones,
1017 5465 1165 5519 quas
1205 5447 1480 5519 loquente
1523 5444 1583 5500 in
1613 5444 1697 5501 eis
1743 5444 1946 5498 sancto

290 5547 521 5623 spiritu
543 5540 934 5617 protulerunt,
951 5542 1006 5595 et
1024 5537 1361 5608 intentioni,
1386 5552 1512 5609 quae
1534 5538 1620 5592 est
1646 5534 1706 5589 in
1739 5547 1945 5590 eorum

2054 4540 2497 4605 habitationem,
2550 4531 2787 4603 qualem
2846 4534 2903 4583 et
2954 4528 3147 4583 anima
3195 4523 3452 4582 hominis
3485 4521 3702 4578 habere

2051 4632 2308 4689 creditur
2337 4628 2406 4683 ad
2440 4623 2742 4697 proprium
2766 4634 3000 4689 corpus.
3034 4616 3196 4671 Unus
3227 4614 3406 4687 igitur
3426 4615 3516 4669 est
3538 4610 3702 4667 Chri-

2052 4726 2181 4779 stus
2222 4717 2406 4774 Filius
2435 4718 2493 4769 et
2524 4710 2828 4775 Dominus,
2864 4724 2979 4762 non
3026 4704 3185 4760 velut
3226 4702 3700 4773 conjunctionem

2053 4807 2380 4883 quamlibet
2410 4804 2470 4858 in
2521 4800 2830 4865 unitatem,
2883 4794 3186 4865 dignitatis
3235 4796 3292 4848 et
3337 4787 3702 4849 auctoritatis

2053 4878 2309 4957 hominis
2343 4893 2566 4949 habens
2598 4890 2669 4945 ad
2701 4888 2907 4944 Deum.
2942 4884 3068 4940 Non
3101 4882 3257 4938 enim
3292 4883 3484 4954 potest
3531 4878 3702 4933 unire

2053 4993 2296 5044 naturas
2326 4982 2450 5039 sola
2481 4976 2789 5051 dignitatis
2821 4972 3150 5045 aequalitas.
3182 4969 3445 5041 Denique
3493 4967 3701 5025 Petrus

2053 5082 2110 5134 et
2140 5080 2398 5132 Joannes
2430 5067 2673 5143 aqualis
2706 5068 2845 5121 sunt
2876 5064 2946 5118 ad
2979 5053 3329 5118 alterutrum
3368 5056 3701 5131 dignitatis,

2054 5169 2291 5237 propter
2351 5160 2505 5231 quod
2557 5162 2613 5212 et
2644 5152 2894 5226 apostoli
2927 5156 2983 5208 et
3016 5150 3230 5217 sancti,
3282 5146 3526 5220 dicipuli
3575 5159 3704 5200 esse

2055 5235 2485 5311 monstrantur.
2517 5246 2939 5301 Verumtamen
2973 5245 3217 5312 uterque
3250 5256 3366 5296 non
3405 5251 3559 5293 unus
3591 5235 3701 5287 est.

2054 5358 2171 5409 Nec
2193 5352 2363 5423 juxta
2405 5343 2779 5402 collationem
2830 5338 2918 5395 vel
2966 5338 3413 5402 connexionem,
3458 5330 3697 5386 modum

2057 5436 2487 5514 conjunctionis
2518 5434 2898 5492 advertimus.
2933 5429 3052 5485 Hoc
3093 5426 3247 5484 enim
3290 5424 3361 5480 ad
3413 5419 3701 5476 unitatem

2056 5507 2180 5591 non
2205 5528 2428 5587 sufficit
2457 5522 2809 5589 naturalem,
2834 5535 2941 5576 nec
2962 5516 3284 5575 secundum
3302 5507 3700 5583 participatio-
