3916 6034
253 181 327 237 63
1333 194 1402 244 ι).
1443 191 1684 246 IVONIS
1722 189 2225 248 CARNOTENSIS
2262 193 2579 249 EPISCOPI
3230 168 3233 171 ’
3593 192 3671 247 64

258 306 353 363 nis
374 307 642 364 effectum
668 324 683 364 :
709 308 862 367 sicut
892 327 997 367 nos
1015 312 1189 369 etiam
1216 313 1580 369 adhaerentes
1600 314 1897 382 Deo,unus
1927 316 1981 384 Α
2009 314 2145 371 Jesu
2197 316 2413 372 Christi
2465 320 2521 373 et
2570 315 3059 373 resurrectionem
3099 317 3250 388 ejus,
3283 320 3342 372 et
3392 317 3454 373 in
3486 317 3670 375 caelos

254 412 388 451 cum
436 413 502 452 eo
552 397 796 469 spiritus
860 417 1068 456 sumus
1116 403 1163 473 (I
1213 403 1338 458 Cor.
1389 403 1490 475 vr),
1542 403 1660 457 imo
1709 402 1906 473 potius

260 486 695 555 conjunctionis
730 504 958 543 nomem
994 491 1303 560 evitamus,
1330 495 1611 562 tanquam
1645 508 1759 546 non
1792 491 1906 546 exi-

253 577 416 629 stens
463 575 739 632 idoneum
792 580 944 649 quod
980 579 1270 650 signiticet
1322 580 1568 637 unitatis
1598 597 1901 636 arcanum.

253 676 367 732 Sed
401 693 589 749 neque
645 683 824 734 Deum
868 687 967 735 aut
1020 681 1335 737 Dominum
1394 682 1899 751 Christi,verbum

252 765 356 821 Dei
380 766 569 822 Patris
589 769 1011 835 asserimus,ne
1038 769 1249 825 iterum
1276 771 1649 827 manifestius
1674 772 1732 825 in
1753 772 1901 827 duos

253 853 582 910 dividamus
627 873 810 910 unum
835 857 1124 912 Christum
1167 858 1379 915 Filium
1400 864 1456 915 et
1476 860 1811 927 Dominum,
1845 866 1902 915 et

252 942 311 996 in
345 941 561 997 crimen
587 943 875 1015 sacrilegii
908 944 1272 1015 decidamus,
1306 947 1489 1003 Deum
1521 948 1606 1003 illi
1637 948 1898 1020 seipsum

252 1030 529 1085 facientes
551 1035 607 1085 et
632 1032 1191 1091 Dominum.Unitus
1215 1039 1431 1108 quippe
1453 1038 1606 1093 sicut
1626 1037 1897 1109 superius

251 1117 531 1188 diximus,
558 1118 709 1175 Deus
746 1122 989 1177 verbum
1034 1126 1191 1178 carni
1218 1127 1543 1180 secundum
1566 1126 1895 1181 subsisten-

251 1204 575 1275 tiam,Deus
591 1209 829 1278 quidem
851 1212 1220 1268 estomnium
1243 1218 1298 1268 et
1319 1214 1654 1271 dominator
1670 1214 1897 1269 univer-

248 1293 468 1350 sitatis:
488 1301 890 1354 verumtamen
928 1316 1036 1356 nec
1063 1317 1266 1357 servus
1291 1307 1381 1357 est
1401 1304 1513 1357 sibi
1534 1303 1655 1372 ipse
1670 1318 1773 1357 nec
1793 1304 1895 1357 do-

248 1382 615 1455 minus;quia
638 1386 898 1458 ineptum
918 1393 1025 1458 est,
1045 1391 1131 1446 vel
1157 1392 1353 1463 potius
1380 1391 1619 1463 impium
1640 1392 1747 1447 hoc
1768 1408 1896 1447 sen-

246 1470 357 1527 tire
380 1472 465 1529 vel
489 1474 699 1530 dicere.
745 1478 1019 1541 Quamvis
1057 1480 1212 1534 enim
1257 1479 1439 1535 Deum
1468 1498 1641 1535 suum
1664 1482 1892 1536 Patrem

250 1560 618 1630 dixerit,cum
643 1564 796 1620 Deus
819 1565 893 1622 sit
916 1568 1092 1623 etiam
1121 1571 1245 1640 ipse
1270 1574 1542 1625 naturam
1565 1574 1621 1625 et
1642 1571 1712 1626 de
1735 1569 1893 1626 illius

2016 404 2418 461 ascensionem
2452 405 2670 477 pariter
2709 405 3076 475 confitentes,
3110 406 3486 461 incruentam
3512 406 3667 464 cele-

2014 493 2258 549 bramus
2281 494 2338 548 in
2373 493 2637 551 ecclesiis
2663 494 2936 550 sacrificii
2970 495 3335 550 servitutem.
3364 495 3459 550 Sic
3483 497 3666 553 etiam

2015 583 2086 637 ad
2114 583 2394 654 mysticae
2415 583 2855 639 benedictiones
2879 583 3235 653 accedimus,
3254 587 3312 639 et
3334 584 3667 641 sanctiﬁca-

2012 689 2145 726 mur
2158 673 2473 744 participes
2497 672 2685 729 sancti
2708 672 2968 743 corporis
2990 677 3044 728 et
3067 673 3307 744 pretiosi
3350 674 3667 745 sanguinis

2010 760 2227 816 Christi
2258 761 2521 816 omnium
2546 766 2881 817 nostrorum
2906 762 3297 833 redemptoris
3321 761 3663 831 eli‘ectimon

2009 854 2074 904 ut
2090 867 2463 905 communem
2488 867 2725 905 carnem
2752 850 3326 922 percipientes,quod
3354 850 3529 907 absitl
3556 869 3663 907 nec

2008 942 2072 993 ut
2118 938 2226 994 viri
2260 939 2609 995 sanctiﬁcati
2660 944 2717 995 et
2757 939 2945 995 Verbo
2994 941 3294 1010 conjuncti
3328 942 3660 996 secundum

2007 1027 2312 1098 dignitatis
2344 1029 2654 1096 unitatem,
2689 1032 2789 1084 aut
2817 1029 2972 1084 sicut
3001 1027 3262 1085 divinam
3295 1030 3664 1100 possidentis

2006 1116 2464 1184 habitationem;
2513 1118 2614 1173 sed
2659 1133 2792 1173 vere
2841 1118 3302 1189 viviticatricem,
3351 1125 3411 1173 et
3467 1120 3662 1190 ipsius

2003 1206 2162 1261 verbi
2212 1206 2509 1278 propriam
2554 1207 2792 1262 factam.
2839 1205 2951 1262 Via
2981 1206 3138 1261 enim
3193 1206 3548 1263 naturaliter
3593 1212 3663 1263 ut

2004 1304 2160 1358 Deus
2190 1304 2470 1374 existens,
2503 1305 2642 1375 quia
2676 1304 2908 1375 proprie
2936 1303 3096 1358 carni
3122 1304 3324 1359 unitus
3347 1307 3455 1371 est,
3479 1304 3661 1360 viviti-

2004 1393 2281 1448 catricem
2305 1409 2435 1449 eam
2476 1409 2604 1449 esse
2634 1393 2937 1464 professus
2962 1397 3071 1448 est.
3114 1396 3183 1448 Et
3225 1393 3354 1450 ideo
3386 1396 3661 1466 quamvis

2004 1481 2159 1537 dicat
2189 1484 2257 1536 ad
2284 1499 2429 1537 nos:
2456 1484 2646 1552 Amen,
2672 1498 2837 1537 amen
2877 1481 2997 1537 dico
3039 1483 3208 1552 vobis,
3251 1484 3368 1537 nisi
3412 1483 3658 1538 mandu-

2002 1572 2254 1626 careritis
2282 1587 2503 1626 carnem
2533 1572 2676 1627 Filii
2723 1570 2989 1635 hominis,
3014 1573 3063 1625 et
3101 1570 3350 1626 biberitis
3379 1572 3499 1642 ejus
3523 1589 3659 1627 san-

248 1652 727 1722 essentia,tamen
752 1655 1447 1729 nullatenusignoramus
1465 1659 1620 1731 quod
1649 1675 1893 1715 manens
1921 1688 1969 1753 B
2002 1661 2227 1729 guinem
2264 1660 2485 1730 (Joann.
2518 1661 2590 1727 vr)
2614 1676 2635 1721 ;
2695 1677 2809 1715 non
2861 1664 3056 1715 tamen
3107 1675 3236 1715 eam
3282 1664 3346 1715 ut
3393 1660 3656 1717 hominis

248 1737 402 1793 Deus
421 1738 597 1796 homo
616 1757 847 1813 quoque
861 1742 1049 1799 factus
1072 1745 1277 1815 sit,qui
1298 1745 1407 1800 sub
1428 1746 1720 1817 Deojuxta
1736 1745 1890 1801 debi-

249 1829 368 1882 tam
395 1827 583 1900 legem
609 1836 829 1886 naturae
850 1832 1238 1890 humanitatis
1261 1835 1553 1890 existeret.
1607 1834 1736 1906 Ipse
1758 1849 1891 1889 vero

252 1916 367 1971 sibi
388 1918 436 1971 9
461 1920 751 1989 quomodo
776 1922 860 1977 vel
891 1922 1045 1977 Deus
1070 1926 1279 1994 poterit
1300 1924 1554 1991 esse,ve1
1580 1921 1891 1980 Dominus?

255 2017 402 2089 Ergo
439 2018 591 2075 sicut
630 2020 803 2077 homo
852 2027 1141 2094 quantum
1176 2025 1447 2079 decenter
1486 2022 1896 2079 exinanitionis

257 2121 546 2162 mensurae
588 2112 878 2181 congruit,
914 2112 1024 2167 sub
1058 2114 1169 2167 Deo
1203 2130 1263 2168 se
1309 2111 1613 2167 nobiscum
1647 2128 1776 2167 esse
1806 2127 1899 2166 as-

258 2196 461 2251 seruit.
501 2198 613 2253 Hoc
645 2199 819 2255 etiam
853 2201 1025 2257 modo
1058 2202 1166 2257 sub
1200 2201 1327 2273 lege
1358 2202 1547 2257 factus
1578 2205 1667 2257 est
1698 2216 1898 2272 quam-

256 2285 346 2341 vis
368 2286 495 2358 ipse
518 2289 976 2361 promulgaverit
1017 2289 1227 2360 legem,
1252 2295 1308 2345 et
1337 2290 1635 2360 legislator
1657 2295 1723 2345 ut
1751 2291 1901 2344 Deus

260 2374 567 2431 exstiterit.
592 2376 873 2434 Cavemus
905 2379 974 2433 de
1011 2378 1244 2434 Christo
1289 2379 1516 2433 dicere:
1543 2382 1781 2450 Propter
1811 2395 1904 2433 as-

262 2471 594 2521 sumentem
641 2484 883 2523 veneror
922 2476 1319 2539 assumptum,
1351 2474 1407 2523 et
1436 2473 1673 2539 propter
1702 2466 1906 2522 invisi-

257 2551 433 2607 bilem
469 2555 645 2609 adoro
677 2554 987 2609 visibilem.
1022 2557 1391 2611 Horrendum
1424 2573 1557 2612 vero
1589 2573 1771 2628 super
1799 2555 1908 2611 hoc

259 2640 434 2697 etiam
458 2640 604 2697 illud
633 2642 826 2699 dicere
854 2660 867 2699 :
892 2644 950 2699 Is
972 2644 1073 2715 qui
1105 2649 1417 2717 susceptus
1440 2650 1529 2700 est
1554 2661 1685 2701 cum
1711 2661 1776 2700 eo
1808 2643 1910 2716 qui

258 2732 520 2803 suscepit
537 2738 1028 2805 connuncupatur
1058 2733 1229 2789 Deus.
1266 2734 1373 2799 Qui
1405 2734 1560 2789 enim
1603 2735 1712 2789 hoc
1745 2733 1907 2802 dicit,

258 2821 468 2876 dividit
502 2822 715 2877 iterum
762 2823 821 2878 in
865 2824 1013 2879 duos
1053 2822 1317 2880 Christos
1342 2841 1476 2880 eum
1502 2823 1600 2895 qui
1624 2840 1779 2879 unus
1801 2826 1910 2894 est,

266 2919 567 2975 hominem
611 2938 879 2976 seorsum
924 2921 982 2975 in
1018 2927 1199 2992 parte,
1233 2927 1289 2977 et
1319 2922 1503 2978 Deum
1551 2921 1823 2978 similiter
1853 2923 1910 2975 in

260 3012 423 3081 parte
438 3010 1140 3067 constituens.Evidenter
1152 3011 1307 3066 enim
1331 3012 1581 3083 denegat
1599 3011 1905 3079 unitatem,

261 3100 589 3155 secundum
631 3116 809 3170 quam
842 3117 958 3156 non
981 3100 1126 3155 alter
1162 3117 1295 3156 cum
1329 3100 1513 3157 altero
1537 3102 1907 3167 coadoratur,

266 3192 366 3242 aut
388 3190 1173 3261 connuncupaturDeus,sed
1206 3207 1359 3245 unus
1383 3189 1907 3262 intelligituerri-

262 3280 390 3333 stus
411 3278 585 3334 Jesus
612 3278 794 3335 Filius
818 3279 919 3334 Dei
948 3279 1310 3351 unigenitus,
1335 3297 1453 3335 una
1475 3280 1755 3336 servitute
1777 3296 1909 3334 cum

263 3368 500 3439 prepria
522 3384 694 3423 carne
722 3370 1110 3423 venerandus.
1155 3369 1519 3424 Conﬁtemur
1548 3368 1718 3424 etiam
1753 3370 1907 3440 quod

262 3456 419 3510 idem
446 3456 571 3527 ipse
588 3455 688 3526 qui
711 3474 779 3511 ex
802 3457 917 3512 Deo
944 3462 1111 3514 Patre
1136 3461 1308 3515 natus
1331 3458 1627 3529 est,Filius
1653 3458 1913 3530 unigeni-

264 3551 363 3600 tus
394 3548 567 3612 Deus,
598 3544 735 3600 licet
756 3546 925 3617 juxta
957 3551 1225 3602 naturam
1261 3564 1428 3603 suam
1473 3564 1677 3619 expers
1718 3548 1911 3603 omnis

264 3633 558 3705 passionis
607 3634 919 3703 exstiterit,
964 3652 1068 3707 pro
1123 3636 1294 3692 nobis
1342 3642 1538 3692 tamen
1585 3637 1909 3693 secundum

265 3732 597 3804 Scripturas
628 3749 802 3789 carne
832 3752 1046 3806 passus
1088 3735 1184 3791 sit.
1232 3736 1299 3790 Et
1347 3741 1471 3792 erat
1526 3736 1585 3791 in
1637 3737 1911 3792 cruciﬁxo

265 3838 524 3893 corpore,
558 3824 803 3893 propriae
853 3823 1046 3879 carnis
1097 3825 1541 3896 impassibiliter
1570 3827 1642 3881 ad
1670 3843 1732 3882 se
1764 3828 1910 3882 refe-

267 3926 401 3966 rens
437 3912 763 3983 passiones.
788 3913 985 3967 Gratia
1008 3913 1165 3968 enim
1194 3914 1292 3969 Dei
1317 3931 1419 3985 pro
1440 3916 1691 3970 omnibus
1711 3922 1911 3987 gusta-

266 3999 348 4055 vit
377 4004 602 4057 mortem
645 4003 832 4072 (Hebr.
884 4003 971 4073 11),
1024 4003 1265 4058 tradens
1316 4004 1617 4076 proprium
1675 4021 1908 4076 corpus,

265 4090 531 4162 quamvis
581 4090 929 4147 naturaliter
975 4092 1102 4163 ipse
1158 4092 1276 4147 vita
1319 4093 1397 4148 sit
1452 4097 1508 4148 et
1565 4094 1911 4150 resurrectio

266 4180 808 4236 mortuorum.Nam
832 4184 897 4236 ut
920 4186 1167 4237 mortem
1190 4180 1472 4238 ineﬂ'abili
1503 4182 1765 4255 potentia
1786 4200 1912 4255 pro-

266 4266 541 4333 culcaret,
586 4284 652 4322 ac
702 4268 865 4339 prius
906 4270 967 4324 in
1016 4287 1125 4327 sua
1175 4287 1347 4326 carne
1391 4273 1793 4342 primogenitus
1844 4289 1913 4328 ea:

270 4357 501 4411 mortuis
532 4356 756 4426 (Coloss.
793 4358 832 4428 1)
879 4358 1064 4424 ﬁeret,
1111 4364 1166 4414 et
1210 4361 1485 4430 primitiae
1512 4360 1912 4417 dormientium

2002 1747 2178 1804 unius
2199 1764 2268 1803 ex
2287 1748 2456 1804 nobis
2479 1748 2812 1805 existimare
2834 1748 3138 1805 debemus.
3166 1750 3470 1816 Quomodo
3493 1749 3655 1807 enim

1992 1838 2167 1908 juxta
2187 1840 2459 1892 naturam
2497 1854 2665 1892 suam
2684 1836 3033 1892 viviﬁcatrix
3056 1854 3186 1893 esse
3210 1854 3345 1893 caro
3389 1838 3659 1895 hominis

2003 1925 2258 1999 poterit?
2307 1927 2414 1980 Sed
2456 1932 2522 1981 ut
2552 1942 2684 1981 vere
2736 1926 3030 1998 propriam
3077 1927 3207 1996 ejus
3260 1929 3502 1996 factam,
3566 1928 3675 1998 qui

2005 2020 2242 2088 propter
2263 2032 2367 2070 nos
2390 2013 2574 2072 Filius
2596 2015 2854 2071 hominis
2878 2020 2968 2070 est
2991 2016 3184 2071 factus
3203 2020 3259 2071 et
3278 2021 3520 2072 vocatus
3539 2017 3674 2074 .Eas

2007 2109 2202 2161 autem
2242 2121 2430 2173 voces,
2473 2120 2620 2176 quas
2669 2104 2933 2161 Salvator
2980 2109 3183 2160 noster
3228 2106 3288 2160 in
3324 2106 3669 2178 Evangeliis

2009 2194 2255 2267 protulit
2284 2210 2398 2249 non
2441 2193 2503 2249 in
2531 2194 2761 2249 duabus
2801 2194 3227 2263 subsistentiis,
3262 2199 3365 2250 aut
3396 2196 3671 2267 personis

2010 2284 2246 2341 omnino
2269 2284 2545 2355 patimur.
2579 2284 2703 2339 Non
2728 2288 2818 2340 est
2848 2284 3005 2340 enim
3035 2284 3275 2356 duplex,
3312 2301 3469 2341 unus
3501 2284 3669 2342 Chri-

2013 2378 2139 2429 stus
2162 2376 2218 2429 et
2240 2372 2705 2444 solus,quamvis
2730 2389 2798 2428 ex
2837 2373 3067 2429 duabus
3100 2373 3468 2444 diversisque
3496 2375 3678 2430 rebus

2014 2463 2085 2518 ad
2120 2462 2407 2518 unitatem
2458 2462 2836 2534 cognoscitur
2880 2462 3249 2518 individuam
3304 2463 3674 2520 convenisse.

2018 2561 2180 2617 Sicut
2210 2560 2384 2618 homo
2416 2577 2650 2633 quoque
2676 2578 2743 2617 ex
2775 2560 2975 2616 anima
3013 2563 3293 2616 constans
3325 2564 3381 2616 et
3410 2577 3673 2633 corpore,

2019 2667 2133 2706 non
2165 2650 2377 2722 duplex
2401 2651 2619 2723 potius,
2645 2650 2743 2705 sed
2779 2667 2932 2706 unus
2963 2654 3051 2706 est
3081 2668 3150 2706 ex
3172 2650 3677 2723 utroque.Huma-

2019 2758 2125 2796 nas
2157 2757 2293 2812 ergo
2318 2745 2375 2795 et
2406 2740 2635 2796 divinas
2681 2740 2926 2810 insuper
2974 2757 3145 2796 voces
3177 2741 3249 2796 ab
3293 2758 3409 2797 uno
3443 2741 3675 2798 Christo

2020 2829 2207 2885 dictas
2224 2829 2781 2897 animadvertentes,
2807 2833 2961 2885 recte
2985 2829 3301 2887 sentimus.
3340 2831 3483 2887 Cum
3516 2831 3675 2887 enim

2021 2918 2142 2974 haec
2172 2920 2285 2974 duo
2323 2918 2673 2990 dignissime
2705 2919 2963 2991 loquitur
2998 2920 3067 2975 de
3089 2919 3303 2991 seipso.
3329 2922 3435 2989 Qui
3459 2938 3544 2977 me
3580 2924 3668 2977 vi-

2023 3008 2130 3079 det,
2162 3007 2304 3064 videt
2360 3016 2412 3063 et
2445 3010 2663 3065 Patrem
2713 3010 2889 3079 (Joan.
2926 3008 3041 3081 x1v)
3062 3025 3084 3070 ;
3131 3013 3189 3065 et
3249 3026 3261 3065 :
3324 3014 3437 3079 Ego
3467 3014 3519 3066 et
3559 3016 3677 3066 Pa~

2022 3106 2107 3153 ter
2133 3114 2307 3152 unum
2336 3114 2525 3153 sumus
2561 3102 2743 3169 (Joan.
2780 3100 2835 3168 x)
2871 3116 2884 3154 :
2919 3098 3176 3154 divinam
3236 3100 3365 3171 ejus
3397 3098 3678 3172 intelligi-

2018 3203 2151 3242 mus
2166 3186 2639 3260 ineﬁ‘abilemque
2652 3192 2920 3243 naturam
2933 3189 3279 3258 ,secundum
3301 3205 3477 3261 quam
3493 3206 3677 3245 unum

2018 3279 2109 3332 est
2131 3293 2266 3332 cum
2288 3280 2458 3333 Patre
2480 3294 2607 3345 suo,
2635 3280 2874 3349 propter
2895 3294 3099 3345 unam,
3125 3278 3510 3350 eamdemque
3531 3278 3676 3334 sub-

2020 3366 2322 3431 stantiam,
2344 3367 2535 3437 imago
2558 3370 2614 3421 et
2634 3366 2939 3423 character
2970 3365 3367 3439 splendorque
3387 3368 3515 3439 ejus
3550 3367 3679 3439 glo~

2020 3456 2119 3511 riae
2146 3454 2424 3513 existens.
2456 3456 2598 3511 Cum
2632 3472 2767 3512 vero
2784 3454 3056 3511 humanae
3082 3460 3299 3512 naturae
3335 3472 3676 3513 mensuram

2021 3545 2285 3600 nullatus
2333 3544 2633 3615 ignorans,
2691 3544 2927 3600 Judazos
2988 3544 3309 3617 alloquitur
3346 3562 3359 3600 :
3391 3546 3548 3602 Nune
3583 3564 3675 3603 me

2020 3635 2268 3707 quaeritis
2305 3634 2547 3690 occidere
2578 3633 2873 3704 hominem,
2908 3635 3003 3706 qui
3025 3636 3315 3690 veritatem
3346 3637 3495 3691 vobis
3522 3636 3677 3692 locu-

2021 3729 2107 3780 tus
2136 3741 2261 3779 sum
2309 3724 2486 3795 (Joan.
2513 3723 2638 3794 vm)
2670 3740 2683 3778 :
2717 3723 2857 3779 item
2917 3740 3033 3779 non
3068 3722 3266 3780 minus
3311 3741 3447 3780 eum
3480 3725 3581 3796 qui
3616 3725 3676 3781 in

2025 3812 2478 3869 similitudinem
2511 3816 2568 3867 et
2599 3813 2999 3884 aequalitatem
3029 3813 3216 3867 Patris
3243 3813 3543 3883 est,Deum
3577 3830 3676 3869 ve-

2023 3920 2154 3957 rum
2191 3902 2367 3958 etiam
2402 3901 2460 3956 in
2494 3901 2791 3957 mensuris
2818 3901 3209 3957 humanitatis
3237 3902 3366 3972 ejus
3400 3902 3673 3974 agnosci-

2021 4008 2175 4047 mus.
2228 3990 2282 4045 Si
2339 3991 2494 4046 enim
2546 3989 2875 4046 necessario
2926 3990 3206 4059 creditur,
3251 3992 3407 4063 quod
3464 3996 3679 4046 natura

2019 4090 2175 4145 Deus
2197 4088 2453 4145 existens
2476 4088 2665 4144 factus
2707 4088 2783 4144 sit
2804 4105 2958 4158 caro,
2988 4087 3105 4144 imo
3131 4088 3327 4159 potius
3350 4087 3523 4144 homo
3549 4088 3679 4144 ani-

2023 4187 2217 4233 matus
2245 4178 2443 4233 anima
2471 4177 2745 4232 rationali
2771 4194 2783 4232 :
2809 4194 2938 4249 quas
2980 4194 3155 4233 causa
3184 4181 3293 4243 est,
3327 4181 3390 4232 ut
3436 4176 3495 4231 in
3544 4178 3673 4249 ejus

2019 4266 2260 4322 vocibus
2292 4265 2536 4337 quilibet
2566 4266 2897 4333 erubescat,
2951 4266 3001 4321 si
3053 4282 3151 4321 eas
3201 4266 3436 4322 homine
3468 4266 3675 4338 dignas

2021 4355 2231 4411 effatus
2252 4354 2385 4410 est?
2407 4354 2571 4420 Quod
2603 4354 2652 4409 si
2686 4342 2987 4410 sermones
3018 4353 3244 4410 homini
3274 4360 3668 4428 congruentes

268 4446 317 4514 (Ι
350 4445 480 4500 Cor.
514 4445 631 4515 xv),
662 4444 935 4516 viamque
984 4446 1199 4502 faceret
1236 4448 1519 4504 humanm
1569 4459 1790 4506 natura
1840 4453 1911 4507 ad
1942 4431 1989 4497 D
2020 4444 2245 4515 abjicit,
2276 4445 2439 4515 juxta
2474 4460 2578 4499 nos
2610 4443 2889 4499 hominen
2924 4444 3048 4499 ﬁeri
3080 4445 3222 4515 quid
3264 4444 3497 4516 coegit?
3522 4444 3670 4502 Cum

265 4533 724 4603 incorruptionis
757 4550 1066 4590 recursum
1103 4552 1114 4589 :
1143 4537 1331 4606 gratia
1361 4537 1485 4607 Dei,
1523 4539 1679 4595 sicut
1710 4557 1918 4612 supra-

268 4622 492 4677 dictum
523 4627 634 4691 est,
661 4639 760 4693 pro
790 4625 1048 4680 omnibus
1078 4628 1335 4695 gustavit
1364 4633 1616 4694 mortem,
1661 4634 1718 4684 et
1748 4630 1918 4686 tertia

265 4712 359 4767 die
380 4727 692 4782 resurgens
714 4712 1059 4784 exspoliavit
1080 4713 1627 4772 infernum.Idcirco
1643 4719 1917 4787 quamvis

268 4799 499 4854 dicatur
518 4800 671 4871 quod
688 4818 787 4873 per
804 4801 1101 4857 hominem
1122 4803 1272 4857 facta
1294 4803 1371 4859 sit
1392 4806 1745 4861 resurrectio
1760 4822 1915 4862 mor-

268 4893 528 4959 tuorum,
553 4895 749 4945 tamen
775 4889 1162 4962 intelligimus
1191 4892 1490 4949 hominem
1522 4896 1743 4950 tactum
1773 4895 1913 4952 Ver-

268 4976 410 5032 bum
446 4983 693 5047 quodex
731 4978 848 5035 Deo
892 4984 1015 5049 est;
1050 4984 1106 5035 et
1133 4998 1233 5051 per
1262 4982 1457 5053 ipsum
1492 4985 1702 5040 mortis
1732 4985 1913 5058 impe-

267 5064 423 5120 rium
446 5064 629 5122 fuisse
649 5068 1038 5123 destructum.
1073 5069 1273 5125 Veniet
1304 5075 1498 5127 autem
1549 5074 1913 5145 temporibus

266 5151 591 5224 praeﬁnitis,
638 5156 792 5209 sicut
836 5161 927 5211 est
974 5173 1128 5211 unus
1178 5158 1382 5224 Filius,
1430 5165 1485 5214 et
1535 5160 1819 5217 Dominus
1852 5164 1909 5218 in

264 5241 451 5312 gloria
480 5242 692 5308 Patris,
727 5249 790 5299 ut
813 5245 1042 5315 judicet
1074 5248 1276 5302 orbem
1308 5252 1597 5305 terrarum
1632 5251 1691 5306 in
1725 5253 1910 5323 aequi-

263 5336 384 5388 tate
408 5334 577 5405 (Psal.
616 5335 759 5404 xcv),
793 5333 945 5389 sicut
974 5336 1277 5407 Scriptura
1308 5341 1579 5395 testatur.
1622 5340 1907 5399 Necessa-

267 5421 352 5475 rio
384 5422 563 5489 igitur
591 5427 648 5479 et
679 5423 788 5479 hoc
820 5424 1153 5495 adjicimus.
1180 5426 1611 5484 Annuntiantes
1632 5429 1785 5485 enim
1821 5448 1909 5487 se-

269 5509 529 5568 cundum
562 5528 798 5571 carnem
826 5518 1073 5571 mortem
1108 5514 1396 5589 unigeniti
1430 5516 1557 5573 Filii
1589 5518 1711 5588 Dei,
1740 5519 1797 5576 id
1822 5524 1911 5577 est

2026 4550 2159 4591 vero
2191 4551 2251 4589 se
2278 4538 2513 4604 prepter
2543 4550 2649 4588 nos
2681 4534 2754 4588 ad
2785 4533 3243 4589 exinanitionem
3283 4538 3672 4607 spontaneam

2028 4622 2487 4678 misericorditer
2516 4621 2906 4691 inclinaverit,
2959 4638 3137 4693 quam
3187 4622 3257 4677 ob
3308 4640 3546 4679 causam
3581 4624 3673 4679 di-

2025 4729 2174 4785 gnos
2196 4710 2589 4766 exinanitione
2613 4703 2938 4767 'sermones
2987 4710 3315 4782 eti‘ugeret?
3354 4711 3462 4768 Uni
3492 4711 3675 4783 igitur

2026 4818 2285 4873 personae
2305 4806 2514 4856 cuncta
2540 4803 2671 4872 ejus
2715 4802 2773 4855 in
2807 4800 3113 4872 Evangelio
3145 4802 3519 4874 ascribimus,
3570 4804 3677 4858 uni

2024 4890 2323 4963 hypostasi
2350 4905 2453 4946 seu
2493 4890 2893 4946 subsistentiis
2914 4889 3086 4946 Verbi
3108 4890 3332 4947 scilicet
3359 4891 3672 4959 incarnati,

2023 4980 2162 5050 quia
2191 4995 2334 5034 unus
2365 4984 2457 5034 est
2486 4980 2755 5035 Dominus
2799 4981 2953 5035 Jesus
2987 4978 3238 5035 Christus
3270 4981 3312 5050 (I
3368 4979 3487 5036 Cor.
3521 4981 3672 5053 VIII),

2021 5082 2085 5133 ut
2114 5080 2402 5150 scriptum
2432 5082 2540 5134 est.
2573 5077 2947 5149 Appellatum
2979 5095 3113 5134 vero
3135 5078 3206 5133 ab
3226 5079 3500 5149 Apostolo
3526 5095 3672 5151 pon-

2021 5168 2222 5237 tiﬁcem
2250 5169 2611 5238 confessionis
2640 5172 2839 5223 nostrae
2869 5167 3052 5239 (Hebr.
3086 5176 3151 5235 ΙΙ)
3175 5172 3458 5240 tanquam
3488 5169 3669 5225 sacri-

2021 5257 2292 5312 ﬁcantem
2326 5263 2438 5312 Deo
2468 5260 2525 5312 et
2570 5256 2721 5312 Patri
2772 5256 2912 5312 ﬁdei
2964 5261 3175 5311 nostras
3219 5258 3673 5328 confessionem,

2019 5362 2142 5416 quae
2175 5363 2208 5400 a
2239 5345 2411 5401 nobis
2439 5345 2584 5417 ipsis
2611 5362 2713 5419 per
2744 5346 2941 5417 ipsum
2965 5349 3080 5401 Deo
3112 5350 3169 5401 et
3190 5346 3349 5402 Patri
3372 5347 3673 5405 incessan-

2019 5440 2103 5489 ter
2133 5435 2373 5490 oﬂ‘ertur
2408 5451 2420 5490 :
2452 5435 2663 5491 iterum
2696 5452 2831 5490 eum
2877 5433 3154 5501 dicimus,
3189 5435 3290 5506 qui
3321 5451 3388 5491 ex
3423 5436 3534 5492 Deo
3567 5453 3661 5492 se-

2021 5524 2283 5581 cundum
2303 5528 2576 5582 naturam
2599 5522 2781 5582 Filius
2802 5528 2891 5580 est
2916 5523 3283 5597 unigenitus,
3307 5539 3413 5581 nec
3442 5523 3673 5583 homini
