3982 6060
223 314 304 368 65

1305 303 1618 356 DECRETI
1661 299 1846 353 PARS
1883 300 1930 350 Ῑ.
1963 322 2028 334 -—
2058 297 2153 349 DE
2193 297 2380 362 FIDE,
2421 298 2576 350 ETC.
3574 297 3646 349 66

233 443 450 511 praeter
478 451 616 490 eum
661 432 848 498 alteri,
901 428 1208 487 sacerdotii
1260 443 1470 482 nomen
1531 429 1586 480 et
1634 423 1892 479 olﬁcium
1925 422 1978 488 Α
2003 422 2170 490 juxta
2200 421 2640 476 subsistentiam
2674 422 2913 476 sibimet
2943 421 3154 476 uniens
3185 422 3505 477 humanam
3538 440 3647 478 na-

228 530 614 600 deputamus.
645 527 856 578 Factus
887 524 981 576 est
1009 519 1164 575 enim
1198 517 1476 572 mediator
1504 515 1605 568 Dei
1635 517 1684 567 et
1713 512 1892 567 homi-

224 635 367 672 num
411 618 459 686 (Ι
495 617 631 670 Tim.
669 615 753 681 ιι),
789 615 844 666 et
874 607 1281 664 reconciliator
1328 606 1399 659 ad
1436 620 1661 675 pacem,
1702 604 1893 657 semet-

233 711 423 780 ipsum
475 706 584 759 Deo
615 707 671 757 et
712 700 864 755 Patri
905 715 1002 770 pro
1052 697 1211 752 nobis
1263 695 1516 749 offerens
1564 691 1619 744 in—
1671 691 1897 745 odorem

231 796 539 852 suavitatis
570 792 789 863 (Ephes.
825 790 904 859 ν).
941 788 1197 857 Ideoque
1229 784 1496 838 dicebat:
1543 780 1896 847 Sacriﬁcium

238 891 296 940 et
324 886 658 941 oblationem
715 879 966 947 noluisti,
1026 874 1370 930 holocausta
1414 888 1513 942 pro
1543 877 1756 941 peccato
1787 883 1900 921 non

237 975 352 1029 tibi
382 973 753 1045 placuerunt,
789 983 1003 1040 corpus
1036 968 1222 1020 autem
1252 961 1537 1034 perfeeisti
1567 959 1726 1012 mihi.
1761 959 1903 1010 Tunc

235 1066 385 1121 dixi.
420 1064 548 1117 Ecce
579 1060 757 1116 venio.
790 1060 853 1113 In
905 1055 1087 1126 capite
1135 1053 1268 1107 libri
1299 1052 1568 1121 scriptum
1596 1054 1674 1102 est
1702 1046 1767 1100 de
1796 1061 1900 1111 me,

237 1167 303 1218 ut
334 1161 546 1218 faciam
581 1164 732 1214 Deus
788 1155 1127 1212 voluntatem
1157 1154 1314 1206 tuam
1337 1148 1508 1220 (Psal.
1542 1145 1755 1216 xxxxx).
1789 1143 1904 1198 Ob-

239 1253 381 1308 tulit
412 1251 566 1307 enim
600 1246 904 1320 proprium
966 1259 1180 1314 corpus
1241 1257 1357 1295 non
1406 1254 1508 1310 pro
1560 1253 1641 1303 se,
1675 1236 1776 1289 sed
1805 1248 1905 1304 pro

240 1343 431 1409 nobis,
461 1342 521 1396 in
549 1337 768 1394 odorem
800 1333 1126 1390 sua-vitatis.
1183 1331 1329 1386 Nam
1363 1345 1482 1400 qua
1510 1343 1614 1398 pro
1647 1341 1708 1380 se
1739 1321 1904 1378 obla-

245 1433 414 1487 tione
445 1427 535 1484 vel
566 1425 854 1483 sacriﬁcio
907 1421 1218 1493 indigeret,
1254 1419 1324 1474 ab
1356 1417 1516 1473 omni
1549 1418 1786 1487 peccato
1831 1411 1906 1466 li-

250 1523 358 1575 ber
390 1521 454 1573 ut
486 1521 639 1572 Deus
669 1513 926 1570 existens
952 1529 965 1567 :
1026 1510 1189 1574 Quod
1243 1508 1289 1564 si
1340 1522 1526 1562 omnes
1552 1505 1910 1576 peccaverunt

243 1615 298 1666 et
331 1614 492 1679 egent
518 1607 706 1677 gratia
758 1603 857 1659 Dei
913 1601 1088 1672 (Rom.
1120 1598 1203 1669 v),
1255 1597 1580 1654 secundum
1615 1593 1720 1649 hoc
1752 1591 1908 1663 quod

245 1714 463 1753 sumus
497 1697 568 1750 ad
594 1691 1008 1750 mutabilitatis
1033 1704 1339 1744 excessum
1372 1684 1673 1758 proniores
1698 1679 1908 1746 eﬁ'ecti,

246 1785 505 1860 peccatis
537 1782 842 1856 aegrotavit
897 1781 1158 1835 humana
1204 1779 1439 1842 natura,
1475 1774 1601 1846 ipse
1630 1788 1762 1827 vero
1794 1786 1907 1825 non
1940 1794 1987 1859 B

249 1859 371 1934 ita:
404 1877 654 1948 ideoque
686 1891 791 1930 nos
823 1872 1011 1944 gloria
1050 1871 1178 1941 ejus
1219 1867 1493 1939 eguimus
1520 1880 1534 1921 :
1563 1881 1670 1920 cur
1694 1862 1803 1918 erit
1825 1859 1910 1917 ul-

250 1974 348 2024 tra
372 1969 498 2038 jam
535 1964 784 2020 dubium
820 1962 973 2033 quod
1034 1963 1234 2029 Agnus
1295 1973 1468 2011 verus
1499 1970 1603 2026 pro
1635 1952 1803 2007 nobis
1835 1950 1913 2005 sit

261 2053 646 2112 immolatus?
670 2053 778 2120 Qui
803 2051 946 2106 dicit
970 2053 1190 2116 autem,
1215 2045 1356 2117 quia
1381 2044 1640 2114 seipsum
1667 2046 1786 2095 tam
1811 2056 1928 2110 pro-

262 2164 326 2203 se
359 2161 534 2217 quam
568 2160 670 2214 pro
702 2141 873 2197 nobis
904 2137 1183 2194 obtulerit
1220 2137 1369 2206 (Isai.
1405 2135 1542 2203 Lm),
1580 2130 1916 2186 nullatenus

260 2233 587 2305 impietatis
620 2231 841 2286 crimen
873 2227 1128 2297 effugiet,
1157 2241 1290 2280 cum
1341 2221 1484 2277 nihil
1533 2236 1774 2292 prorsus
1807 2218 1916 2272 iste

259 2323 597 2395 deliquerit,
633 2336 738 2375 nec
791 2317 977 2374 ullum
1040 2315 1240 2370 fecerit
1287 2312 1526 2367 omnino
1588 2312 1912 2382 peccatum.

262 2427 391 2489 Qua
420 2421 601 2494 igitur
631 2423 872 2491 eguerat
929 2414 1256 2480 oblatione;
1323 2410 1482 2467 nullo
1515 2426 1622 2464 suo
1652 2410 1916 2462 exstante

266 2512 551 2575 facinore,
586 2525 690 2580 pro
723 2523 837 2578 quo
868 2505 918 2560 si
950 2509 1125 2569 esset,
1177 2501 1325 2557 satis
1358 2499 1677 2555 admodum
1709 2511 1916 2551 conve-

264 2601 502 2656 nienter
557 2597 810 2653 oﬁerret.
870 2594 951 2648 De
1001 2591 1210 2664 spiritu
1273 2605 1506 2660 quoque
1554 2603 1688 2642 cum
1737 2583 1915 2639 dicit:

265 2693 368 2746 Ille
398 2705 482 2743 me
511 2685 842 2757 clariﬁcabit
866 2684 1050 2754 (Joan.
1084 2682 1221 2751 xv1),
1254 2679 1363 2734 hoc
1414 2676 1742 2732 rectissime
1782 2690 1918 2728 sen-

270 2781 507 2845 tientes,
543 2791 726 2831 unum
761 2773 1059 2828 Christum
1094 2775 1149 2824 et
1181 2768 1391 2834 ﬁlium,
1425 2783 1541 2820 non
1575 2763 1730 2818 velut
1787 2762 1922 2818 alte-

269 2871 396 2924 rius
430 2870 694 2938 egentem
729 2861 934 2934 gloria,
967 2859 1316 2915 eonﬁtemur
1368 2873 1401 2912 a
1449 2853 1670 2925 Spiritu
1718 2855 1921 2907 sancto

271 2956 522 3029 gloriam
546 2956 958 3018 consecutum;
989 2949 1128 3020 quia
1143 2947 1395 3019 Spiritus
1418 2944 1544 3015 ejus
1567 2959 1672 2998 nec
1694 2941 1921 3008 melior,

272 3071 378 3110 nec
406 3052 677 3124 superior
706 3051 834 3121 ipso
864 3053 969 3104 est.
1021 3047 1131 3102 Sed
1184 3045 1322 3117 quia
1352 3043 1613 3098 humana
1642 3057 1818 3111 opera
1840 3039 1924 3094 fa-

2003 515 2217 578 turam,
2253 510 2613 565 nativitatem
2642 510 2991 566 sustinuerit
3021 527 3088 565 ex
3144 510 3274 582 ipsa
3305 510 3476 566 vulva
3527 529 3647 567 cor-

2009 617 2202 672 porea.
2260 600 2384 654 Non
2434 601 2588 670 quod
2642 599 2868 670 eguerit
2924 599 3254 656 necessario
3299 616 3368 654 ea
3413 607 3648 672 propter

2007 705 2175 743 suam
2215 693 2484 743 naturam
2520 688 2822 743 nativitate
2854 705 2980 759 quis
3013 694 3102 743 est
3149 689 3207 743 in
3246 689 3521 744 extremis
3553 706 3653 744 saa-

2009 778 2125 832 culi
2161 778 2316 833 facta
2334 778 2826 849 temporibus,sed
2852 778 3086 849 utipsas
3109 777 3462 833 benediciret
3484 777 3653 834 subs-

2010 868 2203 922 tantiae
2240 873 2449 922 nostra?
2470 867 2793 937 primitias:
2837 871 2893 921 et
2932 868 3073 921 dum
3117 867 3300 922 Deum
3324 868 3484 922 carni
3519 867 3652 921 uni-

2009 960 2134 1011 tum
2166 956 2378 1011 mulier
2398 956 2805 1027 edidissetﬁlla
2823 973 2949 1026 quae
2978 957 3258 1012 adversus
3277 973 3448 1012 omne
3470 973 3656 1028 genus

2012 1046 2334 1101 humanum
2369 1045 2704 1101 maledictio
2729 1046 2918 1100 fuerat
2951 1045 3176 1117 prolata
3208 1046 3520 1112 desineret,
3554 1062 3660 1100 nec

2005 1136 2132 1206 jam
2167 1136 2339 1190 morti
2370 1139 2570 1190 nostra
2599 1151 2841 1206 corpora
2873 1133 3214 1190 destinaret.
3249 1134 3398 1190 Illud
3428 1149 3659 1205 quoque

2016 1241 2131 1296 quo
2163 1225 2382 1280 dictum
2407 1229 2532 1281 est:
2566 1230 2634 1280 In
2691 1224 2935 1280 tristitia
2982 1226 3169 1294 paries
3196 1225 3338 1294 ﬁlios
3367 1222 3523 1293 (Gen.
3547 1225 3659 1294 in),

2018 1315 2142 1386 ipse
2168 1314 2522 1382 dissolvens,
2556 1331 2755 1370 verum
2787 1329 2915 1370 esse
2947 1317 3298 1368 monstraret
3345 1315 3501 1383 quod
3529 1330 3660 1384 pro-

2018 1403 2202 1476 pheta
2236 1420 2373 1458 voce
2404 1403 2789 1474 praedixerat:
2817 1401 3080 1472 Absorpta
3109 1406 3184 1456 est
3213 1417 3358 1457 mors
3410 1404 3469 1456 in
3499 1404 3667 1458 victo-

2019 1496 2109 1548 ria
2139 1493 2186 1564 (I
2217 1495 2342 1549 Cor.
2378 1495 2493 1561 xv).
2548 1493 2618 1546 Et
2673 1491 2928 1546 iterum:
2990 1490 3231 1546 Abstulit
3286 1491 3429 1546 Deus
3456 1506 3672 1548 omnem

2021 1585 2324 1653 lacrymam
2346 1581 2418 1636 ab
2454 1580 2614 1636 omni
2647 1580 2792 1636 faeie
2825 1581 3005 1652 (Apoc.
3058 1581 3178 1651 vn).
3235 1581 3475 1652 Propter
3519 1580 3669 1636 hanc

2020 1671 2175 1727 enim
2208 1686 2444 1726 causam
2477 1671 2732 1726 dicimus
2764 1685 2898 1725 eum
2932 1669 3376 1742 dispensatoris,
3418 1674 3475 1725 et
3522 1669 3665 1742 ipsis

2019 1760 2389 1816 benedixisse
2420 1763 2561 1816 tunc
2585 1759 2829 1831 nuptiis,
2857 1776 2989 1814 cum
3017 1759 3076 1813 in
3099 1760 3252 1815 Cana
3275 1758 3506 1815 Galileze
3527 1775 3662 1815 cum

2023 1851 2245 1906 sanctis
2265 1854 2502 1905 vocatus
2525 1848 2806 1921 apostolis
2847 1849 3052 1904 adesse
3074 1849 3351 1920 dignatus
3373 1853 3460 1904 est
3473 1850 3662 1920 (Joan.

2023 1942 2104 2012 ιι).
2139 1939 2267 1994 Haec
2289 1955 2490 2009 sapere
2513 1955 2722 1993 sumus
2754 1937 2941 1992 edocti
2987 1955 3019 1992 a
3053 1937 3271 1992 sanctis
3300 1937 3579 2008 apostolis
3609 1941 3667 1992 et

2023 2028 2422 2099 evangelistis,
2454 2034 2508 2082 et
2538 2027 2609 2082 ab
2642 2026 2801 2081 omni
2851 2027 3136 2096 Scriptura
3171 2026 3438 2081 divinitus
3490 2027 3665 2097 inspi-

2023 2121 2141 2172 rata
2175 2119 2246 2189 (II
2274 2117 2647 2187 Tim.111),nec
2679 2132 2793 2170 non
2823 2118 2877 2170 et
2900 2132 2932 2169 a
2962 2115 3148 2169 beatis
3169 2115 3408 2169 Patrum
3441 2115 3666 2170 confes-

2025 2207 2290 2262 sionibus
2333 2206 2574 2260 veritate
2622 2204 3020 2259 subnixis.llis
3061 2203 3338 2259 omnibus
3370 2205 3545 2260 etiam
3579 2221 3667 2259 re-

2024 2297 2299 2368 ligionem
2338 2302 2495 2349 tuam
2525 2295 2900 2359 concordare,
2933 2298 2991 2348 et
3034 2297 3242 2365 praeter
3271 2293 3525 2365 aliquem
3558 2295 3662 2348 do—

2025 2386 2148 2440 lum
2182 2384 2511 2441 consentire
2552 2384 2676 2454 jam
2739 2382 3025 2438 convenit.
3061 2383 3195 2446 Qua:
3237 2398 3370 2438 vero
3401 2382 3666 2453 religioni

2025 2481 2136 2530 tuae
2170 2473 2665 2529 anathematizare
2689 2489 2923 2527 necesse
2950 2475 3057 2538 est,
3083 2472 3217 2526 huic
3247 2471 3503 2543 epistola:
3537 2490 3668 2528 nos-

2025 2568 2124 2618 tres
2158 2563 2423 2632 subjecta
2442 2565 2601 2616 sunt.

2099 2678 2142 2727 I.
2177 2671 2236 2725 Si
2268 2670 2401 2740 quis
2427 2686 2539 2724 non
2560 2668 2866 2723 conﬁtetur
2887 2668 3069 2722 Deum
3094 2682 3224 2722 esse
3243 2668 3523 2723 veraciter
3545 2669 3671 2724 Em-

2030 2758 2352 2828 manuel,et
2373 2762 2608 2829 propter
2629 2757 2738 2812 hoc
2769 2756 2957 2828 ipsam
2984 2755 3080 2810 Dei
3109 2755 3460 2812 Genitricem
3496 2774 3671 2812 sanc—

2032 2855 2149 2905 tam
2208 2847 2492 2919 virginem
2537 2845 2787 2917 (peperit
2834 2843 2989 2898 enim
3049 2845 3376 2899 secundum
3410 2861 3670 2911 carnem,

2032 2953 2262 2995 carnem
2288 2936 2502 2991 factum
2525 2935 2625 2989 Dei
2648 2935 2924 3000 Verbum,
2947 2933 3270 2988 secundum
3303 2934 3460 3005 quod
3492 2934 3676 3005 scrip-

2034 3033 2158 3083 tum
2191 3030 2315 3081 est:
2351 3027 2415 3080 Et
2450 3025 2679 3080 Verbum
2724 3038 2853 3078 caro
2883 3026 3089 3092 factum
3137 3026 3219 3077 est
3250 3023 3426 3090 (Joan.
3462 3025 3500 3092 1)
3532 3039 3672 3078 ana-

270 3144 458 3212 ciens,
484 3112 563 3196 ad
614 3112 1175 3194 demonstrationem
1203 3112 1358 3188 suae
1389 3130 1659 3222 Deitatis
1712 3130 1924 3183 virtute
1955 3155 1997 3222 Ο
2033 3112 2359 3222 ilignis“.

275 3229 496 3303 proprii
526 3228 780 3300 Spiritus
798 3225 1096 3290 utebatur,
1111 3224 1182 3278 ab
1207 3222 1332 3294 ipso
1349 3218 1665 3291 gloriﬁcari
1687 3217 1922 3283 dicitur,

274 3321 429 3392 quod
446 3320 631 3373 virtus
655 3333 763 3371 sua
787 3314 876 3370 vel
904 3311 1217 3384 disciplina
1240 3309 1516 3381 qualibet
1539 3322 1928 3378 unumquem-

274 3425 390 3480 que
423 3407 726 3463 clariﬁcet.
761 3404 1037 3470 Quamvis
1067 3400 1224 3456 enim
1257 3400 1315 3454 in
1347 3415 1457 3453 sua
1488 3397 1566 3452 sit
1595 3394 1928 3451 substantia

271 3498 534 3570 Spiritus
564 3498 714 3565 ejus,
749 3500 806 3548 et
836 3492 1200 3561 intelligatur
1230 3491 1288 3543 in
1323 3503 1573 3559 persona
1604 3485 1928 3556 proprietas

269 3587 445 3652 juxta
469 3585 526 3639 id
561 3584 716 3655 quod
747 3582 1001 3653 Spiritus
1034 3583 1139 3648 est,
1175 3583 1232 3634 et
1263 3593 1376 3631 non
1410 3575 1611 3642 Filius,
1672 3578 1928 3628 attamen

279 3677 381 3730 10
413 3675 646 3729 alienus
679 3689 792 3726 non
825 3676 916 3726 est
945 3671 1017 3726 ab
1050 3669 1171 3724 illo.
1205 3667 1351 3722 Nam
1386 3663 1642 3736 Spiritus
1673 3660 1929 3732 appella-

279 3769 379 3819 tus
411 3768 501 3819 est
530 3761 790 3817 veritatis
817 3761 993 3827 (Joan.
1026 3763 1162 3827 xw),
1198 3761 1255 3811 et
1279 3755 1494 3810 veritas
1523 3751 1788 3808 Christus
1821 3753 1926 3804 est.

282 3854 446 3910 Unde
475 3858 532 3906 et
563 3852 634 3906 ab
669 3851 781 3905 isto
813 3848 1102 3914 similiter,
1139 3846 1292 3900 sicut
1339 3860 1407 3898 ex
1455 3842 1569 3896 Deo
1600 3841 1768 3895 Patre
1798 3854 1931 3909 pro-

280 3943 454 3996 cedit.
491 3940 754 4011 Denique
785 3938 879 3993 hic
906 3937 1034 4009 ipse
1064 3935 1321 4007 Spiritus
1351 3933 1531 3988 etiam
1566 3947 1667 4001 per
1697 3934 1932 3984 sancto-

282 4047 413 4085 rum
447 4046 660 4084 manus
686 4025 1085 4098 apostolorum
1147 4021 1434 4077 miracula
1478 4018 1731 4091 gloriosa
1762 4015 1931 4088 perﬁ-

283 4120 464 4187 cieus,
494 4117 812 4173 Dominum
846 4113 1412 4186 gloriﬁcavitJesum
1447 4107 1932 4176 Christum,post-

283 4225 462 4278 quam
495 4207 758 4261 ascendit
775 4204 833 4258 in
856 4203 1086 4258 caelum.
1115 4202 1262 4256 Nam
1286 4198 1542 4254 creditus
1563 4202 1652 4250 est
1671 4194 1935 4250 Christus

284 4305 497 4350 natura
530 4295 687 4349 Deus
718 4293 995 4357 existens,
1031 4307 1133 4361 per
1165 4305 1338 4342 suum
1375 4289 1656 4357 Spiritum
1698 4283 1937 4337 virtutes

280 4384 566 4439 efﬁciens.
603 4383 856 4452 Ideoque
888 4380 1157 4434 dicebat:
1190 4378 1259 4430 De
1306 4392 1428 4430 meo
1469 4374 1722 4444 accipiet,
1752 4376 1802 4426 et
1832 4388 1935 4426 an-

279 4474 568 4528 nuntiabit
600 4471 746 4527 vobis
779 4471 956 4540 (Joan.
992 4469 1130 4537 xw).
1167 4466 1549 4537 Nequaquam
1587 4478 1720 4517 vero
1754 4460 1936 4532 parti-

280 4563 577 4633 cipatione
609 4559 873 4626 alterius,
891 4558 1045 4612 idem
1065 4555 1320 4627 Spiritus
1343 4553 1580 4624 sapiens
1612 4557 1713 4606 aut
1736 4555 1940 4620 potens

279 4652 524 4712 dicitur,
560 4649 700 4720 quia
732 4664 834 4719 per
855 4646 1051 4701 omnia
1080 4645 1372 4716 perfectus
1393 4645 1568 4710 est,et
1590 4638 1750 4694 nullo
1773 4654 1938 4709 pror-

283 4757 388 4795 sus
414 4739 687 4809 indigens
719 4738 891 4791 bono.
925 4733 1071 4789 Nam
1095 4737 1347 4804 paternas
1373 4728 1609 4785 virtutis
1631 4732 1686 4782 et
1707 4726 1939 4798 sapien-

283 4828 401 4896 tiae,
437 4828 496 4882 id
523 4832 612 4882 est
642 4825 791 4895 Filii,
823 4824 1077 4895 Spiritus
1110 4821 1406 4876 creditur:
1441 4823 1496 4873 et
1541 4817 1671 4872 ideo
1723 4816 1852 4886 ipsa
1884 4829 1942 4868 re

284 4929 342 4979 et
374 4924 765 4980 subsistentia
788 4923 972 4976 virtus
997 4925 1052 4975 et
1075 4920 1362 4990 sapientia
1385 4913 1942 4986 eomprobatur.lgi-

285 5019 386 5067 tur
416 5014 554 5084 quia
576 5013 759 5069 Deum
794 5011 953 5065 carni
1007 5009 1234 5063 unitum
1279 5008 1450 5077 juxta
1499 5002 1943 5060 subsistentiam

286 5107 498 5158 sancta
527 5100 686 5173 virgo
720 5098 1096 5168 corporaliter
1126 5096 1372 5168 peperit,
1419 5094 1635 5148 idcirco
1684 5108 1810 5146 eam
1845 5089 1942 5144 Dei

284 5191 642 5247 Genitricem
673 5206 799 5245 esse
831 5186 1329 5258 proﬁtemur.Nou
1349 5183 1503 5254 quod
1537 5181 1710 5236 Verbi
1734 5185 1944 5235 natura

285 5279 578 5335 existendi
632 5277 993 5350 principium
1051 5277 1121 5330 de
1177 5290 1350 5330 carne
1392 5271 1602 5327 sortita
1633 5270 1746 5324 sit:
1807 5271 1942 5323 Erat

285 5370 447 5424 enim
483 5371 542 5422 in
583 5368 871 5439 principio
927 5366 1176 5428 Verbum,
1225 5372 1277 5418 et
1330 5363 1577 5416 Verbum
1633 5367 1752 5414 erat
1796 5357 1943 5428 apud

284 5457 480 5527 Deum,
512 5462 563 5512 et
592 5457 732 5512 Deus
788 5463 914 5512 erat
973 5454 1201 5511 Verbum
1260 5454 1446 5523 (Joan.
1509 5449 1571 5520 1),
1617 5455 1671 5503 et
1703 5450 1825 5519 ipse
1853 5451 1942 5502 est

285 5545 559 5601 conditor
578 5544 951 5610 saeculorum,
987 5543 1137 5598 Patri
1189 5545 1532 5605 coaeternus,
1566 5542 1623 5593 et
1655 5535 1938 5591 universi-

283 5635 430 5694 tatis
488 5638 734 5692 creator.
796 5633 904 5688 Sed
965 5631 1144 5703 quod,
1216 5633 1282 5686 ut
1333 5627 1608 5700 superius
1656 5625 1937 5695 diximus,

2107 3204 2179 3258 II.
2214 3202 2272 3258 Si
2306 3200 2437 3272 quis
2467 3217 2583 3255 non
2614 3199 2924 3255 conﬁtetur
2951 3199 3134 3265 carni,
3167 3200 3489 3256 secundum
3514 3201 3681 3254 subs-

2038 3292 2278 3349 tantiam
2312 3290 2544 3345 unitum
2570 3289 2670 3344 Dei
2694 3288 2880 3344 Patris
2905 3288 3182 3352 Verbum,
3216 3304 3399 3343 unum
3450 3304 3682 3358 quoque

2036 3397 2164 3438 esse
2187 3380 2484 3436 Christum
2510 3395 2644 3433 cum
2675 3379 2913 3448 propria
2941 3393 3136 3444 carne,
3167 3380 3225 3431 et
3271 3377 3543 3432 eumdem
3595 3377 3681 3447 ip-

2037 3487 2166 3527 sum
2190 3471 2316 3526 sine
2347 3469 2524 3524 dubio
2555 3468 2738 3523 Deum
2775 3466 2954 3522 simul
2987 3471 3043 3520 et
3086 3465 3406 3530 hominem,
3440 3466 3682 3521 anathe-

2040 3577 2134 3616 ma
2162 3559 2258 3615 sit.

2111 3649 2207 3704 ΙΙΙ.
2241 3649 2299 3703 Si
2330 3648 2462 3718 quis
2493 3647 2551 3701 in
2586 3662 2701 3700 uno
2725 3644 2951 3700 Christo
3001 3643 3207 3698 dividit
3266 3642 3683 3698 subsistentia

2040 3744 2171 3810 post
2228 3736 2574 3801 unitionem,
2636 3733 2761 3789 sola
2834 3732 3109 3787 societate
3189 3731 3536 3802 contingens
3593 3749 3681 3800 ea,

2042 3845 2168 3899 qua:
2191 3825 2516 3881 secundum
2547 3823 2890 3894 dignitatem
2923 3826 3032 3889 est,
3079 3820 3168 3875 vel
3213 3820 3390 3874 etiam
3424 3822 3684 3875 auctori-

2043 3922 2222 3972 tatem
2272 3920 2372 3970 aut
2415 3917 2779 3986 potestatem,
2843 3915 2899 3966 et
2947 3927 3062 3965 non
3123 3909 3310 3980 magis
3369 3914 3685 3973 conventu,

2044 4005 2141 4078 qui
2159 4021 2260 4076 per
2281 4005 2566 4059 unitatem
2590 4004 2777 4056 factus
2795 4004 2882 4055 est
2898 3997 3568 4067 naturalem,anathema
3591 3997 3685 4051 sit.

2117 4113 2210 4167 IV.
2241 4113 2296 4168 Si
2333 4113 2465 4181 quis
2497 4112 2554 4164 in
2589 4110 2817 4164 duabus
2852 4107 3114 4177 personis
3148 4105 3232 4159 vel
3285 4103 3688 4158 subsistentiis

2045 4203 2267 4258 dividat
2297 4218 2393 4255 eas
2425 4216 2611 4265 voces,
2643 4215 2768 4269 quae
2800 4204 2914 4251 tam
2952 4195 3010 4249 in
3070 4191 3455 4263 Evangelicis,
3509 4207 3686 4262 quam

2046 4289 2398 4360 Apostolicis
2429 4288 2636 4341 litteris
2665 4286 3073 4349 continentur;
3106 4281 3193 4336 vel
3226 4282 3400 4335 etiam
3423 4297 3542 4344 eas,
3564 4297 3689 4351 quas

2049 4380 2118 4434 de
2150 4378 2380 4432 Christo
2398 4394 2430 4431 a
2463 4375 2682 4430 sanctis
2703 4371 3095 4439 dicuntur,vel
3121 4370 3191 4425 ab
3217 4372 3344 4442 ipso
3366 4369 3598 4424 Christo
3620 4370 3692 4422 de

2050 4468 2281 4537 seipso:
2319 4471 2375 4520 et
2406 4464 2634 4534 aliquas
2667 4462 2897 4532 quidem
2932 4477 2998 4516 ex
3022 4460 3113 4514 his
3135 4465 3418 4529 tanquam
3445 4457 3693 4523 homini,

2050 4555 2152 4625 qui
2210 4559 2418 4623 praeter
2459 4551 2558 4606 Dei
2606 4551 2856 4605 Verbum
2915 4547 3249 4619 specialiter
3308 4546 3694 4617 intelligatur,

2051 4642 2434 4714 applicandae
2465 4639 2810 4704 crediderit;
2838 4637 3069 4708 aliquas
3099 4651 3233 4690 vero
3264 4640 3549 4706 tanquam
3584 4641 3696 4690 Deo

2050 4731 2258 4802 dignas
2295 4749 2308 4800 ;
2343 4729 2447 4785 soli
2476 4728 2668 4783 Verbo
2711 4726 2806 4781 Dei
2855 4726 3043 4781 Patris
3103 4724 3496 4794 deputaverit,
3559 4740 3699 4779 ana-

2051 4821 2248 4876 thema
2275 4819 2369 4875 sit.

2122 4909 2188 4962 V.
2223 4910 2282 4964 Si
2341 4908 2475 4978 quis
2535 4907 2712 4960 audet
2770 4905 2963 4960 dicere
3020 4903 3318 4959 Chi-istum
3399 4903 3698 4958 hominem

2055 4997 2313 5073 θεὸφορον
2366 4997 2421 5050 id
2483 5001 2592 5064 est,
2652 4994 2968 5061 Deiferum,
3026 4993 3076 5046 ei
3140 5009 3254 5047 non
3291 4992 3484 5062 potius
3520 4994 3699 5047 Deum

2052 5105 2182 5143 esse
2213 5086 2488 5141 veraciter
2511 5084 2742 5150 dixerit,
2777 5089 3058 5152 tanquam
3095 5082 3332 5136 unicum
3361 5081 3572 5137 Filium
3604 5098 3707 5152 per

2054 5183 2348 5240 naturam,
2373 5176 2694 5230 secundum
2725 5173 2879 5244 quod
2920 5171 3142 5226 Verbum
3175 5186 3308 5226 caro
3341 5173 3551 5240 factum
3601 5178 3704 5235 est,

2052 5272 2108 5322 et
2142 5264 2508 5337 participavit
2539 5262 2708 5318 nobis
2740 5261 3013 5317 similiter
3064 5277 3235 5316 carne
3285 5265 3341 5314 et
3391 5259 3702 5330 sanguine,

2051 5354 2358 5410 anathema
2382 5353 2477 5408 sit.

2120 5444 2214 5500 Vl.
2247 5443 2306 5498 Si
2331 5444 2463 5514 quis
2495 5443 2679 5498 Deum
2715 5443 2802 5497 vel
2835 5440 3152 5498 Dominum
3187 5453 3316 5493 esse
3348 5436 3565 5493 Christi
3602 5437 3700 5493 Dei

2050 5533 2238 5588 Patris
2273 5533 2550 5599 Verbum,
2584 5537 2641 5587 et
2673 5548 2786 5586 non
2814 5531 3002 5600 magis
3036 5527 3308 5582 eumdem
3341 5527 3534 5597 ipsum
3565 5544 3703 5584 con-

2049 5624 2251 5679 ﬁtetur
2310 5622 2495 5678 Deum
2557 5627 2612 5677 et
2643 5619 2942 5676 hominem
2973 5615 3176 5687 simul,
3208 5620 3515 5688 propterea
3545 5616 3702 5688 quod
