3916 6034
124 271 213 327 69
1230 274 1542 328 DECRETI
1580 274 1769 329 PARS
1807 275 1854 328 Ι.
1882 300 1950 312 -
1980 274 2079 327 DE
2117 272 2306 338 FIDE,
2347 273 2502 327 ETC.
3500 274 3573 329 70

131 412 334 470 quem
366 395 467 450 illa
501 410 611 451 vox
640 393 822 449 solius
856 394 1041 450 Patris
1072 394 1288 466 sonuit,
1323 397 1554 467 quando
1586 396 1645 450 in
1688 396 1815 450 Jor-
1842 397 1896 464 Α
1926 396 2235 466 viter(Sap.
2266 394 2499 466 vm).De
2530 393 2748 467 Spiritu
2784 411 3019 468 quoque
3051 400 3253 453 sancto
3282 396 3573 471 legimus:

129 488 305 543 dane
336 486 667 542 secundum
698 482 999 539 hominem
1027 484 1359 557 baptizatus
1408 490 1519 556 est,
1564 488 1620 541 et
1654 484 1813 540 hunc
1928 483 2065 552 Quia
2088 484 2327 557 Spiritus
2375 485 2596 539 Domini
2638 486 2868 557 replevit
2896 486 3081 541 orbem
3109 490 3391 542 terrarum
3420 487 3571 560 (Sap.

133 592 280 633 esse
317 573 719 647 unigenitum,
752 572 851 645 qui
884 589 1119 628 carnem
1153 573 1315 629 solus
1351 575 1660 645 accepit,et
1692 573 1817 645 Spi-
1924 574 1985 644 ι).
2020 575 2088 628 Et
2117 574 2296 629 David
2348 573 2629 645 propheta
2677 574 2818 629 dicit
2851 593 2863 631 :
2899 576 2998 631 πει
3032 576 3148 643 Quo
3179 575 3265 632 ibo
3297 593 3330 631 a
3361 576 3578 648 Spiritu

133 667 335 722 ritum
370 668 641 719 sanctum
699 662 882 717 Patris
912 667 968 717 et
1017 662 1167 732 Filii,
1202 662 1394 719 solum
1447 680 1575 719 esse
1625 664 1722 735 qui
1754 663 1812 716 in
1922 668 2038 731 tuo,
2071 672 2122 717 et
2152 680 2254 734 quo
2285 680 2318 716 a
2345 666 2497 733 facie
2543 673 2642 719 tua
2688 666 2948 735 fugiam?
2977 665 3039 720 Si
3068 665 3352 721 ascendero
3383 667 3445 721 in
3472 683 3576 721 ca:-

134 754 346 828 specie
398 751 690 809 columbis
749 767 931 822 super
984 750 1283 807 Christum
1343 752 1729 824 baptizatum,
1761 759 1814 806 et

136 843 575 901 ascendentem
637 840 707 894 de
770 856 946 911 aqua,
982 840 1286 895 descendit
1343 842 1557 910 (Matth.
1590 842 1678 908 ιιι)
1711 856 1724 895 :
1759 844 1816 895 et

138 929 654 1005 quinquagesimo
714 929 807 985 die
864 933 998 1001 post
1055 930 1543 986 resurrectionem
1599 929 1815 986 Christi

137 1022 360 1078 fideles
393 1022 452 1075 in
486 1036 603 1075 uno
636 1020 761 1075 loco
789 1017 1113 1090 positos,in
1147 1018 1477 1088 linguarum
1506 1019 1813 1090 ignearum

136 1111 375 1167 visione
408 1109 731 1166 adveniens
762 1106 1011 1179 replevit
1037 1108 1185 1172 (Act.
1219 1108 1281 1179 ι).
1316 1107 1481 1164 Illam
1528 1124 1663 1164 vero
1709 1124 1813 1163 vo-

137 1217 302 1269 cem,
335 1214 517 1271 quam
549 1197 716 1255 solus
746 1196 978 1252 locutus
1010 1200 1099 1252 est
1145 1196 1299 1252 Deus
1328 1196 1535 1264 Pater;
1564 1203 1621 1252 et
1650 1195 1812 1251 illam

138 1304 416 1359 carnem,
449 1304 566 1359 qua
622 1285 785 1342 solus
841 1285 1018 1340 homo
1077 1285 1267 1342 factus
1319 1290 1427 1355 est,
1475 1285 1814 1358 unigenitus

137 1379 347 1444 Deus;
384 1382 441 1433 et
474 1376 635 1432 illam
687 1373 1045 1440 columbam,
1078 1374 1137 1430 in
1169 1376 1336 1445 cujus
1386 1375 1580 1447 specie
1627 1375 1811 1447 Spiri-

139 1473 244 1522 tus
306 1469 554 1521 sanctus
605 1479 782 1536 super
833 1464 1134 1520 Christum
1187 1464 1529 1535 descendit;
1560 1463 1813 1535 illasque

137 1555 392 1628 linguas
424 1554 645 1625 igneas,
678 1550 739 1607 in
772 1568 1021 1624 quarum
1051 1550 1275 1608 visione
1304 1552 1507 1609 ﬁdeles
1537 1569 1655 1607 uno
1686 1551 1811 1608 loco

139 1644 506 1700 constitutos
554 1640 820 1714 replevit,
858 1658 1034 1713 opera
1084 1657 1214 1697 esse
1257 1642 1439 1697 totius
1480 1642 1806 1710 Trinitatis,

142 1734 205 1788 id
242 1737 357 1804 est,
409 1731 588 1787 unius
635 1729 759 1798 Dei,
791 1730 889 1801 qui
938 1729 1073 1785 fecit
1114 1730 1314 1785 omnia
1360 1729 1419 1784 in
1470 1731 1630 1787 ccelis
1661 1734 1718 1787 et
1747 1730 1806 1786 in
1840 1756 1887 1822 B

146 1828 337 1890 terra,
368 1819 628 1876 visibilis
658 1823 715 1874 et
743 1818 1083 1874 invisibilia.

138 1915 286 1968 CAP.
324 1912 411 1965 10.
444 1940 510 1951 -
541 1908 726 1964 Filius
755 1908 927 1963 solius
955 1909 1158 1976 Patris,
1211 1908 1453 1981 Spiritus
1502 1909 1809 1965 amborum.

218 1996 591 2054 Firmissime
622 2002 776 2064 tene,
812 2003 870 2052 et
927 1996 1265 2053 nullatenus
1326 1997 1564 2053 dubites
1621 1998 1811 2054 solum

146 2094 335 2143 Deum
379 2086 612 2152 Filium,
637 2086 695 2140 id
727 2090 815 2142 est
847 2102 1027 2141 unam
1061 2102 1132 2141 ex
1161 2087 1446 2142 Trinitate
1478 2104 1813 2158 personam,

145 2176 340 2232 solius
362 2175 465 2231 Dei
487 2174 676 2230 Patris
696 2190 824 2230 esse
841 2174 1049 2230 Filium
1062 2175 1349 2247 Spiritum
1370 2192 1502 2233 vero
1517 2181 1812 2255 sanctum,

148 2268 353 2338 ipsum
374 2280 608 2335 quoque
627 2279 805 2318 unam
825 2279 892 2318 ex
912 2263 1198 2320 Trinitate
1215 2281 1550 2337 personam,
1576 2283 1689 2321 non
1716 2282 1812 2322 so-

147 2355 269 2409 lius
322 2353 540 2421 Patris,
573 2352 675 2407 sed
707 2351 886 2407 simul
916 2357 974 2408 et
1006 2354 1196 2409 Patris
1230 2359 1286 2409 et
1314 2354 1444 2409 Filii
1476 2372 1603 2412 esse
1633 2356 1813 2427 Spiri-

150 2450 309 2498 tum.
338 2442 671 2499 Ostendens
702 2442 859 2498 enim
914 2448 1067 2499 Deus
1118 2443 1331 2499 Filium
1360 2445 1550 2500 solum
1584 2462 1713 2501 esse
1744 2447 1815 2503 de

154 2534 329 2589 Patre
357 2534 645 2605 genitum,
676 2534 757 2589 ait
785 2548 798 2588 :
833 2533 922 2589 Sic
945 2536 1093 2590 enim
1126 2536 1262 2589 Deus
1295 2536 1499 2592 dilexit
1525 2538 1812 2609 mundum,

154 2627 219 2677 ut
243 2623 456 2677 Filium
478 2637 637 2677 suum
660 2623 1015 2693 unigenitum
1035 2622 1194 2679 daret
1216 2625 1530 2697 (Joan.m);
1564 2630 1621 2681 et
1643 2625 1815 2697 paulo

154 2715 330 2782 post:
386 2712 493 2779 Qui
520 2714 712 2767 autem
740 2727 852 2766 non
882 2712 1071 2779 credit,
1094 2715 1218 2783 jam
1246 2714 1522 2782 judicatus
1553 2722 1651 2784 est,
1684 2717 1816 2787 quia

156 2816 273 2855 non
304 2798 481 2855 credit
507 2801 568 2854 in
593 2802 815 2855 nomine
844 2801 1125 2871 unigeniti
1155 2802 1290 2856 Filii
1318 2803 1418 2857 Dei
1446 2803 1651 2875 (ibid.).
1684 2803 1814 2875 Spi-

159 2891 345 2943 ritum
376 2904 512 2944 vero
545 2893 815 2944 sanctum
839 2893 895 2945 et
922 2890 1113 2946 Patris
1137 2894 1195 2945 et
1214 2890 1340 2946 Filii
1373 2906 1501 2948 esse
1531 2892 1814 2964 Spiritum

159 2976 479 3050 Apostolus
530 2978 718 3045 docet,
768 2977 867 3049 qui
913 2979 1036 3034 ait:
1073 2980 1171 3036 Vos
1197 2984 1384 3036 autem
1428 2997 1540 3037 non
1586 2982 1713 3037 estis
1756 2985 1816 3038 in

161 3082 355 3132 carne,
386 3068 481 3122 sed
512 3068 574 3121 in
618 3068 840 3137 spiritu,
872 3070 925 3122 si
967 3073 1158 3123 tamen
1188 3068 1428 3139 Spiritus
1466 3071 1566 3125 Dei
1595 3071 1817 3127 habitat

160 3158 224 3210 in
254 3128 405 3211 vobis
462 3128 920 3227 (Rom.'vm).'Et
977 3128 1292 3228 sequitur:
1343 3161 1406 3214 Si
1459 3162 1585 3231 quis
1636 3128 1892 3216 autemc

161 3246 428 3316 spiritum
460 3245 666 3300 Christi
710 3261 817 3299 non
849 3246 1030 3315 habet,
1058 3247 1148 3302 hic
1193 3263 1304 3303 non
1332 3251 1413 3303 est
1442 3249 1565 3319 ejus
1607 3250 1819 3321 (ibid.).

345 3336 476 3387 CAP.
514 3338 599 3388 11.
627 3364 694 3374 -
725 3334 948 3405 Semper
971 3335 1269 3406 procedens
1299 3337 1368 3391 ab
1397 3345 1642 3408 utroque.

241 3422 605 3477 Firmissime
635 3427 790 3493 tene,
823 3427 881 3478 et
919 3423 1258 3480 nullatenus
1289 3426 1521 3482 dubites
1552 3428 1823 3483 eumdem

166 3511 459 3583 Spiritum
490 3517 759 3566 sanctum
792 3512 894 3583 qui
926 3514 1110 3569 Patris
1140 3519 1195 3569 et
1228 3514 1356 3569 Filii
1388 3532 1541 3572 unus
1571 3516 1824 3587 Spiritus

166 3606 279 3667 est,
314 3600 385 3655 de
422 3601 584 3655 Patre
614 3605 671 3656 et
699 3601 842 3657 Filio
871 3603 1200 3674 procedere.
1234 3603 1384 3659 Dicit
1414 3605 1568 3660 enim
1605 3606 1820 3662 Filius:

170 3690 306 3744 Cum
338 3691 546 3745 venerit
591 3691 845 3761 Spiritus
890 3694 1165 3758 veritatis,
1192 3694 1287 3764 qui
1314 3710 1346 3749 a
1386 3699 1554 3750 Patre
1580 3695 1828 3766 procedit

167 3778 348 3849 (Joan.
379 3778 602 3850 xv),ubi
635 3796 811 3834 suum
844 3780 1132 3852 Spiritum
1164 3797 1293 3837 esse
1316 3782 1679 3854 docuit,quia
1702 3784 1828 3856 ipse

171 3872 259 3923 est
303 3866 541 3923 veritas.
573 3867 655 3923 De
706 3868 848 3924 Filio
899 3886 1133 3941 quoque
1182 3872 1493 3942 procedere
1541 3872 1828 3944 Spiritum

172 3962 441 4012 sanctum
454 3956 815 4029 ,prophetica
846 3963 1023 4028 atque
1040 3959 1358 4030 apostolica
1376 3962 1545 4017 nobis
1566 3962 1832 4017 doctrina

174 4047 577 4101 commendat.
611 4045 793 4102 Isaias
843 4047 998 4103 enim
1049 4048 1193 4104 dicit
1225 4049 1295 4104 de
1343 4049 1484 4105 Filio
1518 4066 1531 4105 :
1562 4052 1835 4107 Percutiet

177 4142 381 4189 terram
408 4134 567 4206 virga
597 4136 713 4191 oris
741 4137 852 4201 sui,
883 4144 934 4191 et
963 4136 1169 4208 Spiritu
1188 4138 1467 4194 labiorum
1496 4156 1719 4195 suorum
1744 4143 1832 4196 in-

180 4223 412 4293 terﬁciet
443 4225 682 4294 impium
715 4222 864 4295 (Isai.
898 4226 999 4295 x1).
1028 4225 1107 4281 De
1139 4242 1253 4298 quo
1284 4231 1341 4282 et
1372 4228 1680 4299 Apostolus
1712 4232 1830 4286 ait:

184 4311 349 4378 Quem
398 4310 694 4382 interﬁciet
744 4313 1012 4368 Dominus
1063 4316 1215 4370 Iesus
1254 4318 1456 4387 spiritu
1498 4320 1608 4374 oris
1645 4321 1737 4373 sui
1764 4321 1835 4386 (Il

180 4399 359 4454 Thess.
392 4400 478 4471 ιι).
514 4401 695 4463 Quem
747 4401 923 4456 etiam
957 4402 1083 4474 ipse
1134 4402 1474 4475 unigenitus
1519 4407 1620 4462 Dei
1652 4406 1834 4464 Filius

1927 751 2069 819 lum,
2105 761 2163 808 tu
2209 754 2330 809 illic
2358 769 2454 821 es;
2488 762 2542 809 et
2571 755 2621 808 si
2648 753 2975 809 descendero
3007 756 3069 808 in
3106 758 3413 827 infernum,
3447 755 3578 812 ades

1923 843 2094 915 (Psal.
2127 844 2337 915 cxxxx).

2185 936 2321 989 CAP.
2358 933 2441 987 l3.
2474 964 2541 972 —
2570 932 2734 987 Solus
2763 932 2937 988 Filius
2968 934 3306 990 incarnatus.

1996 1020 2360 1077 Firmissime
2392 1026 2543 1087 tene,
2575 1026 2632 1078 et
2660 1020 2999 1078 nullatenus
3031 1022 3264 1079 dubites
3296 1040 3474 1079 unam
3508 1041 3577 1080 ex

1921 1111 2205 1167 Trinitate
2238 1127 2572 1182 personam,
2625 1111 2683 1166 id
2733 1115 2822 1167 est
2869 1112 3049 1167 Deum
3103 1111 3334 1181 Filium,
3369 1113 3467 1184 qui
3506 1115 3577 1170 de

1924 1206 2134 1257 natura
2164 1203 2265 1257 Dei
2316 1202 2504 1258 Patris
2555 1201 2716 1257 solus
2762 1207 2939 1257 natus
2968 1206 3090 1270 est;
3126 1207 3182 1258 et
3214 1202 3391 1257 unius
3420 1204 3577 1273 ejus-

1922 1291 2173 1363 demque
2203 1296 2423 1347 naturaa
2471 1308 2603 1346 cum
2658 1292 2826 1346 Patre
2856 1294 2964 1357 est,
3000 1291 3193 1362 ipsum
3238 1291 3297 1344 in
3330 1290 3576 1362 Spiritu,

1920 1380 1979 1435 in
2013 1380 2379 1451 plenitudine
2433 1379 2717 1451 temporis
2766 1380 3091 1436 secundum
3141 1379 3576 1450 susceptionem

1921 1468 2112 1522 forma:
2159 1466 2385 1522 servilis
2437 1467 2579 1538 (Gal.
2636 1467 2713 1539 ιν)
2768 1483 2782 1522 :
2837 1465 3183 1533 voluntarie,
3240 1467 3300 1521 in
3356 1466 3579 1540 virgine

1884 1588 1893 1599 -
1920 1560 2267 1627 conceptum
2296 1574 2309 1623 ;
2344 1559 2400 1611 et
2428 1557 2500 1611 de
2532 1555 2757 1628 virgine
2786 1559 2990 1611 natum
3014 1573 3029 1624 ;
3050 1556 3305 1610 Verbum
3341 1571 3577 1612 carnem

1919 1646 2132 1699 factum
2161 1664 2174 1711 ;
2206 1644 2525 1716 ipsumque
2555 1661 2700 1714 esse,
2721 1644 2816 1714 qui
2851 1642 3248 1699 essentialiter
3279 1647 3453 1700 natus
3484 1645 3577 1700 est

1922 1734 1991 1789 de
2023 1733 2213 1800 Patre,
2247 1737 2303 1788 et
2350 1731 2750 1789 essentialiter
2802 1736 3121 1803 conceptus
3171 1737 3459 1803 natusque
3488 1736 3578 1788 est

1923 1824 1992 1879 de
2022 1822 2299 1894 Virgine;
2335 1823 2649 1894 ipsumque
2683 1839 2866 1876 unum
2899 1826 3115 1892 esse,et
3144 1822 3322 1877 unius
3354 1826 3575 1877 natura:

1922 1928 2056 1967 cum
2103 1916 2293 1977 Patre,
2327 1915 2385 1966 et
2437 1911 2617 1967 unius
2649 1919 2869 1966 naturas
2910 1927 3042 1965 cum
3074 1909 3336 1983 Virgine,
3368 1910 3469 1981 qui
3499 1911 3582 1967 ait

1922 2002 1993 2057 de
2026 2000 2140 2056 Deo
2191 2000 2403 2056 Patre:
2441 2001 2577 2056 Ante
2630 2001 2840 2057 saecula
2895 1999 3154 2070 fundavit
3195 2015 3302 2069 me,
3353 2004 3407 2055 et
3450 2002 3582 2056 ante

1922 2106 2106 2145 omnes
2136 2088 2305 2145 colles
2332 2091 2520 2160 genuit
2566 2104 2654 2143 me
2703 2090 2887 2161 (Prov.
2924 2092 3066 2157 vm).
3099 2087 3180 2143 De
3237 2103 3352 2158 quo
3376 2087 3581 2143 etiam

1924 2179 2071 2235 dixit
2102 2178 2417 2250 Apostolus
2451 2196 2463 2233 :
2500 2178 2647 2241 Quia
2696 2194 2831 2232 cum
2864 2178 3011 2233 venit
3053 2175 3343 2249 plenitudo
3372 2180 3581 2248 tempo-

1922 2271 2026 2338 ris,
2056 2270 2214 2324 misit
2243 2269 2387 2324 Deus
2418 2269 2621 2323 Filium
2649 2284 2832 2335 suum,
2884 2271 3081 2323 natum
3109 2282 3179 2323 ex
3210 2266 3463 2337 muliere,
3496 2270 3580 2337 fa-

1922 2361 2071 2414 ctum
2101 2360 2199 2413 sub
2231 2358 2345 2427 lege
2369 2357 2570 2428 (Galat.
2607 2356 2707 2427 ιν).

2172 2447 2305 2501 CAP.
2344 2446 2428 2499 14.
2462 2477 2527 2486 α-
2566 2446 2727 2499 Verus
2761 2449 2929 2509 Deus,
2961 2460 3121 2499 verus
3152 2444 3330 2499 homo.

1996 2534 2362 2590 Firmissime
2390 2540 2538 2601 tene,
2588 2537 2646 2587 et
2695 2532 3038 2587 nullatenus
3090 2532 3327 2587 dubites
3375 2532 3580 2587 Jesum

1923 2624 2216 2681 Christum
2270 2621 2483 2678 Filium
2534 2621 2636 2677 Dei
2667 2620 2821 2676 sicut
2873 2622 2945 2676 de
2979 2621 3088 2676 Deo
3120 2620 3309 2688 Patre,
3342 2619 3579 2690 plenum

1924 2714 2369 2785 perfectumque
2404 2709 2715 2767 Dominum
2744 2710 2860 2777 ;sic
2891 2710 2962 2764 de
2994 2709 3177 2764 Maria
3197 2706 3584 2781 Virgine,ple-

1925 2819 2067 2858 num
2101 2801 2541 2873 perfectumque
2574 2798 2877 2854 hominem
2910 2797 3198 2869 genitum,
3231 2797 3288 2851 id
3322 2801 3408 2851 est
3434 2795 3585 2851 Ver-

1924 2892 2067 2947 bum
2100 2887 2774 2954 Dominum,habentem
2806 2886 3027 2942 scilicet
3057 2887 3185 2941 sine
3216 2890 3451 2957 peccato
3479 2901 3582 2940 ve-

1925 2996 2048 3036 ram
2073 2979 2257 3035 nostri
2280 2976 2508 3051 generis
2532 2980 2852 3043 carnem,et
2874 2975 3129 3031 animam
3153 2973 3582 3030 rationabilem.

1928 3069 2090 3133 Quod
2123 3069 2247 3140 ipse
2300 3068 2398 3123 Dei
2430 3065 2608 3122 Filius
2640 3064 2939 3121 evidenter
2969 3065 3249 3131 ostendit,
3281 3064 3481 3120 dicens
3516 3064 3587 3120 de

1930 3175 2105 3214 carne
2134 3174 2242 3213 sua
2276 3174 2288 3212 :
2323 3157 2569 3227 Palpate,
2604 3163 2657 3210 et
2708 3155 2899 3222 videte,
2934 3155 3064 3226 quia
3094 3155 3325 3224 spiritus
3353 3169 3583 3209 carnem

1930 3252 1979 3303 et
1999 3263 2120 3303 ossa
2148 3263 2253 3302 non
2293 3246 2475 3315 habet,
2505 3246 2649 3299 sicut
2676 3259 2765 3298 me
2793 3243 2987 3299 videtis
3016 3243 3217 3297 habere
3243 3242 3580 3312 (Luc.xxiv).

1930 3337 2200 3392 Animam
2232 3350 2465 3407 quoque
2512 3350 2573 3389 se
2622 3332 2860 3403 habere,
2892 3332 2984 3387 his
3034 3331 3226 3388 verbis
3276 3329 3580 3386 ostendit:

1932 3428 2226 3495 Propterea
2256 3440 2344 3479 me
2392 3425 2557 3478 Pater
2599 3421 2803 3492 diligit,
2832 3423 2964 3493 quia
3009 3436 3101 3491 ego
3149 3436 3290 3491 pono
3337 3419 3586 3475 animam

1932 3530 2136 3579 meum,
2169 3516 2218 3569 et
2249 3516 2453 3569 iterum
2488 3527 2702 3566 sumam
2732 3526 2853 3566 eam
2898 3511 3076 3582 (Joan.
3107 3511 3186 3581 x).
3221 3506 3587 3564 Intellectum

1935 3619 2168 3675 quoque
2194 3601 2403 3656 anima:
2428 3616 2489 3656 se
2512 3600 2725 3654 habere
2756 3599 3015 3654 ostendit
3044 3597 3103 3653 in
3126 3614 3191 3653 eo
3226 3598 3381 3669 quod
3406 3595 3547 3650 dicit
3572 3609 3586 3649 :

1935 3693 2131 3747 Discite
2161 3708 2194 3746 a
2223 3706 2309 3745 me
2338 3691 2474 3761 quia
2505 3690 2660 3743 milis
2687 3704 2809 3742 sum
2838 3695 2889 3742 el
2920 3687 3153 3742 humilis
3184 3685 3349 3741 corde
3380 3684 3588 3756 (Matth.

1935 3780 2122 3853 xx).Et
2154 3780 2223 3834 de
2255 3779 2381 3851 ipso
2415 3778 2566 3833 Deus
2598 3794 2701 3849 per
2734 3777 3077 3848 prophetam
3111 3775 3253 3830 dicit
3287 3790 3300 3828 :
3336 3778 3469 3830 Ecce
3496 3775 3589 3829 in-

1936 3871 2145 3938 telliget
2187 3884 2325 3940 puer
2377 3883 2550 3936 meus,
2582 3874 2633 3922 et
2686 3866 3047 3933 exaltabitur,
3080 3873 3131 3921 et
3177 3864 3505 3930 elevabitur,
3537 3869 3596 3916 et

1936 3960 2189 4014 sublimis
2218 3960 2329 4013 erit
2357 3957 2526 4012 valde
2557 3956 2705 4027 (Isai.
2741 3957 2855 4027 LII).
2888 3955 3031 4010 Nam
3066 3960 3123 4010 et
3154 3955 3360 4009 beatus
3387 3952 3594 4006 Petrus

1940 4049 2268 4107 secundum
2301 4045 2486 4102 sancti
2512 4045 2689 4101 David
2740 4044 3107 4116 prophetiam
3132 4043 3191 4097 in
3213 4041 3443 4097 Christo
3474 4055 3597 4094 car-

1942 4154 2076 4193 nem
2108 4141 2281 4207 atque
2301 4135 2558 4190 animam
2584 4131 3004 4188 conﬁteturDe
3020 4132 3146 4201 ipso
3164 4130 3319 4184 enim
3345 4127 3594 4199 loquens

1941 4228 2147 4282 beatus
2184 4224 2387 4279 Petrus
2419 4222 2499 4277 ait
2532 4239 2545 4277 :
2577 4221 2850 4293 Propheta
2878 4221 3052 4291 igitur
3082 4235 3209 4274 cum
3239 4218 3391 4287 esset,
3409 4222 3461 4271 et
3487 4216 3597 4270 sci-

1942 4321 2025 4371 ret
2073 4320 2203 4387 quia
2242 4310 2609 4385 jurejurando
2651 4310 2896 4381 jurasset
2940 4308 3041 4364 illi
3087 4309 3246 4375 Deus,
3299 4306 3367 4363 de
3405 4307 3596 4375 fructu

1944 4404 2121 4460 lumbi
2146 4404 2261 4475 ejus
2309 4402 2498 4457 sedere
2540 4416 2703 4472 super
2743 4400 2920 4456 sedem
2950 4400 3068 4471 ejus
3111 4400 3245 4469 (Act.
3280 4397 3365 4469 ιι),
3397 4395 3591 4467 provi-

181 4487 457 4560 spiritum
492 4489 610 4544 oris
632 4490 724 4544 sui
756 4506 885 4545 esse
920 4490 1422 4564 significans,post
1453 4497 1834 4552 resurrectio-
1864 4493 1910 4557 D
1943 4495 2086 4550 dens
2118 4492 2349 4547 locutus
2381 4495 2471 4546 est
2501 4490 2571 4545 de
2594 4488 3027 4544 resurrectione
3056 4487 3292 4552 Christi,
3328 4483 3469 4558 quia
3502 4499 3598 4538 ne-

183 4594 313 4633 nem
339 4592 509 4633 suam
533 4577 850 4634 insul‘tlans
883 4578 941 4634 in
964 4579 1312 4652 discipulos,
1327 4583 1832 4657 aitzAccipiteSpi-

184 4667 349 4721 ritum
390 4670 641 4721 sanctum
673 4668 857 4739 (Joan.
880 4669 995 4740 xx).
1032 4674 1109 4725 De
1135 4686 1233 4726 ore
1262 4686 1397 4727 vero
1434 4673 1660 4729 Domini
1690 4674 1831 4730 Jesu

185 4755 261 4810 ait
288 4758 545 4812 Joannes
589 4757 647 4812 in
698 4757 1094 4830 Apocalypsi:
1142 4761 1288 4825 Quia
1338 4762 1558 4831 gladius
1604 4766 1837 4835 utraque

183 4850 337 4916 parte
368 4854 568 4901 acutus
595 4846 830 4919 (Αροε.ι)
863 4848 1232 4919 procedebat.
1266 4850 1395 4921 Ipse
1424 4867 1559 4906 vero
1582 4852 1835 4923 Spiritus

188 4935 304 4989 oris
333 4935 620 5006 ejus,ipse
652 4941 741 4991 est
771 4936 1007 5007 gladius
1033 4937 1135 5009 qui
1168 4939 1237 4993 de
1265 4955 1363 4994 ore
1394 4942 1521 5010 ejus
1553 4942 1832 5011 procedit.

292 5023 426 5077 CAP.
466 5026 547 5077 12.
581 5055 649 5064 ——
683 5025 823 5079 Deus
852 5027 1152 5081 immensus
1184 5029 1385 5083 virtute
1412 5044 1523 5083 non
1552 5031 1709 5084 mole.

255 5111 623 5168 Firmissime
646 5117 862 5180 tene,et
882 5114 1222 5171 nullatenus
1237 5117 1469 5172 dubites
1490 5116 1836 5173 Trinitatem

188 5200 761 5271 Deum,immensum
795 5204 1167 5273 esse,virtute
1198 5222 1313 5261 non
1346 5206 1584 5272 mole,et
1603 5224 1836 5263 omnem

186 5294 515 5346 creaturam
569 5291 940 5364 spiritualem
991 5297 1165 5365 atque
1215 5296 1575 5367 corporalem
1624 5297 1839 5353 virtute

188 5379 311 5450 ejus
345 5385 403 5435 et
432 5382 747 5451 praesentia
778 5382 1248 5439 contineri.Dicit
1278 5383 1433 5439 enim
1466 5390 1618 5440 Deus
1649 5386 1836 5442 Pater:

191 5467 392 5524 Cretum
424 5474 478 5527 et
517 5474 726 5527 terram
747 5486 847 5541 ego
867 5470 1076 5543 impleo
1106 5473 1424 5543 (Jer.xxm).
1450 5474 1679 5529 Dicitur
1703 5491 1839 5547 ergo

190 5557 256 5614 de
284 5559 583 5631 sapientia
610 5559 735 5628 Dei,
760 5560 862 5632 qui
895 5559 1079 5617 Filius
1109 5562 1239 5633 ejus
1275 5566 1363 5617 est
1394 5579 1407 5617 :
1442 5564 1583 5631 Quia
1612 5565 1845 5633 attingit

193 5662 224 5702 α
246 5648 353 5716 nne
379 5664 555 5721 usque
578 5647 650 5705 ad
677 5650 841 5721 ﬁnem
863 5652 1111 5723 fortiter,
1150 5658 1204 5706 et
1232 5650 1473 5722 disponit
1503 5654 1691 5710 omnia
1708 5669 1842 5710 sua-

1944 4599 2058 4655 que
2088 4579 2363 4636 derelicta
2391 4582 2483 4634 est
2511 4577 2710 4634 anima
2732 4578 2862 4649 ejus
2892 4578 2950 4632 in
2981 4577 3427 4648 inferno,neque
3462 4588 3595 4627 caro

1942 4674 2069 4742 ejus
2097 4669 2242 4726 vidit
2270 4668 2706 4741 corruptionem
2744 4668 2914 4737 (Psal.
2948 4668 3063 4739 xv).

1942 4784 2075 4835 CAP.
2116 4779 2199 4833 15.
2230 4808 2299 4818 —
2332 4778 2511 4833 Unum
2550 4775 2777 4830 l’erbum
2806 4776 2935 4845 fecit
2962 4776 3149 4830 omnia
3178 4775 3599 4847 tempora,dedit

2425 4848 2596 4918 legem
2627 4848 2803 4911 factus
2832 4847 2929 4902 sub
2963 4848 3092 4917 lege.

2018 4937 2384 4994 Firmissime
2412 4940 2628 5001 tene,et
2659 4934 2999 4991 nullatenus
3025 4935 3262 4991 dubites
3297 4952 3479 4991 unum
3514 4940 3599 4991 at-

1946 5046 2056 5099 que
2084 5027 2277 5099 ipsum
2327 5040 2456 5082 esse
2504 5025 2689 5080 Deum
2739 5040 2943 5080 verum
2992 5024 3268 5092 Verbum,
3311 5024 3411 5097 qui
3461 5042 3596 5081 cum

1946 5118 2115 5173 Patre
2144 5122 2257 5171 Deo
2287 5120 2344 5171 et
2371 5113 2593 5185 Spiritu
2626 5118 2826 5169 sancto
2856 5114 2973 5169 Deo
3006 5114 3142 5169 fecit
3188 5113 3388 5170 omnia
3446 5120 3599 5169 tem-

1947 5211 2174 5279 pora,et
2203 5205 2261 5259 in
2313 5208 2511 5259 monte
2555 5202 2693 5258 Sina
2724 5202 2906 5274 legem
2954 5203 3115 5258 dedit
3146 5203 3327 5276 Moysi
3362 5203 3597 5259 ordina-

1949 5300 2068 5351 tam
2129 5311 2230 5368 per
2288 5291 2525 5362 angelos
2584 5292 2776 5363 (Exod.
2820 5292 2934 5364 xx),
2971 5296 3028 5347 et
3083 5292 3278 5365 ipsum
3337 5290 3599 5346 Verbum

1952 5387 2130 5440 Deum
2189 5399 2423 5440 carnem
2484 5385 2725 5450 factum,
2758 5382 2855 5452 qui
2914 5382 3179 5437 veniente
3235 5376 3600 5450 plenitudine

1951 5473 2234 5547 temporis
2283 5471 2505 5528 missus
2537 5490 2570 5527 a
2599 5470 2767 5526 Patre
2816 5475 2874 5526 et
2903 5470 3122 5542 Spiritu
3171 5472 3393 5533 sancto,
3434 5465 3600 5525 solus

1952 5564 2141 5620 factus
2170 5567 2259 5620 est
2288 5579 2356 5617 ex
2405 5560 2652 5617 muliere
2682 5575 2861 5630 quam
2912 5558 3063 5627 fecit,
3098 5556 3260 5613 solus
3291 5555 3480 5612 factus
3511 5563 3603 5615 est

1955 5653 2066 5710 sub
2095 5652 2221 5726 lege
2249 5663 2427 5722 quam
2463 5648 2627 5706 dedit
2656 5648 2861 5720 (Galat.
2895 5650 2992 5717 ιν).
