3916 6034
317 266 382 322 71
1393 263 1461 312 D.
1503 259 1744 314 IVONIS
1781 258 2282 313 CARNOTENSIS
2318 259 2643 314 EPISCOPI
3664 252 3753 308 72

419 389 555 445 CAP.
593 387 684 444 16.
719 415 788 427 -—-
821 384 967 443 Unus
998 385 1318 455 inconfusus
1347 388 1403 438 et
1433 381 1850 454 inseparabilis.

384 476 750 535 Firmissime
782 482 934 545 tene,
964 478 1022 529 et
1063 472 1398 528 nullatenus
1430 472 1664 528 dubites
1702 472 1797 527 Dei
1831 472 1966 529 Ver-

307 569 366 624 bi
402 569 556 641 quod
593 581 728 622 caro
761 565 978 619 factum
1012 567 1122 629 est,
1157 563 1306 617 duas
1350 566 1596 617 naturas
1644 559 1967 616 inconfusi-

307 657 508 714 biliter
537 658 712 726 atque
743 649 1215 724 inseparabiliter
1243 665 1587 722 permanere
1620 667 1632 705 :
1669 666 1848 705 unam
1879 665 1967 704 ve-

309 764 435 803 ram
467 746 722 802 divinam
754 757 932 814 quam
967 741 1140 796 habet
1193 756 1570 796 communem
1603 756 1735 795 cum
1768 743 1962 806 Patre,

307 835 635 891 secundum
687 847 864 903 quam
897 828 1080 884 dicit:
1116 829 1222 900 Ego
1265 833 1315 884 et
1344 830 1510 884 Pater
1556 845 1728 884 unum
1775 844 1966 883 sumus

310 925 497 996 (Joan.
528 924 625 994 x);
659 926 716 976 et
748 937 760 976 :
797 919 903 986 Qui
953 917 1097 974 videt
1126 919 1390 990 me,videt
1433 922 1484 974 et
1527 920 1749 973 Patrem
1778 918 1960 988 (Joan.

306 1013 467 1085 xxv);
501 1017 558 1068 et
592 1029 604 1065 :
638 1012 745 1078 Ego
777 1009 839 1062 in
885 1009 1072 1078 Patre,
1105 1015 1159 1062 et
1204 1010 1371 1062 Pater
1400 1009 1460 1062 in
1507 1024 1592 1063 me
1620 1015 1702 1062 est
1751 1007 1962 1078 (ibid.),

308 1101 633 1158 srcundum
665 1114 842 1171 quam
876 1113 1012 1152 eum
1045 1095 1362 1168 Apostolus
1389 1096 1556 1167 dixit,
1591 1095 1962 1168 splendorem

305 1189 504 1262 gloriae
535 1192 592 1244 et
640 1187 893 1259 ﬁguram
937 1185 1284 1241 substantia
1335 1186 1434 1240 Dei
1481 1184 1673 1256 (Hebr.
1708 1185 1790 1256 1):
1821 1183 1962 1239 alte-

305 1296 433 1336 ram
467 1294 659 1335 veram
692 1277 1040 1338 humanam.
1076 1275 1401 1330 secundum
1436 1290 1613 1345 quam
1654 1273 1780 1346 ipse
1813 1278 1962 1329 Deus

276 1434 278 1436 τ
303 1366 647 1424 incarnatus
679 1365 820 1420 dicit
858 1381 872 1420 :
906 1369 1077 1419 Pater
1104 1364 1286 1434 major
1314 1380 1400 1419 me
1427 1371 1508 1418 est
1537 1364 1721 1435 (Joan.
1751 1362 1887 1435 xw).

736 1453 870 1509 CAP.
907 1453 994 1508 17.
1024 1483 1094 1494 —-
1115 1440 1245 1509 Una
1269 1468 1533 1525 persona.

376 1543 740 1603 Firmissime
791 1547 946 1608 tene,
1009 1546 1066 1597 et
1103 1540 1439 1598 nullatenus
1497 1541 1732 1597 dubites
1778 1545 1958 1596 Deum

303 1636 562 1693 Verbum
611 1648 849 1689 carnem
901 1632 1150 1699 factum,
1178 1647 1354 1688 unam
1387 1631 1602 1688 habere
1635 1630 1960 1687 divinitatis

1990 383 2045 450 Α
2075 382 2190 453 nis,
2223 397 2397 454 quem
2429 399 2532 455 pro
2577 381 2747 437 nobis
2802 381 2958 436 idem
3008 384 3161 434 Deus
3211 379 3437 435 effudit.
3487 385 3564 435 De
3616 399 3752 453 quo

2077 473 2286 528 beatus
2318 472 2527 529 Paulus
2581 473 2724 527 dicit
2765 471 2825 526 in
2873 469 3112 526 Actibu
3163 469 3562 542 apostolorum
3601 489 3614 527 :
3648 473 3756 526 At-

2075 561 2281 618 tendite
2310 564 2480 627 vobis,
2508 569 2559 616 et
2612 561 2866 616 universo
2893 560 3070 631 gregi,
3103 561 3165 615 in
3218 575 3320 632 quo
3347 576 3438 615 vos
3487 561 3754 630 Spiritus

2074 655 2293 706 sanctus
2315 653 2502 723 posuit
2523 652 2821 723 fepiscopos
2863 663 3046 720 regere
3091 649 3390 704 Ecclesium
3420 649 3538 722 Dei,
3570 667 3751 721 quam

2075 741 2374 812 acquisivit
2417 742 2694 812 sanguine
2740 755 2838 795 suo
2869 738 3010 810 (Act.
3063 739 3179 807 xx).
3215 741 3278 793 In
3312 737 3432 794 illi
3467 755 3603 812 ergo
3636 756 3748 796 sa-

2074 829 2310 885 criﬁciis
2343 831 2482 904 quid
2531 829 2700 884 nobis
2743 835 2900 884 esset
2951 828 3317 894 donandum,
3371 828 3614 898 ﬁgurate
3662 829 3748 885 si-

2073 918 2499 990 gnificabatur;
2531 919 2592 974 in
2623 918 2734 974 hoc
2778 917 3067 974 sacriﬁcio
3099 916 3243 988 quid
3278 916 3449 973 nobis
3469 918 3596 988 jam
3632 918 3748 975 do-

2075 1012 2279 1064 natum
2315 1008 2408 1076 sit,
2443 1008 2742 1064 evidenter
2787 1005 3142 1062 ostenditur.
3180 1007 3241 1061 In
3275 1005 3393 1062 illis
3425 1006 3747 1063 sacriﬁciis

2074 1097 2576 1171 praenuntiabatur
2605 1096 2788 1152 Filius
2823 1096 2940 1167 Dei,
2973 1113 3077 1167 pro
3109 1094 3310 1166 impiis
3352 1095 3743 1167 occidendus,

2072 1189 2132 1244 in
2163 1188 2273 1244 hoc
2304 1191 2496 1243 autem
2531 1203 2632 1258 pro
2665 1185 2864 1258 impiis
2898 1185 3287 1241 annuntiatur
3336 1185 3587 1240 occisus.
3621 1186 3742 1241 Te-

2073 1282 2265 1334 stante
2300 1276 2600 1350 Apostolo,
2652 1276 2790 1346 quia
2817 1274 3108 1342 Christus,
3161 1274 3301 1328 dum
3355 1273 3537 1329 adhuc
3583 1290 3743 1329 esse-

2070 1383 2192 1423 mus
2234 1367 2448 1436 infirmi
2482 1365 2781 1422 secundum
2824 1367 3058 1436 tempus,
3089 1379 3191 1436 pro
3241 1363 3433 1434 impiis
3480 1365 3744 1420 mortuus

2070 1466 2152 1513 est
2181 1457 2352 1528 (Rom.
2386 1459 2460 1524 v).
2495 1455 2582 1525 Et,
2617 1455 2754 1528 quia
2777 1470 2903 1510 cum
2941 1454 3165 1508 inimici
3187 1468 3449 1521 essemus,
3485 1455 3736 1509 reconci-

2071 1547 2195 1602 liati
2219 1562 2408 1601 sumus
2435 1547 2566 1612 Deo,
2596 1561 2692 1616 per
2720 1547 2952 1599 mortem
2984 1543 3095 1612 ﬁlii
3119 1545 3244 1614 ejus
3273 1541 3479 1614 (ibid.).

2070 1637 2171 1693 18
2202 1635 2337 1691 CAP.
2366 1636 2533 1690 20.—
2568 1635 2797 1690 Verbum
2823 1648 3037 1704 semper
3065 1632 3231 1687 habet
3260 1648 3444 1688 veram
3472 1647 3729 1687 carnem.

305 1741 425 1782 sum
459 1722 774 1794 carnisque
821 1736 1152 1793 personam.
1194 1724 1345 1775 Deus
1373 1720 1528 1776 enim
1560 1720 1798 1776 verbum
1832 1718 1957 1791 ple-
1991 1755 2038 1820 Β
2143 1723 2510 1780 Firmissime
2540 1726 2692 1791 tene,
2725 1728 2779 1778 et
2809 1720 3149 1777 nullatenus
3179 1719 3416 1776 dubites
3465 1721 3729 1776 Verbum

306 1830 443 1870 nam
475 1815 749 1869 naturam
784 1809 1106 1866 humanam
1155 1808 1237 1864 ita
1286 1809 1400 1866 sibi
1449 1809 1735 1865 veraciter
1788 1808 1957 1864 unire

304 1903 584 1975 dignatus
616 1904 743 1968 est;
777 1903 855 1967 et,
911 1902 1289 1970 permanente
1337 1898 1643 1954 divinitate
1689 1915 1819 1967 sua,
1877 1897 1960 1954 ita

302 1992 560 2048 Verbum
611 2006 745 2046 caro
796 1991 1014 2044 factum
1061 1993 1169 2054 est,
1203 1991 1268 2043 ut
1301 1987 1571 2059 quamvis
1615 1986 1963 2042 naturaliter

302 2097 420 2136 non
443 2079 553 2135 hoc
584 2079 662 2135 sit
690 2077 948 2134 Verbum
983 2077 1135 2148 quod
1171 2075 1470 2148 caro,quia
1499 2078 1750 2132 duarum
1785 2080 1960 2131 natu-

301 2185 500 2224 rarum
530 2167 749 2224 veritas
801 2170 998 2222 manet
1043 2165 1102 2220 in
1130 2165 1390 2236 Christo,
1423 2166 1748 2220 secundum
1779 2181 1958 2219 unam

300 2262 498 2314 tamen
532 2270 843 2330 personam
880 2254 1038 2310 idem
1070 2253 1324 2309 Verbum
1355 2270 1489 2309 caro
1522 2254 1594 2309 ab
1633 2252 1763 2325 ipso
1800 2252 1962 2308 ﬁeret

303 2352 580 2404 maternae
625 2343 1024 2415 conceptionis
1073 2343 1263 2399 initio.
1297 2343 1452 2398 Deus
1483 2342 1640 2399 enim
1673 2341 1958 2412 Verbum,

304 2452 419 2492 non
454 2435 677 2507 accepit
723 2449 1036 2506 personam
1086 2431 1370 2499 hominis,
1405 2432 1506 2488 sed
1559 2435 1869 2501 naturam;
1904 2434 1962 2486 et

304 2525 366 2580 in
399 2529 680 2581 aternam
733 2538 1045 2594 personam
1094 2520 1444 2589 divinitatis,
1475 2521 1700 2594 accepit
1728 2525 1960 2592 tempo-

301 2613 480 2670 ralem
518 2612 912 2670 substantiam
944 2610 1158 2667 carnis.
1192 2609 1357 2666 Unus
1379 2614 1468 2666 est
1488 2626 1624 2682 ergo
1656 2609 1946 2666 Christus.

299 2702 560 2759 Verbum
592 2718 727 2758 caro
759 2701 977 2757 factum
1001 2699 1122 2771 ;qui
1157 2703 1214 2754 et
1243 2715 1312 2754 ex
1343 2699 1607 2772 patribus
1631 2699 1960 2754 secundum

299 2808 558 2858 carnem,
589 2794 646 2845 et
675 2805 853 2861 super
881 2789 1082 2844 omnia
1112 2788 1270 2844 Deus
1302 2789 1648 2844 benedictus
1680 2786 1739 2841 in
1774 2802 1959 2841 saecu-

296 2881 356 2937 la
385 2897 540 2937 unus
571 2883 660 2935 est
687 2878 882 2933 Jesus.
916 2876 1017 2932 Cui
1052 2880 1109 2933 et
1137 2877 1309 2934 Pater
1337 2877 1480 2932 dicit
1512 2894 1525 2932 :
1560 2879 1652 2932 Ex
1677 2884 1829 2931 utero
1859 2891 1961 2929 an-

298 2973 350 3044 te
405 2969 706 3039 luciferum
763 2967 932 3035 genui
989 2970 1044 3020 te
1076 2964 1258 3036 (Psal.
1292 2969 1392 3034 rx).
1425 2965 1534 3020 Ubi
1591 2963 1962 3036 signiﬁcatur

310 3061 444 3113 ante
472 3072 646 3112 omne
677 3062 909 3127 tempus
939 3054 1066 3110 sine
1098 3053 1266 3110 initio
1305 3057 1520 3110 aeterna
1553 3051 1847 3109 nativitas.
1881 3056 1960 3108 De

2070 1830 2302 1871 carnem
2360 1813 2602 1882 factum,
2635 1812 2904 1868 eamdem
2955 1809 3278 1866 humanam
3311 1825 3547 1866 carnem
3577 1824 3730 1865 sem-

2072 1920 2172 1976 per
2202 1919 2398 1958 veram
2448 1901 2684 1970 habere,
2730 1917 2848 1973 qua
2877 1901 2947 1955 de
2993 1899 3233 1972 Virgine
3281 1899 3536 1954 Verbum
3569 1897 3731 1954 Deus

2070 1997 2246 2048 natus
2277 1996 2385 2063 est,
2417 2008 2532 2064 qua
2578 1990 2892 2046 cruciﬁxus
2925 1993 2983 2045 et
3034 1992 3302 2044 mortuus
3333 1992 3442 2058 est,
3477 2004 3596 2059 qua
3628 2003 3723 2043 re-

2070 2082 2342 2151 surrexit,
2373 2085 2430 2136 et
2479 2081 2534 2135 in
2586 2079 2798 2136 coelum
2852 2078 3140 2150 ascendit,
3171 2081 3229 2134 et
3260 2078 3319 2132 in
3355 2077 3589 2134 dextera
3616 2076 3722 2132 Dei

2069 2172 2250 2238 sedet,
2283 2172 2342 2226 in
2373 2187 2490 2242 qua
2521 2170 2696 2225 etiam
2725 2173 3010 2225 venturus
3041 2171 3130 2224 est
3168 2166 3438 2239 judicare
3474 2166 3633 2222 vivos
3666 2171 3730 2222 et

2071 2264 2353 2317 mortuos.
2386 2263 2627 2331 Propter
2673 2259 2827 2331 quod
2861 2258 2932 2316 ab
2982 2256 3207 2330 angelis
3239 2255 3487 2329 apostoli
3515 2255 3723 2312 audie-

2068 2354 2207 2406 runt
2236 2368 2249 2406 :
2283 2351 2375 2405 Sic
2422 2351 2624 2417 veniet,
2656 2347 3124 2420 quemadmodum
3173 2346 3392 2402 vidistis
3423 2361 3548 2401 eum
3577 2361 3720 2402 eun-

2067 2449 2172 2496 tem
2201 2441 2263 2495 in
2291 2441 2484 2495 caelum
2519 2440 2655 2509 (Act.
2684 2438 2746 2510 1).
2784 2438 2850 2492 Et
2898 2437 3107 2492 beatus
3137 2439 3396 2491 Joannes
3427 2435 3512 2491 ait
3541 2451 3555 2491 :
3589 2437 3726 2490 Ecee

2068 2531 2244 2585 veniet
2271 2545 2397 2583 cum
2441 2528 2699 2590 nubibus,
2731 2535 2784 2583 et
2812 2526 3022 2582 videbit
3053 2542 3178 2582 eum
3219 2527 3397 2580 omnis
3427 2523 3641 2594 oculus,
3668 2526 3730 2579 et

2070 2618 2170 2691 qui
2200 2634 2335 2674 eum
2369 2616 2805 2685 cruciﬁxerunt,
2838 2619 2895 2671 et
2921 2614 3144 2671 videbit
3176 2630 3304 2669 eum
3332 2614 3512 2670 omnis
3541 2612 3730 2668 tribus

2070 2711 2235 2762 terrae
2265 2707 2449 2778 (Apoc.
2481 2706 2542 2777 ι).

2303 2799 2431 2850 CAP.
2465 2795 2555 2848 21.
2588 2823 2657 2834 -ο
2687 2793 2765 2848 Ad
2795 2797 2996 2848 cuncta
3025 2799 3281 2848 creatura
3311 2792 3476 2847 bona.

2140 2883 2502 2940 Firmissime
2527 2885 2744 2950 tene,et
2765 2881 3104 2936 nullatenus
3128 2879 3361 2935 dubites
3378 2878 3729 2936 Trinitatem

2069 2973 2277 3036 Deum,
2307 2972 2367 3026 id
2400 2976 2491 3027 est
2518 2972 2770 3041 Patrem,
2803 2973 2860 3025 et
2893 2969 3130 3033 Filium,
3180 2971 3237 3022 et
3267 2966 3550 3039 Spiritum
3583 2984 3727 3024 san-

2069 3064 2227 3118 ctum
2250 3075 2380 3117 esse
2402 3059 2749 3116 naturaliter
2770 3073 3074 3114 summum
3101 3059 3278 3128 atque
3329 3055 3726 3114 incommuta-

309 3163 423 3218 quo
451 3153 506 3202 et
531 3120 890 3218 evangelista
932 3143 1116 3198 dicit:
1153 3143 1295 3211 Quia
1345 3145 1595 3199 vocatum
1641 3145 1717 3198 est
1759 3157 1959 3198 nomen
1989 3120 2032 3188 Ο
2072 3151 2187 3206 bile
2216 3151 2460 3218 bonum,
2492 3152 2551 3204 et
2583 3149 2654 3204 ab
2706 3148 2833 3219 ipso
2881 3150 3108 3202 creatas
3139 3120 3269 3201 θέεθ
3314 3161 3522 3200 omnes
3552 3150 3724 3201 nam.

306 3237 425 3308 ejus
452 3241 618 3292 Iesus
655 3234 797 3306 quod
845 3233 1054 3288 dictum
1084 3240 1163 3288 est
1211 3233 1278 3288 ab
1308 3234 1505 3303 angelo
1535 3234 1872 3304 priusquam
1902 3247 1960 3288 in

308 3335 465 3381 utero
491 3326 875 3396 conciperetur
904 3323 1055 3393 (Luc.
1096 3322 1178 3393 vi).

630 3413 764 3468 CAP.
802 3412 888 3466 18.
918 3440 988 3452 -
1020 3411 1248 3466 Verbum
1277 3417 1618 3482 conceptum.

378 3501 743 3558 Firmissime
771 3504 927 3569 tene,
958 3502 1016 3555 et
1044 3497 1384 3554 nullatenus
1416 3499 1651 3554 dubites
1687 3515 1803 3554 non
1835 3514 1955 3553 car-

305 3607 440 3647 nem
473 3589 690 3646 Christi
747 3589 874 3645 sine
931 3587 1236 3644 divinitate
1277 3590 1619 3659 conceptam
1677 3586 1737 3642 in
1797 3592 1956 3642 utero

305 3679 588 3753 Virginis,
621 3678 968 3752 priusquam
1001 3677 1402 3749 susciperetur
1431 3693 1464 3732 a
1493 3676 1707 3745 verbo;
1741 3677 1842 3731 sed
1875 3676 1959 3747 ip-

306 3785 439 3825 sum
471 3769 723 3827 Verbum
755 3767 940 3824 Deum
972 3783 1082 3823 sua
1111 3766 1307 3822 carnis
1348 3766 1683 3837 acceptione
1712 3781 1957 3836 concep-

305 3865 450 3924 tum,
515 3858 823 3929 ipsamque
881 3871 1115 3912 carnem
1173 3854 1344 3910 Verbi
1403 3855 1506 3911 Dei
1560 3854 1958 3910 incarnatione

303 3949 664 4020 conceptam.

299 4053 436 4110 CAP.
473 4054 559 4109 19.
587 4085 649 4094 —
680 4053 782 4108 Dei
811 4052 1040 4108 Verbum
1072 4064 1291 4106 carnem
1321 4051 1552 4121 factum,
1583 4064 1638 4105 se
1667 4064 1767 4121 pro
1797 4048 1957 4104 nobis

799 4124 1067 4180 obtulisse
1096 4123 1458 4193 sacriﬁcium.

376 4213 735 4269 Firmissime
780 4217 933 4280 tene,
965 4215 1023 4268 et
1068 4210 1409 4267 nullatenus
1459 4209 1715 4276 dubites,
1761 4207 1955 4280 ipsum

302 4302 676 4374 unigenitum
709 4303 892 4357 Deum
941 4300 1197 4357 Verbum
1229 4315 1458 4354 carnem
1511 4298 1726 4354 factum
1759 4315 1820 4353 se
1852 4314 1954 4369 pro

303 4391 475 4448 nobis
505 4389 792 4446 obtulisse
823 4389 1202 4453 sacriﬁcium,
1232 4396 1285 4444 et
1315 4389 1558 4444 hostiam
1592 4391 1705 4444 Deo
1732 4390 1793 4442 in
1822 4389 1953 4443 odo-

2067 3240 2382 3296 ras.Bonas
2413 3236 2819 3308 quidem,quia
2849 3253 2881 3290 a
2911 3251 3146 3290 summo
3180 3234 3332 3289 bono
3367 3233 3529 3289 factas
3556 3238 3718 3302 sunt;

2067 3332 2164 3384 sed
2201 3325 2680 3397 mutabiles,quia
2708 3325 2779 3380 de
2799 3324 2983 3379 nihilo
3016 3325 3182 3379 facta;
3204 3322 3724 3394 sunt.Nullamque

2067 3434 2197 3474 esse
2227 3416 2444 3473 malam
2477 3420 2777 3484 naturam,
2809 3413 2949 3485 quia
2981 3413 3176 3468 omnis
3208 3411 3506 3482 natura,in
3538 3429 3724 3482 quan-

2065 3511 2193 3563 tum
2226 3511 2436 3562 natura
2479 3509 2587 3573 est,
2618 3505 2772 3560 bona
2802 3507 2910 3558 est.
2965 3503 3077 3558 Sed
3112 3502 3251 3573 quia
3295 3501 3353 3555 in
3387 3517 3454 3556 ea
3502 3500 3723 3556 bonum

2067 3601 2125 3652 et
2155 3595 2344 3651 minui
2377 3599 2434 3650 et
2459 3594 2660 3666 augeri
2693 3597 2907 3665 potest,
2936 3592 2995 3646 in
3031 3595 3263 3646 tantum
3298 3588 3454 3645 mala
3487 3589 3728 3659 dicitur,

2069 3685 2127 3740 in
2161 3687 2448 3756 quantum
2481 3683 2701 3738 bonum
2752 3681 2881 3751 ejus
2927 3679 3238 3735 minuitur.
3292 3678 3514 3733 Malum
3569 3677 3725 3733 enim

2069 3773 2212 3829 nihil
2246 3773 2407 3828 aliud
2447 3775 2555 3840 est,
2606 3769 2721 3826 nisi
2774 3769 3023 3841 privatio
3075 3768 3236 3822 boni.
3292 3767 3454 3822 Unde
3498 3769 3728 3822 constat

2066 3863 2367 3935 geminum
2402 3876 2529 3916 esse
2577 3863 2858 3914 creaturae
2908 3855 3215 3912 rationalis
3268 3854 3514 3922 malum,
3546 3855 3606 3909 id
3640 3860 3729 3910 est

2066 3968 2273 4017 unum,
2307 3966 2421 4022 quo
2467 3947 2794 4004 voluntarie
2827 3947 2956 4018 ipsa
3002 3944 3197 4000 deﬁcit
3228 3961 3262 3999 a
3295 3959 3530 4000 summo
3572 3944 3723 4000 bono

2065 4045 2325 4096 creatore
2344 4037 2728 4105 suo;alterum
2753 4051 2868 4106 quo
2892 4034 3070 4089 invita
3090 4032 3366 4105 punietur
3387 4032 3541 4103 ignis
3562 4035 3722 4086 teter-

2066 4130 2126 4185 ni
2148 4125 2610 4200 supplicio.lllud
2631 4123 3220 4196 passurajuste,quia
3244 4120 3353 4176 hoc
3372 4120 3608 4176 admisit
3629 4119 3718 4176 in-

2057 4221 2240 4291 juste.
2263 4217 2329 4272 Et
2350 4233 2475 4288 quae
2498 4215 2764 4271 ordinem
2790 4213 2848 4268 in
2875 4227 2936 4268 se
2959 4228 3072 4267 non
3101 4210 3353 4268 servavit
3373 4209 3580 4264 divina:
3601 4208 3717 4264 ins-

2065 4307 2383 4373 titutionis,
2418 4304 2683 4360 ordinem
2713 4318 2831 4357 non
2863 4301 3102 4372 eﬁ‘ugiet
3130 4299 3342 4355 divina
3373 4297 3639 4354 ultionis.

2065 4396 2197 4452 CAP.
2228 4397 2319 4450 22.
2341 4425 2412 4435 —-
2441 4392 2604 4449 Nihil
2631 4395 2836 4462 prater
2864 4392 3035 4445 Deum
3064 4390 3311 4458 eiusdem
3342 4403 3457 4443 esse
3477 4395 3719 4444 natura.

301 4496 417 4538 rem
449 4480 743 4535 suavitatis
771 4479 988 4549 (Ephes.
1019 4481 1072 4549 v)
1100 4496 1113 4546 ;
1147 4478 1240 4532 cui
1274 4495 1407 4532 cum
1440 4477 1611 4532 Patre
1652 4481 1708 4532 et
1739 4478 1950 4548 Spiritu
1984 4488 2032 4555 1)
2138 4483 2500 4540 Firmissime
2521 4485 2677 4547 tene,
2703 4487 2759 4535 et
2783 4478 3122 4534 nullatenus
3145 4478 3381 4534 dubites
3403 4492 3594 4549 neque
3623 4492 3722 4530 an-

303 4573 526 4637 sancto,
561 4587 594 4625 a
624 4565 974 4640 patriarchis
1023 4570 1080 4622 et
1111 4566 1436 4638 prophetis,
1463 4570 1520 4621 et
1552 4566 1957 4623 sacerdotibus

301 4663 564 4730 tempore
594 4655 820 4712 Veteris
847 4655 1206 4712 Testamenti
1237 4654 1519 4709 animalia
1541 4655 1952 4710 sacriﬁcaban-

299 4753 435 4815 tur;
466 4751 524 4802 et
551 4747 646 4801 cui
692 4761 871 4812 nunc,
903 4744 961 4799 id
994 4747 1084 4799 est
1109 4747 1372 4814 tempore
1421 4741 1561 4797 Novi
1601 4743 1957 4798 Testamenti

300 4853 434 4893 cum
458 4835 625 4891 Patre
645 4839 703 4890 et
724 4833 943 4905 Spiritu
970 4836 1198 4902 sancto,
1219 4848 1351 4887 cum
1374 4830 1593 4903 quibus
1613 4831 1698 4886 illi
1721 4837 1810 4888 est
1839 4850 1958 4890 una

301 4921 956 4992 divinitas,sacriﬁcium
993 4927 1050 4977 et
1081 4921 1252 4994 panis
1284 4925 1341 4977 et
1369 4920 1489 4976 vini
1521 4920 1580 4976 in
1612 4921 1725 4977 ﬁde
1755 4923 1955 4979 etcha-

300 5014 472 5070 ritate
501 5019 707 5068 sancta
737 5010 1025 5067 catholica
1070 5008 1330 5066 Ecclesia
1363 5026 1464 5080 per
1493 5009 1829 5067 universum
1861 5029 1954 5068 or-

299 5103 433 5159 bem
465 5107 630 5158 terra:
662 5102 869 5157 offerre
900 5117 1015 5156 non
1049 5101 1332 5155 cessat.In
1365 5097 1482 5154 illis
1513 5099 1668 5154 enim
1700 5101 1953 5156 carnali-

300 5194 410 5248 bus
440 5191 695 5247 victimis
727 5189 1074 5262 signiﬁcalio
1127 5189 1237 5243 fuit
1268 5187 1462 5244 carnis
1504 5188 1739 5260 Christi,
1773 5207 1952 5262 quam

300 5299 403 5354 pro
434 5281 689 5354 peccatis
735 5279 952 5334 nostris
983 5278 1108 5349 ipse
1138 5277 1266 5332 sine
1297 5282 1532 5348 peccato
1577 5277 1766 5333 fuerat
1795 5279 1954 5335 obla-

297 5375 489 5442 turus,
519 5375 577 5426 et
628 5368 936 5438 sanguinis
968 5383 1141 5439 quem
1175 5371 1298 5422 erat
1328 5365 1622 5422 etfusurus
1656 5367 1713 5422 in
1747 5369 1950 5426 remis-

299 5459 525 5515 sionem
590 5460 962 5533 peccatorum
1040 5459 1399 5512 nostrorum.
1456 5457 1520 5509 In
1592 5455 1704 5511 isto
1751 5463 1947 5515 autem

297 5547 582 5602 sacriﬁcio
614 5547 933 5618 gratiarum
963 5545 1112 5602 actio
1146 5551 1322 5615 atque
1353 5547 1831 5604 commemoratio
1861 5554 1950 5606 est

295 5634 488 5690 carnis
517 5635 758 5705 Christi,
791 5650 970 5710 quam
1002 5652 1107 5708 pro
1140 5634 1312 5691 nobis
1359 5632 1592 5705 obtulit,
1625 5641 1681 5692 et
1709 5639 1949 5710 sangui-

2065 4573 2248 4646 gelos,
2284 4587 2475 4642 neque
2521 4567 2845 4641 quamlibet
2895 4567 3071 4624 aliam
3103 4572 3432 4622 creaturam
3463 4564 3722 4634 ejusdem

2066 4667 2288 4717 natura:
2319 4659 2649 4729 esse,cujus
2678 4666 2766 4713 est
2797 4657 3126 4712 secundum
3156 4655 3488 4711 naturalem
3512 4653 3723 4709 divini-

2064 4755 2244 4806 tatem
2291 4765 2486 4815 suam,
2519 4763 2755 4804 summa
2787 4747 3071 4814 Trinitas,
3105 4745 3205 4816 qui
3235 4749 3325 4800 est
3357 4759 3512 4800 unus
3545 4747 3717 4797 natu-

2064 4840 2268 4896 raliter
2299 4839 2473 4905 Deus,
2521 4841 2712 4900 Pater,
2763 4839 2819 4890 et
2850 4833 3054 4903 Filius,
3091 4839 3148 4889 et
3173 4833 3430 4906 Spiritus
3461 4835 3716 4887 sanctus.

2064 4928 2262 4999 Neque
2311 4926 2466 4983 enim
2500 4925 2676 4981 unius
2723 4927 2945 4978 natura:
2979 4938 3108 4978 esse
3153 4925 3440 4994 poterant,
3491 4919 3590 4975 ille
3621 4919 3717 4990 qui

2063 5017 2220 5083 fecit,
2252 5021 2309 5072 et
2339 5033 2407 5071 ea
2435 5031 2561 5084 qua:
2595 5012 2752 5068 fecit.

2321 5106 2455 5161 CAP.
2485 5103 2576 5157 23.
2611 5106 2689 5157 De
2717 5101 3060 5156 immutabili
3090 5108 3140 5156 et
3170 5099 3452 5155 mutabili.

2131 5192 2496 5249 Firmissime
2540 5195 2692 5257 tene,
2725 5194 2782 5243 et
2829 5188 3166 5244 nullatenus
3198 5187 3434 5244 dubites
3486 5201 3715 5242 omnem

2061 5288 2389 5339 creaturam
2423 5278 2768 5334 naturaliter
2795 5277 3139 5333 mutabilem
3173 5294 3208 5333 a
3238 5278 3353 5334 Deo
3387 5277 3714 5332 incommu-

2059 5370 2225 5427 tabili
2246 5370 2456 5426 factam
2483 5385 2496 5434 ;
2524 5383 2626 5422 nec
2650 5371 2842 5422 tamen
2868 5383 3041 5438 posse
3058 5367 3175 5437 iam
3197 5365 3525 5440 quamlibet
3547 5378 3716 5435 ange-

2059 5461 2249 5515 lorum
2266 5462 2605 5513 sanctorum
2627 5461 2953 5513 creaturam
2981 5458 3041 5513 in
3063 5457 3319 5513 deterius
3341 5451 3712 5518 commutari,

2060 5549 2200 5622 quia
2221 5548 2304 5603 sic
2329 5549 2680 5619 acceperunt
2699 5551 2982 5603 aeternam
3003 5545 3579 5614 beatitudinem,qua
3603 5546 3712 5597 Deo

2058 5636 2350 5696 stabiliter
2370 5637 2848 5710 perfruuntur,ut
2874 5652 2944 5692 ea
2973 5651 3167 5691 carere
3197 5649 3313 5689 non
3343 5630 3710 5707 possint.Sed
