3982 6060
187 173 263 227 73
1264 175 1578 231 DECRETI
1616 174 1802 228 PARS
1839 175 1883 225 Ι.
1916 200 1985 211 -
2024 173 2120 225 DE
2156 172 2344 237 FIDE,
2386 170 2539 227 ETC.
3544 165 3617 223 74

186 298 302 354 hoc
333 299 533 370 ipsum
564 298 721 369 quod
756 297 827 354 ab
860 297 963 353 illo
1016 301 1175 355 statu
1207 297 1615 363 beatitudinis,
1650 297 1705 352 in
1741 312 1852 367 quo
1882 300 1937 365 Α
1968 294 2191 365 peccati
2223 295 2659 351 damnationem
2714 292 2933 350 carnali
2966 291 3344 365 conceptione
3374 294 3431 349 et
3460 292 3616 352 nati-

183 393 333 447 sunt
363 388 541 457 beati,
576 388 796 443 mutari
826 388 888 442 in
920 388 1180 444 deterius
1211 387 1553 442 nullatenus
1583 390 1855 457 possunt,

182 494 306 533 non
337 479 427 533 eis
458 476 813 532 naturaliter
860 476 1143 545 insitum;
1178 478 1280 532 sed
1333 480 1648 548 postquam
1682 480 1859 543 creati

184 571 357 633 sunt,
401 566 603 639 gratiae
657 565 864 621 divinas
924 566 1213 637 largitate»
1260 565 1559 621 collatum.
1591 564 1648 619 Si
1697 564 1857 619 enim

183 656 389 728 angeli
443 654 795 710 naturaliter
853 654 1373 711 incommutabiles
1428 654 1654 722 ﬁerent,
1700 671 1857 709 nun-

186 761 373 816 quam
410 746 479 800 de
509 760 713 800 eorum
769 743 1063 799 consortio
1111 742 1384 799 diabolus
1415 748 1473 799 et
1502 744 1631 813 ejus
1664 739 1856 813 angeli

185 834 572 890 cecidissent.

184 952 324 1006 CAP.
357 950 451 1005 24.
482 979 555 992 -
585 955 663 1005 De
689 950 1007 1022 differentia
1055 950 1357 1004 rationalis
1387 953 1442 1004 et
1479 948 1853 1003 irrationalis.

255 1047 624 1104 Firmissime
656 1053 813 1116 tene,
847 1052 903 1103 et
934 1047 1277 1103 nullatenus
1310 1046 1568 1114 dubites,
1604 1046 1660 1101 in
1694 1045 1856 1101 omni

180 1142 675 1208 creatura,quam
710 1136 1078 1208 spiritualem
1112 1141 1290 1207 atque
1317 1152 1654 1208 corpoream
1688 1152 1855 1190 sum-

178 1243 282 1282 ma
314 1226 577 1281 Trinitas
627 1225 782 1293 fecit,
817 1224 976 1281 solos
1030 1225 1279 1297 spiritus
1312 1223 1610 1296 angelicos
1657 1228 1715 1280 et
1745 1224 1854 1279 hu-

179 1332 397 1371 manos
427 1313 791 1385 intelligendi
826 1313 1166 1369 facultatem
1219 1313 1503 1367 divinitus
1536 1311 1853 1384 accepisse.

178 1410 437 1459 Caeteros
467 1420 603 1459 vero
654 1404 901 1475 spiritus
944 1404 1254 1457 brutorum
1300 1401 1645 1457 animalium
1679 1401 1853 1456 ratio-

180 1492 382 1547 nalem
420 1491 871 1563 intelligentiam
906 1507 1019 1546 non
1054 1491 1375 1561 accepisse,
1399 1495 1457 1545 et
1486 1491 1558 1544 ob
1590 1490 1698 1544 hoc
1729 1506 1852 1544 om-

184 1583 331 1637 nino
362 1582 578 1637 habere
610 1598 725 1636 non
758 1580 1203 1652 posse.Propter
1233 1581 1389 1650 quod
1424 1579 1641 1634 dicitur
1670 1578 1852 1633 homi-

183 1672 369 1725 nibus
403 1686 417 1724 :
453 1670 627 1725 Nolite
656 1670 779 1739 ﬁeri
806 1670 945 1723 sicut
973 1683 1141 1741 equus
1171 1672 1222 1723 et
1251 1669 1459 1735 mulus,
1492 1668 1692 1737 quibus
1742 1683 1852 1722 non
1882 1673 1931 1739 Β

182 1764 264 1815 est
297 1760 615 1814 intellectus
660 1758 837 1825 (Psat.
868 1761 1045 1827 xxxx).
1078 1757 1147 1811 Et
1177 1756 1306 1811 ideo
1337 1772 1443 1811 nec
1493 1755 1721 1810 animas
1752 1771 1854 1826 pe-

183 1865 393 1904 corum
428 1849 487 1903 in
519 1847 810 1912 homines,
845 1862 951 1901 nec
983 1847 1214 1900 animas
1244 1844 1554 1900 hominum
1586 1844 1646 1898 in
1679 1860 1853 1916 peco-

180 1955 325 1993 cora
358 1953 530 2010 posse
562 1936 886 2008 aliquando
920 1935 1193 1990 transire.

540 2043 675 2098 CAP.
707 2042 799 2098 25.
832 2074 899 2083 —
933 2047 1008 2098 De
1040 2042 1212 2096 libero
1244 2042 1501 2097 arbitrio.

252 2142 630 2199 Firmissime
679 2145 833 2211 tene,
868 2145 925 2197 et
974 2140 1314 2195 nullatenus
1366 2139 1601 2194 dubites
1632 2140 1855 2210 primos

182 2232 490 2296 homines,
521 2232 578 2285 id
629 2235 719 2285 est
746 2231 929 2285 Adam
964 2234 1021 2283 et
1068 2228 1373 2283 mulierem
1406 2229 1557 2297 ejus,
1582 2228 1767 2283 bonos
1796 2233 1856 2283 et

183 2328 400 2390 rectos,
434 2326 492 2376 et
522 2320 647 2375 sine
681 2323 918 2390 peccato
950 2323 1177 2373 creatos
1216 2333 1345 2373 esse
1376 2334 1507 2372 cum
1543 2317 1726 2372 libero
1754 2334 1856 2372 ar-

183 2412 383 2477 bitrio,
419 2426 537 2481 quo
586 2412 828 2480 possent
859 2408 909 2463 si
941 2406 1183 2477 vellent,
1216 2407 1333 2462 Deo
1385 2422 1619 2478 semper
1650 2405 1856 2461 humili

185 2505 241 2555 et
272 2500 432 2553 bona
488 2496 792 2552 voluntate
823 2495 1041 2551 servire
1086 2500 1256 2566 atque
1299 2495 1535 2550 obedire
1572 2510 1584 2548 :
1619 2511 1734 2565 quo
1763 2512 1854 2549 ar-
1931 2497 1934 2501 ’

184 2589 368 2643 bitrio
417 2587 595 2642 etiam
632 2590 874 2657 possent
924 2584 974 2640 si
1005 2583 1239 2650 vellent,
1273 2583 1511 2655 propria
1557 2584 1856 2638 voluntate

184 2692 434 2750 peccare
460 2692 695 2747 ;eosque
723 2692 838 2730 non
871 2673 1241 2740 necessitate,
1265 2673 1361 2728 sed
1395 2673 1627 2744 propria
1655 2672 1857 2728 volun-

184 2770 307 2820 tate
342 2780 653 2836 peccasse;
684 2762 902 2834 illoque
954 2767 1187 2833 peccato
1220 2762 1304 2816 sio
1338 2761 1397 2815 in
1430 2760 1689 2815 deterius
1724 2777 1854 2814 mu-

183 2858 371 2908 tatam
423 2854 748 2907 humanam
801 2855 1099 2917 naturam,
1138 2854 1198 2905 ut
1229 2866 1343 2904 non
1396 2849 1585 2904 solum
1618 2849 1676 2903 in
1708 2848 1854 2921 ipsis

188 2942 406 3015 primis
438 2940 778 2995 hominibus
838 2956 940 3010 per
997 2944 1301 3010 peccatum
1353 2955 1513 2992 mors
1561 2937 1854 2993 obtineret

1968 384 2147 439 vitate
2180 390 2502 440 traxerunt.

2430 475 2565 529 CAP.
2597 474 2686 527 28.
2722 504 2787 513 —
2822 474 2894 528 De
2917 472 3148 538 iudicio.

2037 563 2401 621 Firmissime
2429 566 2645 629 tene,ct
2676 562 3008 619 nullatenus
3040 560 3271 617 dubites
3301 561 3431 617 ideo
3453 561 3617 617 Chri-

1967 657 2123 707 stum
2150 653 2219 707 ad
2239 652 2594 722 judicandos
2616 653 2774 707 vivos
2798 657 3175 720 mortuosque
3195 655 3529 717 venturum,
3556 654 3620 706 ut

1966 741 2237 795 homines
2271 757 2419 811 quos
2452 740 2545 795 hic
2578 741 2730 795 dono
2762 742 2959 810 gratiae
2983 756 3099 794 suae
3122 739 3620 811 gratisjustiﬁcat

1966 847 2068 901 per
2098 830 2362 896 ﬁdem,et
2392 829 2611 884 eisdem
2636 828 2979 899 justiﬁcatis
3012 828 3069 881 in
3100 828 3215 883 ﬁde
3245 832 3302 883 et
3331 828 3618 884 charitate

1965 923 2179 973 sanctae
2213 917 2416 973 matris
2444 917 2709 972 Ecclesiae
2735 933 2923 986 usque
2951 916 3008 970 in
3033 917 3207 971 ﬁnem
3233 933 3616 989 perseveran-

1965 1009 2109 1063 tiam
2144 1008 2343 1077 donat,
2368 1007 2425 1061 in
2457 1023 2563 1062 suo
2596 1006 2847 1061 adventu
2879 1005 3528 1077 resuscitet,gloriﬁcet,
3561 1012 3617 1061 et

1967 1096 2294 1151 secundum
2327 1094 2778 1166 promissionem
2814 1111 2980 1149 suam
3002 1093 3255 1164 aequales
3278 1095 3495 1149 sanctis
3517 1111 3615 1149 an-

1964 1185 2109 1257 gelis
2135 1184 2328 1252 faciat,
2361 1190 2418 1238 et
2438 1185 2507 1238 ad
2533 1199 2667 1237 eum
2691 1187 2910 1238 statum
2935 1182 3300 1253 perducat,in
3334 1199 3450 1253 quo
3483 1199 3617 1254 per-

1964 1275 2132 1345 fecte,
2168 1277 2455 1343 quantum
2491 1272 2809 1343 unicuique
2844 1272 3044 1338 donat,
3079 1272 3219 1327 boni
3250 1276 3424 1340 sunt;
3456 1276 3513 1326 et
3544 1274 3616 1327 ab

1962 1364 2095 1435 ipsa
2129 1362 2480 1433 perfectione
2511 1362 2729 1416 mutari
2762 1361 3037 1431 deinceps
3073 1377 3187 1415 non
3221 1359 3620 1431 possunt;ubi

1964 1453 2194 1506 diversa
2224 1451 2333 1505 erit
2361 1455 2697 1506 sanctorum
2731 1448 3044 1520 gloria,sed
3078 1466 3193 1503 una
3222 1448 3620 1505 eritomnium

1962 1540 2082 1594 vita
2103 1537 2657 1594 {eternaDiabolum
2689 1553 2824 1592 vero
2847 1542 2904 1592 et
2925 1536 3167 1607 angelos
3187 1538 3316 1607 ejus
3342 1539 3401 1592 in
3424 1538 3621 1611 ignem

1960 1633 2245 1683 aeternum
2280 1644 2313 1681 a
2343 1626 2573 1682 Christo
2622 1641 2750 1681 esse
2786 1625 3147 1693 mittendos;
3181 1626 3281 1679 ubi
3313 1643 3620 1699 nunquam

1963 1717 2248 1771 carebunt
2271 1732 2459 1788 poena,
2476 1731 2651 1787 quam
2676 1714 2760 1770 eis
2784 1713 3127 1786 preparavit
3148 1714 3619 1786 divinajustitia.

1964 1805 2107 1860 Cum
2130 1805 2256 1875 ipso
2280 1804 2510 1860 diabolo
2534 1803 2750 1875 impios
2772 1807 2829 1859 et
2852 1804 3087 1874 iniquos
3114 1803 3624 1877 bomines,dequi-

1964 1893 2075 1948 bus
2107 1893 2411 1964 Scriptura
2440 1892 2580 1947 dicit
2614 1909 2626 1946 :
2662 1894 2959 1947 Imitantur
3000 1901 3183 1948 autem
3212 1909 3336 1948 eum
3364 1895 3462 1965 qui
3489 1902 3621 1949 sunt

1964 1998 2033 2038 ex
2058 1995 2217 2052 parte
2246 1982 2399 2036 illius
2448 1981 2597 2052 (Sap.
2633 1980 2720 2052 1.),
2757 1997 2861 2051 pro
2891 1995 2957 2035 eo
2989 1982 3144 2051 quod
3189 1997 3323 2036 eum
3356 1982 3413 2036 in
3449 1982 3621 2038 malis

1965 2071 2240 2142 operibus
2274 2069 2485 2125 imitati
2518 2073 2753 2135 sunt,et
2785 2074 2918 2125 ante
2946 2070 3120 2125 ﬁnem
3154 2070 3462 2141 praesentis
3491 2070 3619 2126 vitae

1965 2175 2284 2231 congruam
2318 2159 2718 2230 paenitentiam
2744 2175 2859 2214 non
2880 2161 3474 2231 egerunt,resumptis
3496 2177 3623 2218 cor-

1966 2248 2212 2322 poribus
2246 2247 2536 2320 supplicio
2567 2252 2796 2303 aeternas
2828 2247 3257 2305 combustionis
3290 2266 3549 2306 arsuros.

1965 2361 2096 2413 CAP.
2132 2356 2223 2413 29.
2261 2387 2328 2395 —-
2358 2358 2495 2412 Ante
2517 2357 2685 2426 ﬁnem
2732 2355 3027 2423 praesentis
3056 2357 3191 2412 vitae
3232 2359 3620 2427 paenitentiam

2637 2426 2922 2498 agendam.

2040 2514 2404 2573 Firmissime
2436 2516 2588 2581 tene,
2621 2520 2679 2569 et
2710 2514 3048 2570 nullatenus
3081 2514 3315 2572 dubites
3344 2517 3623 2573 omnibus

1964 2603 2387 2670 hominibus,et
2417 2601 2585 2658 bonis
2613 2606 2669 2658 et
2706 2601 2877 2657 malis
2910 2604 3395 2659 resurrectionem
3428 2606 3622 2661 carnis

1963 2694 2021 2748 in
2055 2694 2306 2748 adventu
2341 2691 2574 2747 Domini
2611 2692 2863 2746 futuram
2908 2708 3037 2747 esse
3069 2708 3445 2749 communem
3480 2710 3493 2749 :
3529 2711 3623 2750 re-

1964 2782 2345 2837 tributionem
2376 2796 2508 2835 vero
2533 2779 2780 2850 justitiaa
2826 2779 2926 2835 Dei
2963 2796 3090 2835 esse
3122 2780 3292 2835 bonis
3326 2779 3619 2853 malisque

1963 2870 2335 2935 dissimilem,
2389 2869 2714 2925 secundum
2767 2869 2920 2940 quod
2972 2868 3287 2939 Apostolus
3317 2869 3444 2925 ait:
3482 2871 3624 2939 Quia

1961 2976 2143 3015 omnes
2161 2974 2523 3029 resurgemus,
2544 2958 2636 3013 sed
2651 2973 2763 3013 non
2789 2974 2976 3015 omnes
2997 2960 3467 3031 immutabimur(l
3497 2960 3619 3015 Cor.

185 3045 461 3102 regnum:
494 3030 595 3084 ⁸θά
652 3028 829 3119 Etiam
880 3028 938 3081 in
989 3043 1193 3119 omnes
1219 3026 1515 3119 _h°WiP°8
1565 3028 1845 3081 ίηηθίτθῖ
1876 3037 1918 3104 C
1956 3050 2071 3119 xv).
2106 3026 2489 3103 Mutabuntur
2539 3051 2735 3101 autem
2768 3047 2939 3117 justi,
2974 3046 3073 3118 qui
3103 3045 3275 3101 ibunt
3326 3047 3383 3102 in
3430 3026 3619 3103 vitam

182 3122 493 3190 peccatum
526 3119 700 3186 (Rom.
732 3117 810 3186 v),
847 3116 1170 3186 mortisque
1202 3114 1559 3170 dominium.

182 3238 313 3290 CAP.
352 3235 441 3288 '26.
480 3262 545 3274 —
590 3234 664 3288 De
710 3231 975 3303 originali
1017 3238 1259 3302 peccato,
1310 3231 1534 3303 ejusque
1584 3228 1853 3307 remedio.

254 3330 622 3386 Firmissime
674 3334 826 3399 tene,
860 3333 915 3384 et
947 3327 1295 3385 nullatenus
1345 3328 1578 3383 dubites
1620 3344 1856 3382 omnem

188 3420 495 3476 hominem
557 3419 657 3490 qui
717 3435 820 3491 per
875 3417 1253 3474 concubitum
1312 3417 1418 3472 viri
1479 3421 1537 3472 et
1592 3415 1858 3471 mulieris

190 3508 549 3579 concipitur,
582 3524 714 3562 cum
749 3505 1020 3579 originali
1066 3510 1304 3578 peccato
1351 3506 1535 3572 nasci,
1570 3505 1858 3576 impietati

190 3597 529 3659 subditum,
566 3596 859 3666 mortique
906 3596 1265 3665 subjectum,
1297 3600 1354 3650 et
1384 3594 1457 3649 ob
1506 3593 1617 3650 hoc
1648 3599 1860 3648 natura

188 3686 287 3741 irae
324 3685 512 3740 ﬁlium
568 3684 751 3751 nasci,
789 3684 860 3739 de
890 3700 1004 3755 quo
1038 3684 1181 3739 dicit
1228 3683 1546 3755 Apostolus
1581 3701 1593 3739 :
1626 3684 1859 3737 Eramus

186 3779 341 3830 enim
373 3776 423 3829 et
455 3790 554 3829 nos
605 3778 809 3828 natura
838 3774 948 3843 ﬁlii
976 3775 1100 3842 irae,
1132 3774 1273 3827 sicut
1324 3776 1375 3829 et
1402 3774 1596 3829 caeteri
1635 3771 1855 3843 (Ephes.

191 3868 273 3933 ιι).
311 3871 355 3917 Α
392 3880 509 3934 qua
542 3862 629 3917 ira
650 3861 853 3918 nullus
881 3861 1188 3931 liberatur,
1224 3861 1337 3917 nisi
1372 3862 1484 3917 ﬁde
1518 3860 1860 3916 mediatoris

189 3953 292 4009 Dei
324 3956 386 4008 et
436 3950 774 4021 hominum,
825 3950 1085 4006 hominis
1132 3955 1271 4005 Jesu
1322 3950 1566 4018 Christi,
1599 3951 1699 4021 qui
1732 3949 1860 4004 sine

192 4046 439 4113 peccato
472 4044 791 4110 conceptus
824 4039 952 4094 sine
981 4044 1219 4111 peccato
1252 4042 1445 4106 natus,
1466 4038 1593 4095 sine
1625 4043 1858 4109 peccato

196 4135 496 4195 mortuus,
531 4133 839 4199 peccatum
891 4145 994 4199 pro
1045 4127 1217 4184 nobis
1266 4128 1487 4183 factum
1537 4132 1646 4195 est,
1683 4129 1739 4183 id
1773 4131 1861 4183 est

194 4217 554 4275 sacriﬁcium
588 4217 778 4272 factus
823 4222 913 4271 est
943 4233 1046 4289 pro
1095 4218 1349 4289 peccatis
1380 4216 1622 4272 nostris.
1657 4220 1718 4272 In
1750 4216 1857 4273 Ve-

193 4308 302 4364 teri
336 4306 556 4378 quippe
584 4310 963 4361 Testamento
996 4310 1229 4376 peccata
1263 4307 1607 4362 dicebantur
1637 4305 1859 4361 sacriﬁ-

1965 3136 2432 3200 aeternam.Quod
2462 3135 2779 3207 Apostolus
2811 3136 3068 3191 ostendit
3099 3134 3297 3192 dicens
3333 3153 3346 3192 :
3384 3140 3447 3192 Et
3476 3153 3625 3192 mor-

1964 3227 2048 3282 tui
2076 3234 2363 3295 resurgent
2390 3227 2720 3295 incorrupti,
2752 3228 2801 3280 et
2831 3239 2930 3279 nos
2954 3224 3375 3280 immutabimur
3409 3226 3618 3297 (ibist).

1965 3318 2034 3371 Et
2067 3316 2385 3371 ostendens
2436 3330 2563 3384 quis
2611 3313 2721 3368 erit
2774 3314 2905 3383 ipsa
2953 3312 3308 3383 immutatio,
3356 3313 3619 3382 adjecit:

1968 3406 2186 3477 Oportet
2213 3405 2368 3458 enim
2397 3402 2758 3473 corruptibile
2778 3402 2874 3457 hoc
2896 3402 3128 3458 induere
3151 3404 3621 3472 incorruptionem

1966 3504 2016 3550 et
2055 3494 2293 3549 mortale
2337 3492 2438 3549 hoc
2487 3491 2721 3546 induere
2770 3491 3248 3547 immortalitatem
3301 3491 3502 3560 (ibid.).
3555 3492 3619 3546 In

1967 3599 2169 3639 eorum
2201 3581 2544 3653 corporibus
2577 3581 2694 3646 ﬁet,
2746 3580 2905 3650 quod
2954 3580 3077 3651 ipse
3122 3580 3435 3650 Apostolus
3488 3580 3616 3637 ait:

1969 3672 2289 3727 Seminatur
2318 3672 2373 3724 in
2406 3671 2959 3739 corruptione,surget
2991 3670 3050 3722 in
3081 3668 3618 3740 incorruptione.Se-

1966 3760 2216 3816 minatur
2243 3760 2304 3813 in
2334 3758 2701 3827 ignobilitate,
2732 3761 2918 3825 surget
2950 3759 3009 3811 in
3059 3758 3265 3827 gloria.
3301 3758 3621 3813 Seminatur

1968 3854 2027 3906 in
2057 3851 2407 3919 inﬁrmitate,
2457 3852 2642 3919 surget
2681 3849 2741 3902 in
2787 3849 3007 3903 virtute.
3068 3848 3383 3903 Seminatur
3422 3864 3620 3921 corpus

1967 3941 2229 4007 animate,
2259 3946 2447 4009 surget
2471 3952 2663 4008 corpus
2692 3937 2985 4007 spirituale
3007 3936 3213 4008 (ibid).
3247 3938 3409 4003 Quod
3445 3954 3620 4009 prop-

1968 4034 2126 4084 terea
2157 4028 2325 4096 dixit,
2380 4044 2494 4083 non
2526 4027 2664 4098 quia
2714 4027 2909 4097 ipsum
2943 4042 3155 4097 corpus
3207 4026 3454 4097 spiritus
3487 4028 3617 4094 erit,

1968 4116 2067 4170 sed
2102 4114 2242 4184 quia
2288 4112 2619 4168 viviﬁcante
2668 4112 2890 4184 Spiritu
2943 4111 3273 4167 immortale
3322 4115 3497 4180 atque
3528 4110 3620 4164 in-

1969 4202 2348 4275 corruptibile
2398 4202 2784 4273 permanebit.
2830 4202 2919 4255 Sic
2971 4205 3168 4255 autem
3220 4205 3361 4255 tunc
3408 4199 3626 4255 dicitur

1971 4290 2277 4363 spirituale
2328 4306 2563 4361 corpus,
2597 4306 2729 4344 cum
2766 4306 2878 4343 non
2931 4288 3178 4359 spiritus
3208 4288 3323 4356 sit;
3359 4290 3455 4345 sed
3492 4304 3626 4358 per-

193 4398 304 4463 οίει,
340 4376 604 4466 (inﬁmo
636 4394 891 4466 peccatis
940 4394 1354 4450 offerebantur,
1389 4398 1450 4450 In
1485 4395 1698 4466 quibus
1729 4410 1860 4450 οω..
1890 4403 1937 4469 D
1971 4388 2204 4436 maneat
2254 4395 2488 4469 corpus,
2520 4379 2673 4469 sicut
2722 4394 2879 4433 nunc
2915 4376 3169 4432 animale
3205 4377 3454 4469 dicitur,
3490 4393 3624 4435 cum

196 4486 376 4541 nibus
411 4484 523 4538 fuit
551 4483 909 4556 signiﬁcatio
954 4482 1192 4549 Christi,
1225 4484 1366 4555 quia
1408 4483 1533 4554 ipse
1555 4488 1644 4539 est
1687 4500 1861 4555 agnus
1892 4467 1920 4469 ί
1968 4475 2163 4526 tamen
2198 4468 2533 4523 inveniatur
2562 4467 2760 4523 anima
2792 4484 2904 4523 Ποῖ)
2937 4482 3087 4532 θεεθι
3121 4467 3223 4522 εθά
3257 4482 3490 4538 corpus-

194 4576 314 4643 Dei,
340 4575 441 4645 qui
467 4573 620 4628 tollit
650 4576 887 4645 peccata
918 4574 1115 4627 mundi
1146 4574 1323 4643 (Joan.
1357 4574 1421 4644 ι).

630 4682 764 4734 CAP.
797 4679 889 4734 27.
923 4710 990 4720 —
1031 4680 1108 4734 De
1139 4679 1432 4749 baptismo.

270 4782 382 4844 (De
412 4793 589 4843 cons.,
619 4775 747 4831 dist.
781 4777 837 4842 4,
869 4792 917 4831 e.
954 4778 1334 4847 Firmissime).
1384 4776 1749 4832 Firmissime
1779 4780 1863 4831 te-

202 4872 361 4932 ne,et
375 4865 716 4921 nullatenus
739 4865 972 4921 dubites
997 4882 1111 4920 non
1137 4866 1328 4921 solum
1353 4864 1622 4921 homines
1639 4871 1761 4935 jam
1776 4882 1865 4919 ra-

205 4957 366 5011 tione
388 4958 852 5016 utentes,verum
877 4953 1055 5008 etiam
1084 4953 1483 5023 parvulos,qui
1518 4953 1636 5008 sive
1659 4954 1715 5007 in
1749 4960 1869 5008 ute-

207 5045 291 5099 ris
323 5047 583 5098 matrum
615 5042 805 5097 vivere
836 5041 1215 5113 incipiunt,et
1248 5042 1325 5096 ibi
1360 5043 1725 5109 moriuntur;
1749 5042 1869 5097 sive

199 5136 327 5206 jam
350 5133 425 5186 de
448 5130 737 5186 matribus
762 5130 905 5198 nati,
929 5131 1056 5186 sine
1081 5136 1444 5186 sacramento
1469 5131 1657 5186 sancti
1683 5130 1869 5202 bapti-

208 5220 612 5290 smatis,quod
645 5219 819 5273 datur
850 5218 907 5273 iu
942 5218 1181 5273 nomine
1205 5219 1394 5274 Patris
1425 5224 1482 5274 et
1511 5218 1641 5273 Filii
1671 5224 1728 5274 et
1749 5218 1874 5289 Spi-

210 5312 367 5367 ritus
398 5307 613 5374 sancti,
641 5309 711 5363 de
744 5307 854 5363 hoc
885 5306 1102 5363 saeculo
1132 5312 1462 5373 transeunt,
1486 5307 1642 5377 ignis
1674 5306 1872 5363 aeterni

208 5397 504 5471 supplicio
532 5397 890 5468 sempiterno
913 5396 1550 5468 punisndos:quia,etsi
1572 5402 1876 5468 peccatum

212 5487 465 5564 propria
486 5485 735 5543 actionis
757 5484 989 5543 nullum
1008 5485 1877 5559 habuerunt,originalistamen

547 5616 806 5679 ΡΑτιιοι.
854 5615 1054 5678 CLXI.

1969 4579 2104 4634 CAP.
2137 4577 2225 4632 30.
2258 4606 2327 4616 —
2359 4576 2432 4631 De
2461 4575 2755 4646 martyrio,
2785 4578 2838 4630 et
2874 4575 3218 4645 paenitentia,
3252 4581 3302 4629 et
3333 4575 3624 4646 baptismo.

2044 4682 2406 4739 Firmissime
2439 4687 2593 4747 tene,
2624 4686 2681 4735 et
2730 4680 3073 4736 nullatenus
3102 4680 3341 4737 dubites
3372 4681 3628 4753 exceptis

1973 4774 2093 4829 illis
2125 4772 2222 4845 qui
2262 4789 2366 4843 pro
2399 4771 2636 4826 nomine
2657 4769 2870 4826 Christi
2891 4786 2997 4824 suo
3015 4769 3303 4841 sanguine
3331 4770 3631 4840 baptizan.

1980 4860 2330 4928 tur,nullum
2352 4867 2730 4930 accepturum
2754 4858 2933 4913 vitam
2960 4858 3366 4929 seternam,qui
3390 4875 3505 4914 non
3537 4859 3633 4914 hic

1978 4969 2010 5005 a
2044 4949 2215 5004 malis
2247 4950 2374 5003 suis
2406 4948 2582 5002 fuerit
2612 4963 2712 5017 per
2742 4948 3143 5018 paenitentiam
3177 4948 3474 5018 ﬁdemque
3496 4964 3631 5003 con-

1978 5038 2285 5094 versus.Et
2315 5053 2416 5107 per
2448 5040 2885 5091 sacramentum
2918 5034 3051 5090 ﬁdei
3084 5040 3140 5090 et
3168 5035 3542 5106 paenitentiae,
3576 5037 3636 5092 id

1982 5133 2072 5183 est
2102 5143 2204 5197 per
2234 5125 2593 5195 baptismum
2624 5122 3006 5179 1iberatvs.Et
3037 5123 3361 5193 majoribus
3394 5124 3633 5195 quidem

1984 5214 2383 5272 necessarium
2416 5216 2590 5280 est,et
2621 5211 3023 5281 paenitentiam
3057 5212 3128 5267 de
3159 5212 3331 5268 malis
3356 5214 3482 5269 suis
3500 5229 3639 5284 age-

1986 5310 2131 5370 re,et
2162 5304 2334 5358 ﬁdem
2358 5300 2707 5356 catholicam
2736 5300 3065 5356 secundum
3089 5302 3351 5372 regulam
3380 5299 3638 5356 veritatis

1986 5396 2270 5459 teners,et
2301 5395 2739 5447 sacramentum
2772 5388 3151 5461 baptismatis
3181 5390 3461 5461 accipere.
3494 5389 3637 5443 Par-

1989 5481 2141 5540 vulis
2161 5497 2293 5539 vero
2316 5480 2416 5554 qui
2443 5496 2547 5537 nec
2570 5478 2805 5554 propria
2826 5477 3123 5536 voluntate
3144 5479 3509 5547 credere,nec
3521 5495 3641 5553 poe-

3282 5610 3320 5667 3
