3916 6034
314 142 391 237 75
1405 181 1474 232 D.
1514 175 1754 231 IVONIS
1790 172 1959 227 eam

2154 174 2287 229 isis
2325 174 2651 230 EPISCOPI
3673 174 3749 245 7e

317 303 628 360 nitentiam
660 317 766 374 pro
810 302 1048 373 peccato
1091 300 1245 372 quod
1296 297 1661 371 originaliter
1711 294 1975 361 trahunt,
2006 297 2061 362 Α
2095 300 2242 361 Imo,
2276 296 2430 353 sicut
2478 297 2630 352 intra
2658 294 2979 351 Ecclesiam
3030 300 3189 352 recte
3237 297 3619 357 credentibus
3649 316 3757 373 per

318 409 488 465 agere
518 394 786 465 possunt,
821 394 1253 446 sacramentum
1288 389 1442 457 fidei,
1479 386 1632 457 quod
1684 390 1776 440 est
1807 401 1975 439 sanc-

317 486 447 538 tum
480 481 794 553 baptisma,
823 478 1086 548 quandiu
1116 477 1359 534 rationis
1393 481 1533 531 atas
1564 490 1766 530 eorum
1798 490 1981 546 capax

323 587 453 628 esse
484 587 600 626 non
634 572 850 642 potest,
885 567 1156 624 sufﬁcere
1187 566 1257 620 ad
1292 565 1569 621 salutem.

625 659 755 714 CAP.
786 658 875 711 31.
912 687 982 698 --
1014 657 1082 710 De
1107 656 1297 725 gratia
1322 655 1677 726 paenitentiae.

328 792 329 795 η
391 746 756 803 Firmissime
786 750 937 812 tene,
958 748 1013 799 et
1044 742 1383 799 nullatenus
1414 743 1646 798 dubites
1680 740 1976 796 neminem

321 836 415 891 hic
447 835 755 892 hominum
793 849 965 905 posse
996 832 1402 905 paenitentiam
1436 848 1623 903 agere,
1652 830 1765 885 nisi
1798 845 1975 901 quem

317 925 475 981 Deus
506 921 1014 988 illuminaverit,et
1044 921 1299 992 gratuita
1330 920 1709 976 miseratione
1738 933 1973 972 conver-

316 1014 453 1070 terit
479 1012 789 1085 Apostolus
841 1010 996 1066 enim
1027 1010 1174 1064 dicit
1206 1027 1219 1065 :
1252 1014 1333 1066 Ne
1381 1012 1527 1079 forte
1557 1008 1643 1063 det
1673 1008 1812 1062 Deus
1851 1005 1974 1061 illis

310 1102 705 1175 penitentiam
734 1099 805 1155 ad
831 1098 1267 1171 cognoscendam
1313 1100 1621 1164 veritatem,
1651 1102 1708 1151 et
1751 1096 1975 1167 resipis-

313 1199 443 1247 cant
472 1208 506 1246 a
536 1190 757 1246 diaboli
785 1189 994 1259 laqueis
1023 1188 1093 1259 (II
1124 1189 1257 1242 Tim.
1294 1188 1380 1258 ιι).

620 1282 753 1336 CAP.
788 1279 877 1333 32.
910 1308 979 1318 —
1011 1278 1087 1333 De
1115 1278 1302 1346 gratia
1326 1276 1669 1332 obedientia.

388 1366 751 1423 Firmissime
808 1370 964 1434 tene,
996 1370 1054 1419 et
1112 1364 1452 1420 nullatenus
1510 1363 1743 1419 dubites
1802 1376 1973 1434 posse

318 1457 555 1527 quidem
592 1456 889 1511 hominem
916 1469 1090 1525 quem
1124 1469 1227 1509 nec
1257 1452 1591 1525 ignorantia
1619 1452 1971 1521 litterarum,

318 1561 424 1601 nec
484 1544 683 1616 aliqua
732 1542 1001 1615 prohibet
1047 1540 1441 1609 imbecillitas,
1492 1540 1581 1596 vel
1626 1540 1970 1607 adversitas,

314 1634 497 1690 verba
533 1638 738 1689 sancta
768 1631 914 1704 legis
944 1635 1001 1687 et
1031 1629 1325 1703 Evangelii
1356 1630 1478 1687 sive
1507 1629 1718 1702 legere,
1752 1629 1874 1685 sive
1902 1644 1972 1684 ex

315 1740 417 1779 ore
463 1724 817 1794 cujusquam
872 1720 1269 1793 pradicatoris
1324 1719 1566 1787 audire;
1602 1718 1705 1775 sed
1754 1718 1967 1774 divinis

314 1812 613 1868 mandatis
644 1810 882 1866 obedire
915 1809 1210 1865 neminem
1243 1826 1437 1881 posse,
1463 1808 1577 1863 nisi
1611 1823 1785 1880 quem
1816 1807 1969 1863 Deus

313 1901 505 1974 gratia
535 1917 643 1955 sua
674 1897 1041 1972 pravenerit;
1063 1900 1127 1952 ut
1156 1897 1311 1969 quod
1335 1898 1501 1953 audit
1521 1912 1760 1968 corpore
1792 1897 1970 1952 etiam

312 1991 488 2045 corde
521 1988 893 2062 percipiat,et
925 1990 1163 2058 accepta
1179 1986 1462 2042 divinitus
1495 1987 1648 2041 bona
1678 1985 1974 2041 voluntate

313 2082 493 2150 atque
524 2077 1045 2146 virtute,mandata
1076 2075 1177 2131 Dei
1209 2075 1398 2131 facere
1425 2080 1482 2132 et
1510 2076 1648 2131 velit
1676 2079 1732 2131 et
1766 2074 1971 2147 possit.

312 2169 496 2239 Neque
525 2166 681 2222 enim
713 2167 810 2237 qui
838 2168 1051 2236 plantat
1079 2172 1161 2221 est
1191 2165 1424 2237 aliquid,
1469 2181 1645 2237 neque
1674 2166 1770 2235 qui
1802 2164 1971 2234 rigat,

311 2256 405 2313 sed
435 2256 531 2327 qui
560 2257 959 2311 incrementum
986 2252 1079 2309 dat
1109 2255 1249 2309 Deus
1271 2256 1314 2323 (I
1346 2253 1563 2319 Cor-.111)
1588 2270 1603 2321 ;
1630 2253 1769 2324 quia
1797 2254 1974 2308 etiam

313 2354 584 2418 aperatur
613 2345 671 2400 in
701 2344 858 2399 nobis
885 2346 939 2399 et
967 2343 1182 2415 velle,et
1196 2343 1459 2414 perﬁcere
1482 2357 1583 2413 pro
1614 2341 1753 2397 bona
1782 2344 1975 2397 volun-

315 2443 426 2491 tate
457 2433 690 2507 (Philip.
721 2438 806 2502 ιι).

366 2528 501 2579 CAP.
533 2522 622 2577 33.
654 2550 726 2563 ~—
760 2525 938 2576 Deum
967 2517 1500 2576 incommutabiliter
1529 2520 1719 2575 omnia
1739 2534 1918 2575 nosse.

391 2610 758 2669 Firmissime
789 2613 941 2673 tene,
974 2614 1031 2664 et
1084 2607 1425 2664 nullatenus
1474 2608 1707 2664 dubites
1746 2612 1856 2664 Deo
1887 2606 1977 2662 in-

317 2699 723 2759 commutabili
758 2714 870 2753 non
903 2696 1095 2753 solum
1129 2697 1551 2769 praterita,sed
1572 2698 1748 2752 etiam
1782 2697 1979 2752 futura

310 2788 511 2845 omnia
559 2785 1123 2843 incommutabiliter
1154 2802 1283 2841 esse
1333 2784 1671 2852 notissima,
1704 2789 1798 2840 cui
1830 2785 1979 2839 dici-

308 2882 408 2934 tur
441 2893 454 2931 :
487 2878 604 2947 Qui
632 2876 970 2932 occultorum
1001 2890 1055 2929 es
1085 2876 1359 2946 cognitor,
1392 2875 1490 2947 qui
1510 2876 1624 2931 scis
1652 2876 1839 2930 omnia
1871 2891 1977 2929 an-

322 2972 624 3039 antequam
646 2966 783 3035 ﬁant
815 2964 976 3035 (Dan.
1010 2962 1155 3035 xm).

772 3056 905 3108 CAP.
940 3053 1029 3107 34.
1062 3082 1131 3093 -
1156 3056 1237 3108 De
1266 3053 1521 3108 scientia.

322 3136 325 3141 ’
388 3142 754 3199 Firmissime
788 3146 940 3206 tene,
975 3146 1031 3196 et
1084 3140 1426 3196 nullatenus
1454 3141 1689 3196 dubites
1721 3141 1977 3198 Trinita-

317 3238 440 3291 tem
474 3232 658 3289 Deum
690 3230 1475 3300 incommutabilem,rerum
1508 3230 1770 3286 omnium
1805 3235 1980 3303 atque

320 3339 567 3396 operum
598 3326 718 3377 tam
782 3336 1023 3375 suorum
1075 3335 1254 3391 quam
1286 3319 1683 3375 humanorum
1714 3320 1978 3375 certissi-

323 3429 490 3469 mum
523 3411 877 3482 cognitorem
904 3427 917 3476 ;
951 3413 1008 3464 et
1040 3413 1173 3463 ante
1206 3408 1405 3463 omnia
1436 3406 1646 3463 sacula
1677 3408 1826 3463 scire
1858 3407 1979 3479 qui-

321 3501 435 3557 bus
466 3503 623 3556 esset
671 3514 775 3569 per
806 3498 979 3553 ﬁdem
1030 3497 1278 3568 gratiam
1309 3496 1654 3569 largiturus,
1687 3497 1814 3552 sine
1861 3513 1979 3568 qua

322 3604 495 3646 nemo
527 3585 717 3659 potuit
748 3585 818 3641 ab
848 3585 1015 3641 initio
1050 3585 1276 3653 mundi,
1312 3600 1499 3657 usque
1528 3586 1587 3639 in
1622 3585 1794 3640 finem
1830 3602 1975 3641 are-

320 3681 420 3733 atu
454 3675 673 3748 peccati
724 3678 845 3730 tam
877 3673 1183 3747 originalis
1215 3690 1393 3745 quam
1439 3673 1688 3728 actualis
1730 3673 1972 3730 absolvi.

318 3770 470 3837 Quos
498 3768 648 3821 enim
678 3765 822 3819 Deus
848 3763 1115 3834 praesciit,
1137 3766 1188 3818 et
1214 3761 1639 3834 praedestinavit
1670 3765 1975 3833 con/armes

313 3856 443 3926 ﬁeri
470 3854 732 3925 imaginis
759 3852 898 3909 Filii
928 3852 1045 3920 eius
1074 3852 1247 3921 (Rom.
1279 3852 1427 3921 vm).

636 3941 774 3997 CAP.
809 3941 898 3995 35.
932 3969 1000 3980 -—
1030 3940 1103 3995 De
1132 3938 1649 4010 prwdestinatione.

386 4031 752 4089 Firmissime
802 4034 955 4095 tene,
992 4032 1048 4083 et
1082 4027 1421 4084 nullatenus
1470 4026 1706 4083 dubites
1740 4042 1974 4101 omnes,

312 4139 460 4194 quos
491 4138 630 4177 vasa
663 4117 1077 4175 misericordia
1109 4116 1367 4190 gratuita
1413 4115 1673 4172 bonitate
1704 4116 1858 4173 Deus
1892 4118 1973 4173 fe-

309 4212 547 4281 cit,ante
578 4208 1058 4265 constitutionem
1091 4207 1297 4261 mundi
1334 4207 1392 4261 in
1426 4204 1801 4277 adoptionem
1830 4206 1974 4263 ﬁlio-

309 4316 440 4354 rum
466 4298 566 4354 Dei
616 4297 1063 4369 pradestinatos
1097 4314 1131 4352 a
1161 4297 1277 4352 Deo
1307 4317 1321 4365 ;
1354 4312 1543 4368 neque
1575 4295 1763 4367 perire
1799 4313 1971 4367 posse

2091 392 2525 442 sacramentum
2559 384 2833 457 baptismi
2864 384 3116 441 conferri
3150 385 3438 457 salutem;
3471 388 3557 443 sic
3587 395 3754 445 extra

2089 473 2406 530 Ecclesiam
2435 474 2821 545 baptizatis,si
2854 474 2927 528 ad
2959 473 3277 529 Ecclesiam
3301 491 3418 530 non
3443 477 3752 546 redierint,

2089 564 2291 620 eodem
2306 564 2661 636 baptismate
2673 562 2959 619 cumulari
2975 563 3577 635 perniciem.Tantum
3591 568 3750 623 enim

2086 652 2242 708 valet
2270 653 2675 709 ecclesiastica
2702 652 3003 708 societatis
3035 653 3235 708 unitas
3271 655 3340 709 ad
3375 654 3649 723 salutem,
3685 660 3751 711 ut

2086 742 2383 814 baptismo
2415 760 2529 799 non
2562 741 2940 811 salvetur,cui
2974 758 3091 797 non
3120 742 3202 797 ibi
3234 744 3539 813 datur,ubi
3574 762 3753 818 opor-

2084 831 2200 885 tuit
2227 832 2699 886 utdetur.lnesse
2724 834 2917 885 tamen
2941 828 3166 884 homini
3191 831 3555 902 baptismum
3572 834 3749 890 etiam

2086 923 2251 975 extra
2278 920 2595 976 Ecclesiam
2639 919 2958 990 baptizato,
2990 919 3092 975 sed
3126 920 3197 975 ad
3222 921 3519 991 judicium
3552 922 3749 979 inesse

2084 1009 2492 1079 separato.Sed
2515 1009 2655 1081 quia
2676 1008 3058 1064 manifestum
3080 1014 3169 1064 est
3192 1010 3529 1083 ubicunque
3542 1013 3745 1068 datum

2084 1097 2265 1151 fuerit
2287 1096 2395 1152 hoc
2418 1098 2715 1169 baptisma
2737 1098 2918 1153 semel
2942 1113 3072 1153 esse
3095 1099 3518 1167 dandum,ideo
3539 1100 3649 1155 etsi
3675 1102 3749 1157 ab

2081 1184 2371 1241 hareticis
2403 1185 2459 1241 in
2494 1188 2732 1242 nomine
2756 1186 2943 1259 Patris
2968 1190 3025 1241 et
3044 1185 3171 1241 Filii
3192 1192 3249 1242 et
3269 1187 3525 1259 Spiritus
3549 1189 3748 1245 sancti

2081 1274 2258 1338 fuerit
2287 1274 2930 1342 datum,venerabiliter
2959 1276 3420 1345 agnoscendum,
3444 1280 3500 1332 et
3531 1278 3602 1333 ob
3636 1277 3749 1333 hoc

2083 1361 2422 1418 nullatenus
2456 1363 2813 1417 iterandum.
2848 1363 3111 1419 Salvator
3139 1364 3294 1419 enim
3340 1364 3421 1420 ait
3454 1382 3466 1419 :
3502 1367 3608 1433 Qui
3654 1382 3744 1422 se-

2081 1449 2198 1506 mel
2228 1450 2368 1506 lotus
2396 1459 2495 1521 est,
2528 1467 2639 1506 non
2679 1451 2889 1522 indiget
2926 1452 3043 1506 nisi
3074 1455 3134 1506 ut
3171 1452 3343 1524 pedes
3386 1454 3532 1509 lavet
3562 1455 3743 1527 (Joan.

2080 1542 2206 1612 xui)
2219 1582 2232 1596 .

2563 1629 2697 1685 CAP.
2729 1629 2819 1684 37.
2848 1658 2916 1670 -
2946 1634 3026 1685 De
3052 1630 3255 1686 eodem.

2150 1719 2515 1776 Firmissime
2560 1722 2712 1787 tene,
2740 1723 2798 1775 et
2828 1718 3167 1776 nullatenus
3224 1720 3461 1778 dubites
3501 1738 3737 1779 omnem

2078 1814 2238 1864 extra
2268 1808 2585 1865 Ecclesiam
2618 1807 2965 1864 catholicam
2998 1809 3360 1881 baptizatum
3393 1811 3737 1883 participem

2080 1898 2205 1953 fieri
2238 1915 2351 1953 non
2407 1914 2579 1969 posse
2627 1898 2756 1953 vita
2806 1902 3060 1968 aterna,
3094 1898 3143 1952 si
3194 1902 3328 1953 ante
3377 1898 3557 1954 tinem
3608 1900 3738 1955 vita

2081 1986 2263 2059 hujus
2292 1988 2589 2044 catholica
2623 2005 2738 2043 non
2764 1988 2940 2042 fuerit
2970 1988 3237 2043 redditus
3269 1992 3444 2060 atque
3476 1988 3743 2061 incorpo-

2082 2082 2247 2133 ratus
2278 2078 2570 2133 Ecclesia.
2602 2077 2748 2141 Quia
2782 2077 2831 2132 si
2865 2076 3138 2145 habeam,
3173 2077 3367 2148 inquit
3399 2078 3741 2151 Apostolus,

2084 2181 2317 2222 omnem
2350 2167 2612 2236 ﬁdem,et
2642 2166 2898 2221 noverim
2931 2167 3129 2221 omnia
3159 2168 3744 2237 sacramenta,chari-

2084 2262 2251 2311 tatem
2296 2264 2481 2312 autem
2530 2271 2642 2309 non
2690 2256 2939 2323 habeam,
2990 2256 3136 2310 nihil
3177 2272 3301 2311 sum
3348 2257 3399 2329 (ι
3432 2256 3552 2312 Cor.
3601 2258 3750 2329 xm).

2083 2347 2230 2398 Nam
2280 2344 2339 2399 in
2393 2342 2600 2399 diebus
2647 2343 2877 2410 diluvii,
2931 2344 3231 2400 neminem
3276 2344 3527 2417 legimus
3577 2350 3740 2402 extra

2087 2449 2280 2489 arcam
2316 2433 2579 2504 potuisse
2604 2430 2818 2488 salvari
2849 2432 3001 2504 (Gen.
3036 2434 3161 2505 vn).

2286 2539 2419 2594 CAP.
2450 2539 2538 2594 38.
2572 2569 2640 2579 —-
2670 2541 2746 2596 De
2775 2538 3056 2596 haereticis
3086 2548 3137 2595 et
3166 2541 3547 2597 schismaticis.

2161 2628 2529 2684 Firmissime
2559 2632 2712 2695 tene,
2744 2633 2800 2684 et
2850 2627 3189 2684 nullatenus
3234 2629 3469 2687 dubites
3502 2648 3617 2687 non
3649 2649 3745 2687 so-

2088 2718 2212 2774 lum
2246 2734 2452 2775 omnes
2484 2733 2767 2791 paganos,
2799 2718 2902 2774 sed
2934 2722 2992 2773 et
3021 2733 3226 2773 omnes
3265 2718 3522 2789 Judaos,
3556 2720 3738 2777 hare-

2089 2808 2235 2864 ticos
2267 2813 2440 2880 atque
2472 2807 2902 2874 schismaticos,
2937 2806 3039 2877 qui
3071 2811 3233 2862 extra
3282 2807 3603 2864 Ecclesiam
3645 2827 3744 2865 ca-

2087 2896 2367 2954 tolicam
2415 2896 2631 2952 finiunt
2678 2896 2942 2965 vitam,in
2976 2896 3170 2968 ignem
3217 2902 3498 2953 aeternum
3533 2899 3743 2970 ituros,

2092 2987 2193 3060 qui
2225 2990 2463 3059 paratus
2494 2990 2585 3042 est
2614 2985 2845 3040 diabolo
2876 2988 2935 3041 et
2965 2984 3190 3057 angelis
3221 2985 3368 3057 ejus.

2565 3072 2700 3129 CAP.
2731 3074 2821 3128 39.
2853 3102 2921 3115 —
2955 3077 3038 3128 De
3065 3073 3271 3129 eodem.

2165 3162 2529 3219 Firmissime
2561 3166 2777 3225 tene,et
2809 3161 3146 3217 nullatenus
3181 3162 3750 3235 dubitesquemlibet

2090 3252 2428 3307 hareticum
2461 3251 2580 3305 sive
2606 3250 3078 3317 schismaticum,
3112 3251 3172 3306 in
3204 3252 3441 3307 nomine
3473 3253 3660 3308 Patris
3692 3258 3750 3310 et

2092 3340 2217 3395 Filii
2249 3348 2306 3396 et
2335 3339 2593 3412 Spiritus
2626 3340 2812 3394 sancti
2845 3340 3230 3411 baptizatum,
3264 3340 3312 3395 si
3344 3340 3616 3396 Ecclesia
3650 3359 3750 3397 ca-

2088 3430 2313 3486 tholica
2347 3446 2460 3484 non
2495 3429 2668 3485 fuerit
2698 3434 3568 3502 aggregatus,quantascunque
3599 3430 3748 3487 elee-

2088 3536 2363 3591 mosynas
2387 3518 2723 3587 t‘ecerit,etsi
2758 3535 2861 3589 pro
2892 3518 3107 3574 Christi
3140 3519 3373 3574 nomine
3399 3518 3575 3574 etiam
3609 3536 3747 3574 san-

2085 3608 2325 3680 guinem
2390 3606 2626 3677 fuderit,
2687 3606 3025 3663 nullatenus
3086 3623 3254 3679 pesse
3298 3606 3535 3662 salvari.
3572 3607 3747 3664 Omni

2085 3697 2240 3753 enim
2300 3695 2544 3762 homini,
2588 3694 2688 3767 qui
2748 3695 3007 3751 Ecclesia
3057 3712 3175 3750 non
3225 3700 3383 3751 tenet
3431 3696 3743 3768 unitatem,

2086 3800 2273 3856 neque
2330 3784 2686 3855 baptismus,
2735 3799 2924 3856 neque
2982 3782 3353 3857 eleemosyna
3411 3785 3742 3856 quamlibet

2084 3874 2339 3946 00piosa,
2372 3889 2561 3944 neque
2610 3889 2767 3928 more
2802 3890 2904 3943 pro
2954 3873 3192 3928 nomine
3222 3872 3434 3928 Christi
3467 3879 3745 3946 suscepta

2084 3963 2365 4036 prolicere
2397 3961 2609 4034 poterit
2640 3962 2711 4017 ad
2745 3962 3018 4031 salutem,
3054 3963 3290 4033 quando
3321 3962 3380 4017 in
3414 3978 3480 4018 eo
3512 3963 3596 4018 vel
3630 3962 3744 4018 ha-

2084 4052 2263 4108 retica
2319 4051 2406 4107 vel
2461 4049 2842 4107 schismatica
2900 4049 3155 4122 pravitas
3215 4055 3571 4123 perseverat,
3611 4066 3741 4123 qua

2083 4140 2247 4197 ducit
2277 4142 2348 4196 ad
2380 4144 2650 4195 mortem.

2332 4233 2468 4286 CAP.
2504 4230 2590 4283 40.
2623 4256 2692 4271 -
2722 4232 2807 4285 De
2831 4229 3111 4285 catholicis
3141 4231 3486 4287 criminosis.

2154 4319 2515 4375 Firmissime
2547 4323 2700 4387 tene,
2735 4323 2792 4373 et
2829 4318 3164 4375 nullatenus
3197 4319 3433 4375 dubites
3464 4336 3578 4375 non
3612 4336 3741 4375 om-

307 4388 562 4459 aliquem
594 4402 796 4441 eorum
813 4402 959 4457 quos
978 4385 1133 4441 Deus
1156 4384 1594 4458 pradestinavit
1625 4386 1696 4440 ad
1718 4401 1959 4457 regnum

2154 4426 2179 4465 s
2211 4409 2311 4481 qui
2365 4408 2520 4463 intra
2572 4384 2890 4463 Ecclesiam
2941 4408 3291 4464 catholicam
3345 4408 3741 4480 baptizantur,

307 4477 586 4533 coslorum
616 4496 630 4544 ;
666 4491 771 4530 nec
822 4490 1179 4546 quemquam
1211 4491 1412 4530 eorum
1462 4490 1611 4545 quos
1663 4473 1817 4530 Deus
1850 4492 1965 4530 non

304 4564 747 4639 pradestinavit
789 4563 861 4619 ad
892 4562 1069 4618 vitam
1114 4563 1234 4619 ulla
1262 4580 1435 4635 posse
1467 4563 1693 4619 ratione
1726 4562 1962 4619 salvari.

302 4652 745 4712 Pradestinatio
806 4650 963 4707 enim
1011 4651 1111 4706 illa
1166 4652 1426 4723 gratuita
1483 4651 1815 4708 donationis
1875 4655 1965 4708 est

300 4742 664 4816 praeparatio,
698 4756 816 4812 qua
845 4756 955 4795 nos
1004 4740 1320 4811 Apostolus
1351 4740 1433 4795 ait
1470 4756 1482 4794 :
1519 4740 1962 4811 pradestinatos

300 4834 361 4887 in
390 4831 746 4903 adoptionem
798 4828 1048 4899 ﬁliorum
1078 4828 1180 4884 Dei
1208 4844 1311 4900 per
1336 4832 1529 4885 Iesum
1583 4827 1869 4884 Christum
1901 4832 1959 4884 in

301 4922 487 4992 ipsum
519 4920 733 4992 (Ephes.
771 4920 832 4987 ι).

297 5026 432 5083 CAP.
462 5026 550 5082 36.
586 5057 653 5068 —
684 5028 859 5081 Extra
891 5023 1190 5081 Ecclesiam
1218 5040 1329 5081 non
1367 5024 1630 5097 prodesse
1662 5024 1956 5096 baptisma.

369 5132 733 5189 Firmissime
764 5134 978 5201 tene,et
1008 5130 1349 5188 nullatenus
1363 5131 1594 5187 dubites
1617 5148 1955 5188 sacramen-

297 5227 419 5280 tum
440 5220 838 5293 baptismatis,
864 5236 977 5275 non
1008 5219 1200 5276 solum
1222 5220 1379 5277 intra
1402 5220 1718 5276 Ecclesiam
1750 5221 1954 5278 catho-

295 5313 495 5379 licam,
528 5311 629 5367 sed
654 5311 831 5365 etiam
861 5308 1013 5381 apud
1039 5308 1339 5365 hareticos
1372 5308 1470 5381 qui
1494 5309 1553 5364 in
1586 5310 1821 5365 nomine
1851 5310 1955 5365 Pa-

298 5402 407 5457 tris
429 5406 485 5458 et
508 5400 638 5457 Filii
659 5404 716 5455 et
736 5398 985 5471 Spiritus
1017 5398 1202 5454 sancti
1235 5398 1556 5470 baptizant,
1580 5414 1710 5454 esse
1742 5415 1951 5469 posse;

300 5491 401 5545 sed
425 5495 585 5547 extra
606 5487 925 5546 Ecclesiam
946 5486 1295 5544 catholicam
1319 5489 1597 5560 prodesse
1619 5504 1735 5544 non
1759 5504 1951 5560 posse.

2078 4503 2423 4569 accepturos
2470 4513 2599 4552 esse
2629 4497 2805 4551 vitam
2856 4501 3157 4563 aternam,
3188 4498 3291 4553 sed
3340 4513 3438 4552 eos
3469 4498 3571 4568 qui
3605 4514 3737 4569 per-

2074 4592 2239 4658 cepto
2271 4586 2625 4657 baptismate
2654 4589 2805 4640 recte
2852 4585 3073 4651 vivunt,
3109 4587 3167 4641 id
3201 4591 3289 4642 est
3318 4586 3417 4658 qui
3452 4602 3513 4640 se
3544 4586 3735 4641 absti-

2073 4679 2332 4729 nuerunt
2361 4690 2395 4727 a
2420 4672 2577 4727 vitiis
2608 4676 2664 4728 et
2696 4673 3190 4743 concupiscentiis
3220 4673 3436 4729 carnis.
3464 4673 3735 4746 Regnum

2071 4763 2228 4818 enim
2260 4761 2539 4817 cmlorum
2572 4760 2724 4817 sicut
2755 4760 3019 4817 inﬁdeles
3050 4761 3302 4818 haretici
3336 4766 3513 4832 atque
3544 4763 3733 4818 schis-

2072 4852 2268 4909 matici
2301 4868 2419 4908 non
2470 4851 2809 4919 habebunt;
2843 4850 2926 4907 sic
2952 4851 3223 4908 catholici
3266 4852 3569 4909 criminosi
3605 4868 3742 4925 pos-

2070 4941 2259 4998 sidere
2290 4958 2406 4997 non
2440 4944 2739 5013 poterunt.

2290 5048 2424 5104 CAP.
2454 5048 2544 5102 41.
2572 5078 2639 5087 -
2667 5048 2744 5102 De
2768 5049 3098 5104 necessitate
3128 5048 3496 5104 remissionis.

2141 5136 2505 5193 Firmissime
2565 5139 2720 5199 tene,
2762 5138 2819 5189 et
2870 5136 3207 5193 nullatenus
3266 5136 3500 5192 dubites
3550 5133 3729 5190 etiam

2058 5226 2256 5297 justos
2280 5231 2456 5297 atque
2481 5228 2716 5280 sanctos
2743 5222 3035 5296 homines,
3060 5226 3314 5299 exceptis
3339 5225 3432 5281 his
3458 5224 3559 5296 qui
3587 5225 3733 5294 bap-

2065 5312 2693 5386 tizatiparvulimortui
2712 5318 2872 5382 sunt,
2902 5314 3027 5369 sine
3045 5320 3282 5387 peccato
3306 5314 3400 5370 hic
3426 5312 3728 5368 neminem
3762 5374 3765 5375 ν

2062 5402 2251 5457 vivere
2282 5418 2454 5475 posse
2479 5419 2491 5469 ;
2518 5417 2866 5472 semperque
2897 5404 3057 5460 omni
3092 5404 3316 5460 homini
3347 5418 3478 5459 esse
3511 5417 3726 5458 neces-

2063 5491 2367 5561 sarium,et
2388 5494 2622 5563 peccata
2643 5506 2751 5546 sua
2773 5506 2961 5562 usque
2982 5491 3041 5550 in
3067 5494 3244 5552 finem
3260 5493 3389 5550 vita
3409 5492 3720 5565 prasentis
