3982 6060
202 286 279 338 ’77
1281 291 1595 347 DECRETI
1632 293 1818 347 PARS

2030 294 2126 347 ns
2164 295 2351 363 FIDE,
2395 297 2549 350 are.
3548 300 3625 358 78

198 412 593 487 eleemosynis
622 412 878 486 ,diluere,
911 416 968 471 et
1017 414 1427 474 remissionem
1478 418 1777 475 humiliter
1828 436 1861 475 a
1888 426 1943 496 Α
1964 417 2115 490 justi
2145 421 2462 493 aeternique
2486 422 3071 496 judiciisempiterna
3101 426 3277 497 atque
3298 423 3625 487 incommu-

197 502 319 559 Deo
351 520 418 559 ac
448 504 737 559 veraciter
768 503 1087 576 postulare.

543 611 680 668 CAP.
715 613 803 667 42.
835 642 904 653 —-
935 614 1008 669 De
1036 615 1173 669 escis
1203 622 1255 670 et
1282 617 1518 688 nuptiis.

268 717 642 775 Firmissime
672 724 828 786 tene,
859 724 915 775 et
959 719 1295 778 nullatenus
1344 723 1579 779 dubites
1622 740 1855 779 omnem

192 812 532 864 creaturam
560 808 661 864 Dei
685 809 897 865 bonam
919 826 1071 879 esse,
1089 819 1140 867 et
1160 812 1306 867 nihil
1328 813 1689 884 rejiciendum
1709 815 1859 885 quod

188 914 323 953 cum
350 900 675 967 gratiarum
702 903 921 956 actione
946 902 1252 972 percipitur
1280 903 1325 974 (l
1361 904 1494 958 Tim.
1528 904 1623 975 ιν).
1656 904 1725 958 Et
1754 904 1856 958 Dei

189 1002 397 1043 servos
424 988 590 1058 quia
638 987 918 1044 carnibus
966 996 1066 1044 aut
1113 989 1246 1046 vino
1295 1007 1358 1047 se
1387 991 1707 1057 abstinent,
1740 1009 1854 1048 non

190 1080 481 1147 tanquam
506 1077 835 1146 immunda,
856 1077 995 1149 quia
1014 1095 1047 1133 a
1064 1079 1179 1135 Deo
1198 1081 1351 1135 facta
1372 1086 1531 1148 sunt,
1558 1098 1851 1153 respuere,

185 1164 289 1219 sed
326 1182 361 1220 a
383 1164 612 1221 fortiori
642 1166 772 1221 cibo
802 1170 859 1220 et
882 1171 1019 1238 potu
1045 1184 1147 1239 pro
1175 1167 1300 1223 sola
1321 1170 1704 1241 castigatione
1723 1186 1851 1224 cor-

186 1253 351 1323 poris
381 1254 965 1327 abstinere.Nuptias
985 1272 1219 1327 quoque
1235 1256 1517 1312 divinitus
1550 1258 1852 1314 institutas

184 1346 240 1396 et
272 1344 641 1399 benedictae.
676 1344 745 1399 Et
778 1343 991 1399 melius
1013 1344 1250 1415 quidem
1283 1361 1437 1413 esse,
1459 1346 1508 1401 si
1532 1346 1850 1418 quisquam

182 1430 315 1485 sine
349 1431 628 1503 conjugio
660 1432 755 1500 sit,
791 1436 855 1487 ut
886 1432 1129 1488 liberius
1152 1438 1328 1506 atque
1361 1435 1588 1506 plenius
1616 1435 1847 1508 cogitet,

187 1534 321 1590 qua
353 1524 497 1576 sunt
532 1520 649 1591 Dei,
701 1523 996 1593 quomodo
1048 1522 1271 1593 placeat
1313 1523 1450 1579 Deo.
1481 1524 1699 1579 Tamen
1734 1524 1849 1580 illis

182 1608 284 1679 qui
321 1609 749 1666 continentiam
774 1628 886 1666 non
921 1615 1223 1681 voverunt,
1246 1611 1473 1668 nullum
1497 1628 1624 1669 esse
1652 1629 1848 1684 pecca-

182 1702 339 1766 tum,
373 1698 423 1753 si
474 1698 565 1754 vel
616 1698 827 1755 mulier
876 1700 1078 1767 nubat,
1110 1699 1198 1757 vel
1247 1701 1334 1755 vir
1383 1717 1622 1757 uxorem
1671 1702 1848 1757 ducat

179 1787 231 1857 (Ι
262 1787 391 1842 Cor.
425 1791 548 1855 vn).
581 1794 694 1844 Nec
726 1788 884 1844 solas
918 1790 1134 1860 primas
1184 1790 1421 1862 nuptias
1453 1808 1485 1845 a
1529 1795 1641 1847 Deo
1674 1790 1846 1846 insti-
1880 1792 1927 1857 B
1958 1786 2087 1825 τοίη
2130 1773 2552 1827 contumaciter
2603 1778 2913 1846 τθρυεηειιν
2961 1779 3017 1830 et
3047 1774 3142 1829 his
3193 1777 3487 1833 contraria
3516 1778 3617 1834 do'
3718 1858 3721 1859 ν

182 1882 376 1941 tutas,
410 1878 511 1931 sed
544 1878 718 1933 etiam
746 1879 1038 1934 secundas
1069 1886 1127 1934 et
1158 1880 1358 1934 tertias
1393 1896 1494 1950 pro
1522 1896 1721 1935 eorum
1749 1889 1851 1951 qui

181 1982 243 2020 se
289 1966 591 2021 continere
642 1984 756 2021 non
811 1972 1078 2038 possunt,
1130 1968 1473 2023 infirmitate
1521 1986 1847 2025 concessas.

189 2055 403 2107 Verum
438 2055 537 2123 qui
585 2054 705 2109 sive
754 2056 1075 2127 conjugati,
1109 2056 1228 2111 sive
1276 2075 1309 2112 a
1358 2059 1630 2130 conjugio
1679 2058 1847 2113 liberi

182 2142 614 2197 continentiam
650 2143 765 2198 Deo
813 2149 1117 2216 voverunt,
1163 2146 1482 2201 admodum
1515 2163 1643 2202 esse
1674 2148 1845 2201 dam-

179 2230 433 2299 nabiles,
468 2231 517 2286 si
547 2230 634 2286 vel
667 2230 750 2286 illi
793 2232 1098 2305 conjugale
1147 2250 1294 2305 opus
1347 2234 1637 2291 voluerint
1666 2252 1843 2308 appe-

178 2324 321 2385 tere,
357 2337 476 2392 quo
509 2337 570 2375 se
603 2337 715 2375 non
748 2337 1112 2391 accessuros,
1133 2322 1221 2378 vel
1254 2322 1338 2378 illi
1370 2328 1629 2396 repetere
1660 2342 1693 2380 a
1725 2342 1840 2398 quo

174 2424 235 2464 se
268 2425 650 2478 recessuros;
684 2408 768 2463 illi
798 2408 1003 2481 libera,
1027 2411 1079 2466 hi
1103 2412 1400 2467 communi
1433 2414 1678 2485 professi
1701 2418 1841 2470 sunt

173 2497 506 2553 voluntate.

618 2587 751 2643 CAP.
788 2588 875 2644 43.
909 2618 978 2630 —-
1004 2591 1082 2646 De
1112 2590 1397 2661 baptismo.

241 2676 619 2733 Firmissime
668 2682 821 2745 tene,
861 2682 919 2734 et
965 2679 1300 2735 nullatenus
1353 2679 1588 2736 dubites
1636 2696 1833 2738 aream

172 2764 269 2820 Dei
308 2782 442 2821 esse
474 2766 823 2822 catholicam
855 2767 1197 2839 Ecclesiam,
1222 2777 1279 2824 et
1305 2768 1457 2825 inter
1484 2785 1610 2825 eam
1646 2786 1834 2842 usque

171 2854 229 2909 in
265 2855 448 2909 tinem
481 2855 680 2911 seaculi
711 2856 1003 2912 frumento
1036 2858 1243 2913 mistas
1276 2857 1472 2930 paleas
1505 2859 1828 2916 contineri:

169 2943 279 2999 hoc
311 2949 424 3010 est,
458 2943 642 3000 bonos
674 2961 741 3000 ac
772 2943 957 3001 malos
990 2946 1100 3001 sub
1131 2950 1635 3002 sacramentorum
1667 2963 1830 3003 com-

171 3033 459 3087 munione
492 3032 746 3103 misceri,
778 3038 835 3089 et
866 3034 921 3088 in
955 3035 1117 3090 omni
1149 3034 1529 3105 professione,
1556 3037 1676 3091 sive
1706 3052 1829 3092 mo-

170 3122 521 3192 nachorum,
563 3120 932 3188 clericorum,
963 3122 1084 3178 sive
1132 3121 1416 3178 laicorum
1462 3141 1589 3180 esse
1620 3125 1827 3193 bonos,

168 3227 299 3266 esse
331 3209 515 3265 simul
548 3210 754 3266 malos.
779 3211 892 3269 Nec
924 3228 1027 3283 pro
1048 3210 1221 3267 malis
1245 3212 1428 3267 bonos
1450 3213 1825 3282 deserendos,

168 3300 268 3356 sed
304 3317 413 3372 pro
448 3300 616 3355 bonis
636 3300 1237 3372 malos,in.quantum
1264 3300 1406 3356 fides
1430 3302 1605 3374 exigit
1624 3308 1681 3357 et
1704 3303 1835 3359 cha-

167 3392 361 3448 ritatis
393 3391 563 3461 ratio,
614 3392 986 3460 tolerandos;
1038 3392 1095 3447 id
1128 3399 1234 3462 est,
1268 3394 1318 3447 si
1349 3394 1433 3448 vel
1488 3395 1545 3447 in
1580 3393 1834 3451 Ecclesia

167 3481 398 3537 nullius
423 3480 675 3551 perfidia
695 3497 897 3537 semen
919 3485 1264 3553 aspergunt,
1287 3481 1376 3537 vel
1399 3482 1609 3539 fratres
1632 3484 1701 3539 ad
1728 3484 1831 3539 ali-

170 3574 324 3645 quod
362 3572 583 3627 malum
618 3572 919 3627 mortifera
942 3572 1270 3628 imitatione
1303 3589 1418 3628 non
1451 3573 1693 3628 ducunt.
1719 3574 1834 3632 Nec

171 3677 340 3733 posse
360 3659 618 3731 aliquem
636 3661 793 3715 intra
816 3660 1131 3716 Ecclesiam
1156 3660 1508 3716 catholicam
1533 3666 1687 3717 recte
1710 3680 1831 3718 cre-

170 3750 433 3811 dentem,
449 3751 711 3820 beneque
742 3749 1031 3806 viventem
1052 3749 1243 3806 alieno
1265 3766 1526 3822 unquam
1550 3751 1837 3822 maculari

174 3844 435 3911 peccato,
473 3839 520 3894 si
552 3842 909 3911 cujusquam
962 3839 1216 3912 peccatis
1248 3856 1353 3895 nec
1384 3842 1832 3897 consensionem

173 3930 449 4001 praebeat,
479 3944 581 3983 nec
614 3929 888 3984 favorem.
919 3928 1262 4001 Utiliterque
1290 3932 1475 3985 malos
1498 3947 1530 3985 a
1552 3930 1723 3986 bonis
1744 3931 1832 3985 in-

170 4021 262 4072 tra
291 4016 615 4072 Ecclesiam
634 4017 893 4086 tolerari,
918 4017 969 4073 si
991 4016 1101 4073 hoc
1128 4034 1262 4073 cum
1286 4017 1370 4073 eis
1392 4018 1541 4073 bene
1562 4018 1830 4089 vivendo,

169 4111 228 4161 et
248 4107 403 4161 bene
425 4107 716 4162 manendo
739 4110 975 4178 agatur;
999 4111 1063 4161 ut
1084 4112 1140 4162 et
1161 4106 1424 4162 videntes
1445 4111 1502 4162 et
1526 4107 1832 4164 audientes

169 4212 299 4267 qus
330 4195 486 4249 bona
517 4195 846 4264 sunt,mala
871 4211 980 4249 sua
998 4200 1299 4266 respuant,
1322 4195 1747 4265 etjudicandos
1768 4214 1831 4252 se

169 4299 201 4337 a
231 4282 348 4337 Deo
384 4298 487 4353 pro
519 4282 644 4337 suis
670 4280 845 4337 malis
865 4282 1143 4353 operibus
1174 4281 1429 4336 scientes
1460 4281 1827 4353 resipiscant.

164 4374 355 4444 Atque
378 4371 461 4427 ita
492 4372 764 4444 praventi
784 4372 938 4427 dono
956 4371 1155 4443 gratiae
1179 4371 1249 4426 de
1272 4373 1398 4427 suis
1420 4371 1831 4442 iniquitatibus

167 4462 629 4528 confundantur,
663 4464 719 4516 et
746 4461 815 4515 ad
854 4460 1066 4517 bonam
1116 4460 1298 4515 vitam
1332 4476 1434 4531 per
1465 4460 1567 4515 Dei
1596 4460 1829 4515 miseri-

1968 507 2130 562 tabili
2165 510 2390 580 prolata
2412 513 2926 585 sententia,iniqui
2957 530 3162 570 omnes
3184 514 3357 571 ibunt
3386 516 3445 572 in
3468 534 3623 575 com-

1968 596 2300 654 bustionem
2350 604 2670 671 aeternam;
2710 603 2860 673 justi
2894 607 3089 658 autem
3133 603 3191 657 in
3240 604 3421 661 vitam
3455 610 3620 663 aeter-

1968 702 2103 741 nam
2138 703 2152 743 :
2186 687 2389 759 inique
2412 706 2644 761 semper
2673 690 2863 746 arsuri
2887 707 3020 746 cum
3043 691 3273 749 diabolo
3300 718 3314 761 ;
3344 694 3494 764 justi
3523 713 3622 754 au-

1970 779 2089 831 tem
2122 779 2420 849 regnaturi
2451 796 2585 835 cum
2619 780 2869 835 Christo.

2073 886 2204 938 CAP.
2237 885 2322 938 44.
2345 916 2416 925 —-
2447 885 2708 956 Capitula
2738 902 2887 943 verae
2915 887 3056 956 ﬁdei
3082 889 3403 957 firmissime
3428 895 3508 948 te-

2691 959 2893 1013 nenda.

2035 1064 2165 1114 Haec
2214 1062 2447 1118 interim
2502 1065 2894 1136 quadraginta
2941 1065 3200 1136 capitula
3250 1068 3318 1122 ad
3355 1069 3619 1141 regulam

1960 1165 2108 1204 vera:
2160 1150 2293 1205 ﬁdei
2344 1152 2683 1209 ﬁrmissime
2734 1153 3087 1225 pertinentia
3134 1153 3386 1211 fideliter
3427 1159 3617 1229 crede,

1964 1238 2187 1295 fortiter
2218 1244 2367 1311 tene,
2403 1242 2684 1297 veraciter
2714 1242 3118 1314 patienterque
3169 1244 3434 1300 defende.
3468 1246 3537 1301 Et
3567 1246 3619 1302 si

1960 1343 2130 1397 quem
2165 1330 2456 1384 contraria
2505 1330 2595 1385 bis
2646 1331 3040 1402 dogmatizare
3091 1334 3452 1404 cognoveris,
3485 1338 3616 1390 tan-

1959 1431 2135 1487 quam
2169 1421 2390 1487 pestem
2423 1419 2558 1491 t'uge
2602 1424 2659 1474 et
2705 1424 2988 1491 tanquam
3038 1420 3379 1477 beereticum
3409 1424 3616 1495 abjice.

1962 1505 2048 1559 Ita
2077 1505 2232 1561 enim
2264 1506 2378 1562 ista
2426 1524 2552 1579 quae
2604 1508 2913 1580 posuimus
2943 1508 3079 1564 fidei
3131 1510 3429 1567 catholicae
3476 1528 3617 1569 con-

1957 1598 2198 1665 gruunt,
2231 1600 2295 1650 ut
2322 1596 2370 1651 si
2402 1596 2536 1667 quis
2577 1615 2690 1654 non
2742 1598 2934 1654 solum
2967 1598 3266 1666 omnibus,
3300 1601 3401 1656 sed
3435 1601 3615 1658 etiam

1957 1682 2207 1754 singulis
2237 1683 2485 1741 voluerit
2514 1687 2823 1754 contraire,
2856 1687 2916 1742 in
2948 1702 3014 1743 eo
3047 1689 3201 1758 quod
3234 1688 3488 1761 singulis
3510 1690 3616 1747 bo-

1962 1876 2092 1915 cere
2122 1877 2233 1916 non
2266 1862 2519 1930 dubitat,
2544 1863 2847 1919 haereticus
2873 1868 2931 1919 et
2958 1864 3091 1919 ﬁdei
3123 1864 3465 1921 Christianis
3495 1866 3613 1922 ini-

1960 1949 2171 2017 micus,
2204 1955 2380 2023 atque
2420 1967 2489 2007 ex
2540 1952 2816 2009 omnibus
2866 1952 3175 2010 catholicis
3225 1953 3615 2011 anathemati-

1957 2042 2178 2096 zandus
2211 2045 2508 2114 appareat.
2842 2104 2847 2107 χ

1955 2146 2090 2203 CAP.
2124 2150 2211 2203 45.
2243 2179 2314 2190 -
2343 2150 2444 2205 Leo
2492 2150 2766 2203 universis
2813 2150 3079 2219 episcopis
3122 2164 3225 2220 per
3256 2147 3516 2205 Siciliam
3547 2149 3615 2205 de

2483 2222 2755 2292 baptismo
2788 2220 2969 2292 (epist.
3003 2222 3081 2288 4).

2021 2326 2259 2398 Proprie
2291 2326 2351 2381 in
2380 2332 2567 2381 morte
2599 2327 2891 2393 cruciﬁxi,
2920 2331 2978 2382 et
3010 2326 3068 2381 in
3104 2327 3530 2384 resurrectione
3551 2343 3621 2385 ex

1950 2416 2199 2469 mortuis
2221 2415 2485 2486 potentia
2508 2414 2885 2486 baptismatis
2903 2432 3115 2471 novam
3135 2420 3464 2472 creaturam
3487 2434 3620 2473 con-

1948 2503 2034 2557 dit
2063 2519 2131 2557 ex
2160 2508 2371 2572 vetere,
2405 2508 2469 2558 ut
2509 2504 2567 2557 in
2622 2504 3070 2558 renascentibus
3120 2509 3177 2559 et
3207 2521 3365 2560 mors
3395 2506 3618 2562 Christi

1947 2596 2218 2664 operetur
2246 2596 2302 2647 et
2323 2591 2459 2660 vita,
2494 2592 2724 2646 dicente
2742 2592 3022 2663 Apostolo
3047 2609 3058 2646 :
3083 2592 3165 2646 An
3188 2594 3456 2661 ignoratis
3475 2596 3611 2665 quia

1945 2683 2252 2752 quicunque
2283 2680 2550 2752 baptizati
2590 2696 2781 2735 sumus
2832 2682 2886 2734 in
2923 2680 3134 2735 Christo
3163 2682 3310 2747 Iesu,
3342 2683 3403 2736 in
3427 2687 3605 2739 morte

1945 2772 2117 2842 ipsius
2150 2770 2420 2840 baptizari
2446 2772 2683 2824 sumus?
2714 2768 3031 2840 Consepulii
3066 2770 3218 2822 enim
3261 2784 3454 2825 sumus
3480 2786 3605 2825 cum

1944 2859 2039 2924 illo
2064 2875 2167 2925 per
2213 2858 2547 2930 baptismum
2591 2859 2651 2912 in
2698 2861 2890 2927 morte,
2940 2860 3002 2911 ut
3049 2856 3312 2929 quomodo
3360 2863 3609 2914 surrexit

1944 2948 2189 3003 Christus
2214 2964 2247 3002 a
2278 2950 2511 3003 mortuis
2551 2963 2653 3019 per
2694 2946 2931 3018 gloriam
2982 2948 3190 3017 Patris,
3224 2949 3305 3003 ila
3334 2952 3387 3003 et
3416 2964 3515 3003 nos
3545 2950 3603 3004 in

1938 3038 2182 3093 novitate
2208 3038 2334 3093 vita
2385 3037 2748 3092 ambulemus.
2800 3035 2863 3091 Si
2890 3039 3037 3091 enim
3067 3037 3438 3108 complantati
3463 3038 3610 3107 [acti

1942 3143 2131 3182 sumus
2152 3126 2523 3182 similitudini
2542 3127 2737 3181 mortis
2755 3129 2898 3197 ejus,
2920 3126 3092 3181 simul
3112 3130 3161 3181 et
3183 3129 3607 3184 resurrectionis

1944 3218 2155 3270 erimus
2201 3217 2373 3282 (Rom.
2405 3216 2505 3287 v1).
2556 3214 2626 3270 Et
2673 3219 2879 3270 caetera
2926 3232 3050 3287 quae
3097 3214 3278 3271 latius
3325 3216 3608 3288 magister

1944 3306 2205 3375 gentium
2238 3305 2311 3360 ad
2344 3304 2878 3359 commendandum
2911 3308 3346 3359 sacramentum
3380 3305 3598 3376 baptis-

1944 3393 2119 3448 matis
2169 3394 2518 3464 disputavit,
2566 3398 2632 3447 ut
2682 3396 2925 3464 apparet
2972 3410 3039 3447 ex
3089 3392 3267 3463 hujus
3317 3393 3598 3449 doctrinas

1943 3482 2150 3553 spiritu
2184 3482 2599 3553 regenerandis
2633 3481 2770 3537 (iliis
2802 3482 3135 3549 hominum,
3159 3487 3215 3537 et
3246 3482 3303 3536 in
3323 3482 3423 3537 Dei
3449 3482 3595 3539 Filio

1942 3571 2313 3641 adoptandis,
2349 3570 2512 3625 illum
2538 3571 2716 3637 diem,
2737 3575 2795 3625 et
2817 3570 2960 3625 illud
2986 3575 3220 3642 tempus
3241 3571 3514 3632 electum.
3541 3571 3601 3629 in

1944 3675 2058 3730 quo
2086 3676 2187 3730 per
2213 3659 2661 3713 similitudinem
2690 3659 3058 3729 formamque
3082 3659 3344 3730 mysterii
3375 3675 3438 3714 ea
3473 3676 3601 3731 quae

1944 3753 2228 3821 geruntur
2258 3748 2317 3802 in
2368 3747 2651 3802 membris
2702 3747 2775 3802 iis
2815 3763 2943 3818 quae
2994 3748 3051 3801 in
3084 3748 3211 3818 ipso
3245 3752 3383 3803 sunt
3412 3749 3603 3821 capite

1944 3843 2131 3909 gesta,
2165 3842 2574 3907 congruerent,
2606 3836 2747 3891 dum
2791 3836 2850 3891 in
2883 3835 3258 3906 baptismatis
3290 3837 3512 3909 regula,
3546 3841 3603 3894 et

1944 3943 2103 3981 mors
2124 3926 2435 3981 intervenit
2458 3924 2862 3981 interiectione
2887 3926 3132 3997 peccati,
3155 3930 3211 3981 et
3233 3926 3600 3997 sepulturam

1943 4014 2271 4070 triduanam
2300 4015 2567 4069 imitatur
2592 4015 2748 4069 trina
2770 4014 3071 4080 dimersio,
3096 4020 3154 4069 et
3187 4016 3257 4069 ab
3290 4015 3461 4086 aquis
3482 4016 3603 4071 ele-

1939 4104 2093 4159 vatio
2124 4104 2485 4175 resurgentis
2509 4106 2697 4159 instar
2719 4109 2809 4157 est
2833 4105 2903 4157 de
2935 4103 3223 4174 sepulcro.
3260 4104 3392 4173 Ipsa
3415 4103 3603 4174 igitur

1940 4192 2133 4263 operis
2164 4193 2420 4264 qualitas
2444 4194 2612 4248 docet
2633 4192 2995 4248 celebrandas
3026 4190 3379 4262 generaliter
3400 4192 3599 4262 gratiae

1940 4281 2093 4337 diem
2128 4280 2453 4351 legitimum
2480 4298 2613 4337 eum
2647 4297 2798 4350 esse,
2821 4281 2880 4335 in
2916 4297 3030 4352 quo
3054 4283 3181 4335 orta
3211 4284 3301 4335 est
3332 4284 3387 4336 et
3410 4281 3601 4338 virtus

1940 4370 2224 4437 muneris,
2259 4378 2307 4427 et
2344 4372 2569 4441 species
2614 4370 2883 4426 actionis.
2936 4371 3022 4425 Ad
3054 4370 3225 4439 cujus
3274 4370 3358 4425 rei
3388 4372 3599 4427 confir-

1940 4460 2260 4515 mationem
2298 4459 2618 4531 plurimum
2650 4458 2822 4527 valet,
2853 4459 3007 4529 quod
3039 4459 3164 4530 ipse
3188 4458 3475 4515 Dominus
3503 4461 3601 4516 Je-

168 4551 434 4607 cordiam
484 4552 919 4605 convertantur.
970 4549 1187 4619 Bonos:
1212 4565 1344 4604 vero
1392 4548 1451 4603 a”
1474 4547 1643 4603 malis
1674 4548 1828 4605 intra
1857 4531 1904 4596 D
1935 4565 2037 4605 sus
2068 4548 2338 4603 Christus
2372 4550 2756 4618 posteaquam
2792 4546 3113 4599 resurrexit
3135 4562 3167 4599 a
3198 4546 3464 4612 mortuis,
3484 4547 3601 4603 dis-

170 4639 491 4695 Ecclesiam
516 4639 801 4693 duntaxat
822 4637 1171 4694 catholicam
1196 4638 1568 4705 constitutos,
1590 4654 1705 4693 non
1730 4638 1828 4693 de-

173 4729 310 4784 bere
343 4728 457 4783 nisi
492 4741 734 4799 operum
759 4726 1245 4783 dissimilitudine
1268 4725 1526 4798 separari
1553 4744 1565 4795 ;
1600 4730 1665 4781 ut
1693 4743 1826 4781 cum

176 4818 395 4891 quibus
425 4816 625 4871 divina
662 4815 1103 4871 communicant
1152 4820 1541 4883 sacramenta,
1575 4833 1690 4871 non
1722 4815 1829 4871 ha-

176 4908 356 4963 beant
384 4906 537 4961 mala
565 4921 761 4977 opera,
786 4905 1003 4977 quibus
1035 4903 1119 4959 illi
1146 4907 1288 4961 sunt
1316 4904 1642 4971 criminosi,
1665 4920 1830 4960 com-

176 4994 406 5051 munia.
440 4994 504 5050 In
537 4994 652 5051 fine
674 5011 808 5051 vero
831 4993 1029 5051 saeculi
1058 4994 1243 5049 bonos
1262 5010 1295 5048 a
1313 4991 1479 5049 malis
1502 4992 1677 5049 etiam
1701 5009 1831 5049 cor-

174 5100 318 5155 pore
367 5084 749 5155 separandos,
781 5084 1015 5155 quando
1062 5083 1255 5138 veniet
1301 5081 1569 5137 Christus
1608 5082 1832 5138 habens

176 5173 547 5230 veruilabrum
594 5175 653 5227 in
704 5190 878 5228 manu
921 5190 1043 5242 sua,
1085 5180 1139 5228 et
1192 5171 1583 5244 permundabit
1640 5187 1833 5227 aream

175 5279 361 5331 suam,
394 5266 447 5317 et
476 5265 836 5335 congregabit
864 5263 1112 5317 triticum
1133 5276 1297 5317 suum
1329 5263 1388 5316 in
1419 5260 1711 5322 horreum;
1730 5276 1831 5332 pa-

178 5354 293 5408 leas
320 5359 507 5406 autem
536 5352 810 5407 comburet
838 5352 963 5420 igni
1004 5350 1455 5420 inexstinguibili
1481 5349 1687 5420 (Matth.
1722 5350 1830 5419 ιιι),

179 5440 417 5513 quando
449 5456 552 5512 per
576 5439 866 5511 judicium
909 5440 1139 5509 justum
1172 5438 1502 5511 segregabit
1523 5439 1721 5507 justas
1760 5438 1832 5493 ab

183 5528 445 5602 injustis,
476 5530 659 5586 honos
692 5547 724 5587 a
754 5529 946 5601 malis,
978 5532 1165 5586 rectos
1215 5544 1248 5584 a
1290 5527 1614 5601 perversis;
1648 5527 1833 5584 bonos

183 5620 507 5678 constituet
536 5637 570 5677 a
599 5620 839 5689 dextris,
872 5619 1058 5677 malos
1089 5636 1122 5676 a
1169 5618 1447 5676 sinistris.
1480 5618 1547 5675 Et
1577 5619 1706 5690 ejus
1737 5635 1835 5676 ore

1938 4635 2149 4709 cipulis
2180 4635 2398 4704 suis,in
2428 4636 2645 4707 quibus
2671 4651 2877 4690 omnes
2901 4632 3295 4689 Ecclesiarum
3320 4637 3601 4705 praesule-

1937 4726 2316 4792 docebantur,
2351 4728 2408 4780 et
2438 4724 2688 4779 formam
2722 4728 2779 4780 et
2809 4726 3156 4795 potestatem
3192 4724 3434 4780 tradidit
3453 4726 3598 4798 baps

1938 4814 2178 4883 tizandi,
2206 4815 2407 4870 dicens
2442 4832 2453 4869 :
2490 4815 2689 4869 Eunles
2741 4812 2929 4867 docete
2957 4829 3151 4868 omnes
3179 4823 3387 4883 gentes,
3422 4814 3597 4886 bapti-

1937 4913 2131 4959 zantes
2159 4919 2246 4958 eos
2276 4905 2334 4957 in
2375 4904 2597 4958 nomine
2636 4904 2823 4957 Patris
2871 4908 2924 4956 et
2953 4901 3088 4956 Filii
3123 4909 3170 4956 et
3196 4903 3437 4973 Spiritus
3465 4920 3597 4959 san-

1938 4994 2013 5048 cti
2060 4992 2280 5063 (Matth.
2314 4992 2527 5063 xxvm).
2578 4992 2658 5046 De
2709 5007 2823 5062 quo
2854 4989 3057 5062 utique
3109 5006 3207 5046 eos
3259 4992 3437 5048 etiam
3466 4997 3603 5049 ante

1940 5081 2275 5155 passionem
2295 5080 2585 5153 potuisset
2606 5080 2914 5148 instruere,
2931 5078 3044 5134 nisi
3066 5080 3297 5151 proprie
3320 5080 3602 5139 voluisset

1941 5168 2188 5241 intelligi
2207 5168 2670 5240 regenerationis
2687 5167 2935 5239 gratiam
2960 5184 3029 5223 ex
3045 5184 3152 5223 sua
3176 5170 3599 5227 resurrectione

1941 5257 2206 5329 cmpisse.
2229 5258 2482 5313 Additur
2512 5272 2650 5313 sane
2681 5256 2817 5313 huic
2840 5256 3225 5313 observantia
3252 5259 3429 5315 etiam
3457 5260 3599 5314 Pen-

1941 5351 2191 5403 tecostes
2219 5363 2286 5402 ex
2318 5348 2566 5403 adventu
2615 5347 2803 5403 sancti
2835 5345 3091 5418 Spiritus
3124 5351 3353 5403 sacrata
3386 5346 3598 5402 solem-

1942 5435 2120 5504 nitas,
2154 5452 2279 5507 quea
2326 5437 2395 5491 de
2446 5435 2739 5508 paschalis
2790 5435 2919 5489 festi
2971 5434 3186 5506 pendet
3224 5434 3493 5490 articulo.
3530 5437 3601 5493 Et

1942 5540 2077 5580 cum
2110 5525 2180 5580 ad
2210 5524 2355 5581 alios
2384 5525 2510 5582 dies
2540 5525 2655 5581 alia
2676 5526 2824 5580 festa
2848 5523 3201 5596 pertineant,
3223 5522 3345 5577 haec
3366 5539 3601 5598 semper

1946 5616 2017 5672 ad
2051 5631 2185 5671 eum
2220 5616 2399 5686 diem,
2436 5615 2535 5689 qui
2576 5615 2636 5672 in
2667 5613 3089 5671 resurrectione
3109 5610 3340 5669 Domini
3368 5618 3479 5687 est,
3511 5616 3601 5672 in-
