3916 6034
320 290 400 347 79

1416 290 1486 340 D.
1526 278 1769 339 IVONKS
1803 277 1982 333 CARF

2164 271 2300 325 1818
2337 267 2661 323 EPISCOPI
3675 266 3748 320 80

323 415 512 489 signis
540 414 813 487 occurrit,
846 413 1150 486 porrigens
1172 407 1604 484 quodammodo
1637 398 1973 461 auxiliantia
2006 413 2061 480 Α
2082 394 2249 465 juxta
2279 391 2682 489 haereticorum
2711 390 2968 489 Odogma,
3000 392 3203 489 cpntra
3251 395 3750 489 sanctorum_Pa-

326 506 527 578 gratias
560 522 827 571 manum,
854 508 912 560 et
940 520 1038 559 eos
1069 519 1218 574 quos
1250 518 1283 556 a
1311 501 1404 555 die
1434 496 1692 564 Paschaa,
1716 496 1818 549 aut
1847 507 1976 546 mo-

326 594 498 651 lestia
528 593 890 649 inﬁrmitatis
921 600 1025 647 aut
1054 588 1457 662 longinquitas
1478 583 1723 653 itineris,
1750 584 1849 637 aut
1874 595 1977 634 na-

328 684 640 755 vigationis
663 682 981 738 difﬁcultas
1002 678 1351 747 interclusit,
1373 676 1622 732 invitans
1646 676 1710 728 ut
1730 670 1978 743 quibus-

332 773 477 829 libet
506 771 954 829 necessitatibus
977 768 1264 841 impediti,
1288 764 1561 823 desiderii
1588 764 1679 821 sui
1710 761 1979 818 effectum

334 861 485 919 dono
519 861 705 918 sancti
735 858 989 932 Spiritus
1019 859 1470 928 consequantur.

512 970 646 1024 CAP.
676 970 759 1022 46.
784 996 854 1007 —
879 966 1034 1021 Idem
1062 966 1137 1020 de
1165 963 1368 1029 eodem,
1401 961 1524 1017 ead.
1557 960 1715 1031 epist.
1746 958 1798 1011 4.

404 1078 523 1133 Hoc
553 1078 749 1131 autem
779 1089 888 1128 nos
918 1087 1032 1126 non
1060 1087 1128 1126 ex
1158 1074 1361 1125 nostra
1381 1064 1762 1139 persuasione
1783 1061 1982 1116 defen-

335 1166 493 1231 dere,
525 1164 625 1219 sed
658 1178 727 1218 ex
753 1158 1096 1233 [apostolica
1147 1157 1499 1214 auctoritate
1544 1168 1791 1217 servare,
1838 1149 1984 1205 satis

332 1254 542 1309 idoneo
569 1252 889 1323 probamus
920 1249 1205 1320 exemplo,
1240 1250 1551 1318 sequentes
1581 1244 1817 1299 beatum
1851 1255 1985 1310 apo-

332 1342 552 1399 stolum
576 1346 833 1409 Petrum,
850 1339 952 1410 qui
980 1340 1039 1392 in
1063 1338 1189 1408 ipso
1206 1337 1319 1403 die,
1345 1352 1460 1407 quo
1482 1348 1715 1389 omnem
1739 1329 1984 1387 creden-

329 1432 479 1486 tium
511 1445 821 1485 numerum
864 1427 1192 1499 promissus
1242 1425 1428 1480 sancti
1459 1422 1713 1494 Spiritus
1744 1416 1986 1483 replevit

334 1516 831 1585 adventus,trium
856 1515 1108 1570 millium
1130 1513 1414 1585 populum
1446 1527 1552 1567 sua
1573 1507 1984 1581 praedicatione

334 1622 681 1663 conversum
714 1605 944 1660 lavacro
986 1602 1358 1675 baptismatis
1407 1597 1787 1657 consecravit.
1821 1594 1983 1661 Quod

333 1701 538 1752 sancta
567 1694 891 1765 Scriptura,
910 1708 1037 1764 quis
1065 1690 1462 1763 apostolorum
1492 1690 1672 1743 Actus
1704 1685 1982 1749 continet,

334 1783 494 1839 ﬁdeli
521 1783 771 1838 historia
817 1783 986 1837 docet
1013 1781 1215 1836 dicens
1249 1797 1262 1835 :
1295 1780 1389 1834 His
1436 1778 1643 1833 auditis
1670 1774 1985 1846 compuneti
2012 1788 2059 1852 B

333 1877 463 1929 sunt
491 1873 673 1938 corde,
705 1880 756 1927 et
782 1873 1047 1927 dixerunt
1088 1869 1159 1924 ad
1201 1870 1429 1923 Petrum
1473 1870 1525 1922 el
1553 1866 1795 1935 reliquos
1824 1877 1982 1933 apos-

336 1965 471 2019 tolos
501 1979 519 2016 :
552 1962 695 2030 Quid
734 1962 1022 2031 faciemus,
1056 1960 1166 2014 viri
1194 1957 1449 2029 fratres?
1476 1956 1669 2010 Petrus
1698 1961 1879 2007 autem
1906 1951 1986 2006 ad

334 2052 466 2107 illos
496 2069 515 2106 :
547 2050 954 2117 Paenitentiam,
981 2047 1193 2119 inquit,
1213 2048 1445 2117 agite,et
1478 2044 1786 2115 baptizatur
1812 2055 1985 2095 unus-

336 2142 564 2211 quisque
592 2144 853 2207 vestrum,
886 2139 946 2192 in
976 2139 1198 2193 nomine
1220 2136 1439 2191 Domini
1468 2133 1649 2187 nostri
1676 2132 1798 2186 Jesu
1822 2129 1985 2183 Chrzo

333 2232 425 2299 sti,
458 2231 518 2284 in
559 2230 944 2284 remissionem
990 2230 1342 2298 peccatorum
1386 2226 1713 2286 vestrorum,
1745 2224 1798 2274 et
1842 2219 1986 2272 acci-

334 2318 499 2388 pietis
528 2317 734 2372 donum
764 2316 943 2370 sancti
969 2315 1214 2385 Spiritus
1243 2312 1383 2383 (Act.
1420 2314 1504 2377 ii).

333 2426 468 2478 CAP.
502 2421 589 2475 47.
624 2453 690 2463 —
716 2420 863 2476 Idem
907 2437 1024 2475 non
1066 2434 1178 2475 esse
1218 2415 1618 2473 celebrandum
1650 2414 1990 2485 baptismum

405 2496 466 2548 in
496 2494 825 2564 Epiphania.
858 2493 963 2547 Leo
991 2491 1267 2546 universis
1304 2489 1569 2561 episcOpis
1606 2503 1709 2557 per
1737 2485 1989 2539 Siciliam

407 2566 591 2635 (epist.
626 2565 679 2633 4,
711 2580 833 2634 cap.
864 2564 941 2633 6).

406 2670 502 2741 (De
528 2685 701 2734 cons.,
743 2669 871 2724 dist.
905 2669 958 2735 4,
990 2685 1037 2723 c.
1088 2668 1150 2723 Si
1179 2669 1302 2739 quis
1344 2669 1569 2734 autem).
1620 2666 1679 2720 Si
1726 2663 1859 2735 quis
1886 2679 1990 2717 au-

334 2763 454 2815 tem
487 2758 820 2830 Epiphaniae
856 2756 1252 2822 festivitatem,
1275 2772 1403 2827 qua).
1436 2756 1494 2810 in
1527 2771 1633 2809 suo
1666 2754 1868 2808 ordine
1891 2751 1989 2805 de-

334 2845 460 2900 bito
492 2845 714 2901 honore
744 2846 1079 2900 veneranda
1127 2849 1237 2909 est,
1271 2845 1343 2899 ob
1388 2844 1498 2898 hoc
1544 2842 1839 2898 existimat
1869 2838 1990 2910 pri-

333 2933 615 3005 vilegium
649 2934 863 2988 habere
888 2934 1283 3005 baptismatis,
1310 2932 1449 3004 quia
1482 2932 1590 2986 hoc
1620 2930 1854 3000 quidam
1880 2944 1992 2999 pu-

334 3025 483 3092 tant,
518 3022 674 3093 quod
706 3022 763 3076 in
810 3022 1013 3077 eadem
1044 3022 1138 3076 die
1189 3020 1474 3076 Dominus
1523 3020 1596 3075 ad
1628 3017 1986 3089 baptismum

336 3110 523 3168 sancti
543 3110 790 3166 Joannis
812 3110 1148 3178 accesserit,
1163 3110 1310 3165 sciat
1327 3108 1485 3164 illius
1508 3107 1787 3178 baptismi
1812 3104 1989 3160 aliam

337 3198 612 3271 gratiam,
645 3198 820 3254 aliam
871 3197 1053 3253 fuisse
1103 3198 1410 3264 rationem,
1467 3213 1569 3252 nec
1624 3197 1697 3251 ad
1729 3196 1993 3250 eamdem

337 3288 699 3360 pertinuisse
747 3287 1045 3352 virtutem,
1078 3303 1194 3358 qua
1241 3302 1344 3358 per
1386 3285 1674 3357 Spiritum
1722 3288 1995 3340 sanctum

341 3381 750 3443 renascuntur,
771 3376 841 3431 de
867 3375 1083 3447 quibus
1107 3375 1324 3429 dicitur
1357 3390 1370 3428 :
1401 3376 1507 3443 Qui
1537 3388 1646 3429 non
1674 3389 1744 3428 ex
1772 3374 1995 3443 sangui-

2086 487 2244 539 trum
2277 482 2568 548 instituta,
2600 478 2826 550 cogitur
2872 477 3088 549 aliquis
3134 478 3433 534 lavacrum
3466 480 3623 551 quod
3658 496 3749 536 re-

2086 570 2438 644 generandis
2471 568 2652 625 semel
2685 567 2975 622 tributum
3011 572 3123 634 est,
3147 567 3241 623 bis
3272 568 3491 638 subire,
3515 571 3754 641 Aposto-

2089 660 2201 716 lica
2233 658 2584 715 reclamante
2608 656 3035 727 sententia,qui
3061 655 3229 711 nobis
3261 673 3438 711 unam
3469 658 3749 727 praedicat

2088 750 2148 805 in
2179 748 2461 804 Trinitate
2499 746 2783 802 Deitatem
2835 761 3014 800 unam
3045 745 3105 799 in
3151 746 3266 801 fide
3291 746 3744 815 confessionem,

2090 854 2278 894 unum
2309 837 2367 891 in
2399 835 2751 907 baptismate
2781 838 3219 890 sacramentum
3249 835 3464 906 (Ephes.
3498 835 3595 907 iv).
3631 837 3742 893 Sed

2088 927 2149 983 in
2181 928 2289 983 hoc
2313 924 2459 981 nihil
2489 923 2683 981 simile
2714 924 3086 993 formidatur,
3109 924 3389 996 quoniam
3416 941 3531 980 non
3558 929 3753 997 potest

2090 1017 2151 1071 in
2180 1014 2507 1071 iterationis
2534 1014 2756 1069 crimen
2786 1012 3005 1083 venire,
3029 1013 3183 1084 quod
3218 1012 3437 1069 factum
3470 1030 3599 1070 esse
3622 1031 3753 1071 om-

2091 1106 2230 1161 nino
2262 1103 2543 1159 nescitur.
2564 1106 2754 1174 Atque
2787 1102 2917 1157 itleo
2949 1101 3182 1173 quoties
3216 1118 3465 1174 persona
3493 1102 3629 1159 talis
3661 1104 3754 1159 in-

2093 1195 2321 1259 ciderit,
2353 1192 2605 1248 sollicita
2627 1192 2889 1263 primum
2913 1192 3346 1246 examinatione
3376 1191 3673 1261 discutite,
3699 1198 3759 1249 et

2092 1282 2268 1353 longo
2299 1286 2580 1352 tempore,
2602 1279 2716 1335 nisi
2748 1280 2897 1335 forte
2927 1295 3243 1351 supremus
3265 1279 3401 1334 finis
3423 1279 3753 1349 immineat,

2092 1370 2385 1439 indagata,
2418 1372 2615 1423 utrum
2648 1383 2819 1422 nemo
2869 1368 3103 1439 penitus
3152 1368 3249 1433 sit,
3279 1368 3380 1439 qui
3412 1369 3755 1425 testimonio

2093 1476 2199 1515 suo
2221 1459 2430 1529 juvare
2475 1458 2664 1529 possit
2693 1456 3088 1528 ignorantiam
3142 1456 3482 1513 nescientis.
3518 1459 3587 1512 Et
3614 1474 3753 1514 cum

2092 1547 2421 1605 constiterit
2450 1546 2608 1601 hunc
2629 1545 2726 1617 qui
2762 1544 3136 1616 baptismatis
3159 1545 3384 1619 indiget
3413 1563 3754 1603 sacramen-

2095 1646 2170 1707 to,
2205 1636 2328 1693 sola
2373 1634 2628 1691 inaniter
2657 1634 2993 1706 suspicione
3036 1633 3356 1706 prohiberi,
3392 1636 3632 1691 accedat
3658 1635 3757 1691 in-

2093 1725 2361 1798 trepidus
2408 1725 2477 1779 ad
2528 1724 3003 1795 consequendam
3045 1726 3317 1793 gratiam,
3368 1725 3539 1795 cujus
3589 1725 3649 1781 in
3691 1741 3756 1781 se

2093 1814 2323 1871 nullum
2372 1814 2482 1869 scit
2530 1829 2661 1869 esse
2706 1812 3045 1885 vestigium.
3095 1813 3211 1867 Nec
3263 1828 3574 1869 vereamur
3612 1813 3753 1869 huic

2083 1912 2331 1982 januam
2364 1901 2576 1958 salutis
2626 1901 2873 1973 aperire,
2928 1917 3104 1972 quam
3150 1918 3457 1973 nunquam
3506 1903 3753 1959 docetur

2092 2006 2421 2064 ingressus.

2093 2126 2222 2181 CAP.
2257 2124 2343 2178 49.
2379 2155 2446 2164 —
2485 2122 2777 2193 Gregorius
2820 2124 2878 2176 in
2930 2123 3245 2190 litoralibus,
3281 2123 3378 2177 lib.
3423 2140 3499 2190 IV,
3547 2140 3666 2195 cap.
3700 2127 3755 2179 2.

2168 2195 2318 2263 Quod
2365 2195 2516 2265 apud
2572 2199 2773 2249 veteres
2831 2195 2977 2249 idem
3024 2195 3178 2264 ﬁdes,
3236 2198 3412 2249 virtus
3468 2197 3757 2265 sacriﬁcii,

2165 2268 2495 2338 mysterium
2524 2268 2993 2334 circumcisionis,
3050 2266 3191 2336 quod
3234 2268 3381 2338 apud
3408 2283 3507 2322 nos
3549 2268 3759 2339 baptis-

2165 2355 2279 2407 ma,
2308 2339 2547 2393 valebat.

2168 2436 2265 2507 (De
2293 2451 2464 2503 cons.,
2495 2436 2631 2491 dist.
2664 2436 2717 2503 4,
2748 2451 2797 2491 c.
2824 2433 2975 2503 Quod
2998 2436 3225 2506 autem).
3257 2435 3420 2499 Quod
3453 2437 3604 2508 apud
3638 2454 3749 2493 nos

2096 2523 2250 2580 valet
2281 2542 2434 2596 aqua
2464 2524 2862 2597 baptismatis,
2890 2524 2999 2579 hoc
3046 2524 3167 2596 egit
3196 2526 3350 2596 apud
3384 2530 3628 2592 veteres,
3660 2526 3751 2581 vel

2098 2631 2202 2687 pro
2234 2612 2493 2685 parvulis
2544 2612 2671 2668 sola
2702 2613 2868 2679 fides,
2918 2612 3006 2668 vel
3042 2630 3143 2685 pro
3194 2613 3519 2683 majoribus
3569 2615 3758 2670 virtus

2100 2702 2396 2772 sacrificii,
2437 2702 2525 2757 vel
2574 2718 2677 2774 pro
2706 2692 2836 2771 his,
2871 2701 2972 2773 qui
3017 2717 3086 2757 ex
3127 2702 3369 2758 Abraha
3403 2702 3585 2776 stirpe
3616 2720 3756 2775 pro-

2102 2791 2352 2857 dierant,
2386 2790 2733 2862 mysterium
2766 2789 3251 2845 circumcisionis.

2100 2910 2233 2962 CAP.
2265 2908 2356 2961 50.
2388 2937 2456 2947 -——
2489 2910 2571 2961 De
2599 2904 2804 2960 eodem.
2854 2905 3085 2974 August.
3117 2904 3192 2960 ad
3245 2906 3521 2962 Valerium
3553 2914 3751 2963 contra

2240 2979 2549 3043 Julianum,
2580 2979 2654 3032 De
2681 2978 2894 3047 nuptiis
2922 2985 2973 3031 et
3011 2992 3239 3047 concup.
3274 2978 3311 3031 ι.
3346 2994 3407 3048 n,
3438 2993 3485 3032 c.
3524 2979 3607 3034 11.

2172 3087 2252 3137 Ex
2281 3100 2395 3155 quo
2428 3083 2699 3137 instituta
2743 3085 2830 3137 est
2878 3081 3248 3139 circumcisio
3296 3082 3357 3139 in
3390 3083 3605 3155 populo
3639 3085 3761 3151 Dei,

2026 3154 2069 3222 C
2110 3172 2263 3243 quod
2298 3154 2423 3226 erat
2453 3175 2594 3225 tunc
2626 3169 2995 3241 signaculum
3020 3172 3267 3242 justitiae
3301 3154 3555 3238 fidei,iad
3586 3176 3765 3246 signi-

2107 3260 2439 3316 ﬁcationem
2489 3259 2880 3332 purgationis,
2912 3259 3143 3314 valebat
3189 3266 3247 3315 et
3288 3262 3546 3332 parvulis
3590 3264 3767 3336 origi-

2106 3351 2258 3407 nalis
2288 3350 2613 3421 veterisque
2647 3350 2888 3422 peccati,
2929 3350 3080 3404 sicut
3109 3354 3165 3404 et
3207 3351 3535 3421 baptismus
3560 3368 3628 3406 ex
3659 3352 3762 3408 illo

344 3466 529 3533 nibus,
560 3481 735 3537 neque
761 3480 832 3520 ea:
860 3464 1139 3520 voluntate
1184 3465 1390 3531 carnis,
1421 3479 1595 3535 neque
1622 3479 1691 3519 ex
1718 3464 1982 3518 voluntati

2164 3441 2291 3496 flere
2322 3442 2513 3512 coepit,
2547 3441 2618 3495 ad
2650 3438 3084 3495 innovationem
3114 3439 3395 3509 hominis,
3428 3458 3497 3496 ex
3528 3458 3643 3512 quo
3669 3442 3760 3497 in-

344 3556 478 3623 viri,
506 3554 598 3609 sed
622 3570 694 3610 ex
722 3555 826 3610 Deo
872 3555 992 3609 nati
1036 3568 1163 3609 sunt
1193 3553 1379 3624 (Joan.
1415 3556 1476 3622 ι).
1528 3551 1807 3607 Dominus
1837 3550 1993 3606 enim

349 3640 573 3698 nullius
602 3642 875 3714 indigens
926 3642 1269 3698 remissione
1317 3642 1559 3713 peccati,
1591 3657 1697 3695 nec
1728 3656 1995 3711 quaerens

339 3732 660 3787 remedium
690 3732 1054 3802 renascendi,
1079 3731 1161 3787 sic
1180 3730 1367 3787 voluit
1387 3730 1669 3803 baptizari
1701 3730 1991 3800 quomodo

339 3824 396 3875 et
426 3819 606 3874 voluit
646 3820 1009 3887 circumcidi,
1059 3820 1432 3889 bestiamque
1478 3836 1581 3890 pro
1614 3835 1675 3873 se
1706 3818 1989 3872 emunda-

337 3907 517 3964 tionis
544 3910 761 3965 offerri.
801 3908 872 3964 Ut
893 3910 990 3980 qui
1024 3908 1213 3963 factus
1249 3909 1435 3963 fuerat
1453 3923 1523 3963 ea:
1547 3906 1807 3976 muliere,
1836 3906 1991 3963 sicut

332 3997 651 4069 Apostolus
674 3996 775 4066 ait,
804 3997 967 4052 fieret
984 4000 1041 4050 et
1068 3995 1168 4050 sub
1187 3996 1300 4066 lege
1321 3994 1645 4065 (Galat.1v),
1670 4010 1845 4067 quam
1874 4011 1987 4050 non

332 4089 571 4142 venerat
591 4084 836 4153 solvere,
858 4086 958 4140 sed
991 4084 1235 4156 implere
1256 4084 1464 4154 (Matth.
1491 4083 1568 4155 v),
1601 4088 1657 4139 et
1687 4082 1987 4154 implendo

328 4175 521 4247 finire,
555 4176 711 4232 sicut
759 4176 962 4230 beatus
1008 4172 1330 4246 Apostolus
1386 4174 1684 4245 praedicat,
1735 4162 1983 4229 dicens:

328 4265 482 4319 Finis
513 4270 710 4320 autem
760 4265 895 4335 legis
946 4263 1213 4329 Christus,
1245 4265 1317 4319 ad
1353 4264 1645 4334 justitiam
1696 4263 1848 4318 omni
1876 4280 1988 4319 cre-

326 4350 482 4407 denti
512 4354 685 4423 (Rom.
717 4357 796 4420 x).
829 4352 1115 4424 Baptismi
1162 4358 1358 4409 autem
1410 4353 1502 4408 sui
1534 4352 1595 4407 in
1629 4368 1691 4408 se
1724 4352 1987 4408 condidit

327 4444 788 4509 sacramentum,
818 4442 957 4511 quia
988 4441 1046 4495 in
1097 4441 1372 4497 omnibus
1403 4441 1722 4512 primatum
1753 4446 1982 4507 tenens,

324 4544 389 4586 se
419 4530 620 4585 docuit
649 4545 777 4585 esse
824 4528 1203 4601 principium.
1256 4531 1325 4585 Et
1354 4535 1494 4585 tunc
1525 4530 1983 4602 regenerationis
2012 4522 2061 4587 D

321 4617 641 4688 potentiam
674 4619 888 4685 sanxit,
920 4619 1155 4690 quando
1203 4619 1276 4674 de
1324 4619 1502 4675 latere
1533 4620 1725 4691 ipsius
1758 4619 1977 4691 proflu-

317 4711 532 4763 xerunt
576 4707 821 4779 sanguis
857 4708 1276 4779 redemptionis
1308 4712 1366 4762 et
1394 4724 1547 4779 aqua
1579 4707 1972 4779 baptismatis.

318 4815 451 4867 Cap.
487 4813 573 4866 48.
607 4843 673 4854 -
704 4812 850 4868 Idem
887 4814 986 4868 Leo
1016 4814 1227 4883 primus
1278 4814 1443 4869 Leoni
1486 4815 1733 4885 episcopo
1764 4814 1975 4869 Raven-

387 4886 527 4967 nati,
560 4886 720 4967 epist.
752 4886 840 4955 38,
872 4902 918 4941 c.
954 4886 1005 4941 1.
1059 4886 1131 4941 De
1178 4885 1266 4940 his
1311 4888 1409 4957 qui
1457 4890 1644 4942 utrum
1697 4886 1977 4955 baptizati

388 4964 518 5011 sunt
548 4964 810 5012 ηεδσῐιιιν.

387 5064 483 5133 (De
510 5079 681 5133 cons.,
715 5063 846 5120 dist.
878 5065 931 5135 4,
964 5079 1011 5119 ε.
1044 5064 1179 5119 Cum
1208 5065 1439 5136 itaque).
1473 5067 1612 5121 Cum
1643 5064 1845 5137 itaque
1876 5065 1972 5121 ba-

314 5152 519 5226 ptismi
552 5152 646 5208 sui
678 5152 826 5208 nihil
870 5154 1211 5209 recordetur
1259 5155 1359 5225 qui
1392 5154 1848 5226 regenerationis
1879 5158 1971 5211 est

312 5241 587 5314 cupidus,
620 5256 727 5297 nec
756 5241 904 5298 alter
947 5244 1212 5298 attestari
1262 5244 1334 5298 de
1375 5259 1440 5298 eo
1476 5243 1661 5313 possit
1690 5244 1789 5314 qui
1822 5243 1971 5299 sciat

311 5334 742 5399 consecratum,
777 5330 921 5385 nihil
956 5335 1045 5386 est
1074 5330 1132 5385 in
1163 5348 1277 5403 quo
1308 5336 1609 5403 peccatum
1643 5332 1832 5403 possit
1862 5332 1964 5387 ob-

309 5436 534 5492 repere,
566 5437 699 5475 cum
732 5420 790 5474 in
823 5419 931 5475 hac
972 5424 1135 5492 parte
1182 5421 1550 5476 conscientiae
1582 5437 1701 5475 suae
1734 5436 1837 5475 nec
1868 5420 1967 5476 ille

308 5524 443 5563 reus
474 5510 553 5565 sit
581 5510 682 5582 qui
733 5514 1130 5578 consecratur,
1164 5525 1269 5565 nec
1315 5508 1412 5565 ille
1457 5509 1559 5581 qui
1612 5514 1914 5565 consecrat
1948 5525 1961 5563 :

308 5598 532 5656 scimus
575 5600 813 5672 quidem
863 5599 1213 5674 inexpiabile
1261 5617 1390 5659 esse
1436 5599 1686 5673 facinus,
1732 5599 1963 5673 quoties

2104 3530 2345 3585 stitutus
2379 3534 2489 3585 est.

2236 3648 2368 3700 Cap.
2394 3645 2484 3699 51.
2520 3674 2586 3684 -
2617 3648 2949 3699 Bracarense
2977 3645 3273 3700 concilium
3306 3662 3348 3711 ι,
3379 3661 3497 3717 cap.
3528 3647 3618 3701 23.

2175 3754 2399 3809 Placuit
2428 3756 2491 3808 ut
2522 3752 2721 3807 nullus
2768 3769 2901 3807 eum
2937 3753 3269 3825 baptizandi
3303 3755 3567 3810 ordinem
3603 3772 3753 3827 prie-

2099 3842 2390 3897 termittat
2418 3858 2590 3913 quem
2622 3845 2679 3896 et
2718 3846 2889 3897 antea
2921 3841 3111 3897 tenuit
3141 3842 3587 3913 metropolitana
3618 3845 3753 3899 Bra-

2100 3929 2358 3985 carensis
2389 3929 2653 3998 ecclesia,
2677 3934 2735 3985 et
2765 3946 2870 4001 pro
2901 3931 3262 4002 amputanda
3285 3931 3619 4004 aliquorum
3649 3934 3753 3988 du-

2100 4022 2313 4077 bietate
2343 4020 2687 4093 profuturus
2736 4021 3070 4093 episcopus,
3104 4023 3390 4094 scriptum
3434 4024 3543 4079 sibi
3576 4028 3633 4080 et
3662 4024 3750 4079 di-

2098 4116 2322 4167 rectum
2358 4127 2391 4166 a
2421 4110 2557 4166 sede
2604 4108 2930 4167 beatissimi
2979 4110 3133 4166 Petri
3165 4111 3417 4184 apostoli
3466 4113 3750 4186 suscepit.

2095 4247 2230 4303 CAP.
2270 4245 2360 4300 52.
2406 4274 2477 4285 --
2522 4244 2598 4298 De
2643 4242 2831 4298 eadem
2876 4259 2954 4299 re.
3009 4245 3201 4299 Victor
3246 4261 3398 4315 papa
3448 4244 3751 4315 Theophila

2167 4319 2440 4386 episcopo,
2470 4332 2590 4386 cap.
2625 4332 2661 4369 ι.
2695 4315 2847 4383 Quod
2891 4316 3121 4382 gentiles
3168 4317 3243 4370 ad
3274 4316 3437 4385 ﬁdem
3466 4319 3746 4373 venientes

2094 4406 2125 4443 a
2156 4402 2493 4459 quocunque,
2527 4402 2852 4458 quacunque
2882 4387 3045 4457 hora,
3077 4389 3137 4442 in
3165 4403 3483 4459 quocunque
3518 4389 3752 4458 ﬂumine

2200 4458 2487 4530 optinendi
2514 4466 2663 4514 sunt.

2160 4575 2216 4629 Si
2248 4590 2485 4629 necesse
2514 4573 2705 4638 fuerit,
2738 4577 2840 4629 aut
2888 4572 3096 4629 mortis
3149 4573 3475 4645 periculum
3508 4574 3749 4647 ingrue-

2086 4664 2179 4732 rit,
2213 4663 2462 4736 gentiles
2504 4664 2575 4718 ad
2628 4662 2800 4718 fidem
2856 4663 3177 4733 venientes,
3229 4679 3587 4734 quocunque
3618 4663 3747 4720 loco

2082 4753 2172 4809 vel
2206 4758 2501 4808 momento
2533 4752 2869 4823 ubicunque
2918 4751 3193 4821 evenerit,
3229 4752 3351 4808 sive
3384 4752 3442 4807 in
3480 4752 3746 4820 ﬂumine,

2083 4843 2201 4899 sive
2226 4841 2285 4897 in
2338 4840 2505 4908 mari,
2540 4841 2660 4896 sive
2709 4841 2766 4895 in
2801 4840 3081 4905 fontibus,
3133 4844 3363 4895 tantum
3400 4840 3747 4897 Christianis

2081 4929 2466 4987 confessionis
2533 4928 2878 4985 credulitate
2952 4928 3271 4984 clarificata
3346 4929 3743 5001 baptizentur.

2080 5025 2281 5094 lpsum
2336 5035 2570 5092 quoque
2618 5018 2773 5089 quod
2825 5017 2883 5071 in
2933 5016 3228 5089 baptismo
3280 5017 3525 5090 polliciti
3577 5025 3743 5089 sunt,

2079 5124 2451 5180 summepere
2480 5112 2569 5163 est
2596 5106 3041 5173 attendendum,
3064 5123 3135 5162 ne
3167 5106 3435 5163 infideles
3465 5108 3565 5163 sed
3603 5108 3744 5163 ﬁde-

2078 5200 2161 5255 les
2193 5198 2588 5254 inveniantur.
2622 5195 2740 5266 Ipsi
2771 5211 2903 5249 vero
2935 5194 3034 5265 qui
3077 5195 3446 5251 infidelitatis
3480 5204 3615 5251 nota
3646 5214 3741 5252 as-

2076 5292 2423 5363 perguntur,
2455 5286 2706 5340 infames
2736 5283 3095 5355 efficiuntur,
3146 5290 3322 5357 atque
3352 5286 3504 5341 inter
3532 5285 3741 5342 fideles

2076 5378 2320 5433 minime
2352 5378 2719 5446 reputantur.
3128 5376 3131 5381 '

2269 5494 2399 5548 CAP.
2430 5491 2519 5546 53.
2555 5520 2621 5530 —
2654 5490 2994 5559 Augustinus
3025 5489 3090 5546 de
3117 5490 3188 5545 70
3218 5490 3534 5547 haresibus.

2144 5597 2394 5657 Lectiani
2428 5595 2781 5671 [Selestiani]
2817 5595 3069 5654 haeretici
3118 5603 3337 5670 negant
3368 5612 3498 5655 esse
3527 5596 3735 5656 visibi-
