3982 6060
179 277 249 329 81
1258 279 1570 331 ΒΕΟΒΕΤῙ
1608 278 1794 329 PARS
1829 279 1842 329 l

1977 303 1981 316 ι
2011 281 2107 332 nn
2145 284 2333 349 FIDE,
2373 287 2528 338 ETC.
3532 287 3602 340 82

172 399 298 457 lem
328 400 696 473 paradisum,
730 403 788 456 et
835 401 1193 472 baptismum
1225 402 1284 457 in
1338 417 1490 471 aqua
1532 416 1647 456 non
1697 399 1843 456 acci-
1870 402 1923 468 Α

173 491 378 562 piunt.

175 599 320 653 CAP.
348 599 438 653 54.
472 630 540 638 —
573 599 780 668 Haymo
808 615 975 669 super
1000 601 1243 670 primam
1290 597 1581 672 epistolam
1627 597 1697 651 ad
1741 599 1842 652 Ro-

909 687 1100 727 manos
1109 714 1120 724 .

251 759 545 814 Fortassis
587 763 807 830 quaeret
839 759 1050 830 aliquis
1083 776 1261 831 quare
1313 760 1368 814 in
1413 777 1564 831 aqua
1617 758 1840 813 solum-

178 849 382 914 modo,
418 853 472 903 et
504 865 620 903 non
652 848 971 918 aliquando
998 849 1059 904 in
1104 850 1239 904 vino
1271 849 1605 921 baptismus
1636 863 1839 904 conse-

175 941 398 992 cretur.
422 937 523 992 Cui
556 938 860 1008 respondit
888 939 1092 993 beatus
1127 938 1476 993 Ambrosius
1510 954 1522 992 :
1563 961 1582 986 ι
1618 935 1838 992 Idcirco

172 1030 549 1085 uniformiler
577 1030 687 1085 hoc
716 1030 836 1084 ﬁeri
871 1030 928 1085 in
964 1047 1138 1101 aqua,
1173 1035 1237 1086 ut
1267 1030 1629 1102 intelligatur
1657 1028 1834 1099 quod,

171 1118 331 1174 sicut
363 1135 521 1190 aqua
550 1119 754 1174 sordes
785 1119 1071 1191 corporis,
1099 1125 1201 1174 aut
1242 1119 1578 1175 vestimenti
1626 1116 1835 1187 abluit,

169 1207 251 1262 ita
301 1207 450 1261 illud
515 1207 812 1279 baptisma
843 1209 1052 1263 animae
1095 1208 1357 1264 maculas
1401 1208 1722 1278 sordesque
1751 1204 1836 1258 vi-

167 1297 390 1352 tiorum
426 1297 802 1351 emundando
833 1298 1136 1370 abstergit.
1174 1321 1202 1347 »

167 1403 303 1459 CAP.
339 1405 433 1458 55.
469 1435 532 1444 —
577 1406 870 1472 Gregorius
913 1406 1216 1459 Fortunato
1265 1405 1510 1475 episcopo
1569 1404 1832 1472 Neapolis

431 1475 765 1545 (Secundino
807 1477 1255 1531 Taurominitano
1296 1475 1582 1547 episcopo).

241 1583 620 1651 (GRATIANUS,
678 1583 762 1648 18,
796 1599 844 1654 q.
875 1586 932 1652 2,
964 1600 1013 1638 c.
1059 1583 1298 1649 Pridem,
1351 1583 1452 1636 hoc
1479 1584 1641 1652 caput
1669 1581 1831 1637 Gela-

164 1674 256 1727 sio
290 1672 604 1741 attribuit).
638 1672 872 1726 Pridem
908 1672 1292 1743 praecepimus
1325 1675 1389 1725 ut
1418 1672 1488 1726 de
1532 1674 1830 1725 monaste-

2131 406 2264 462 CAP.
2297 408 2385 464 60.
2409 439 2480 448 —
2509 407 2863 464 Gerundense
2890 410 3185 466 concilium
3213 427 3332 483 cap.
3367 413 3418 469 4.

2023 494 2120 564 (De
2149 511 2320 564 cons.,
2371 497 2496 551 dist.
2533 498 2582 565 4,
2615 514 2661 552 c.
2717 499 2790 553 De
2837 499 3278 572 catechumenis).
3316 501 3390 554 De
3444 505 3598 557 cate-

1953 583 2260 640 chumenis
2293 587 2660 657 baptizandis
2693 589 2749 642 id
2796 590 3095 644 decretum
3128 595 3239 658 est,
3273 595 3338 645 ut
3367 590 3427 644 in
3462 591 3600 646 Pas-

1951 673 2070 727 chos
2101 674 2473 731 solemnitate
2515 677 2602 732 vel
2638 682 3012 734 Pentecostes
3062 681 3131 733 ad
3179 680 3599 751 baptizandum

1952 763 2202 819 veniant.
2233 765 2465 820 Caateris
2498 765 2971 822 solemnitatibus
3001 766 3216 823 inﬁrmi
3248 772 3602 825 tantummo-

1950 851 2022 906 do
2055 853 2306 909 debeant
2335 854 2637 925 baptizari.

2145 942 2274 999 CAP.
2307 945 2396 1000 61.
2428 976 2496 984 -
2526 945 2820 1015 Gregorius
2852 947 3083 1002 Fantino
3110 947 3408 1017 defensori.

2016 1031 2074 1085 Si
2101 1031 2317 1088 Judaais
2348 1033 2717 1104 baptizandis
2748 1034 2988 1105 longum
3018 1033 3106 1090 vel
3149 1036 3316 1091 triste
3367 1037 3598 1093 videtur

1946 1119 2378 1176 solemnitatem
2426 1124 2716 1178 sustinere
2765 1123 3140 1193 paschalem;
3192 1129 3247 1179 et
3294 1142 3392 1180 eos
3438 1142 3595 1181 nunc

1946 1210 2017 1263 ad
2049 1211 2344 1280 baptisma
2394 1212 2668 1267 festinare
2717 1213 3022 1283 cognoscis
3055 1229 3145 1279 ne,
3199 1214 3353 1284 quod
3398 1215 3590 1269 absit!

1944 1296 2119 1369 longa
2149 1299 2348 1354 dilatio
2399 1305 2553 1355 retro
2585 1300 2772 1371 possit
2803 1317 3005 1355 eorum
3038 1302 3268 1356 animas
3299 1317 3598 1370 revocare,

1944 1404 2076 1441 cum
2113 1387 2287 1442 fratre
2337 1392 2532 1442 nostro
2581 1388 2854 1459 episcopo
2882 1387 2991 1443 loci
3041 1389 3201 1444 illius
3242 1390 3500 1461 loquere,
3532 1397 3599 1446 ut

1942 1476 2282 1546 poenitentia
2332 1494 2396 1531 ac
2445 1476 2804 1531 abstinentia
2835 1478 2901 1532 40
2951 1478 3159 1533 diebus
3216 1478 3457 1546 indicta,
3494 1485 3597 1535 aut

1942 1566 2036 1621 die
2068 1566 2389 1634 Dominico,
2425 1569 2525 1620 aut
2555 1566 2603 1620 si
2637 1565 3016 1620 celeberrima
3068 1566 3350 1622 festivitas
3383 1568 3595 1623 fortas-

1941 1655 2024 1710 sis
2055 1655 2392 1723 occurrerit,
2442 1671 2541 1709 eos
2590 1655 3012 1725 omnipotentis
3060 1655 3160 1710 Dei
3194 1656 3593 1711 misericordia

167 1762 253 1817 rio
285 1762 489 1816 Sancti
523 1742 947 1833 Andreae,quod
978 1767 1068 1817 est
1097 1742 1271 1833 super
1300 1759 1832 1832 Mascalas,baptis-
1863 1767 1910 1832 B
1940 1749 2270 1816 ρτοιθςθοῖθ
2303 1742 2573 1813 baptizet-

165 1851 388 1906 terium
422 1856 661 1922 prOpter
693 1850 1116 1905 monachorum
1151 1850 1499 1905 insolentias
1531 1850 1832 1905 debuisset

165 1940 389 1994 auferri
423 1945 601 2011 atque
632 1939 692 1993 in
726 1940 926 1995 eodem
964 1939 1237 2010 loco,quo
1269 1940 1460 1994 fontes
1493 1942 1650 2008 sunt,
1684 1937 1828 1993 alta-

167 2029 254 2083 ria
287 2028 549 2083 fundari.
582 2028 767 2098 Cujus
817 2029 898 2083 rei
935 2029 1214 2100 perfectio
1264 2029 1546 2083 hactenus
1577 2032 1665 2082 est
1695 2043 1831 2097 pro-

167 2123 378 2172 tracta.
415 2118 818 2172 Admonemus
847 2118 1047 2188 itaque
1099 2117 1523 2172 fraternitatem
1575 2120 1737 2170 tuam
1770 2118 1836 2170 ut

169 2205 398 2260 nullam
424 2208 549 2276 jam
584 2222 808 2261 moram
853 2209 986 2277 post
1016 2211 1322 2276 susceptas
1375 2209 1689 2276 praesentes
1738 2204 1834 2257 lit-

168 2299 324 2350 teras
383 2300 618 2351 nostras
678 2295 936 2362 inferas;
974 2295 1097 2364 sed,
1133 2296 1353 2366 repleto
1397 2294 1523 2349 loco
1571 2295 1835 2366 ipsorum

173 2384 457 2451 fontium,
492 2383 674 2438 altare
722 2383 792 2437 ad
829 2399 994 2437 sacra
1026 2382 1374 2438 celebranda
1418 2383 1685 2454 mystica,
1718 2381 1839 2436 illic

173 2473 302 2528 sine
338 2473 542 2544 aliqua
571 2471 852 2528 dilatione
887 2473 1185 2528 tondetur.

437 2579 569 2635 CAP.
602 2580 692 2635 56.
726 2611 794 2618 —
826 2579 1070 2634 Gelasius
1101 2579 1304 2634 Sabino
1334 2581 1599 2650 episcopo.

247 2688 370 2742 Nec
402 2688 557 2741 enim
609 2703 896 2741 numerus
955 2687 1325 2758 baptizandis
1367 2688 1530 2758 juste
1586 2685 1845 2741 creditur

171 2776 604 2847 imponendus,
632 2792 764 2829 cum
798 2774 998 2845 quanti
1033 2775 1176 2828 forte
1203 2774 1497 2845 petierint,
1531 2773 1617 2828 vel
1650 2774 1721 2827 ad
1755 2789 1843 2827 re-

169 2865 621 2936 generationem
675 2862 1096 2930 festinaverint,
1131 2880 1246 2918 non
1303 2863 1423 2918 sint
1453 2880 1555 2934 pro
1606 2862 1848 2917 alterius

168 2954 481 3009 voluntate
514 2951 790 3025 pellendi.
825 2953 893 3007 Et
921 2953 1051 3008 ideo
1083 2953 1443 3024 superﬂuam
1477 2950 1847 3007 constitutio-

179 3059 318 3098 nem
354 3042 549 3098 modis
580 3042 856 3098 omnibus
889 3042 1230 3113 refutantes,
1260 3041 1533 3097 volumus
1567 3045 1630 3096 ut
1663 3058 1848 3095 unus-

172 3131 430 3202 quisque
462 3131 651 3186 autin
698 3130 891 3185 vicina
919 3130 1030 3186 sibi
1081 3130 1348 3200 ecclesia,
1384 3133 1484 3185 aut
1534 3130 1593 3185 in
1640 3129 1841 3197 electa,

184 3255 288 3308 pro
321 3255 443 3293 suae
478 3237 690 3292 mentis
722 3237 1049 3309 baptizatur
1081 3237 1341 3293 arbitrio.

505 3331 636 3382 CAP.
669 3328 758 3382 57.
795 3357 861 3367 —-
903 3328 983 3382 Ea:
1014 3328 1157 3382 libro
1187 3327 1521 3397 Pontiﬁcali.

253 3433 572 3490 Marcellus
602 3433 673 3486 25
721 3433 926 3488 titulos
978 3434 1037 3488 in
1089 3434 1234 3488 urbe
1292 3435 1472 3489 Roma
1521 3432 1844 3498 constituit,

182 3524 356 3596 quasi
386 3525 666 3579 dimceses
700 3527 936 3594 propter
965 3523 1412 3594 baptismum,et
1441 3521 1845 3593 pcnnitentiam

186 3612 538 3668 multorum.

180 3721 316 3776 CAP.
350 3721 440 3777 58.
475 3750 542 3761 -—
574 3718 807 3774 Siricius
833 3735 974 3789 papa
1009 3719 1253 3772 Himerio
1291 3718 1696 3773 Tarraconensi
1723 3719 1843 3788 epi-

803 3806 977 3862 scopo,
1011 3806 1132 3856 cap.
1167 3805 1229 3843 ιι.

254 3899 352 3968 (De
397 3913 567 3964 cons.,
621 3897 749 3952 dist.
786 3897 837 3962 4,
869 3913 916 3951 c.
964 3897 1079 3952 Non
1137 3896 1391 3967 ratione).
1444 3901 1563 3951 Non
1622 3895 1847 3950 ratione

188 3986 562 4043 auctoritatis
594 3985 865 4056 alicujus,
899 3985 998 4040 sed
1032 3984 1155 4040 sola
1185 3985 1515 4040 temeritate
1548 3985 1846 4056 praesumi-

182 4080 302 4143 tur,
336 4080 401 4129 ut
431 4074 653 4146 passim
687 4079 742 4129 et
771 4074 951 4130 libere
977 4074 1238 4130 natalitio
1264 4073 1503 4139 Christi,
1537 4090 1640 4129 seu
1672 4089 1846 4144 appa-

183 4167 418 4230 ritione,
451 4181 555 4219 nec
587 4180 702 4218 non
733 4163 1138 4235 apostolorum
1189 4179 1294 4219 seu
1328 4169 1651 4235 martyrum
1684 4162 1846 4217 festi-

181 4253 490 4319 vitatibus,
535 4253 877 4320 innumerae,
929 4257 998 4307 ut
1030 4253 1271 4322 asseris,
1323 4252 1518 4324 plebes
1568 4250 1847 4322 baptismi

186 4341 537 4414 mysterium
587 4345 1078 4412 consequantur:
1117 4358 1246 4396 cum
1301 4342 1403 4397 hoc
1452 4342 1564 4397 sibi
1613 4339 1845 4411 privile-

185 4433 352 4503 gium
387 4430 541 4500 apud
576 4446 702 4497 nos,
737 4434 792 4484 et
823 4430 978 4500 apud
1011 4446 1212 4484 omnes
1245 4430 1552 4494 Ecclesiae,
1588 4429 1846 4484 Domini-

191 4489 325 4575 cum
365 4489 586 4574 Pascha
616 4489 946 4590 specialiter
977 4535 1110 4573 cum
1143 4523 1345 4574 sancta
1373 4489 1711 4574 Pentecoste
1743 4519 1840 4572 de-
1872 4489 1920 4555 Π

189 4609 413 4664 tendat.
446 4607 589 4661 Item
626 4625 638 4661 :
675 4606 1002 4662 lnfantibus
1061 4607 1159 4677 qui
1210 4609 1461 4662 necdum
1515 4607 1670 4678 loqui
1715 4624 1844 4678 pos-

192 4701 332 4751 sunt
367 4711 468 4766 per
500 4700 753 4759 aetatem,
786 4694 872 4749 vel
922 4694 1016 4749 his
1048 4695 1146 4764 qui
1194 4699 1335 4750 sunt
1365 4696 1422 4749 in
1456 4695 1714 4766 qualibet
1744 4713 1842 4750 ne-

191 4784 486 4851 cessitate,
521 4783 568 4838 si
602 4799 748 4854 opus
801 4782 992 4847 fuerit,
1044 4783 1194 4838 sacri
1245 4784 1617 4856 baptismatis
1664 4785 1842 4854 unda,

190 4873 352 4928 omni
387 4871 658 4927 volumus
691 4869 981 4926 celeritate
1008 4871 1290 4928 succurri.

189 4979 328 5034 CAP.
359 4979 450 5033 59.
479 5009 546 5018 —
579 4983 680 5032 Leo
708 4995 855 5049 papa
875 4978 1168 5102 [lepiscopés
1215 4995 1311 5048 per
1355 4979 1637 5049 Siciliam,
1686 4981 1841 5050 epist.

914 5093 925 5102 .
955 5066 1074 5102 can.
1157 5094 1168 5102 .

914 5093 925 5115 ,
955 5066 1074 5120 cap.
1115 5066 1168 5104 ο.

267 5156 366 5226 (De
395 5171 562 5224 cons.,
596 5155 722 5210 dist.
755 5156 807 5222 4,
839 5171 884 5208 c.
923 5159 1044 5210 Duo
1071 5163 1335 5226 tempora,
1369 5161 1467 5212 etc.
1485 5158 1599 5212 Non
1624 5160 1844 5228 potest).

194 5243 511 5298 Evidenter
540 5243 857 5314 agnoscitis
890 5243 948 5297 in
981 5243 1346 5314 baptizandis
1377 5245 1596 5312 electis,
1622 5246 1721 5316 qui
1756 5260 1845 5299 se-

192 5333 456 5388 cundum
507 5331 884 5402 apostolicam
918 5331 1180 5403 regulam
1234 5339 1290 5388 et
1321 5335 1658 5390 exorcismis
1690 5350 1847 5388 scru-

195 5421 384 5487 tandi,
439 5425 498 5474 et
550 5420 794 5490 jejuniis
853 5420 1284 5490 sanctiﬁcandi,
1328 5427 1384 5478 et
1441 5422 1849 5494 frequentibus

191 5508 716 5581 praedicationibus
760 5508 1088 5578 imbuendi,
1129 5511 1244 5565 duo
1286 5515 1516 5567 tantum
1563 5517 1846 5584 tempora,

189 5599 248 5653 id
283 5603 376 5654 est
405 5597 633 5654 Pascha
661 5602 719 5653 et
747 5599 1129 5656 Pentecosten
1159 5616 1287 5657 esse
1316 5601 1621 5659 servanda.

2082 1850 2213 1905 CAP.
2246 1850 2335 1904 62.
2370 1879 2434 1890 —
2469 1847 3118 1991 Gregpriustrgﬁondens
3147 1850 3454 1918 Augustino

2635 1937 2750 1991 epis
2786 1963 2797 1974 .

2635 1923 2797 1991 epist.

2013 2011 2171 2082 (Dist.
2205 2011 2261 2080 5,
2292 2015 2451 2081 parte
2477 2011 2688 2080 prima,
2721 2025 2767 2063 c.
2800 2011 3130 2080 Baptizari).
3160 2009 3467 2080 Baptizari,
3498 2008 3588 2064 vel

1943 2101 2172 2156 enixam
2209 2100 2397 2170 ipsam
2433 2097 2762 2169 mulierem,
2795 2098 2882 2152 vel
2914 2097 3024 2154 hoc
3055 2098 3210 2171 quod
3241 2098 3530 2170 genuerit,
3548 2098 3599 2153 si

1946 2188 2152 2244 mortis
2185 2187 2440 2259 periculo
2472 2186 2832 2260 urgetur,vel
2865 2187 3052 2259 ipsam
3088 2187 3233 2241 hora
3250 2188 3452 2242 eadem
3487 2203 3603 2257 qua

1947 2278 2158 2349 gignit,
2190 2277 2274 2332 vel
2310 2277 2419 2332 hoc
2451 2279 2602 2347 quod
2645 2277 2908 2348 gignitur
2942 2277 3146 2331 eadem
3179 2276 3322 2332 hora
3352 2293 3470 2348 qua
3499 2292 3604 2330 na-

1950 2371 2074 2421 tum
2107 2371 2215 2434 est,
2250 2366 2409 2420 nullo
2442 2367 2616 2421 modo
2649 2365 3012 2437 prohibetur.

2091 2455 2226 2510 CAP.
2257 2456 2346 2510 63.
2371 2487 2440 2495 —-
2472 2455 2763 2525 Gregorius
2793 2456 2938 2509 clero
2968 2458 3019 2509 et
3044 2455 3198 2524 plebi
3224 2455 3464 2510 Tarensi.

2025 2546 2118 2614 (De
2147 2561 2320 2613 c0125.,
2370 2544 2494 2597 dist.
2529 2544 2581 2610 4,
2614 2560 2662 2597 c.
2703 2544 3083 2613 Venerabilis).
3138 2543 3438 2598 Generalis
3479 2542 3611 2612 [Ve-

1954 2631 2255 2701 nerabilis]
2290 2631 2568 2702 baptismi
2597 2635 3054 2696 sacramentum,
3087 2630 3202 2684 nisi
3234 2631 3293 2684 in
3327 2630 3613 2684 festivita-

1955 2726 2011 2777 te
2046 2720 2307 2776 Pascbali
2340 2724 2396 2774 et
2447 2724 2816 2775 Pentecostes
2853 2720 3079 2774 tradere
3131 2734 3247 2773 non
3297 2723 3613 2788 praesumat

1956 2811 2294 2883 episcopus,
2326 2807 2580 2878 exceptis
2627 2807 2972 2879 egritudine
3015 2806 3445 2873 laborantibus,
3479 2807 3610 2878 qui-

1955 2900 2067 2955 bus
2101 2899 2300 2953 mortis
2332 2901 2576 2968 urgente
2606 2895 2886 2967 periculo,
2921 2894 3135 2950 talibus
3168 2898 3416 2966 oportet,
3448 2911 3520 2950 ne
3549 2895 3608 2948 in

1959 2995 2240 3045 internum
2277 2991 2536 3059 pereant,
2569 2985 2847 3041 remediis
2878 2985 3194 3040 subveniri.

1878 3126 1920 3193 α
1960 3099 2092 3152 CAP.
2124 3096 2212 3150 64.
2246 3125 2314 3134 —-
2369 3095 2614 3193 Gflasius
2629 3093 2930 3193 οιςρρἱςρορίε
2954 3107 3052 3163 per
3081 3093 3423 3193 0ιςιιεαηίίιηι,
3469 3092 3610 3147 Bru-

2407 3167 2512 3220 tios
2541 3169 2592 3220 et
2622 3163 2898 3230 Siciliam,
2929 3181 3047 3234 cap.
3081 3163 3156 3234 9).

2023 3258 2117 3328 (De
2145 3271 2315 3322 (2011s.,
2367 3255 2494 3309 dist.
2530 3255 2582 3321 4,
2614 3270 2660 3308 c.
2695 3254 2758 3308 In
2800 3252 3162 3324 necessilate).
3201 3251 3382 3308 Laicis
3413 3251 3612 3308 Chris-

1952 3347 2132 3402 tianis
2164 3344 2459 3416 baptizare
2486 3343 2828 3414 plerumque
2861 3342 3221 3398 conceditur.

1989 3457 2120 3508 CAP.
2152 3453 2242 3507 65.
2274 3482 2345 3491 —
2377 3449 2687 3504 Concilium
2719 3449 3147 3520 Carthaginense
3176 3465 3252 3516 IV,
3292 3464 3412 3520 cap.
3450 3447 3570 3504 100.

2024 3542 2231 3596 Mulier
2259 3540 2555 3610 baptizare
2589 3556 2702 3594 non
2734 3542 3072 3609 presumat.

2052 3649 2181 3703 CAP.
2214 3647 2303 3702 66.
2339 3677 2404 3685 —
2436 3644 2677 3699 Isidorus
2706 3643 2771 3698 de
2802 3643 3022 3714 ofﬁciis,
3055 3643 3154 3697 lib.
3187 3659 3250 3712 ιι,
3280 3658 3398 3714 cap.
3429 3641 3518 3698 34.

2027 3735 2176 3791 Illud
2215 3735 2364 3804 quod
2401 3749 2506 3787 nec
2556 3732 2818 3803 privatis,
2855 3748 2959 3786 nec
3008 3731 3236 3786 clericis
3287 3730 3446 3798 [adde
3478 3729 3605 3784 sine

1954 3826 2163 3898 gradu]
2209 3823 2504 3895 baptizare
2556 3821 2746 3888 liceat,
2780 3820 2890 3875 nisi
2923 3824 3151 3875 tantum
3199 3819 3605 3876 sacerdotibus

1955 3915 2011 3969 in
2040 3912 2347 3984 Evangelio
2379 3911 2632 3983 legimus
2665 3909 2944 3982 apostolis
2975 3913 3203 3965 tantum
3245 3908 3604 3980 permissum

1954 4005 2132 4073 (Joan.
2167 4003 2282 4074 xx).

2469 4089 2601 4145 CAP.
2635 4090 2724 4144 67.
2760 4119 2826 4128 -—
2859 4088 3084 4143 Ibidem.

2029 4184 2170 4236 Item
2207 4197 2218 4234 :
2253 4181 2491 4235 Constat
2523 4177 2818 4248 baptisma
2849 4176 2991 4231 solis
3039 4174 3441 4231 sacerdotibus
3481 4177 3604 4230 tra-

1957 4270 2143 4325 ditum
2193 4269 2360 4339 [adde
2389 4269 2564 4337 esse],
2597 4267 2845 4336 ejusque
2877 4264 3270 4319 ministerium
3321 4279 3424 4319 nec
3457 4263 3603 4334 ipsis

1955 4359 2300 4414 diaconibus
2330 4357 2557 4428 explere
2588 4359 2675 4410 est
2705 4354 2930 4408 licitum
2964 4355 3186 4424 absque
3215 4353 3482 4424 episcopo
3513 4352 3602 4408 vel

1955 4449 2315 4519 presbytero,
2350 4445 2465 4499 nisi
2496 4443 2588 4498 his
2624 4441 2825 4514 procul
2855 4441 3203 4497 absentibus
3235 4441 3443 4496 ultima
3472 4440 3600 4496 lan-

1950 4535 2150 4608 guoris
2205 4539 2374 4606 cogat
2429 4532 2799 4589 necessitudo
2855 4529 3264 4602 [necessitas]:
3327 4531 3482 4601 quod
3539 4534 3598 4585 et

1951 4625 2112 4680 laicis
2168 4623 2442 4679 ﬁdelibus
2502 4623 2846 4692 plerumque
2903 4620 3278 4689 permittitur,
3310 4636 3382 4674 ne
3431 4619 3594 4690 quis-

1952 4731 2128 4786 quam
2162 4713 2287 4768 sine
2318 4711 2572 4768 remedio
2604 4709 2846 4766 salutari
2879 4709 2948 4764 de
2977 4708 3190 4764 saeculo
3220 4713 3511 4764 evocetur.

1951 4823 2078 4874 CAP.
2111 4820 2199 4876 68.
2233 4851 2299 4860 —
2329 4819 2585 4874 Rabanus
2616 4817 2681 4870 de
2729 4816 3072 4938 instiéutione
3116 4815 3457 4880 clericorum,
3495 4815 3593 4871 lib.

2635 4905 2672 4938 Ι-
2705 4903 2824 4938 σαι).
2896 4929 2910 4938 .

2635 4905 2672 4957 1,
2705 4903 2824 4957 cap.
2867 4903 2910 4943 ι.

2027 4979 2288 5052 Apostoli
2321 4983 2540 5050 septem
2575 4979 2854 5032 diacones
2885 4979 3119 5048 prOpter
3163 4979 3598 5032 sacramentum

1954 5071 2222 5140 ejusdem
2272 5068 2490 5123 numeri
2524 5067 2942 5122 ordinaverunt
2973 5065 3039 5119 ad
3097 5065 3512 5136 ministerium,
3547 5067 3604 5119 et

1956 5159 2026 5214 ad
2061 5157 2319 5213 ofﬁcium
2371 5155 2593 5223 altaris,
2628 5154 2727 5225 qui
2778 5153 3054 5225 leguntur
3084 5154 3260 5210 etiam
3293 5157 3348 5210 et
3392 5153 3602 5225 praedi-

1957 5263 2120 5302 casse
2152 5249 2208 5301 et
2237 5245 2565 5316 baptizasse
2595 5261 2712 5298 non
2743 5260 2980 5315 paucos.

2134 5336 2263 5389 CAP.
2297 5335 2384 5388 69.
2418 5364 2486 5373 ρ-
2518 5332 2670 5400 Quod
2702 5332 2988 5403 acolythus
3017 5348 3126 5387 non
3158 5331 3409 5402 baptizel.

2029 5424 2108 5478 Ex
2156 5423 2303 5478 libro
2350 5421 2699 5478 Pontiﬁcali.
2744 5422 3076 5477 Bonifacius
3126 5420 3332 5476 tertius
3382 5419 3603 5475 consti-

1957 5513 2163 5578 tuit,ut
2194 5514 2514 5568 Lateranus
2548 5509 2852 5581 acolythus
2885 5526 2999 5566 non
3036 5510 3311 5582 baptizet,
3343 5511 3444 5564 sed
3477 5511 3598 5566 dia-

1957 5616 2139 5655 conus
2171 5606 2226 5655 et
2254 5601 2651 5657 subdiaconus
2682 5601 3012 5670 sequentes.
