3916 6034
333 252 407 308 83
1425 256 1493 308 D.
1534 255 1779 310 IVONIS
1816 254 2309 312 CABNOTENBIS
2347 259 2665 314 EPISOOPI
3681 261 3757 316 84

335 377 464 432 CAP.
496 373 589 431 70.
621 403 690 416 —-
736 374 1056 432 Ambrosius
1084 390 1248 445 super
1279 376 1304 432 1
1331 376 1502 447 Epist.
1551 375 1623 431 ad
1654 375 1987 449 Corinthios,
2016 376 2074 444 Α

1057 463 1177 517 cap.
1214 451 1262 502 1.

406 536 598 607 Majas
657 540 747 592 est
804 535 1198 609 evangelizare
1256 551 1434 606 quam
1493 535 1815 608 baptizare,
1865 537 1992 593 ideo

335 624 651 697 Apostolus
710 641 824 680 non
885 641 949 680 se
1008 624 1260 679 missum
1321 623 1617 695 baptizare
1672 626 1833 693 dicit,
1891 627 1993 682 sed

339 713 758 787 evangelizare,
791 713 929 785 quia
962 713 1020 767 in
1052 713 1324 785 episcopo
1356 713 1623 769 omnium
1667 714 1992 771 ordinatio-

341 820 485 859 num
518 802 773 874 dignitas
803 803 1103 872 est.Caput
1132 805 1223 856 est
1252 801 1408 856 enim
1442 806 1780 877 caateprorum
1815 820 1995 859 mem-

336 892 602 948 brorum.
637 891 742 947 Per
773 890 923 962 quod
959 895 1015 944 et
1044 888 1178 945 illos
1210 890 1505 959 humiliat,
1540 891 1755 963 quibus
1799 892 1994 948 Corin-

336 980 448 1036 thii
480 979 734 1036 multum
765 978 1008 1048 dabant,
1042 983 1352 1051 propterea
1382 980 1531 1049 quod
1579 980 1651 1036 ab
1699 979 1819 1036 illis
1867 981 1993 1035 fue-

335 1072 469 1124 rant
516 1066 816 1139 baptizati,
849 1070 913 1121 ut
943 1082 1013 1123 ex
1042 1082 1108 1122 eo
1140 1068 1357 1123 scirent
1384 1084 1498 1123 non
1550 1084 1833 1140 magnum
1865 1085 1993 1126 esse

333 1155 808 1228 baptizare,quia
837 1173 953 1211 non
986 1155 1177 1212 omnis
1212 1156 1310 1227 qui
1340 1156 1595 1228 baptizat
1623 1156 1872 1214 idoneus
1903 1164 1995 1215 est

333 1249 392 1301 et
416 1245 1028 1317 evangelizare.Verba
1057 1245 1214 1301 enim
1247 1243 1534 1301 solemnia
1563 1249 1721 1314 sunt,
1746 1263 1872 1319 quas
1905 1247 1992 1303 di-

337 1338 556 1390 cuntur
584 1334 645 1388 in
694 1334 1064 1406 baptismate.
1120 1334 1381 1405 Denique
1434 1335 1638 1392 Petrus
1690 1336 1994 1409 apostolus

334 1424 667 1479 credentem
717 1423 1052 1480 Cornelium
1103 1439 1237 1479 cum
1290 1423 1415 1479 suis
1458 1424 1642 1494 jussit
1690 1425 1990 1497 baptizari,

340 1528 450 1567 nec
472 1513 744 1584 dignatas
774 1517 863 1568 est
893 1511 1185 1567 ministris
1218 1512 1555 1569 astantibus
1582 1513 1691 1570 hoc
1722 1532 1873 1586 opus
1902 1517 1993 1571 fa-

336 1616 489 1657 cere.
521 1601 579 1657 Si
611 1601 770 1657 enim
802 1601 1153 1667 defuissent,
1186 1600 1313 1673 ipse
1346 1600 1454 1657 hoc
1487 1607 1685 1674 ageret
1736 1604 1993 1660 necessi-

333 1693 451 1746 tate
480 1689 843 1763 compulsus.

414 1798 541 1853 CAP.
575 1797 666 1853 71.
700 1827 770 1838 -
802 1798 905 1853 Leo
933 1812 1111 1854 nonus
1141 1798 1197 1853 in
1211 1799 1441 1924 4synodo
1471 1799 1667 1856 habita
1695 1802 1898 1874 Remis,

1057 1886 1177 1924 cap.
1249 1913 1262 1924 .

1057 1886 1177 1941 cap.
1211 1886 1262 1926 ιι.

402 1959 485 2012 Ne
511 1955 647 2029 quis
678 1973 783 2030 pro
815 1956 1121 2030 sepultura
1147 1957 1234 2014 vel
1266 1959 1583 2032 baptismo,
1616 1978 1717 2018 seu
1750 1978 1854 2034 pro
1885 1979 1989 2019 eu-

332 2044 629 2115 charistia,
682 2050 785 2104 aut
845 2046 1220 2104 inﬁrmorum
1274 2048 1609 2107 visitatione
1664 2051 1988 2125 quidquam

335 2134 548 2208 exigat.

330 2242 466 2299 CAP.
498 2241 590 2298 72.
629 2270 700 2285 —
759 2242 1027 2320 Gela_sius_
1054 2244 1317 2316 episcopis
1367 2262 1467 2317 per
1518 2248 1880 2320 Campaniam
1935 2254 1990 2306 et

862 2317 1086 2371 Brutios
1125 2320 1452 2374 constitutis.

401 2401 777 2475 Baptizandis
843 2404 1384 2477 consignandisque
1451 2408 1724 2466 ﬁdelibus
1798 2411 1987 2482 pretia

329 2489 495 2545 nulla
538 2491 844 2563 preﬁgant
892 2491 1115 2562 aliqui;
1154 2509 1257 2549 nec
1290 2494 1650 2552 illationibus
1691 2498 1985 2569 quibusli-

327 2578 426 2635 bet
455 2579 771 2651 impositis,
802 2580 1096 2653 exagitare
1125 2583 1366 2655 cupiant
1394 2591 1788 2643 renascentes.

468 2677 599 2735 CAP.
632 2679 723 2736 73.
755 2709 825 2720 —-
858 2679 1175 2735 Totetanum
1201 2681 1497 2737 concilium
1525 2700 1603 2753 x1,
1634 2700 1754 2755 cap.
1786 2686 1839 2742 8.

402 2776 479 2847 (1,
513 2793 564 2847 q.
602 2780 651 2846 1,
682 2794 730 2834 c.
766 2777 1085 2851 Quidquid).
1119 2780 1466 2853 Quicunque
1507 2782 1565 2837 in
1595 2783 1985 2843 ecclesiastico

331 2865 538 2922 ordine
568 2866 1082 2934 constituitur,aut
1112 2886 1214 2939 pro
1246 2870 1988 2946 baptizandis,consignan-

333 2953 546 3025 disque
575 2954 867 3023 ﬁdelibus,
901 2960 1003 3011 aut
1034 2973 1135 3029 pro
1162 2958 1472 3015 collatione
1500 2960 1858 3030 chrismatis,
1885 2968 1986 3020 aut

330 3042 798 3114 promotionibus
827 3045 1117 3115 graduum
1142 3047 1327 3118 pretia
1345 3049 1615 3119 quaelibet
1633 3050 1721 3106 vel
1746 3055 1985 3123 praemia

326 3130 445 3186 nisi
465 3130 789 3188 voluntarie
807 3133 1132 3205 oblata,pro
1156 3135 1498 3205 hujusmodi
1519 3139 1837 3198 ambitione
1858 3160 1983 3199 sus-

323 3220 887 3294 ceperit;equidem
950 3224 1021 3291 si,
1081 3224 1300 3280 sciente
1361 3226 1471 3283 loci
1529 3228 1823 3302 episcOpo,
1866 3231 1982 3288 tale

325 3309 651 3381 quidquam
685 3327 721 3366 a
750 3311 1003 3367 subditis
1046 3318 1437 3384 perpetratur,
1470 3316 1625 3373 idem
1670 3320 1981 3393 episcopus

327 3397 562 3455 duobus
593 3398 900 3455 mensibus
930 3401 1517 3460 excommunicationi
1548 3406 1981 3481 subjaceat,pro

327 3502 395 3543 eo
428 3488 582 3559 quod
610 3493 666 3544 et
699 3488 848 3544 scita
875 3490 1029 3545 mala
1057 3492 1328 3561 contexit,
1344 3498 1402 3550 et
1431 3497 1849 3556 correctionem
1881 3517 1981 3556 ne-

328 3576 646 3632 cessariam
672 3593 785 3632 non
811 3578 1205 3635 adhibuit.Sin
1224 3586 1418 3638 autem
1453 3600 1651 3642 eorum
1683 3588 1979 3661 quispiam

327 3663 533 3720 eodem
563 3666 859 3722 nesciente
884 3668 1277 3741 quodcunque
1306 3688 1410 3743 pro
1443 3675 1798 3747 supradictis
1830 3679 1982 3751 capi-

324 3752 469 3808 tulis
499 3753 907 3826 accipiendum
942 3757 1053 3813 sibi
1085 3773 1213 3814 esse
1240 3761 1570 3830 crediderit,
1598 3765 1645 3819 si
1679 3768 1983 3840 presbyter

324 3840 507 3896 trium
556 3842 851 3899 mensium
903 3848 1509 3908 excommunicatione
1565 3853 1873 3924 plectatur.
1920 3857 1979 3913 Si

326 3928 633 3999 diaconus,
668 3935 960 4004 quatuor;
994 3936 1390 4013 subdiaconus
1437 3956 1570 3997 vero
1601 3941 1689 3999 vel
1734 3944 1980 4003 clericus

323 4017 419 4075 his
448 4018 875 4092 cupiditatibus
908 4024 1192 4093 serviens,
1222 4031 1279 4083 et
1316 4031 1671 4101 competenti
1702 4048 1892 4106 pwna,
1925 4040 1981 4091 et

320 4107 517 4164 debita
545 4111 1150 4171 excommunicatione
1180 4115 1525 4187 plectendus
1557 4124 1665 4176 est.

465 4217 596 4274 Cap.
628 4218 720 4276 74.
752 4250 822 4259 -
851 4220 1187 4278 Bracarense
1217 4226 1512 4281 concilium
1541 4244 1606 4295 ιι,
1638 4244 1756 4300 cap.
1778 4230 1834 4287 7.

396 4313 590 4387 Siqui
654 4317 910 4374 infantes
972 4337 1108 4377 suos
1165 4323 1237 4378 ad
1296 4324 1659 4397 baptismum
1708 4328 1977 4400 offerunt,

326 4403 731 4476 suscipiantur
763 4424 796 4461 a
825 4406 1069 4466 clericis.

716 4504 844 4558 CAP.
877 4503 967 4560 75.
1002 4535 1069 4549 —-
1098 4506 1336 4577 Ibidem,
1366 4526 1485 4582 cap.
1530 4517 1576 4569 1.

398 4586 493 4657 (10
522 4605 573 4678 q.
606 4592 659 4678 t,
687 4605 733 4645 c.
768 4591 994 4648 Placuit
1024 4598 1279 4652 omnibus
1306 4601 1611 4673 episcOpis).
1642 4603 1746 4659 Per
1775 4604 1980 4678 singu-

326 4673 417 4766 las
448 4675 736 4733 Ecclesiae
767 4680 1121 4753 episcOpi,et
1151 4701 1255 4755 per
1284 4687 1556 4745 dimceses
1586 4673 1979 4766 ambulantes,

326 4763 587 4837 primum
612 4767 933 4826 discutiant
954 4771 1215 4841 clericos,
1243 4778 1534 4846 quomodo
1556 4780 1819 4837 ordinem
1837 4763 1979 4855 bap;

325 4852 490 4909 tismi
520 4854 607 4910 vel
639 4857 953 4915 missarum
987 4864 1311 4929 teneant,et
1341 4866 1591 4937 qualiter
1617 4852 1981 4944 quaecunque

329 4941 525 4999 ofﬁcia
552 4943 611 4999 in
643 4946 899 5005 Ecclesia
921 4957 1230 5022 peragunt,
1257 4958 1313 5009 et
1329 4953 1378 5009 si
1402 4962 1626 5015 rectum
1650 4960 1789 5032 quid
1822 4941 1980 5017 inve-

327 5030 668 5100 nerint,Deo
699 5036 920 5106 gratias
952 5041 1219 5110 agant.Si
1253 5050 1446 5100 autem
1478 5030 1742 5118 minime,
1776 5050 1980 5107 docere

329 5117 546 5210 debent
572 5120 831 5193 ignaros,
862 5129 919 5180 et
950 5127 1058 5182 hoc
1090 5130 1280 5186 modis
1321 5134 1597 5191 omnibus
1644 5117 1977 5210 praecipere,

326 5206 482 5299 sicut
512 5210 740 5282 antiqui
772 5218 1351 5287 canonesjubent,ut
1380 5223 1477 5291 (De
1504 5206 1763 5295 consecr.,
1786 5206 1975 5299 dist.4,

327 5312 375 5351 c.
406 5296 545 5353 Ante
573 5299 643 5353 2O
671 5299 810 5388 dies)
839 5307 973 5358 ante
1001 5306 1072 5359 20
1101 5307 1226 5363 dies
1272 5309 1548 5380 baptismi
1578 5316 1647 5370 ad
1679 5296 1976 5388 purgatio;

328 5401 465 5443 nem
496 5387 798 5445 exorcismi
830 5392 1237 5451 catechumeni
1283 5404 1542 5470 currant,
1573 5402 1633 5457 in
1665 5403 1881 5474 quibus
1907 5404 1978 5461 20

331 5472 540 5533 diebus
566 5478 805 5536 omnino
836 5482 1343 5556 symbolum,quod
1375 5472 1769 5548 est:Credo_in
1790 5491 1975 5551 Deum

331 5562 565 5620 Patrem
594 5568 1073 5647 omnipotentem,
1102 5573 1437 5650 specialiter
1462 5577 1759 5641 doceatur.

2248 380 2377 437 CAP.
2407 381 2499 437 76.
2532 410 2601 422 —-
2628 381 2972 451 Augustinus
3002 381 3069 438 de
3096 383 3420 453 pauitantia
3446 398 3499 441 c.
3532 382 3588 441 2.

2172 467 2255 538 (L.
2288 486 2349 537 ιι,
2380 486 2427 525 c.
2457 472 2511 524 2.
2547 469 2671 524 Gra.
2706 471 2781 524 De
2824 487 3030 526 consec.
3062 471 3190 528 dist.
3224 473 3278 541 4,
3309 489 3357 527 c.
3392 472 3581 528 Omnis
3607 474 3753 545 qui).

2102 554 2305 612 Omnis
2338 557 2435 629 qui
2459 559 2586 629 jam
2617 575 2740 614 suae
2768 558 3095 617 voluntatis
3127 561 3346 617 arbiter
3391 562 3754 619 constitutus

2101 650 2209 709 est,
2243 662 2375 699 cum
2421 647 2641 702 accedit
2684 648 2756 702 ad
2806 654 3239 704 sacramentum
3291 650 3578 718 fidelium,
3635 651 3755 707 nisi

2101 749 2234 787 eum
2268 735 2545 804 paeniteat
2582 735 2709 789 vitas
2751 736 2985 804 veteris,
3016 754 3224 794 novam
3280 755 3394 795 non
3444 744 3638 809 potest
3666 740 3755 794 in-

2101 820 2331 877 choare.
2362 823 2447 877 Ab
2498 822 2607 878 hac
2651 825 2996 894 paenitentia
3044 841 3178 881 cum
3224 826 3596 898 baptizantur
3642 827 3755 884 soli

2102 910 2327 980 parvuli
2360 910 2653 968 immunes
2682 917 2822 969 sunt
2853 930 2866 969 :
2902 915 3165 970 nondum
3197 915 3355 971 enim
3387 916 3472 971 uti
3500 923 3756 989 possunt

2099 998 2282 1055 libero
2313 1000 2575 1057 arbitrio.

2102 1096 2236 1154 Car.
2269 1099 2358 1156 77.
2392 1130 2462 1141 -—
2508 1100 2852 1177 Augustinus
2898 1102 2977 1157 ad
3019 1102 3405 1177 Seleutianam
3454 1105 3756 1177 [Solestia-

2648 1176 2839 1243 num],
2870 1176 3029 1246 epist.
3061 1191 3111 1230 c.
3143 1175 3199 1232 8.

2174 1260 2269 1331 (De
2297 1277 2467 1328 cons.,
2500 1260 2637 1317 dist.
2669 1263 2722 1333 4,
2755 1279 2802 1319 c.
2835 1264 3059 1335 Agunt).
3089 1268 3288 1335 Agunt
3316 1265 3587 1323 homines
3618 1271 3757 1324 ante

2100 1348 2898 1421 baptismumzpoenitentiam
2932 1354 3001 1407 de
3033 1353 3326 1424 prioribus
3357 1356 3610 1428 peccatis
3634 1374 3648 1424 ;
3672 1358 3759 1413 ita

2101 1441 2299 1493 tamen
2333 1443 2397 1493 ut
2424 1440 2599 1495 etiam
2649 1441 3023 1513 baptizentur
3052 1443 3207 1499 sicut
3254 1445 3535 1515 scriptum
3573 1451 3664 1501 est
3693 1447 3756 1501 in

2100 1527 2345 1583 Actibus
2374 1528 3091 1602 apostolorum,loquente
3121 1531 3287 1587 Petro
3318 1534 3389 1588 ad
3419 1533 3657 1590 Judaeos
3687 1551 3756 1591 ac

2103 1616 2331 1671 dicente
2362 1634 2375 1673 :
2410 1618 2568 1689 Agite
2591 1622 2984 1690 paenitentiam
3012 1629 3063 1676 et
3094 1621 3410 1692 baptizetur
3453 1626 3754 1696 unusquis-

2016 1739 2067 1805 Β
2100 1721 2203 1778 que
2229 1710 2467 1761 vestrum
2496 1708 2558 1762 in
2586 1710 2810 1764 nomine
2841 1709 3061 1765 Domini
3087 1711 3215 1766 Jesu
3242 1710 3454 1767 Christi
3481 1711 3632 1784 (Act.
3665 1714 3751 1780 ιι).

2100 1820 2228 1879 CAP.
2259 1823 2348 1877 78.
2382 1854 2450 1864 —
2480 1823 2737 1881 Rabanus
2766 1824 2831 1881 de
2858 1826 3202 1951 insgtutione
3229 1827 3567 1885 clericorum
3597 1830 3754 1903 tib.1,

2788 1913 2905 1951 can.
3016 1939 3031 1951 .

2788 1913 2905 1969 cap.
2938 1913 3031 1954 ΖΙ.

2170 1983 2265 2055 (De
2293 1984 2662 2053 consec.,dist.
2697 1986 2749 2054 4,
2781 2002 2829 2041 c.
2864 1988 3165 2060 Primum).
3204 1988 3466 2046 Primum
3500 1990 3750 2048 interro-

2096 2076 2279 2144 getur,
2299 2089 2590 2144 paganus,
2622 2075 2673 2130 si
2705 2075 3079 2133 abrenuntiet
3122 2077 3353 2135 diabolo
3383 2082 3441 2135 et
3470 2080 3750 2137 omnibus

2096 2161 2399 2218 damnosis
2430 2164 2559 2233 ejus
2586 2163 2860 2235 operibus
2909 2170 3084 2238 atque
3109 2166 3357 2224 fallaciis
3402 2169 3652 2239 cunctis,
3685 2173 3754 2225 ut

2095 2250 2354 2323 primum
2387 2256 2622 2322 respuat
2648 2269 2928 2323 errorem,
2959 2255 3044 2311 sic
3076 2256 3505 2330 appropinquat
3555 2258 3627 2313 ad
3660 2275 3753 2314 ve-

2095 2339 2350 2409 ritatem,
2376 2342 2700 2413 possitque,
2724 2342 2893 2412 juxta
2938 2345 3304 2417 Apostolum;
3339 2347 3626 2417 deponere
3653 2363 3753 2403 ve-

2094 2432 2272 2483 terem
2322 2429 2619 2485 hominem
2669 2433 2996 2488 secundum
3044 2439 3297 2491 veterem
3358 2437 3751 2493 conversatio-

2094 2533 2227 2572 nem
2262 2519 2479 2589 (Ephes.
2515 2522 2615 2588 1v),
2649 2520 2750 2591 qui
2799 2522 3198 2594 corrumpitur
3248 2525 3572 2580 secundum
3605 2523 3752 2581 desi-

2096 2607 2256 2663 deria
2287 2608 2523 2679 erroris,
2556 2608 2836 2681 abnegans
2864 2612 3205 2682 impietatem
3231 2621 3285 2669 et
3312 2614 3614 2671 saecularia
3644 2614 3745 2671 de-

2091 2696 2300 2751 sideria
2330 2698 2453 2767 (Tit.
2487 2697 2571 2769 ιι).

2156 2806 2284 2859 Cap.
2317 2804 2406 2861 79.
2440 2836 2508 2844 —
2537 2805 2856 2863 Ambrosius
2887 2808 2959 2862 De
2988 2810 3346 2864 sacramentis
3379 2810 3417 2865 ι.
3449 2826 3489 2877 ι,
3520 2826 3567 2867 c.
3604 2812 3689 2867 11.

2165 2912 2405 2975 Quando
2436 2916 2492 2967 te
2522 2912 2902 2985 interrogavit
2930 2912 3512 2983 levita,abrenuntias
3542 2917 3744 2973 diabo—

2092 3001 2148 3056 lo
2198 3006 2254 3056 et
2304 3000 2577 3056 omnibus
2627 3000 2899 3071 operibus
2944 3002 3094 3073 ejus,
3149 3004 3291 3075 quid
3342 3006 3746 3076 respondisti?

2012 3108 2054 3176 c
2093 3091 2454 3145 Abrenuntio.
2487 3089 2882 3146 Abrenuntias
2913 3090 3152 3159 saeculo,
3182 3096 3238 3147 et
3269 3093 3548 3149 omnibus
3579 3095 3747 3150 volu-

2094 3179 2355 3251 ptatibus
2386 3179 2534 3248 ejus,
2556 3178 2695 3249 quid
2729 3180 3133 3250 respondisti?
3152 3182 3748 3240 Abrenuntio.Memor

2090 3272 2213 3323 esto
2245 3266 2556 3333 sermonis,
2590 3270 2987 3340 et‘nunquam
3013 3269 3119 3324 tibi
3152 3270 3383 3326 excidat
3411 3276 3527 3329 tua:
3563 3272 3746 3328 series

2090 3356 2402 3412 cautionis.

2231 3444 2361 3501 CAP.
2393 3445 2482 3501 80.
2516 3476 2584 3486 —-
2614 3444 2904 3518 Gregorius
2935 3449 2976 3516 I,
3009 3449 3250 3505 homilia
3269 3450 3357 3521 29,
3389 3450 3455 3506 de
3482 3449 3597 3507 eod.

2161 3535 2225 3589 In
2254 3534 2347 3590 die
2373 3534 2748 3607 baptismatis
2780 3537 3056 3593 omnibus
3095 3555 3201 3594 nos
3255 3540 3485 3596 actibus
3516 3538 3743 3612 antiqui

2089 3623 2299 3693 hostis,
2333 3629 2508 3695 atque
2554 3625 2831 3681 omnibus
2881 3627 3111 3698 pompis
3162 3628 3578 3685 abrenuntiare
3609 3646 3742 3701 pro-

2090 3715 2383 3771 misimus.
2418 3714 2622 3786 Itaque
2652 3716 3064 3788 unusquisque
3087 3722 3345 3773 vestrum
3376 3721 3447 3774 ad
3480 3720 3744 3778 conside-

2088 3805 2377 3859 rationem
2410 3820 2577 3859 suam
2612 3805 2825 3861 mentis
2859 3805 3063 3861 oculos
3094 3808 3335 3863 reducat
3368 3826 3381 3863 :
3414 3809 3745 3865 consideret

2089 3893 2139 3948 si
2172 3898 2359 3948 servet
2409 3897 2539 3963 post
2588 3893 2966 3965 baptismum,
3000 3896 3155 3967 quod
3208 3900 3341 3953 ante
3380 3897 3741 3969 baptismum

2089 3981 2423 4053 spopondit.

2372 4074 2499 4127 CAP.
2527 4073 2618 4127 8t.
2646 4103 2715 4112 —
2747 4073 3024 4143 Rabanus,
3056 4074 3121 4130 de
3150 4075 3284 4131 inst.
3324 4076 3454 4133 cler.

2160 4163 2299 4215 Post
2327 4160 2899 4219 abrenuntiationem
2932 4162 3263 4235 apostolicae
3295 4165 3454 4235 ﬁdei,
3485 4165 3743 4222 ostendi-

2086 4250 2186 4302 tur
2214 4249 2264 4303 ei
2295 4248 2660 4321 Symbolum,
2691 4254 2749 4305 et
2786 4251 3113 4323 exquiritur
3140 4252 3214 4308 ab
3246 4269 3311 4308 eo
3360 4253 3410 4309 si
3454 4255 3654 4310 credat
3680 4255 3742 4311 in

2086 4336 2273 4392 Deum
2296 4342 2523 4393 Patrem
2553 4338 3037 4412 omnipotentem,
3057 4346 3114 4397 et
3135 4340 3193 4396 in
3216 4345 3417 4398 Jesum
3440 4342 3741 4400 Christum

2090 4424 2298 4481 Filium
2322 4427 2450 4497 ejus
2473 4427 2712 4483 unicum
2739 4426 3056 4483 Dominum
3081 4437 3369 4498 nostrum,
3402 4435 3459 4487 et
3480 4432 3535 4486 in
3562 4431 3743 4505 Spiri-

2095 4479 2107 4480 ,
2159 4479 2163 4480 ν
2330 4479 2446 4497 -υη
2479 4479 2711 4483 ____-___
2740 4479 2772 4481 a
2796 4479 3056 4483 ---μ-η--
3083 4479 3369 4498 __---___,
3405 4479 3458 4487 --
3482 4479 3535 4486 ,η
3563 4479 3717 4505 Ἴ---

2008 4479 2057 4543 D
2090 4518 2214 4568 tum
2240 4520 2507 4570 sanctum
2533 4531 2718 4571 unum
2742 4515 2927 4571 Deum
2952 4516 3010 4571 in
3035 4518 3319 4574 Trinitate
3345 4522 3402 4575 et
3418 4519 3669 4588 unitate;
3689 4521 3740 4577 si

2088 4602 2436 4658 conﬁteatur
2464 4620 2643 4659 unam
2674 4620 2803 4660 esse
2833 4608 3095 4661 sanctam
3127 4605 3447 4663 Ecclesiam
3489 4608 3739 4666 catholi-

2090 4696 2303 4759 cam,et
2333 4692 2382 4747 si
2413 4693 2609 4748 credat
2639 4693 3048 4749 remissionem
3081 4699 3451 4767 peccatorum
3476 4703 3535 4753 et
3553 4698 3734 4754 vitam

2089 4784 2385 4837 aeternam.
2420 4781 2549 4837 Haec
2571 4798 2706 4855 ergo
2729 4782 2925 4838 omnia
2948 4783 2995 4838 si
3029 4799 3090 4839 se
3110 4799 3241 4840 vere
3284 4786 3590 4857 proﬁtetur
3613 4804 3734 4843 cre-

2089 4870 2243 4939 dere,
2269 4871 2394 4941 jam
2418 4870 2622 4942 incipit
2644 4888 2746 4942 per
2767 4871 2941 4927 ﬁdem
2980 4872 3214 4929 induere
3230 4890 3433 4930 novum
3452 4874 3733 4932 hominem

2088 4960 2186 5031 qui
2213 4960 2512 5015 secundum
2558 4961 2727 5015 Deum
2755 4969 2968 5016 creatus
2996 4966 3095 5027 est,
3128 4964 3188 5018 in
3217 4964 3431 5033 iustitia
3451 4973 3502 5021 et
3529 4967 3735 5021 sancti-

2086 5053 2197 5104 tate
2224 5051 2482 5104 caritatis
2512 5050 2845 5120 (Ephes.1v),
2876 5066 2991 5120 quo
3014 5054 3209 5107 tamen
3233 5051 3402 5124 plene
3422 5053 3730 5122 imbuitur,

2088 5139 2321 5210 quando
2354 5154 2457 5210 per
2486 5138 2761 5209 baptismi
2790 5138 3087 5194 lavacrum
3118 5146 3513 5212 regeneratur.

2477 5230 2605 5283 CAP.
2636 5227 2726 5283 82.
2755 5257 2825 5267 —
2858 5228 2989 5299 Cap.
3019 5229 3112 5297 25,
3148 5228 3246 5287 lib.
3281 5246 3319 5286 ι.

2158 5318 2308 5371 Ante
2346 5315 2708 5386 baptismum
2768 5315 3164 5372 catechizandi
3212 5318 3382 5375 debet
3428 5319 3727 5379 hominem

2085 5403 2402 5477 praevenire
2433 5404 2693 5461 ofﬁcium
2725 5402 2838 5476 [αι.
2874 5405 2934 5460 in
2964 5404 3265 5464 hominem
3313 5410 3616 5481 pervenire
3645 5412 3729 5467 of-

2084 5492 2333 5564 ﬁcium],
2361 5495 2426 5547 ut
2472 5491 2607 5549 ﬁdei
2662 5492 2920 5566 primum
2975 5495 3424 5556 catechumenos
3478 5499 3731 5571 accipiat

2084 5580 2509 5638 rudimentum.
