3982 6060
199 285 278 340 85
1280 265 1593 323 DECRETI
1631 259 1818 314 PARS
1857 255 1900 310 Ι.
1935 282 2004 293 -
2033 255 2131 307 DE
2169 250 2358 315 FIDE,
2395 249 2550 302 ETC.
3548 223 3620 278 86

904 399 1040 454 CAP.
1071 397 1162 451 83.
1891 381 1944 448 Α

278 500 360 572 (C.
397 499 536 553 Ante
568 494 895 564 baptismum
925 489 989 542 de
1017 503 1188 551 cons.,
1219 483 1350 538 dist.
1389 482 1435 533 4.
1472 480 1615 534 Item
1650 492 1662 530 :
1696 472 1864 528 Prius

203 563 337 662 ipse
366 588 541 643 Jesus
581 563 719 638 caeci
769 578 890 635 nati
944 575 1145 631 oculos
1188 573 1331 638 luto,
1384 587 1451 624 ex
1495 569 1666 638 sputo
1715 563 1865 617 facto

209 650 606 749 superlinivit,
640 676 698 727 et
729 671 814 725 sic
847 668 917 723 ad
951 681 1133 735 aquas
1164 661 1312 716 Siloe
1363 657 1525 714 misit
1554 657 1732 725 (Joan.
1765 650 1865 720 ιιι),

202 738 346 840 quia
363 765 524 838 prius
543 738 718 816 debet
731 755 1120 829 baptizandus
1135 751 1248 805 fide
1267 743 1687 804 incarnationis
1700 738 1867 794 Chri-

206 829 288 914 sti
321 829 567 921 instrui,
602 855 660 908 et
691 849 775 906 sic
807 849 878 904 ad
912 845 1272 917 baptismum
1298 841 1424 911 jam
1456 833 1732 892 credulus
1767 829 1870 884 ad-

209 945 390 1011 mitti,
424 948 489 1000 ut
521 942 674 998 sciat
705 939 876 1009 cujus
906 934 1104 1007 gratiae
1145 933 1206 986 in
1237 947 1302 987 eo
1334 932 1421 985 est
1451 922 1784 998 particieps,
1818 920 1875 973 et

209 1036 315 1093 cui
341 1037 465 1106 jam
502 1031 734 1087 debitor
763 1029 865 1083 fiat
898 1025 1197 1095 deinceps.

717 1117 858 1173 CAP.
891 1115 980 1169 84.
1013 1143 1080 1154 -
1115 1112 1242 1182 Cap.
1283 1109 1377 1164 26.

285 1209 666 1285 Baptizandis
712 1205 968 1261 traditur
1005 1201 1261 1257 salutare
1303 1193 1667 1268 Symbolum,
1707 1191 1878 1260 quasi

209 1297 734 1361 commonitorium
770 1293 925 1357 fidei,
958 1297 1017 1348 et
1046 1293 1264 1345 sanctae
1310 1280 1698 1341 confessionis
1726 1277 1878 1332 indi-

207 1396 395 1459 cium,
432 1405 548 1461 quo
583 1383 861 1442 instructi
895 1382 1220 1454 agnoscant
1249 1375 1456 1448 quales
1483 1374 1605 1443 jam
1643 1369 1713 1424 ad
1749 1370 1879 1438 gra'

205 1484 354 1538 tiam
389 1477 607 1535 Christi
639 1474 911 1531 exhibere
946 1487 1008 1525 se
1040 1469 1310 1524 debeant.

419 1591 553 1641 CAP.
588 1585 678 1638 85.
711 1613 780 1621 ——
812 1581 965 1635 Beda
995 1592 1159 1648 super
1191 1574 1452 1639 Esdram,
1489 1570 1584 1624 lib.
1624 1584 1683 1621 II.

285 1677 536 1732 Pulchre
563 1673 622 1728 in
641 1670 901 1727 Ecclesia
931 1667 1026 1723 his
1059 1662 1315 1721 salubris
1341 1677 1468 1716 mos
1500 1653 1880 1713 doctrinaPa-

2493 371 2628 425 CAP.
2661 365 2751 420 93.
2783 392 2852 404 —
2882 360 2998 416 Lib.
3033 376 3108 414 xv.

2046 467 2128 521 Ab
2163 463 2246 519 eis
2265 462 2364 534 qui
2384 460 2774 517 renascuntur
2793 453 2852 507 in
2876 445 3400 518 Christo,princeps
3419 441 3625 498 mundi

1977 555 2236 612 mittitur
2268 531 2444 616 foras,
2479 548 2632 620 quod
2665 542 2942 616 mysteria
2988 537 3342 610 signiﬁcant,
3393 531 3626 604 quando

1979 643 2203 716 parvuli
2237 637 2576 712 baptizandi
2606 632 3012 691 exorcizantur
3040 633 3097 684 et
3127 624 3538 681 exsufﬂantur.

2016 760 2149 815 CAP.
2183 758 2273 812 94.
2307 787 2375 797 --
2405 752 2748 826 Augustinus
2775 747 2839 802 de
2869 743 3147 816 Symbolo,
3182 739 3276 795 lib.
3311 755 3350 806 ι,
3377 753 3500 808 cap.
3537 737 3588 790 1.

2055 877 2147 946 (De
2176 890 2347 939 cons.,
2380 872 2510 926 dist.
2564 869 2616 936 4,
2655 883 2701 921 c.
2743 864 2896 918 Sicut
2943 859 3161 925 nostis.)
3209 855 3376 911 Sicut
3425 851 3631 918 nostis,

1984 939 2213 1036 parvuli
2243 965 2300 1016 et
2318 957 2704 1015 exsufﬂantur
2716 956 2772 1008 et
2788 948 3087 1006 exorcizan
3101 949 3270 1000 turut
3291 941 3542 1015 pellatur
3559 939 3631 995 ab

1985 1055 2069 1109 eis
2096 1049 2312 1106 diaboli
2342 1051 2599 1119 potestas
2633 1040 3030 1108 inimica,quaa
3061 1030 3633 1102 decepithominem,

1987 1149 2050 1197 ut
2081 1140 2405 1214 possideret
2434 1129 2858 1189 homines.Non
2887 1141 3022 1197 ergo
3057 1127 3324 1178 creatura
3352 1119 3451 1173 Dei
3473 1118 3532 1172 in
3556 1118 3642 1172 in-

1988 1206 2248 1287 fantibus
2283 1224 2644 1282 exorcizatur
2675 1223 2776 1275 aut
2816 1215 3224 1281 exsufﬂantur,
3249 1208 3348 1265 sed
3382 1207 3479 1262 ille
3528 1206 3637 1262 sub

1991 1339 2106 1394 quo
2140 1323 2279 1375 sunt
2308 1316 2408 1387 qui
2439 1315 2543 1370 sub
2577 1311 2810 1382 peccato
2843 1306 3189 1361 nascuntur.

1990 1431 2124 1484 CAP.
2168 1427 2257 1479 95.
2305 1453 2373 1464 -—
2423 1421 2681 1476 Rabanus
2729 1414 2794 1469 de
2838 1413 3016 1538 ἔξω.
3065 1409 3408 1475 clericorum,
3460 1403 3554 1457 lib.
3601 1418 3639 1469 ι,

2693 1503 2810 1538 can.
2921 1525 2933 1537 .

2693 1503 2810 1541 can.
2843 1503 2933 1538 Ζὸ.

2693 1504 2753 1541 ca
2797 1526 2810 1539 .
2843 1504 2933 1538 ιδ.

2062 1591 2160 1657 (De
2198 1602 2370 1650 cons.,
2418 1581 2544 1636 dist.
2606 1579 2657 1641 4,
2711 1504 2789 1629 ap
2811 1570 3049 1640 Postea.)
3119 1569 3327 1624 Postea
3377 1564 3643 1635 signatur

1992 1676 2380 1750 baptizandus
2412 1665 2716 1741 signaculo
2747 1666 2960 1719 sanctae
2991 1658 3330 1722 crucis,tam
3364 1654 3421 1708 in
3457 1654 3643 1706 fronte

219 1772 388 1822 trum
421 1762 678 1829 inOIeVit’
733 1763 797 1814 “t
844 1758 938 1812 his
989 1756 1088 1827 qui
1142 1750 1599 1816 catechizantur’
1633 1747 1886 1840 (Ῑωξῖυοτ
1913 1754 1960 1820 Β
1993 1742 2170 1840 quam
2205 1766 2264 1819 in
2297 1762 2490 1829 corde,
2534 1764 2596 1812 ut
2626 1756 2749 1824 ipse
2795 1753 3061 1822 apostata
3106 1744 3375 1801 diabolus
3420 1742 3479 1796 in
3504 1756 3643 1796 vase

215 1853 676 1925 Evangeliorum
701 1850 1142 1904 sacramentum
1166 1840 1603 1913 explanetur,ac
1633 1833 1880 1889 reciten-

223 1950 328 2000 tur
359 1942 614 1999 exordia.

933 2025 1067 2079 CAP.
1099 2022 1188 2075 86.

301 2123 449 2177 Item
481 2136 639 2175 novae
670 2117 803 2172 vitae
832 2111 1206 2170 auditoribus
1234 2105 1570 2179 Symbolum
1606 2100 1738 2156 fidei
1761 2103 1886 2154 tra—

226 2212 453 2278 dimus,
489 2207 641 2280 quod
697 2223 800 2277 per
849 2202 1158 2258 duodecim
1211 2195 1504 2269 apostolos
1549 2191 1884 2247 ordinatum

227 2303 340 2367 est,
375 2303 436 2354 et
472 2296 717 2354 totidem
751 2289 1062 2350 sententiis
1093 2285 1609 2359 comprehensum.

229 2409 370 2480 Cap.
403 2407 492 2461 87.
553 2435 623 2445 —
676 2402 934 2458 Nicolaus
1006 2413 1149 2470 papa
1211 2394 1416 2452 Joanni
1482 2389 1887 2459 archiepiscopo

916 2472 1211 2526 Ravennae.

961 2484 1211 2525 αυειηηεε.

310 2569 408 2639 (De
444 2581 612 2636 cons.,
635 2563 826 2630 dist.£,
850 2577 896 2616 c.
931 2556 1302 2626 Catechismi.)
1326 2549 1715 2608 Cathecbismi
1748 2548 1888 2617 bap-

233 2657 603 2714 tizandorum
642 2672 674 2708 a
723 2648 1124 2709 sacerdotibus
1185 2643 1654 2712 uniuscujusque
1701 2635 1893 2692 Eccle-

240 2748 347 2803 sia:
378 2747 629 2817 possunt
655 2741 805 2807 ﬁeri,
837 2740 989 2794 sicut
1018 2737 1078 2791 in
1111 2738 1316 2790 sancta
1343 2732 1454 2786 hac
1484 2733 1746 2783 Romana
1774 2723 1892 2792 (cui

239 2841 357 2891 Deo
389 2838 625 2890 auctore
655 2826 1053 2885 ministerium
1088 2821 1410 2879 famulatus
1441 2817 1623 2874 nostri
1656 2815 1893 2871 exhibe-

239 2925 400 2996 mus)
431 2921 707 2986 Ecclesia,
737 2916 1077 2974 solemniter
1099 2912 1218 2968 fieri
1253 2909 1688 2981 comprobatur.

351 3043 482 3093 CAP.
517 3037 606 3090 88.
639 3065 709 3076 —
741 3033 978 3089 Isidorus
1009 3029 1073 3084 de
1094 3026 1310 3098 ofﬁciis,
1347 3025 1445 3079 lib.
1479 3041 1540 3093 ιι,
1571 3038 1689 3093 cap.
1721 3022 1774 3074 9.

313 3134 797 3206 Competentibus
820 3129 1076 3186 salutare
1097 3123 1435 3198 Symbolum
1453 3121 1706 3177 traditur
1723 3116 1894 3189 quasi
1923 3121 1966 3189 α

243 3223 762 3281 commonitorium
795 3220 927 3274 ﬁdei
973 3222 1030 3272 et
1059 3219 1272 3270 sanctae
1322 3208 1709 3267 confessionis
1737 3206 1890 3262 indi-

244 3316 429 3381 cium,
465 3328 578 3384 quo
601 3309 877 3365 instructi
908 3308 1253 3378 agnoscant,
1273 3301 1474 3373 quales
1498 3299 1623 3369 jam
1659 3297 1729 3352 ad
1762 3312 1900 3368 gra-

243 3405 392 3459 tiam
423 3400 638 3456 Christi
673 3397 943 3454 exhibere
975 3411 1036 3450 se
1069 3394 1339 3449 debeant.

285 3521 426 3576 CAP.
457 3519 550 3574 89.
582 3547 650 3556 ——-
681 3514 1017 3584 Augustinus
1046 3510 1110 3565 de
1139 3508 1412 3580 Symbolo,
1459 3506 1553 3560 lib.
1588 3522 1627 3572 ι,
1659 3519 1778 3574 cap.
1815 3503 1864 3557 1.

324 3616 590 3688 Accipite
632 3613 896 3686 regulam
928 3610 1086 3680 ﬁdei,
1114 3608 1267 3680 quod
1295 3604 1632 3678 Symbolum
1665 3602 1900 3668 dicitur;

253 3714 310 3764 et
351 3723 487 3762 cum
541 3703 903 3775 acceperitis,
953 3700 1013 3755 in
1045 3699 1217 3753 corde
1261 3694 1500 3750 scribite
1538 3697 1597 3747 et
1645 3689 1905 3762 quotidie

255 3797 433 3853 dicite
466 3795 619 3866 apud
651 3809 757 3849 vos
793 3809 805 3846 :
837 3793 1166 3860 Antequam
1211 3784 1538 3852 dormiatis,
1588 3785 1903 3852 antequam

254 3883 611 3960 procedatis,
644 3879 919 3954 Symbolo
949 3882 1140 3933 vestro
1171 3892 1273 3931 vos
1306 3872 1550 3928 munite.

253 3994 392 4050 CAP.
425 3992 514 4047 90.
545 4020 616 4032 —-
647 3989 901 4045 Rabanus
931 3985 997 4041 de
1025 3984 1373 4109 inséiztutzone
1400 3980 1746 4046 clericorum,
1763 3975 1905 4044 liba,

960 4073 1080 4109 cap.
1191 4095 1203 4108 .

960 4073 1080 4128 cap.
1114 4073 1203 4109 21.

329 4155 426 4225 (De
475 4169 650 4219 cons,
695 4149 822 4205 dist.
867 4150 921 4212 4,
973 4162 1019 4202 c.
1087 4142 1425 4215 Postquam.)
1483 4140 1798 4210 Postquam
1849 4151 1910 4191 se

255 4243 650 4315 baptizandus
674 4255 776 4312 per
808 4236 1240 4293 confessionem
1263 4248 1410 4288 verte
1432 4229 1566 4284 ﬁdei
1589 4229 1648 4282 in
1672 4225 1911 4282 alterius

255 4329 758 4390 commendaverit
791 4325 1207 4391 dominium,et
1226 4317 1911 4393 perabrenuntiationem

256 4442 290 4479 a
317 4421 530 4495 prioris
561 4416 920 4491 possessoris
935 4432 996 4469 se
1021 4409 1360 4468 alienaverit
1375 4404 1912 4474 servitio,exsuffla-

1993 1875 2098 1914 suo
2122 1854 2371 1928 pristino
2391 1866 2508 1905 suae
2539 1839 3004 1913 interemptionis
3031 1849 3384 1907 cognoscens
3408 1830 3645 1902 signum

1988 1923 2258 2020 jam-sibi
2290 1940 2565 2010 deinceps
2597 1934 2743 1990 sciat
2770 1929 2917 1985 illud
2950 1942 3079 1984 esse
3113 1923 3390 1979 alienum.

2031 2067 2161 2117 CAP.
2195 2061 2286 2114 96.
2317 2086 2387 2098 -ο
2415 2052 2750 2125 Augustinus
2780 2047 2844 2102 de
2875 2042 3151 2116 Symbolo,
3182 2039 3278 2095 lib.
3311 2055 3376 2108 ιι,
3407 2053 3523 2107 cap.
3559 2035 3613 2089 1.

2063 2177 2337 2234 Nondum
2371 2172 2561 2228 adhuc
2584 2185 2686 2241 per
2707 2179 2941 2222 sacrum
2959 2158 3253 2232 baptisma
3272 2152 3462 2210 renati
3484 2150 3650 2216 estis,

1997 2270 2097 2326 sed
2122 2283 2223 2338 per
2254 2262 2444 2319 crucis
2474 2239 2711 2331 signum
2733 2256 2792 2310 in
2811 2257 2975 2309 utero
2998 2252 3213 2306 sanctas
3243 2243 3447 2301 matris
3470 2239 3657 2298 Eccle-

1997 2359 2095 2414 siae
2117 2358 2244 2428 jam
2278 2349 2540 2421 concepti
2572 2346 2735 2402 estis.

2362 2445 2490 2495 CAP.
2521 2437 2612 2490 97.
2647 2466 2712 2476 —
2744 2432 3019 2498 Rabanus,
3051 2425 3275 2482 ibidem.

2071 2534 2212 2590 Exin
2234 2533 2359 2602 jam
2394 2528 2672 2582 dicuntur
2703 2536 2884 2591 super
2913 2533 3047 2572 eum
3083 2513 3402 2581 orationes,
3455 2512 3522 2564 ut
3555 2507 3656 2563 ﬁat

2000 2623 2483 2682 catechumenus.

2083 2731 2215 2785 CAP.
2247 2727 2338 2781 98.
2377 2755 2440 2764 ——
2472 2722 2695 2792 August.
2726 2717 2793 2771 de
2824 2711 3095 2784 Symbolo,
3130 2708 3227 2763 lib.
3259 2721 3334 2772 ιν,
3367 2720 3494 2774 cap.
3517 2703 3568 2757 1.

2075 2818 2285 2875 Omnia
2315 2813 2686 2870 sacramenta
2717 2822 2842 2876 quae
2874 2809 3002 2857 acta
3033 2801 3173 2854 sunt
3215 2799 3271 2851 et
3301 2796 3558 2866 aguntur
3591 2789 3650 2845 in

2001 2908 2165 2965 vobis
2208 2922 2310 2977 per
2352 2897 2751 2957 ministerium
2796 2904 3092 2948 servorum
3142 2884 3244 2941 Dei
3294 2880 3658 2950 exorcismis,

2005 2968 2393 3058 orationibus,
2426 2986 2670 3045 canticis
2700 2978 3130 3055 spiritualibus,
3161 2968 3662 3030 insufﬂationibus

2008 3087 2218 3153 cilicio,
2263 3077 2646 3137 inclinatione
2695 3071 3006 3134 cervicum,
3056 3062 3391 3120 humilitate
3424 3058 3664 3130 pedum,

2008 3193 2186 3250 pavor
2216 3175 2340 3245 ipse
2373 3167 2532 3225 omni
2565 3162 2878 3221 securitate
2900 3151 3422 3229 appetendumliaac
3443 3147 3664 3212 omnia,

2009 3270 2076 3322 ut
2119 3263 2257 3333 dixi,
2305 3275 2446 3316 escae
2496 3258 2637 3312 sunt
2681 3267 2805 3323 quae
2876 3263 2983 3303 nos
3027 3241 3297 3299 reficiunt
3367 3237 3429 3291 in
3479 3239 3666 3300 utero,

2011 3359 2076 3410 ut
2105 3324 2335 3408 renatos
2367 3364 2431 3404 ex
2465 3343 2762 3417 baptismo
2801 3337 3017 3393 hilares
3047 3349 3148 3388 vos
3179 3331 3367 3385 mater
3397 3324 3669 3381 exhibeat

2013 3442 2264 3499 Christo.

2431 3526 2563 3581 CAP.
2594 3521 2683 3574 99.
2719 3548 2785 3558 -—
2819 3513 3074 3570 [tabanus
3102 3508 3239 3564 ibid.

2083 3621 2244 3676 Tunc
2277 3619 2449 3672 datur
2477 3605 2829 3682 baptizando
2863 3601 2948 3658 sal
2980 3599 3352 3656 benedictum
3386 3592 3444 3648 in
3479 3607 3564 3656 os,
3600 3590 3670 3643 ut

2020 3728 2118 3784 per
2150 3709 2234 3766 sal
2267 3705 2525 3779 typicum
2553 3694 2855 3769 sapientia:
2896 3689 3016 3746 sale
3047 3686 3342 3754 conditus,
3376 3682 3553 3737 fetore
3573 3694 3670 3732 ca-

2015 3766 2141 3857 reat
2171 3766 2585 3866 iniq'u.itatis,et
2602 3802 2705 3841 nec
2728 3801 2761 3839 a
2781 3778 3080 3836 vermibus
3100 3776 3470 3846 peccatorum
3517 3766 3673 3822 ultra

2018 3858 2315 3962 putreﬁat,
2347 3881 2446 3937 sed
2488 3858 2672 3947 magis
2722 3871 2942 3927 illesus
2992 3868 3256 3922 servetur
3281 3861 3352 3918 ad
3385 3858 3668 3930 majorem

2019 3978 2267 4052 gratiam
2301 3966 2754 4045 percipiendam.

2020 4088 2154 4142 CAP.
2189 4082 2308 4137 100.
2357 4108 2425 4118 ——
2463 4073 2614 4130 Beda
2659 4085 2826 4140 super
2876 4069 3080 4192 gegum
3125 4059 3438 4133 [Esdram],
3477 4053 3576 4110 lib.
3612 4069 3672 4121 ιι,

2740 4156 2857 4192 can.
2933 4178 2945 4191 .

2740 4156 2857 4211 cap.
2891 4156 2945 4192 υ.

2093 4245 2234 4314 (Lib,
2269 4260 2307 4311 ι,
2341 4257 2385 4295 c.
2418 4238 2510 4306 27,
2553 4236 2624 4289 De
2652 4210 2823 4297 cons.,
2867 4226 2995 4281 dist.
3051 4224 3102 4291 4,
3154 4238 3201 4276 c.
3256 4218 3350 4273 Sal
3396 4210 3674 4309 caelestia)

2021 4335 2114 4390 Sal
2147 4329 2400 4389 caelestis
2424 4321 2724 4396 sapientiae
2754 4334 2868 4390 quo
2901 4312 3212 4370 initiantur
3243 4300 3674 4367 catechumeni,

2022 4427 2081 4480 in
2113 4420 2336 4479 cunctis
2367 4429 2610 4488 operum
2643 4412 2980 4466 nostrorum
3013 4397 3317 4459 sacriﬁciis
3347 4394 3552 4450 offerre
3575 4391 3676 4461 ju-

259 4493 358 4568 tu'r
388 4512 462 4565 ab
508 4525 573 4564 eo
606 4524 756 4563 saeva
806 4508 1087 4577 potestas,
1122 4504 1188 4555 ut
1235 4515 1338 4571 per
1385 4497 1548 4570 pium
1595 4493 1917 4550 sacerdotis
1946 4493 1992 4558 D
2025 4516 2251 4570 bemur.

258 4599 664 4658 ministerium
695 4593 940 4667 Spiritui
973 4594 1176 4648 sancto
1208 4589 1377 4644 cedat
1406 4586 1636 4658 fugiens
1668 4583 1912 4656 spiritus

261 4689 584 4762 malignus.

479 4777 611 4832 CAP.
644 4773 733 4828 91.
777 4802 835 4813 α-
867 4770 1013 4827 Beda
1043 4785 1209 4841 super
1233 4770 1475 4837 Regnum
1497 4765 1591 4820 lib.
1627 4780 1701 4818 IV.

335 4865 501 4922 Recti
533 4863 757 4920 ordinis
788 4865 897 4931 est,
935 4863 1000 4914 ut
1050 4860 1314 4912 doctores
1349 4853 1606 4910 veritatis
1653 4851 1815 4924 prius
1848 4849 1917 4905 ab

265 4956 608 5012 auditorum
625 4950 958 5024 praecordiis
981 4963 1212 5003 omnem
1238 4944 1509 5017 spiritum
1543 4941 1918 4996 immundum

265 5042 723 5109 exsufﬂando,et
744 5035 1158 5094 catechizando
1190 5034 1467 5104 abigant;
1501 5033 1558 5084 et
1589 5029 1673 5082 sic
1700 5043 1798 5082 eos
1820 5025 1920 5096 qui

265 5134 506 5188 fuerant
538 5133 731 5185 castra
763 5127 1121 5189 daemonum,
1158 5123 1258 5176 sed
1295 5119 1428 5175 facti
1454 5120 1577 5188 jam
1628 5114 1920 5186 possessio

267 5217 606 5293 spiritualis
633 5211 1118 5282 Israel,societati
1150 5209 1326 5266 sortis
1359 5211 1697 5263 sanctorum
1715 5207 1924 5275 myste-

269 5311 377 5367 riis
409 5305 773 5364 salutaribus
802 5302 1121 5357 imbuendo
1154 5300 1488 5371 aggregent.

344 5416 484 5471 CAP.
521 5413 612 5468 92.
645 5441 714 5452 -—-
741 5409 1080 5478 August-inus
1108 5413 1294 5461 contra
1322 5405 1629 5472 Iulianum,
1659 5400 1751 5456 lib.
1778 5416 1853 5455 ιν.

2094 4602 2228 4656 CAP.
2264 4597 2385 4652 101.
2420 4625 2485 4634 —
2517 4589 2760 4645 Isidorus
2790 4585 2854 4639 de
2880 4581 3100 4653 ofﬁciis,
3135 4577 3230 4633 lib.
3263 4592 3326 4640 ιι,
3359 4587 3488 4640 cap.
3517 4568 3605 4623 19.

2097 4689 2261 4746 Sales
2291 4686 2350 4740 in
2375 4677 2702 4738 ministerio
2735 4669 3174 4730 catechumenis
3193 4664 3418 4720 dandos
3443 4653 3680 4714 aPatri-

2025 4782 2138 4835 bus
2169 4779 2298 4832 ideo
2321 4777 2412 4829 est
2441 4766 2873 4834 institutum,ut
2901 4773 3103 4815 eorum
3135 4757 3310 4828 gustu
3342 4745 3681 4807 condimen-

2422 5126 2561 5180 CAP.
2600 5121 2726 5175 102.
2757 5150 2824 5159 —
2859 5115 3135 5180 Rabanus,
3155 5109 3291 5165 ibid.

2104 5223 2198 5293 (De
2250 5233 2424 5282 cons.,
2476 5213 2604 5268 dist.
2664 5210 2716 5276 4,
2775 5224 2822 5262 c.
2888 5202 3137 5272 Dehinc.)
3193 5196 3414 5255 Dehinc
3473 5194 3685 5248 iterum

2035 5310 2397 5368 exorcizatur
2428 5299 2726 5364 diabolus,
2775 5300 2841 5350 ut
2889 5309 3057 5349 suam
3109 5286 3435 5359 nequitiam
3483 5292 3690 5350 cogno-

2038 5402 2292 5469 scens,et
2314 5397 2540 5466 justum
2566 5403 2742 5460 super
2772 5401 2833 5441 se
2862 5382 2961 5438 Dei
2981 5379 3271 5450 judicium
3293 5375 3508 5429 timens
3532 5378 3688 5421 rece-

346 5505 534 5576 (Aug.,
585 5501 651 5557 de
694 5464 968 5555 ecclelsias.
1022 5496 1150 5567 dog.
1201 5511 1326 5565 cap.
1378 5494 1491 5564 31.)
1538 5464 1930 5547 Exsufﬂantur
2040 5490 2140 5544 dat
2169 5464 2242 5542 ab
2271 5464 2531 5549 homine,
2565 5493 2670 5532 nec
2711 5475 2837 5544 jam
2887 5469 3203 5526 contendat
3249 5477 3378 5518 eum
3431 5464 3551 5511 arte
3581 5470 3692 5509 sua

2533 5569 2544 5576 .
2651 5565 2684 5576 ..
3076 5556 3315 5576 -____A--_
3368 5547 3465 5576 -..Α
3502 5543 3688 5576 Μηηῖο

278 5592 510 5668 parvuli
541 5591 602 5646 in
633 5587 977 5657 exorcismo,
1009 5586 1358 5656 priusquam
1389 5582 1778 5654 baptizentur.

2041 5579 2398 5640 subvertere,
2431 5587 2503 5626 ne
2533 5543 2890 5638 baptismum
2922 5556 3335 5627 consequatur,
3368 5547 3469 5605 sed
3502 5543 3689 5616 magis
