3982 6060
221 202 293 256 89
1297 208 1608 262 DECRETI
1648 207 1831 260 PARS
1870 208 1914 259 Ι.
1947 233 2018 245 —-
2048 208 2144 259 DE
2185 208 2376 273 FIDE,
2415 209 2572 260 ETC.
3571 205 3640 256 90

215 328 287 382 ab
340 324 629 397 imperitis
678 325 1047 397 loquacibus,
1102 329 1204 383 sed
1235 329 1410 384 etiam
1461 332 1532 386 ab
1585 329 1956 401 haareticisA

216 416 597 486 compositas,
626 420 684 470 et
735 432 834 486 per
882 415 1227 487 ignorantiae
1278 418 1715 491 simplicitatem
1763 436 1877 472 non

218 521 316 558 eas
368 504 628 559 valentes
679 505 1012 561 discernere
1071 511 1320 562 utuntur
1372 508 1476 575 eis,
1527 508 1880 564 arbitrantes

221 594 379 664 quod
413 595 576 649 bona
609 593 749 661 sint,
776 610 880 650 nec
913 599 1109 650 tamen
1139 597 1294 667 quod
1329 598 1386 650 in
1422 598 1505 652 eis
1539 613 1878 669 perversum

221 687 332 749 est,
367 686 604 737 evacuat
636 682 738 738 illa
767 700 894 754 quae
927 684 1007 739 ibi
1039 691 1196 767 recta
1226 692 1389 757 sunt,
1423 687 1523 742 sed
1556 687 1628 741 ab
1658 686 1743 740 eis
1775 702 1882 756 po-

219 772 344 825 tius
376 776 713 827 evacuatur.

720 861 854 919 CAP.
891 863 1014 916 116.
1039 895 1107 904 -—
1141 865 1259 918 Lib.
1296 881 1380 919 IlI.

291 950 451 1020 (Cap.
484 950 567 1006 10.
602 951 678 1005 De
707 967 876 1021 cons.,
929 953 1056 1007 dist.
1109 954 1164 1020 Il,
1195 969 1240 1008 c.
1276 954 1392 1008 Non
1420 957 1499 1008 est
1529 954 1720 1024 aqua).
1754 952 1880 1007 Non

215 1042 309 1092 est
342 1054 498 1109 aqua
526 1039 773 1110 profana
804 1045 862 1095 et
891 1041 1179 1108 adultera,
1213 1058 1393 1113 super
1423 1059 1599 1113 quam
1641 1042 1740 1097 Dei
1773 1058 1880 1096 no-

216 1142 353 1180 men
385 1127 710 1198 invocatur,
743 1130 978 1185 etiamsi
1012 1148 1044 1185 a
1077 1133 1336 1202 profanis
1389 1137 1445 1186 et
1476 1131 1756 1187 adulteris
1790 1131 1878 1186 in-

214 1221 478 1285 vocetur,
507 1216 646 1288 quia
677 1234 782 1274 nec
813 1218 943 1290 ipsa
983 1225 1268 1289 creatura,
1303 1237 1408 1276 nec
1441 1221 1631 1292 ipsum
1665 1236 1878 1276 nomen

217 1305 562 1361 adulterum
592 1311 703 1362 est.

739 1397 872 1453 CAP.
911 1399 1034 1452 117.
1067 1429 1136 1439 —-
1166 1400 1283 1453 Lib.
1316 1417 1366 1452 ν.

283 1483 446 1556 (Cap.
483 1486 591 1557 19).
625 1486 927 1549 Quomodo
979 1505 1191 1558 aquam
1228 1490 1496 1556 mundat,
1525 1493 1582 1544 et
1611 1489 1875 1544 sanctifi-

207 1576 304 1625 cat
325 1573 664 1628 homicida?
686 1576 980 1644 quomodo
999 1576 1190 1630 oleum
1214 1577 1571 1632 benedicunt
1588 1578 1878 1632 tenebrae?

208 1661 268 1715 Si
323 1666 523 1716 autem
573 1664 957 1719 sacramentis
1007 1665 1173 1719 adest
1229 1670 1288 1720 et
1334 1665 1525 1721 verbis
1576 1665 1722 1731 suis,
1774 1681 1877 1736 per

212 1750 515 1820 quoslibet
565 1751 1077 1822 administrentur,
1111 1759 1168 1808 et
1211 1760 1577 1810 sacramenta
1606 1755 1707 1810 Dei
1750 1754 1876 1809 ubi—

217 1856 336 1910 que
371 1846 528 1895 recta
558 1847 718 1908 sunt,
752 1851 804 1897 el
837 1842 973 1896 mali
1008 1842 1298 1913 homines,
1332 1845 1546 1914 quibus
1577 1843 1722 1898 nihil
1747 1861 1877 1916 pro-

213 1936 383 1995 sunt,
418 1930 635 2001 ubique
666 1933 922 2002 perversi
958 1938 1117 1989 sunt.

252 2036 390 2092 CAP.
427 2038 548 2091 118.
584 2068 652 2078 ——-
689 2039 1034 2107 Augustinus
1065 2049 1260 2095 contra
1289 2041 1597 2108 lulianum,
1633 2042 1729 2095 lib.
1764 2058 1839 2094 1v.

291 2125 502 2180 Recole
534 2127 1034 2196 quemadmodum
1063 2127 1119 2182 in
1155 2128 1412 2185 Ecclesia
1441 2129 1653 2184 Christi
1683 2129 1878 2200 bapti-

218 2216 433 2270 smatis
493 2216 772 2284 mysteria
830 2216 1218 2286 celebrentur,
1272 2223 1328 2273 et
1382 2218 1664 2285 invenies,
1724 2220 1878 2288 quod

219 2303 640 2358 abrenuntient
673 2313 725 2359 et
759 2305 981 2376 parvuli
1037 2323 1138 2378 per
1170 2324 1270 2361 ora
1314 2308 1694 2378 gestantium,
1727 2307 1882 2362 sicut

222 2410 328 2463 per
359 2409 462 2447 ora
487 2394 847 2465 gestantium
880 2396 1149 2450 credunt.
1187 2399 1328 2450 Item
1365 2415 1376 2448 :

904 2487 1037 2539 CAP.
1078 2485 1200 2538 119.

294 2570 579 2642 Quisquis
612 2576 787 2643 negat
819 2573 1092 2643 parvulos
1123 2574 1358 2629 credere
1393 2591 1495 2645 per
1525 2591 1626 2629 ora
1657 2578 1885 2646 gestan-

217 2660 398 2725 tium,
419 2664 593 2732 neget
621 2677 721 2716 eos
752 2661 1084 2732 etaccipere
1101 2662 1487 2733 baptismum,
1515 2663 1654 2734 quia
1681 2663 1738 2717 in
1765 2681 1883 2718 ma-

224 2749 406 2803 nibus
438 2749 797 2820 gestantium
829 2750 1210 2806 reluctantur.

219 2856 360 2910 CAP.
393 2855 518 2910 120.
552 2885 618 2896 -—
649 2856 984 2924 Augustinus
1034 2857 1327 2984 dezslibero
1371 2860 1628 2930 arbitrio,
1662 2860 1760 2914 lib.
1795 2877 1880 2925 111,

933 2945 1054 2984 can.
1167 2971 1178 2983 .

933 2945 1054 2999 cap.
1088 2945 1178 2984 κδ.

294 3017 392 3086 (De
421 3032 594 3083 cons.,
625 3017 755 3072 dist.
791 3019 844 3085 4,
868 3033 915 3073 c.
948 3017 1094 3072 Illud
1113 3020 1496 3089 perscrutari).
1532 3019 1678 3074 Illud
1710 3034 1880 3090 pers-

223 3106 448 3159 crutari
509 3105 779 3162 homines
837 3105 1051 3175 solent,
1111 3114 1548 3164 sacramentum
1608 3070 1952 3180 baptismiC

223 3193 441 3250 Christi
476 3195 612 3266 quid
647 3195 901 3266 parvulis
935 3197 1140 3268 prosit,
1177 3214 1332 3265 cum,
1367 3213 1432 3254 eo
1464 3202 1723 3270 accepto,
1758 3197 1882 3269 ple-

225 3300 478 3355 rumque
509 3284 856 3356 moriantur,
877 3285 1221 3356 priusquam
1247 3303 1315 3342 ex
1337 3303 1403 3342 eo
1435 3287 1760 3359 quidquam
1789 3303 1884 3342 co-

223 3388 509 3444 gnoscere
558 3374 874 3444 potuerint.
922 3377 1045 3439 Qua
1081 3375 1140 3429 in
1173 3391 1253 3444 re,
1286 3376 1430 3430 satis
1480 3376 1573 3447 pie
1613 3381 1885 3447 recteque

224 3461 492 3515 creditur
521 3463 798 3533 prodesse
829 3464 1071 3535 parvulo
1122 3481 1324 3518 eorum
1375 3465 1572 3533 ﬁdem,
1605 3482 1637 3519 a
1668 3463 1883 3536 quibus

223 3552 664 3606 consecrandus
696 3553 957 3607 oﬂertur.
987 3553 1052 3607 Et
1084 3552 1192 3608 hoc
1223 3553 1488 3609 Ecclesiae
1510 3554 1886 3608 commendat

226 3639 620 3694 saluberrima
664 3641 1004 3710 auctoritas,
1040 3647 1102 3696 ut
1150 3658 1219 3696 ex
1268 3658 1334 3696 eo
1366 3642 1617 3714 quisque
1648 3642 1881 3708 sentiat,

226 3727 372 3798 quid
406 3728 518 3782 sibi
551 3730 734 3799 prosit.
770 3729 912 3785 fides
946 3748 1074 3797 sua,
1100 3731 1334 3802 quando
1366 3730 1424 3785 in
1457 3730 1704 3786 aliorum
1739 3747 1884 3801 quo-

223 3833 337 3886 que
371 3817 671 3884 beneficio,
705 3817 802 3887 qui
842 3819 1139 3890 propriam
1175 3821 1436 3875 nondum
1471 3819 1690 3874 habent
1720 3824 1883 3890 pote-

226 3912 466 3968 statem.
498 3907 811 3961 commoda
841 3908 938 3962 sit.

225 4012 365 4067 CAP.
410 4013 532 4067 121.
578 4042 650 4056 -—
704 4016 1050 4083 Augustinus
1085 4017 1162 4141 id:
1200 4015 1538 4086 paenitentiae
1583 4016 1881 4085 medicina,

930 4103 1046 4141 can.
1157 4127 1170 4141 .

930 4103 1046 4157 cap.
1085 4103 1170 4142 11.

300 4172 564 4228 Parvulis
597 4175 668 4228 ad
701 4175 1199 4231 consecrationem
1225 4175 1748 4246 remissionemque
1771 4174 1882 4230 ori-

226 4261 445 4333 ginalis
466 4263 682 4333 peccati
705 4264 1151 4332 prodesteorum
1169 4262 1317 4320 ﬁdes
1341 4281 1374 4320 a
1395 4265 1609 4335 quibus
1630 4265 1882 4319 offerun-

225 4356 344 4416 tur,
366 4357 428 4405 ut
459 4367 839 4424 quascunque
860 4352 1122 4408 maculas
1138 4353 1483 4408 delictorum
1519 4370 1620 4425 per
1649 4353 1794 4409 alios
1816 4369 1885 4408 ex

2129 329 2261 385 CAP.
2299 331 2418 386 124.
2451 361 2518 371 -——
2549 328 2890 398 Augustinus
2920 327 2987 382 de
3017 328 3281 398 baptismo
3311 329 3494 383 unico.

2059 418 2282 488 (Contra
2313 421 2503 474 Donat.
2529 424 2567 474 t.
2600 437 2676 486 ιν,
2700 436 2747 472 c.
2769 419 2859 488 24,
2889 417 2953 473 de
2977 433 3148 487 cons.,
3175 418 3304 486 dist,
3338 417 3390 485 Ιι,
3422 434 3470 472 c.
3499 419 3639 472 Cum

1987 510 2400 579 proparentis).
2434 510 2490 561 Si
2547 525 2649 579 pro
2695 525 2759 563 eo
2810 508 2912 577 qui
2960 507 3313 577 respondere
3362 511 3548 576 potest
3580 507 3637 560 in

1989 597 2283 668 baptismo
2329 599 2479 652 alius
2530 597 2902 667 respondeat,
2953 613 3065 651 non
3119 595 3321 649 itidem
3356 593 3527 649 valet.
3560 596 3639 648 Ex

1992 702 2108 757 qua
2139 686 2338 757 regula
2369 685 2512 740 illud
2539 686 2595 739 in
2629 686 2938 756 Evangelio
2966 685 3188 739 dictum
3221 689 3310 738 est
3339 684 3490 755 quod
3515 700 3638 738 om-

1990 791 2116 844 nes,
2149 791 2283 829 cum
2307 775 2540 846 legitur,
2572 773 2917 829 naturaliter
2939 778 3128 828 movet
3161 790 3172 826 :
3207 775 3440 828 AEtatem
3463 773 3640 841 habet,

1990 867 2108 936 ipse
2135 881 2233 935 pro
2263 881 2320 919 se
2351 865 2605 934 loquatur
2636 865 2811 934 (Joan.
2847 865 2945 934 1x).

1990 975 2120 1027 CAP.
2153 971 2270 1026 125.
2305 1004 2373 1011 -
2404 973 2746 1044 Augustinus
2788 972 2860 1027 de
2905 971 3237 1025 adulterinis
3264 971 3541 1039 coniugiis
3574 970 3642 1026 ad

2125 1045 2480 1108 Pallantium,
2516 1044 2614 1098 lib.
2651 1060 2688 1109 1,
2717 1060 2837 1114 cap.
2872 1044 2959 1108 28,
2993 1051 3132 1097 torno
3170 1044 3226 1098 Vl
3258 1058 3504 1112 operum.

2061 1152 2176 1222 Ego
2197 1169 2310 1206 non
2335 1151 2525 1206 solum
2554 1150 2698 1205 alios
2726 1150 3198 1218 catechumenos,
3231 1166 3432 1203 verum
3463 1149 3639 1204 etiam

1988 1240 2170 1311 ipsos,
2232 1240 2330 1310 qui
2383 1240 2699 1294 viventium
2749 1239 3038 1310 conjugiis
3087 1238 3342 1310 copulati
3390 1238 3643 1293 retinent

1988 1328 2318 1384 adulterina
2339 1329 2655 1397 consortia,
2683 1345 2814 1383 cum
2836 1328 3029 1383 salvos
3046 1343 3281 1397 corpore
3312 1327 3371 1380 in
3398 1326 3491 1381 his
3513 1343 3640 1397 per-

1988 1423 2295 1472 manentes
2329 1435 2441 1472 non
2476 1419 2860 1472 admittamus
2903 1417 2973 1470 ad
3006 1416 3366 1486 baptismum
3395 1435 3408 1485 ;
3442 1419 3638 1470 tamen

1986 1507 2036 1562 si
2067 1506 2381 1577 desperati,
2415 1511 2472 1561 et
2502 1508 2655 1560 intra
2704 1523 2765 1561 se
2815 1506 3162 1578 pmnitentes
3184 1504 3503 1576 jacuerint,
3536 1521 3641 1559 nec

1986 1612 2090 1666 pro
2122 1612 2182 1650 se
2214 1596 2564 1665 respondere
2584 1595 2899 1666 potuerint,
2918 1594 3294 1665 baptizandos
3325 1610 3454 1648 esse
3477 1598 3639 1664 puto,

1987 1689 2051 1739 ut
2081 1686 2255 1739 etiam
2290 1685 2396 1739 hoc
2417 1689 2718 1755 peccatum
2747 1701 2881 1739 cum
2910 1684 3129 1738 caeteris
3149 1683 3378 1737 lavacro
3401 1698 3638 1754 regene-

1987 1775 2230 1828 rationis
2262 1773 2551 1827 abluatur.
2588 1774 2728 1837 Quis
2761 1773 2916 1827 enim
2952 1772 3112 1828 novit
3144 1778 3341 1826 utrum
3376 1771 3641 1826 fortassis

1989 1863 2331 1917 adulterinae
2365 1863 2556 1918 carnis
2605 1861 2879 1916 illecebra
2926 1878 3115 1932 usque
3163 1862 3233 1915 ad
3280 1861 3640 1932 baptismum

1990 1955 2318 2006 statuerant
2349 1951 2595 2005 detineri
2622 1951 2649 2005 ?
2680 1950 2739 2005 Si
2772 1956 2964 2005 autem
2996 1951 3067 2004 ab
3099 1948 3200 2004 illa
3231 1950 3641 2019 desperatione

1989 2041 2229 2095 recreati
2264 2039 2562 2111 potuerint
2592 2039 2802 2106 vivere,
2836 2043 2937 2093 aut
2978 2039 3194 2093 facient
3241 2039 3395 2108 quod
3425 2041 3641 2092 statue-

1989 2134 2139 2196 rant,
2174 2134 2274 2183 aut
2303 2129 2488 2183 edocti
2522 2128 3031 2199 obtemperabant,
3057 2132 3158 2181 aut
3184 2128 3253 2182 de
3284 2131 3642 2198 contempto-

1990 2219 2154 2273 ribus
2187 2219 2304 2287 fiet,
2328 2218 2482 2289 quod
2519 2217 2642 2273 ﬁeri
2665 2219 2836 2272 etiam
2872 2218 2940 2272 de
2967 2216 3277 2288 baptizatis
3313 2216 3524 2271 talibus
3550 2233 3642 2271 so-

1988 2306 2089 2361 let.
2124 2308 2259 2371 Qu.e
2290 2313 2484 2362 autem
2538 2306 2932 2378 baptismatis,
2967 2307 3171 2360 eadem
3221 2311 3276 2360 et
3306 2305 3644 2360 reconcilia-

1988 2395 2168 2451 tionis
2199 2401 2288 2451 est
2319 2414 2519 2464 causa,
2552 2397 2601 2451 si
2652 2398 2797 2451 forte
2846 2396 3222 2465 pmnitentem
3254 2398 3344 2449 est
3373 2394 3644 2448 finienda:

1988 2484 2119 2538 vitae
2155 2485 2478 2554 periculum
2515 2484 3022 2555 praeoccupaverit.
3056 2484 3167 2539 Nec
3199 2483 3350 2536 enim
3386 2483 3546 2553 ipsos
3577 2500 3645 2537 ex

1990 2573 2100 2628 hac
2129 2575 2246 2628 vita
2275 2574 2402 2629 sine
2432 2573 2606 2628 arrha
2628 2590 2744 2627 suae
2773 2573 2932 2642 pacis
2954 2571 3108 2626 exire
3139 2569 3284 2626 velle
3315 2571 3486 2626 debet
3519 2587 3645 2624 ma-

1990 2667 2078 2718 ter
2107 2663 2385 2718 Ecclesia.

2064 2771 2196 2824 CAP.
2229 2770 2349 2825 126.
2375 2801 2438 2810 —
2474 2770 2788 2825 Ambrosius
2817 2768 2894 2892 de]
2907 2770 3291 2836 sacramentis,
3327 2771 3483 2822 tract.
3513 2767 3568 2834 2,

2709 2858 2828 2892 can.
2903 2882 2914 2892 .

2709 2858 2828 2911 cap.
2874 2858 2914 2894 ι.

2061 2933 2456 3003 Interrogatus
2487 2948 2548 2987 es
2582 2948 2594 2986 :
2626 2931 2828 2985 Credis
2877 2929 2934 2983 in
2978 2935 3160 2984 Deum
3193 2929 3422 2984 Patrem
3454 2926 3643 2983 omni-

1991 3025 2286 3092 potentem
2310 3021 2337 3074 ?
2368 3020 2574 3075 Dixisti
2611 3038 2623 3075 :
2659 3019 2825 3075 Credo
2846 3036 2866 3080 ,ο
2897 3023 2953 3074 et
2985 3019 3265 3086 mersisti,
3298 3017 3407 3073 hoc
3435 3021 3523 3071 est
3553 3033 3641 3071 se-

1992 3110 2193 3180 pultus
2238 3126 2320 3164 es.
2373 3109 2592 3163 Iterum
2644 3109 3036 3177 interrogatus
3085 3123 3147 3162 es
3181 3125 3193 3162 :
3228 3106 3428 3161 Credis
3478 3110 3535 3161 et
3585 3106 3644 3159 in

1991 3198 2175 3253 Deum
2201 3202 2462 3253 nostrum
2481 3198 2685 3252 Jesum
2708 3196 3103 3264 Christum,et
3133 3195 3192 3250 in
3220 3211 3450 3250 crucem
3474 3193 3647 3264 ejus?

1995 3286 2198 3341 Dixisti
2234 3302 2247 3340 :
2284 3286 2450 3342 Credo
2470 3303 2489 3347 ,·
2522 3291 2578 3341 et
2610 3287 2886 3340 mersisti.
2923 3286 3054 3340 Ideo
3087 3289 3144 3338 et
3174 3283 3402 3338 Christo
3424 3299 3485 3337 es
3515 3299 3645 3336 con-

1992 3376 2280 3446 sepultus.
2307 3374 2412 3441 Qui
2444 3375 2599 3429 enim
2623 3374 2849 3429 Christo
2881 3373 3297 3444 consepelitur,
3324 3387 3456 3426 cum
3479 3371 3644 3426 Chri-

1992 3469 2082 3520 sto
2140 3465 2392 3535 resurgit
2443 3465 2616 3534 (Rom.
2679 3463 2778 3533 vi).
2832 3463 3047 3529 Tertio,
3100 3463 3491 3532 interrogatus
3522 3476 3585 3514 es
3627 3476 3640 3514 :

1992 3553 2188 3608 Credis
2220 3558 2276 3607 et
2319 3553 2375 3606 in
2420 3551 2704 3623 Spiritum
2755 3551 3071 3606 sanctum?
3117 3551 3330 3611 Credo;
3378 3554 3436 3604 et
3471 3549 3645 3603 tertio

1993 3641 2271 3706 mersisti,
2307 3647 2369 3695 ut
2401 3639 2791 3711 multiplicem
2827 3639 3061 3711 lapsum
3106 3638 3428 3709 superioris
3458 3637 3645 3692 aetatis

1994 3731 2317 3786 absolveret
2348 3730 2504 3784 trina
2535 3728 2846 3784 confessio.

2161 3842 2289 3892 CAP.
2321 3837 2442 3891 127.
2475 3867 2546 3877 —
2575 3835 2867 3904 Gregorius
2900 3836 2975 3890 III
2996 3851 3154 3907 papae
3189 3835 3473 3904 Boni/acia

2631 3908 2890 3978 (epistola
2920 3909 2998 3978 3).

2065 3998 2354 4064 Quosdam
2386 3998 2709 4068 baptizatos
2741 3998 2962 4068 absque
2990 3996 3444 4068 interrogatione
3475 3997 3644 4066 Sym-

1992 4088 2130 4155 boli,
2164 4088 2233 4142 ab
2266 4087 2547 4143 adulteris
2579 4092 2635 4142 et
2657 4086 2916 4157 indignis
2945 4086 3304 4156 presbyteris
3337 4086 3528 4139 fassus
3559 4100 3641 4138 es.

1993 4179 2056 4232 In
2090 4177 2180 4232 his
2214 4181 2315 4231 tua
2346 4175 2580 4231 dilectio
2612 4179 2807 4230 teneat
2846 4175 3158 4244 antiquum
3191 4188 3413 4228 morem
3446 4170 3646 4226 Eccle-

1993 4267 2126 4332 siae;
2155 4267 2292 4337 quia
2315 4265 2586 4336 quisquis
2613 4266 2672 4319 in
2709 4266 2932 4319 nomine
2971 4264 3156 4318 Patris
3174 4265 3222 4317 et
3245 4262 3408 4329 Filii,
3440 4270 3492 4316 et
3517 4262 3644 4330 Spi-

1992 4359 2138 4410 ritus
2177 4357 2354 4410 sancti
2403 4355 2710 4424 baptizatus
2760 4361 2837 4408 est
2868 4353 3078 4423 (Matth.
3112 4351 3336 4422 xxvm),
3387 4366 3520 4406 eum
3553 4365 3647 4404 re-

227 4440 446 4510 quibus
481 4441 599 4494 nati
631 4447 792 4508 sunt,
832 4447 1268 4514 contraxerunt,
1301 4442 1550 4498 aliorum
1582 4443 1758 4498 etiam
1793 4443 1880 4497 in-
1911 4436 1958 4501 D
1989 4443 2270 4515 baptizari
2300 4443 2542 4497 minime
2593 4441 2781 4496 liceat.
2833 4442 2957 4496 Non
2993 4441 3148 4497 enim
3181 4441 3238 4494 in
3274 4441 3509 4495 nomine
3541 4440 3648 4493 ba-

224 4529 623 4601 terrogatione
652 4535 1000 4602 purgentur.

224 4619 360 4673 CAP.
405 4619 521 4672 122.
555 4649 624 4658 ——
671 4620 1015 4690 Augustinus
1064 4638 1228 4692 super
1272 4624 1560 4688 Joannem,
1599 4625 1759 4676 tract.
1791 4621 1882 4675 80.

299 4707 550 4762 Verbum
584 4707 717 4763 ﬁdei
739 4713 968 4764 tantum
994 4709 1146 4764 valet
1176 4709 1233 4764 in
1257 4710 1513 4766 Ecclesia
1543 4710 1664 4781 Dei,
1698 4714 1759 4765 ut
1782 4726 1885 4782 per

225 4795 421 4865 ipsum
455 4797 813 4868 credentem,
864 4798 1227 4865 offerentem,
1274 4799 1737 4870 benedicentem,
1772 4817 1879 4854 un-

225 4890 480 4956 gentem,
515 4887 691 4941 etiam
723 4887 1023 4943 tantillum
1057 4889 1302 4945 mundet
1331 4888 1636 4956 infantem,
1670 4905 1878 4960 quam-

221 4974 312 5027 vis
347 4975 612 5030 nondum
646 4975 934 5031 valentem
965 4977 1124 5033 corde
1152 4979 1384 5033 credere
1409 4978 1479 5033 ad
1498 4979 1805 5049 justitiam,
1828 4982 1881 5033 et

221 5078 326 5117 ore
354 5063 617 5118 confiteri
650 5065 718 5118 ad
744 5066 983 5121 salutem
1014 5068 1190 5137 (Rom.
1223 5068 1298 5139 χ).

294 5173 427 5224 CAP.
466 5171 584 5224 123.
620 5201 687 5209 --
717 5172 954 5227 Isidorus
982 5173 1048 5228 de
1079 5176 1298 5243 o/ﬁciis,
1334 5175 1425 5228 lib.
1460 5191 1522 5239 ιι,
1562 5190 1681 5244 cap.
1712 5174 1804 5227 28.

1995 4532 2293 4604 ptizantis,
2329 4532 2429 4586 sed
2479 4531 2537 4584 in
2592 4531 2829 4585 nomine
2877 4529 3184 4585 Trinitatis
3237 4528 3414 4598 hujus
3445 4526 3644 4600 gratiae

1993 4622 2211 4677 donum
2249 4619 2525 4692 percepit.

2096 4733 2226 4783 CAP.
2264 4727 2383 4781 128.
2412 4757 2476 4766 —
2511 4725 2758 4780 (Iunones
2788 4726 3177 4796 apostolorum,
3208 4724 3450 4795 capitulo
3479 4724 3534 4777 5.

2063 4819 2157 4888 (De
2200 4832 2404 4872 conscc.
2441 4813 2566 4869 dist.
2602 4815 2653 4882 4,
2685 4830 2732 4868 c.
2765 4813 2824 4867 Si
2854 4813 3020 4884 quis.)
3070 4813 3125 4866 Si
3160 4813 3295 4883 quis
3330 4813 3646 4890 presbyter

1989 4906 2202 4962 trinam
2229 4904 2578 4959 mersionem
2606 4902 2780 4957 unius
2806 4903 3067 4974 mysterii
3096 4918 3211 4956 non
3244 4900 3517 4968 celebret,
3544 4902 3644 4956 sed

1991 4994 2172 5051 semel
2206 4998 2427 5064 mergat
2459 4993 2516 5046 in
2564 4992 2915 5062 baptismate
2959 4991 3114 5062 quod
3147 4991 3286 5045 dare
3310 4991 3555 5060 jubetur
3586 4990 3644 5044 in

1989 5083 2217 5139 Domini
2252 5088 2519 5149 mortem,
2554 5081 2900 5151 deponatur.
2952 5079 3077 5136 Non
3113 5079 3258 5134 dixit
3305 5079 3590 5134 Dominus
3625 5094 3638 5133 :

1987 5175 2048 5229 ln
2085 5179 2268 5227 morte
2300 5188 2429 5226 mea
2459 5169 2787 5240 baptizata;
2822 5169 2922 5224 sed
2955 5185 2968 5223 :
3003 5170 3220 5236 Euntes,
3247 5167 3433 5223 docete
3461 5183 3644 5221 omnes

293 5259 392 5328 (De
414 5275 681 5328 consecr.,
730 5261 864 5315 dist.
898 5261 950 5326 4,
982 5277 1027 5315 e.
1075 5263 1463 5333 Egrotantes.)
1512 5263 1877 5333 tEgrotantes
1983 5266 2189 5333 gentes,
2222 5262 2554 5332 baptizantes
2584 5274 2670 5313 eos
2701 5259 2759 5313 in
2791 5260 3012 5313 nomine
3060 5259 3270 5328 Patris,
3302 5260 3358 5313 et
3389 5255 3552 5320 Filii,
3585 5259 3639 5308 et

217 5346 263 5401 si
298 5363 403 5417 pro
438 5363 502 5402 se
533 5349 884 5418 respondere
935 5365 1050 5404 non
1085 5355 1355 5420 possunt,
1387 5367 1522 5406 cum
1553 5349 1874 5406 voluntatis

219 5451 428 5491 eorum
459 5436 868 5492 testimonium
913 5438 1005 5492 sui
1056 5438 1328 5511 dixerint,
1359 5439 1750 5512 baptizentur.
1783 5438 1876 5496 Si-

221 5524 442 5584 militer
474 5529 532 5581 et
559 5526 630 5581 de
661 5526 1082 5599 penitentibus
1115 5530 1428 5600 agendum.

1988 5351 2234 5422 Spiritus
2259 5351 2436 5404 sancti
2466 5348 2675 5417 (Matth.
2710 5350 2923 5417 xxvm).

2107 5441 2242 5495 CAP.
2281 5439 2400 5493 129.
2432 5468 2502 5478 -
2533 5437 2848 5492 Toletanum
2879 5437 3169 5492 concilium
3203 5449 3277 5499 1v,
3310 5447 3428 5501 cap.
3461 5431 3514 5485 5.

2062 5529 2153 5600 (De
2182 5544 2351 5598 cons.,
2392 5526 2519 5584 dist.
2554 5526 2607 5592 Ιι,
2639 5543 2685 5582 c.
2726 5529 2998 5597 Pr0pter).
3049 5524 3291 5592 Propter
3332 5520 3638 5577 vitandum
