3916 6034
306 138 371 198 91
1391 146 1460 200 D.
1505 144 1744 201 IVONIS
1780 147 1928 201 CAR

2146 142 2276 202 lSIS
2310 146 2628 202 EPISCOPI

3649 144 3741 200 92

303 266 700 325 schismaticis
756 266 1126 333 scandalum,
1183 267 1271 323 vel
1332 267 1589 324 haeretici
1655 268 1948 341 dogmatis
1976 268 2033 337 Α
2065 269 2300 341 adoptio
2326 270 2562 343 jungit;
2592 273 2811 342 quanto
2840 269 3038 343 potius
3062 286 3097 326 a
3125 268 3343 326 carnali
3369 272 3603 341 oportet
3634 270 3750 325 in-

304 372 501 425 usum,
535 354 812 427 simplam
842 359 1149 412 teneamus
1193 357 1472 428 baptismi
1503 357 1877 414 mersionem.

302 445 436 500 CAP.
470 445 592 500 130.
628 446 997 515 -—Gregorius
1019 445 1266 501 Leandro
1296 448 1540 517 episcopo
1563 448 1682 515 (tib.
1705 465 1747 517 1,
1767 464 1813 503 c.
1838 446 1949 519 41).

371 535 469 601 (De
498 550 705 589 consec.
737 533 889 604 dist.,
908 535 1026 600 4,c.
1061 536 1134 589 De
1162 534 1356 605 trina).
1376 534 1457 590 De
1490 535 1642 591 trina
1664 537 1953 592 mersione

302 622 677 695 baptismatis
709 622 853 677 nihil
903 622 1242 693 responderi
1285 624 1479 678 verius
1530 628 1742 696 potest,
1775 640 1952 696 quam

304 712 415 784 ipsi
450 713 734 777 sensistis,
782 712 922 783 quia
951 711 1010 765 in
1046 728 1161 766 una
1193 711 1305 767 ﬁde
1348 712 1493 768 nihil
1526 714 1709 769 officit
1739 719 1954 769 sanctae

306 801 571 856 Ecclesiae
603 801 965 856 consuetudo
999 800 1247 855 diversa.
1281 801 1396 857 Nos
1423 804 1619 858 autem
1652 803 1806 875 quod
1840 807 1954 858 ter-

302 890 384 945 tio
416 888 761 962 mergimus,
792 888 1080 944 triduanaa
1131 889 1446 962 sepulturae
1478 896 1844 947 sacramenta
1874 892 1953 946 si-

304 996 579 1052 gnamus,
610 982 675 1033 ut
707 977 847 1033 dum
896 977 1065 1033 tertio
1099 978 1171 1034 ab
1205 978 1374 1051 aquis
1423 979 1618 1036 infans
1662 980 1953 1048 educitur,

303 1064 651 1120 resurrectio
681 1063 942 1120 triduani
973 1065 1255 1137 temporis
1299 1065 1679 1137 exprimatur.
1710 1067 1872 1132 Quod
1904 1065 1954 1121 si

306 1154 439 1224 quis
472 1154 639 1222 forte,
672 1154 848 1210 etiam
881 1171 985 1226 pro
1016 1170 1262 1210 summa:
1293 1155 1603 1211 Trinitatis
1632 1155 1953 1212 veneratio-

306 1260 379 1299 ne
409 1243 660 1299 aestimet
703 1232 848 1314 fieri,
881 1260 1072 1314 neque
1104 1244 1212 1300 hoc
1245 1243 1466 1315 aliquid
1499 1244 1735 1301 obsistit
1764 1244 1954 1317 bapti-

304 1336 558 1389 zandum
595 1332 770 1389 semel
804 1334 861 1388 in
893 1335 1064 1406 aquis
1099 1351 1381 1408 mergere.
1416 1336 1562 1401 Quia
1593 1339 1732 1392 dum
1763 1337 1953 1392 tribus

307 1422 712 1479 subsistentiis
742 1440 860 1479 una
891 1424 1221 1479 substantia
1242 1429 1351 1494 est,
1374 1425 1829 1496 reprehensibile
1859 1443 1953 1482 es-

308 1529 390 1583 se,
432 1512 766 1569 nullatenus
796 1517 988 1585 potest
1037 1513 1320 1569 infantem
1370 1514 1429 1570 in
1461 1515 1835 1587 baptismate,
1864 1516 1953 1571 vel

2061 363 2149 413 ter
2174 375 2235 414 se
2265 358 2646 416 contubernio
2668 375 2915 428 cessare,
2941 376 3089 431 quos
3121 376 3224 432 per
3253 358 3483 415 caeleste
3515 375 3744 415 sacra-

2063 452 2320 504 mentum
2356 450 2715 520 regeneratio
2760 449 2948 504 sancti
2993 448 3246 520 Spiritus
3268 447 3489 519 junxit.
3524 448 3745 519 Longe

2061 536 2241 609 igitur
2269 538 2689 609 congruentius
2707 538 2863 593 filius
2886 538 3072 609 patris
3091 537 3203 592 mei
3228 536 3314 592 vel
3346 537 3524 592 frater
3547 553 3739 592 meus

2062 625 2394 696 appellatur
2423 626 2473 680 is
2500 643 2667 697 quem
2704 626 2893 696 gratia
2921 626 3145 691 divina,
3180 641 3359 697 quam
3396 642 3573 697 quem
3610 624 3739 679 hu-

2063 730 2237 768 mana
2264 714 2556 784 voluntas,
2590 720 2654 769 ut
2684 715 2948 770 ﬁlius’vel
2982 716 3160 770 frater
3192 730 3359 770 meus
3389 718 3567 780 esset,
3602 712 3739 769 ele-

2062 801 2167 873 git,
2219 802 2687 874 prudentiusque
2736 803 2807 859 ab
2856 804 3081 860 alterna
3134 802 3396 875 corporis
3437 802 3740 858 commis-

2062 890 2221 947 tione
2251 890 2635 948 sccernimur.

2276 984 2409 1037 CAP.
2444 982 2566 1037 136.
2599 1014 2667 1022 —
2697 983 2852 1038 Idem
2886 981 3195 1039 Satemonio
3225 983 3490 1055 episcopo.

2133 1070 2315 1125 Nosse
2347 1071 2646 1126 desideras
2669 1075 2869 1127 utrum
2892 1071 3107 1127 mulier
3136 1088 3264 1143 quae
3294 1071 3400 1127 viri
3430 1070 3621 1126 ﬁlium
3657 1087 3739 1127 ex

2064 1158 2180 1215 alia
2209 1158 2328 1214 filia
2356 1161 2615 1231 genitum
2640 1161 2711 1216 de
2737 1177 2904 1217 sacro
2930 1162 3089 1216 fonte
3120 1160 3418 1229 levaverit,
3449 1163 3737 1231 postmo-

2064 1249 2203 1303 dum
2239 1250 2425 1321 possit
2462 1266 2597 1304 cum
2646 1251 2848 1305 eodem
2899 1250 3022 1305 viro
3052 1248 3357 1322 copulari?
3403 1250 3558 1314 Quos
3591 1248 3737 1304 ideo

2056 1337 2227 1408 jungi
2260 1353 2431 1408 posse
2453 1338 2846 1405 decernimus,
2871 1338 3012 1408 quia
3042 1339 3368 1394 secundum
3392 1353 3592 1392 sacros
3626 1352 3738 1391 ca-

2065 1441 2248 1480 nones
2300 1424 2413 1481 nisi
2447 1427 2758 1481 amborum
2804 1443 3095 1482 consensu
3148 1424 3370 1481 nullius
3419 1425 3737 1497 religionis

2063 1514 2303 1569 obtentu
2337 1514 2507 1570 debet
2537 1515 2751 1586 conjux
2771 1516 3070 1572 dimittere
3094 1516 3427 1586 coniugem.
3461 1513 3735 1570 Pertinet

307 1608 414 1671 ter,
446 1602 531 1658 vel
566 1603 745 1659 semel
777 1618 1059 1675 mergere,
1112 1604 1348 1675 quando
1398 1607 1453 1659 et
1485 1603 1543 1658 in
1576 1605 1765 1661 tribus
1800 1620 1948 1660 mer-
1983 1636 2031 1702 B
2065 1606 2257 1658 autem
2289 1603 2358 1657 ad
2391 1603 2599 1675 ingens
2640 1605 2837 1660 uxoris
2867 1604 3134 1673 exitium,
3168 1620 3295 1675 quae
3327 1603 3552 1659 habens
3584 1602 3728 1659 odio

309 1691 575 1749 sionibus
607 1708 992 1763 personarum
1024 1692 1303 1762 Trinitas,
1331 1696 1388 1748 et
1416 1693 1476 1747 in
1506 1710 1623 1749 una
1652 1698 1843 1766 potest
1872 1694 1952 1749 di-

309 1782 570 1839 vinitatis
603 1781 982 1855 singularitas
1013 1781 1330 1855 designari.

432 1889 570 1946 CAP.
605 1890 727 1944 131.
768 1921 819 1931 --
859 1890 1113 2016 Rabanlug
1140 1906 1307 1962 super
1334 1892 1506 1963 Epist.
1538 1890 1609 1946 ad
1636 1892 1825 1952 Ephes.

1061 1978 1078 2016 ι
1123 2005 1135 2016 .
1166 1980 1229 2016 ΙΙ.

1061 1978 1135 2017 ιο.
1166 1980 1229 2017 II.

384 2048 598 2105 Eodem
648 2049 818 2104 modo
850 2048 910 2104 in
959 2049 1190 2105 Patrem
1221 2053 1280 2105 et
1326 2049 1536 2105 Filium
1586 2053 1643 2106 et
1670 2049 1955 2122 Spiritum

311 2144 580 2195 sanctum
606 2138 1067 2210 haptizamus,et
1097 2142 1184 2194 ter
1199 2139 1542 2212 mergimus,
1564 2144 1627 2194 ut
1655 2139 1958 2195 Trinitatis

312 2245 493 2284 unum
527 2231 807 2299 appareat
844 2232 1302 2282 sacramentum.
1340 2228 1470 2283 Item
1498 2245 1516 2281 :
1550 2228 1708 2283 Licet
1736 2232 1823 2283 ter
1851 2228 1958 2282 ba-

312 2318 599 2389 ptizemus
656 2320 891 2387 propter
961 2317 1306 2388 mysterium
1376 2316 1701 2387 Trinitatis,
1758 2321 1957 2373 tamen

314 2423 501 2462 unum
534 2406 831 2479 baptisma
860 2410 1183 2477 reputatur.

382 2513 516 2570 CAP.
552 2513 673 2568 132.
697 2543 764 2554 —
795 2512 1269 2569 Antissiodorense
1296 2513 1609 2584 comitium,
1641 2529 1759 2585 cap.
1794 2513 1883 2567 25.

385 2621 487 2691 (De
514 2636 685 2689 cons.,
717 2620 845 2675 dist.
880 2620 931 2687 4,
965 2636 1013 2675 c.
1045 2620 1157 2675 Non
1209 2619 1381 2691 licet.)
1413 2620 1537 2675 Non
1568 2619 1706 2675 licet
1734 2619 1956 2688 abbati,

312 2726 419 2767 nec
472 2708 776 2765 monachis
825 2708 895 2762 de
946 2708 1239 2780 baptismo
1288 2708 1583 2781 suscipere
1632 2706 1805 2776 ﬁlios,
1852 2724 1957 2765 nec

312 2802 662 2854 commatres
695 2796 930 2853 habere.

419 2887 550 2942 CAP.
583 2885 713 2941 133.
747 2915 819 2927 —-
845 2885 1273 2954 Capitularium,
1320 2885 1418 2940 lib.
1449 2901 1547 2953 vn,
1572 2901 1692 2956 cap.
1725 2884 1848 2940 494.

2060 1690 2249 1747 virum
2280 1692 2791 1749 velinfirmitatem
2823 1694 2951 1765 ejus
2970 1710 3086 1748 non
3118 1692 3519 1762 considerans,
3546 1689 3731 1763 quasi

2063 1798 2242 1837 causa
2273 1781 2506 1853 pietatis
2543 1785 2817 1855 operatur
2845 1782 3209 1855 impietatem
3245 1800 3258 1838 :
3292 1781 3545 1837 maxime
3577 1796 3725 1837 cum

2064 1870 2364 1943 precipiat
2414 1871 2727 1943 Apostolus
2774 1889 2786 1927 :
2838 1872 3044 1944 Nolite,
3090 1871 3386 1943 inquiens,
3446 1869 3724 1942 fraudare

2064 1961 2322 2027 invicem,
2350 1962 2467 2015 nisi
2492 1976 2562 2016 ea:
2590 1977 2854 2017 consensu
2896 1960 2967 2016 ad
3015 1966 3229 2033 tempus
3258 1969 3317 2016 ut
3368 1962 3565 2015 vacetis
3594 1975 3730 2015 ora-

2068 2050 2209 2104 tioni
2234 2048 2284 2121 (1
2312 2050 2438 2105 Cor.
2463 2049 2583 2118 vn).
2607 2050 2675 2106 Et
2703 2049 2918 2106 iterum
2943 2066 2955 2106 :
2980 2050 3349 2107 Revertimini
3376 2050 3431 2104 in
3457 2048 3728 2121 idipsum,

2066 2153 2136 2193 ne
2163 2142 2329 2194 tentet
2355 2154 2446 2193 vos
2475 2139 2714 2195 Satanas
2738 2143 2961 2213 propter
2990 2141 3461 2197 incontinentiam
3489 2142 3732 2193 vestram

2067 2227 2271 2299 (ibid.).
2305 2228 2475 2299 Ergo,
2509 2228 2559 2283 si
2590 2245 2704 2284 non
2753 2244 2823 2284 ex
2853 2246 3141 2285 consensu
3174 2229 3487 2300 utriusque
3516 2227 3732 2298 conju-

2067 2317 2157 2390 gis
2189 2316 2297 2372 hoc
2325 2332 2456 2372 esse
2485 2317 2702 2372 factum
2728 2318 3030 2389 probatur,
3051 2333 3166 2372 non
3200 2310 3549 2372 fraudentur
3574 2314 3731 2370 invi-

2068 2422 2215 2474 cem,
2247 2406 2349 2461 sed
2399 2409 2767 2461 revertantur
2796 2406 2855 2463 in
2905 2406 3189 2479 idipsum,
3223 2406 3547 2477 praesertim
3590 2419 3728 2460 cum

2067 2495 2223 2550 dicat
2250 2495 2562 2567 Apostolus
2596 2512 2609 2549 :
2647 2498 2792 2553 Uxor
2837 2499 2933 2552 sui
2978 2498 3225 2568 corporis
3252 2500 3581 2567 potestatem
3614 2509 3730 2549 non

2069 2584 2245 2653 habet,
2277 2584 2370 2640 sed
2397 2586 2486 2640 vir
2504 2600 2525 2647 ;
2554 2585 2637 2641 sic
2659 2586 2750 2641 vir
2787 2588 3107 2657 potestatem
3154 2600 3265 2640 non
3296 2583 3455 2639 habet
3484 2584 3573 2638 sui
3600 2598 3728 2638 cor-

2068 2674 2238 2740 poris,
2267 2673 2358 2730 sed
2387 2674 2594 2730 mulier
2623 2673 2829 2747 (ibid.).

2067 2784 2200 2836 CAP.
2233 2780 2353 2835 137.
2385 2810 2451 2822 -
2485 2780 2636 2835 Idem
2667 2780 2954 2837 Salomoni
3001 2779 3409 2836 Constantiensi
3456 2781 3725 2851 episcopo.

2137 2886 2480 2942 Sciscitatur
2508 2903 2542 2942 a
2565 2887 2734 2943 nobis
2764 2886 3050 2943 sanctitas
3070 2891 3278 2956 vestra,
3300 2887 3347 2941 si
3375 2885 3592 2957 aliquis
3622 2885 3725 2942 ho-

387 2973 652 3030 Monachi
705 2972 818 3029 sibi
870 2977 1199 3046 compatres
1247 2977 1669 3030 commatresve
1716 2988 1833 3032 non
1871 2974 2030 3072 fa—C
2071 2993 2164 3033 mo
2221 2977 2371 3031 duas
2427 2975 2765 3046 spirituales
2825 2980 3183 3032 commatres
3244 2975 3458 3032 habere
3514 2973 3723 3045 valeat,

318 3064 495 3133 ciant,
530 3078 636 3119 nec
666 3061 1008 3120 osculantur
1036 3063 1306 3119 feminas.

320 3174 453 3227 CAP.
489 3171 609 3227 134.
631 3201 702 3212 -
718 3171 1056 3241 Augustinus
1077 3171 1359 3227 Dominica
1377 3173 1560 3241 prima
1588 3174 1705 3242 post
1726 3172 1959 3239 Pascha,

653 3244 752 3315 qui
777 3245 859 3298 sic
889 3244 1085 3314 incipit
1110 3260 1128 3297 :
1157 3243 1460 3299 Hodiernus
1490 3244 1626 3298 dies.

390 3335 498 3405 (De
536 3348 706 3399 cons.,
755 3331 881 3387 dist.
916 3332 970 3400 4,
999 3349 1044 3387 c.
1102 3333 1195 3387 Vos
1224 3340 1353 3388 ante
1397 3333 1624 3403 omnia).
1672 3332 1788 3388 Vos
1827 3336 1964 3389 ante

316 3422 515 3477 omnia
544 3426 664 3476 tam
687 3420 845 3476 viros
864 3436 1042 3490 quam
1077 3420 1381 3487 femineas,
1404 3421 1499 3491 qui
1525 3420 1677 3476 ﬁlios
1696 3420 1756 3475 in
1780 3421 1966 3492 bapti-

316 3526 444 3565 smo
476 3509 820 3578 suscepistis
853 3525 1081 3574 moneo,
1110 3517 1171 3564 ut
1199 3524 1302 3565 vos
1331 3508 1693 3580 cognoscatis
1726 3509 1966 3579 ﬁdejus-

319 3614 482 3655 sores
513 3598 667 3670 apud
691 3602 874 3653 Deum
898 3598 1210 3665 exstitisse,
1236 3614 1338 3669 pro
1369 3597 1486 3653 illis
1516 3614 1665 3669 quos
1694 3598 1803 3654 visi
1825 3599 1968 3654 estis

318 3689 389 3743 de
422 3704 584 3743 sacro
631 3688 788 3741 fonte
836 3687 1158 3759 suscipere,
1190 3687 1321 3742 ideo
1370 3703 1605 3755 semper
1632 3702 1732 3743 eos
1761 3688 1966 3744 admo-

322 3781 476 3846 nete,
504 3781 569 3832 ut
612 3777 942 3833 castitatem
988 3776 1342 3841 custodiant,
1373 3776 1661 3845 justitiam
1694 3776 1969 3862 diligant,

304 3865 656 3922 charitatem
685 3869 948 3935 teneant,
972 3866 1081 3920 hoc
1112 3864 1391 3921 omnibus
1421 3864 1637 3920 faciant
1667 3867 1823 3936 quod
1855 3865 1968 3936 sibi

306 3954 430 4011 ﬁeri
460 3954 691 4021 volunt,
725 3954 973 4026 auguria
1004 3971 1119 4009 non
1151 3958 1402 4021 servent,
1428 3957 1485 4009 et
1517 3954 1588 4008 ad
1622 3954 1884 4019 arbores,
1913 3957 1971 4010 et

302 4045 373 4100 ad
409 4044 601 4101 fontes
634 4047 767 4100 vota
797 4060 913 4099 non
947 4043 1217 4110 reddant,
1239 4042 1657 4111 incantatores,
1691 4047 1791 4098 aut
1812 4060 1971 4100 cara'

305 4133 456 4205 gios,
491 4132 820 4205 sacrilegia,
872 4132 1255 4206 pbylacteria,
1286 4131 1448 4188 velut
1491 4131 1711 4187 diaboli
1744 4149 1971 4188 venena

304 4222 556 4293 fugiant,
595 4238 701 4278 nec
746 4224 971 4277 furtum
1026 4222 1267 4289 faciant,
1301 4238 1406 4277 nec
1440 4221 1654 4277 falsum
1704 4221 1969 4277 testimo-

306 4310 473 4365 nium
506 4312 722 4366 dicant.
757 4314 904 4366 Ante
937 4311 1141 4367 omnia
1170 4310 1516 4383 Symbolum
1557 4315 1615 4366 et
1645 4309 1968 4367 orationem

305 4397 672 4455 Dominicam
705 4402 762 4454 et
790 4416 891 4455 vos
931 4398 1045 4470 ipsi
1078 4403 1295 4466 tenete,
1328 4405 1385 4456 et
1416 4399 1534 4455 illis
1565 4416 1713 4471 quos
1742 4399 1969 4471 excepi-

314 4488 426 4545 stis
457 4488 772 4543 ostendite.

378 4576 511 4631 CAP.
547 4577 667 4632 135.
696 4607 765 4617 —
793 4577 1053 4633 Nicotaus
1083 4578 1160 4633 ad
1198 4579 1443 4633 consulta
1475 4578 1870 4646 Bulgarorum.

382 4665 469 4721 Ita
498 4664 741 4738 diligere
771 4666 944 4722 debet
976 4666 1149 4722 homo
1182 4682 1340 4732 eum,
1371 4666 1471 4738 qui
1504 4682 1567 4721 se
1599 4666 1870 4737 suscepit
1901 4681 1970 4720 ex

317 4770 485 4810 sacro
515 4754 695 4821 fonte,
744 4755 899 4810 sicut
940 4758 1181 4825 patrem.
1236 4756 1367 4810 Item
1397 4771 1415 4808 :
1448 4755 1550 4809 Est
1594 4753 1744 4809 inter
1774 4758 1968 4824 patres

316 4847 373 4898 et
405 4841 557 4899 ﬁlios
602 4842 937 4914 spirituales
986 4844 1245 4915 gratuita
1292 4847 1348 4898 et
1377 4847 1581 4898 sancta
1611 4842 1965 4910 communio,

311 4947 442 5001 quae
469 4948 586 4986 non
608 4936 698 4986 est
720 4932 967 4987 dicenda
988 4930 1497 5003 consanguinitas,
1524 4931 1623 4986 sed
1648 4930 1842 5002 potius
1863 4930 1968 4986 ha-

310 5020 503 5076 benda
535 5019 861 5091 spiritualis
913 5020 1282 5093 proximitas.
1338 5019 1501 5075 Unde
1532 5019 1683 5075 inter
1721 5036 1820 5075 eos
1852 5036 1967 5074 non

311 5108 675 5165 arbitramur
704 5109 828 5164 fieri
861 5110 1027 5181 [alias
1059 5109 1209 5180 esse]
1236 5126 1406 5182 posse
1438 5108 1744 5181 quodlibet
1765 5108 1968 5178 conju-

314 5198 443 5271 gale
472 5197 860 5264 connubium,
905 5198 1381 5269 quandoquidem
1417 5212 1523 5253 nec
1556 5198 1710 5252 inter
1738 5213 1837 5253 eos
1868 5196 1969 5267 qui

316 5290 619 5351 natura,et
649 5300 749 5342 eos
766 5287 867 5358 qui
899 5288 960 5341 in
981 5286 1294 5357 adoptione
1325 5285 1427 5339 ﬁlii
1455 5290 1595 5341 sunt
1624 5286 1968 5341 veneranda

322 5373 595 5432 Romanae
626 5375 786 5449 leges
828 5374 1269 5432 matrimonium
1299 5373 1566 5431 contrahi
1597 5373 1967 5446 permittunt.

320 5461 453 5521 Item
482 5482 501 5520 :
530 5466 590 5520 Si
621 5464 775 5522 inter
802 5481 903 5522 eos
946 5463 1313 5522 contrahitur
1344 5461 1788 5519 matrimonium
1823 5478 1971 5534 quos

2071 3082 2250 3122 unam
2282 3069 2414 3137 post
2441 3064 2704 3121 alteram.
2752 3068 2814 3121 In
2863 3082 2978 3137 quo
3012 3065 3350 3121 fraternitas
3382 3068 3484 3120 tua
3514 3062 3726 3119 memi-

2070 3156 2228 3211 nisse
2258 3154 2431 3210 debet
2459 3153 2747 3225 scriptum
2779 3170 2908 3209 esse
2938 3170 2952 3209 :
2985 3155 3164 3210 Erunt
3186 3154 3292 3210 duo
3322 3170 3382 3209 ιη
3413 3170 3585 3209 carne
3612 3168 3726 3209 una

2071 3241 2224 3314 (Gen.
2258 3242 2341 3311 Il).
2377 3242 2602 3312 Itaque,
2634 3258 2766 3296 cum
2799 3246 3031 3298 constet
3062 3242 3202 3313 quia
3233 3242 3319 3297 vir
3347 3246 3406 3298 et
3432 3257 3576 3297 uxor
3608 3257 3724 3297 una

2071 3347 2205 3387 caro
2238 3346 2339 3402 per
2368 3329 2729 3386 connubium
2751 3330 3112 3401 efficiuntur,
3134 3334 3316 3385 restat
3342 3330 3625 3385 nimirum
3647 3329 3726 3385 vi-

2073 3436 2208 3475 rum
2238 3423 2598 3491 compatrem
2624 3419 2904 3475 constitui
2927 3419 3016 3474 illi
3047 3418 3278 3475 mulieri
3304 3418 3397 3475 cui
3428 3419 3485 3473 in
3519 3417 3724 3474 matri-

2074 3507 2272 3564 monio
2305 3511 2613 3580 assumpta
2643 3525 2791 3564 uxor
2807 3512 3129 3564 commater
3149 3523 3277 3564 esse
3306 3507 3645 3563 videbatur:
3669 3509 3725 3562 et

2075 3597 2292 3653 idcirco
2324 3595 2505 3667 liquet
2532 3596 2721 3652 virum
2745 3596 2828 3652 illi
2862 3596 3089 3653 femina:
3121 3612 3237 3652 non
3269 3611 3441 3667 posse
3464 3595 3635 3668 jungi
3662 3594 3720 3649 in

2077 3685 2290 3758 copula
2319 3702 2447 3757 quas
2474 3691 2793 3742 commater
2817 3690 2941 3742 erat
2962 3687 3109 3757 ejus,
3129 3702 3264 3741 cum
3287 3701 3404 3756 qua
3424 3684 3577 3740 idem
3610 3700 3724 3740 una

2079 3776 2268 3831 iuerat
2297 3791 2430 3830 caro
2462 3774 2721 3831 effectus.

2166 3882 2299 3936 CAP.
2338 3882 2458 3936 138.
2493 3910 2561 3922 —-
2594 3878 2750 3937 Idem
2779 3884 2986 3937 Carolo
3014 3883 3416 3953 archiepiscopo
3443 3888 3495 3937 et
3522 3881 3638 3950 eius

2712 3953 3095 4025 suffraganeis.

2151 4042 2211 4098 Si
2229 4043 2361 4114 quis
2380 4058 2513 4097 cum
2532 4045 2854 4098 commatre
2875 4042 3168 4114 spirituali
3194 4042 3367 4098 fuerit
3394 4041 3726 4111 fornicatus,

2080 4130 2475 4188 anathematis
2496 4135 2560 4186 ut
2575 4132 2740 4187 scitis
2758 4131 3087 4203 percutitur
3106 4131 3323 4187 ictibus
3346 4128 3625 4201 [jaculis].
3649 4127 3727 4185 Si-

2080 4220 2299 4277 militer
2330 4224 2528 4277 autem
2548 4227 2604 4275 et
2633 4220 2802 4275 illum
2824 4224 3127 4291 percutere
3158 4219 3617 4292 promulgamus,
3636 4217 3727 4289 qui

2077 4326 2212 4365 cum
2243 4326 2311 4365 ea
2333 4326 2406 4381 qu
2417 4325 2511 4365 am
2535 4309 2605 4365 de
2629 4326 2792 4365 sacro
2815 4310 2972 4365 fonte
2991 4308 3367 4382 baptismatis
3389 4307 3725 4379 susceperit,

2077 4402 2178 4453 aut
2206 4414 2340 4453 cum
2376 4397 2496 4465 illa,
2533 4414 2710 4469 quam
2758 4402 2893 4453 ante
2940 4397 3284 4469 episcopum
3316 4398 3571 4453 tenuerit
3598 4412 3725 4451 cum

2077 4503 2243 4542 sacro
2275 4486 2594 4542 chrismate
2627 4486 2802 4542 fuerit
2845 4490 3045 4556 uncta,
3096 4485 3502 4543 fornicationis
3532 4500 3725 4557 perpe-

2077 4575 2321 4631 traverit
2352 4574 2583 4643 scelus;
2615 4574 2943 4648 legitimam
2976 4580 3174 4633 tamen
3215 4576 3265 4632 si
3297 4574 3571 4632 habuerit
3593 4590 3725 4630 uxo-

2078 4680 2223 4733 rem,
2253 4680 2369 4719 non
2402 4663 2670 4722 dimittit.

2231 4755 2366 4807 CAP.
2404 4753 2528 4811 139.
2560 4784 2629 4795 —
2660 4754 2745 4808 Ea:
2774 4752 3008 4810 decretis
3041 4754 3297 4823 Gregorii
3313 4754 3581 4827 junioris.

2146 4842 2204 4895 Si
2241 4840 2374 4913 quis
2426 4841 2804 4913 spiritualem
2853 4847 3235 4899 commatrem
3290 4843 3350 4899 in
3399 4841 3726 4915 oonjugium

2077 4930 2329 5000 duxerit,
2365 4929 2685 4987 anathema
2715 4930 2811 4987 sit.

2220 5022 2353 5075 CAP.
2386 5020 2508 5075 140.
2545 5050 2611 5060 -
2644 5020 2899 5075 Rabanus
2928 5020 3115 5076 eodem
3147 5020 3311 5088 libro,
3351 5037 3473 5092 cap.
3504 5020 3593 5075 28.

2148 5107 2244 5178 (De
2272 5124 2443 5177 cons.,
2475 5107 2607 5163 dist.
2642 5108 2694 5174 4,
2727 5125 2774 5163 c.
2809 5110 3149 5181 Postquam).
3183 5109 3497 5180 Postquam
3530 5123 3725 5164 ascen-

2078 5195 2231 5251 derit
2260 5195 2593 5267 baptizatus
2624 5198 2695 5251 de
2736 5197 2915 5265 fonte,
2947 5199 3149 5253 statim
3181 5196 3447 5266 signatur
3484 5197 3544 5251 in
3578 5212 3721 5251 cere-

2076 5283 2182 5339 bro
2214 5301 2247 5339 a
2287 5284 2626 5356 presbytero
2667 5300 2803 5339 cum
2857 5301 3023 5341 sacro
3074 5285 3412 5351 chrismate,
3452 5292 3719 5357 sequente

2079 5373 2258 5429 simul
2290 5381 2347 5429 et
2394 5373 2679 5443 oratione,
2710 5376 2775 5428 ut
2802 5373 3017 5429 Christi
3066 5375 3231 5446 regni
3276 5374 3570 5447 particeps
3605 5374 3715 5448 ﬂat,

2077 5463 2137 5518 et
2164 5478 2199 5516 a
2228 5460 2456 5517 Christo
2489 5461 2858 5519 Christianus
2890 5462 3078 5536 possit
3108 5462 3319 5520 vocari.
