3982 6060
223 174 312 230 93

1324 177 1634 232 DECRETI
1673 176 1857 230 PARS
1890 179 1938 230 Ι.
1970 206 2039 217 -
2072 175 2170 228 DE
2209 175 2400 238 FIDE,
2441 173 2598 229 ETC.

3600 163 3670 224 94

231 301 389 356 CAP.
425 298 546 357 141.
600 329 668 340 -—
696 298 1016 356 Ambrosius
1063 299 1129 355 de
1174 300 1555 371 sacramentis,
1587 303 1814 357 tractat.
1851 299 1907 366 2,
1936 298 1992 366 Α
2023 279 2165 363 daeo,
2199 297 2438 354 nescitis
2469 301 2669 354 utrum
2692 296 3046 363 Christiano,
3071 313 3143 351 an
3175 310 3425 367 pagano,
3453 296 3671 352 mullos

979 388 1099 443 cap.
1131 372 1186 425 7.

315 461 424 530 (De
451 476 621 527 cons.,
654 459 783 515 dist.
816 461 868 527 4,
901 477 946 515 c.
971 462 1314 533 E-mcrsisti).
1345 461 1673 531 Emersisti,
1697 459 1912 516 venisti

234 549 318 602 ad
356 550 722 605 sacerdotem
750 569 762 616 ;
800 551 940 622 quid
965 551 1070 606 tibi
1096 551 1286 607 dixit?
1317 553 1479 621 Deus,
1509 551 1722 622 inquit,
1749 553 1912 604 Pater

235 641 619 709 omnipotens,
651 641 762 708 {qui
804 647 854 694 te
901 642 1243 708 regeneravit
1292 657 1360 696 ex
1401 657 1553 713 aqua
1596 643 1647 695 et
1675 639 1910 710 Spiritu,

233 730 621 800 concessitque
667 729 770 783 tibi
813 739 1034 799 peccata
1084 738 1200 796 tua,
1249 731 1360 801 ipse
1409 735 1461 786 te
1502 733 1672 800 ungat
1719 730 1779 782 in
1828 728 1910 781 vi-

234 821 372 870 tam
404 826 694 874 cateruam.
729 817 876 874 Vide
910 818 1008 874 ubi
1041 824 1252 874 unctus
1277 837 1360 890 es,
1383 819 1443 875 in
1473 820 1672 886 vitam,
1698 819 1911 890 inquit,

237 911 555 962 aeternam.

457 995 588 1052 CAP.
627 997 748 1051 142.
780 1026 848 1036 -
882 998 1114 1053 Tractat.
1147 998 1181 1052 3
1214 999 1475 1069 ejusdem,
1507 1014 1626 1070 cap.
1664 999 1713 1052 1.

315 1084 533 1155 (Ambr.
566 1087 641 1142 de
672 1088 741 1141 iis
772 1088 867 1158 qui
895 1090 1174 1159 mysteriis
1226 1090 1550 1157 initiantur,
1582 1104 1702 1159 cap.
1735 1087 1806 1154 6;
1849 1085 1914 1140 de

234 1190 425 1243 cons.,
456 1173 583 1229 dz'st.
634 1177 685 1245 4,
717 1193 765 1230 c.
812 1179 1068 1248 Accipis).
1122 1177 1353 1248 Accipis
1404 1176 1771 1249 mysterium,
1803 1174 1912 1230 hoc

235 1267 336 1316 est
372 1268 742 1333 unguentum
796 1281 974 1336 super
1007 1271 1202 1336 caput.
1254 1270 1442 1332 Quare
1483 1282 1660 1338 super
1691 1264 1914 1336 caput?

238 1352 398 1416 Quia
429 1369 640 1407 sensus
674 1353 960 1424 sapientis
991 1355 1050 1408 in
1080 1354 1271 1427 capite
1302 1357 1447 1425 ejus.
1484 1355 1764 1426 Sequitur
1794 1353 1912 1424 spi-

238 1438 460 1495 rituale
510 1442 909 1513 signaculum,
964 1444 1120 1514 quod
1173 1449 1306 1515 post
1355 1445 1574 1499 fontem
1623 1448 1912 1515 superest,

241 1543 370 1598 quo
417 1531 694 1599 perfectio
730 1531 850 1600 fiat,
889 1533 1124 1603 quando
1158 1533 1229 1586 ad
1265 1533 1688 1588 invocationem
1722 1548 1913 1587 sacer-

242 1616 414 1672 dotis
446 1618 700 1689 Spiritus
732 1625 976 1677 sanctus
1009 1622 1362 1676 infunditur.

401 1725 534 1779 CAP.
571 1726 693 1781 143.
727 1757 796 1766 —-
825 1728 1090 1783 Rabanus
1119 1728 1304 1783 eodem
1337 1729 1498 1794 libro,
1524 1744 1646 1799 cap.
1679 1728 1768 1782 29.

332 1812 435 1877 (De
460 1829 605 1869 cons.
637 1813 766 1870 dist.
801 1815 851 1882 4,
886 1831 934 1871 c.
967 1817 1098 1871 Post
1133 1817 1508 1889 baptismum).
1560 1820 1697 1871 Post
1725 1815 1915 1887 bapti-

253 1917 458 1956 smum
506 1902 761 1958 traditur
789 1903 1120 1960 Christiano
1150 1906 1332 1961 vestis
1376 1905 1644 1973 candida,
1679 1922 1804 1976 quae
1836 1905 1915 1960 si-

252 1989 504 2061 gnificat
551 1992 948 2048 innocentiam
1010 1998 1067 2048 et
1125 1995 1441 2066 puritatem
1496 1995 1916 2062 Christianam,

253 2095 441 2148 quam
475 2086 607 2151 post
634 2081 865 2138 ablutas
896 2088 1119 2138 veteres
1157 2084 1440 2153 maculas,
1473 2085 1666 2140 studio
1698 2087 1916 2139 sanctas

252 2171 722 2226 conversationis
745 2171 1190 2228 immaculatam
1220 2190 1449 2228 servare
1467 2174 1658 2242 debet,
1682 2174 1752 2228 ad
1778 2189 1918 2244 prea-

252 2259 614 2314 sentandum
647 2264 780 2315 ante
798 2260 1057 2315 tribunal
1089 2261 1322 2316 Christi.
1348 2262 1550 2317 Cuncti
1578 2279 1711 2317 vero
1733 2259 1917 2316 renati

255 2345 413 2401 albis
444 2347 775 2403 induuntur
802 2350 1086 2418 vestibus,
1127 2353 1197 2405 ad
1235 2355 1579 2422 mysterium
1614 2367 1920 2422 resurgen-

256 2436 340 2489 tis
372 2436 667 2492 Ecclesiae.
715 2440 847 2492 llem
878 2457 896 2494 .·
928 2438 1185 2494 Utuntur
1233 2439 1513 2512 baptizati
1562 2440 1711 2494 albis
1741 2439 1919 2494 vesti-

257 2525 398 2590 bus,
433 2531 491 2580 ut
534 2543 784 2597 quorum
835 2528 1040 2599 primas
1092 2529 1417 2584 nativitatis
1466 2530 1672 2584 faciem
1704 2528 1918 2584 vetusti

257 2615 480 2669 erroris
512 2632 744 2688 pannus
777 2617 1124 2683 fuscaverat,
1172 2618 1410 2673 habitus
1443 2620 1711 2674 secundae
1743 2634 1919 2690 gene-

260 2701 511 2756 rationis
538 2703 732 2773 glorize
753 2704 1022 2775 praeferat
1044 2705 1482 2760 indumentum.
1502 2706 1742 2776 Tegitur
1762 2704 1919 2759 enim

257 2796 398 2861 post
432 2809 658 2847 sacram
711 2793 1048 2848 unctionem
1106 2797 1281 2864 caput
1310 2795 1439 2864 ejus
1489 2796 1732 2865 mystico
1764 2792 1921 2848 vela-

262 2881 447 2948 mine,
481 2885 546 2935 ut
594 2881 884 2953 intelligat
915 2900 974 2937 se
1027 2883 1361 2938 diademate
1413 2884 1595 2954 regni,
1630 2888 1686 2939 et
1727 2898 1920 2938 sacer-

266 2968 450 3022 dotali
483 2969 769 3041 dignitate
800 2970 994 3042 potiri.

348 3078 479 3130 CAP.
519 3076 640 3131 144.
674 3106 742 3116 --
771 3077 1092 3132 Ambrosius
1123 3077 1188 3201 d7e
1208 3080 1491 3149 mysteriis
1522 3079 1833 3149 initiandis,

987 3166 1106 3201 can.
1183 3192 1196 3201 .

987 3166 1106 3205 CCII).
1152 3166 1196 3205 ί.

987 3166 1047 3202 ca
1095 3189 1106 3202 .
1152 3166 1196 3205 ι.

335 3235 624 3308 Accepisti
659 3241 792 3308 post
835 3166 1199 3308 baptismum
1246 3239 1597 3295 vestimenta
1646 3239 1917 3304 candida,

261 3329 331 3379 ut
365 3331 522 3380 esset
552 3326 837 3380 indicium
872 3327 1024 3398 quod
1051 3328 1280 3382 exueris
1312 3328 1681 3383 involucrum
1719 3345 1921 3398 pecca-

261 3420 486 3481 torum,
523 3418 580 3469 et
612 3414 878 3470 indueris
910 3415 1254 3471 innocentiae
1286 3422 1448 3472 casta
1477 3417 1786 3473 velamina.

264 3522 399 3576 CAP.
440 3521 560 3575 145.
595 3552 662 3562 --
694 3522 925 3578 Sanctus
968 3525 1292 3603 Augustam
1324 3527 1526 3580 octavis
1557 3525 1794 3595 Pascha,
1829 3525 1926 3596 qui

926 3596 1006 3648 sic
1036 3596 1251 3664 incipit.

341 3680 641 3736 Paschalis
683 3681 968 3738 festivitas
1013 3683 1300 3739 hodierna
1348 3684 1657 3740 festivitate
1687 3684 1922 3740 conclu-

267 3772 448 3840 ditur,
482 3776 537 3826 et
567 3773 697 3826 ideo
727 3772 900 3827 hodie
932 3772 1359 3844 neophytorum
1391 3773 1628 3830 habitus
1659 3791 1924 3829 commu-

265 3865 468 3928 tatur;
501 3861 582 3914 ita
611 3864 832 3927 tamen,
867 3865 930 3915 ut
956 3863 1175 3917 candor
1206 3863 1306 3934 qui
1339 3864 1408 3918 de
1441 3863 1646 3920 habitu
1678 3863 1924 3935 deponi-

264 3953 382 4018 tur,
420 3965 651 4021 semper
681 3950 739 4004 in
772 3951 944 4006 corde
973 3954 1262 4006 teneatur.

510 4057 641 4113 CAP.
680 4058 798 4112 146.
833 4088 900 4098 —
931 4056 1222 4129 Gregorius
1253 4059 1329 4114 Ill
1361 4060 1675 4130 Boni/acia.

341 4147 437 4216 (De
464 4163 635 4217 cons.,
668 4148 798 4203 dist.
834 4147 887 4213 4,
919 4164 966 4203 c.
1001 4148 1314 4220 Parvulos).
1343 4148 1619 4204 Parvulos
1641 4147 1738 4218 qui
1770 4164 1803 4203 a
1824 4165 1924 4219 pa-

271 4236 538 4291 rentibus
569 4237 852 4293 subtracti
875 4240 1035 4302 sunt,
1062 4241 1118 4292 et
1151 4255 1222 4292 an
1256 4236 1534 4307 baptizati
1566 4237 1685 4291 sint
1709 4254 1782 4291 an
1810 4253 1925 4292 non

269 4325 780 4396 ignoratur,uthos
793 4327 1087 4398 baptizare
1101 4325 1668 4392 debeas,secundum
1689 4326 1925 4380 Patrum

271 4413 722 4478 traditionem,si
747 4431 858 4470 non
885 4415 1168 4488 fueritqui
1187 4414 1707 4482 testificetur,ratio
1723 4415 1935 4494 poscit.
1967 4415 2016 4481 D

305 4522 442 4576 CAP.
480 4520 598 4575 147.
634 4551 699 4561 -
733 4520 1174 4593 Carlhaginense
1201 4523 1523 4590 concilium,
1556 4520 1805 4594 capitulo
1834 4521 1888 4575 6.

343 4613 442 4680 (De
469 4627 642 4678 cons.,
690 4611 814 4666 dist.
849 4614 905 4679 4,
936 4629 985 4668 c.
1020 4614 1276 4685 Placuit).
1325 4615 1550 4671 Placuit
1595 4616 1664 4670 de
1695 4613 1933 4669 infanti-

274 4703 383 4757 bus
413 4701 644 4771 quoties
677 4718 792 4756 non
825 4701 1201 4757 inveniuntur
1248 4704 1560 4759 certissimi
1592 4709 1794 4771 testes,
1828 4702 1926 4774 qui

276 4806 372 4845 eos
405 4790 734 4861 baptizatos
759 4806 889 4846 esse
920 4791 1046 4845 sine
1084 4791 1449 4847 dubitatione
1481 4796 1792 4857 testentur,
1827 4807 1927 4846 ne-

277 4894 384 4950 que
416 4878 528 4949 ipsi
560 4883 699 4933 sunt
731 4895 834 4950 per
853 4883 1080 4935 aetatem
1112 4879 1308 4935 idonei
1333 4881 1402 4935 de
1436 4881 1665 4936 traditis
1693 4881 1804 4936 sibi
1837 4899 1924 4937 sa-

276 4969 589 5024 cramentis
639 4971 1009 5039 respondere,
1058 4969 1280 5040 absque
1330 4968 1449 5025 ullo
1499 4969 1776 5042 scrupulo
1829 4987 1927 5026 eos

277 5074 401 5113 esse
431 5057 834 5129 baptizandos.
868 5058 1154 5114 Similiter
1184 5063 1242 5113 et
1281 5059 1350 5113 de
1383 5059 1667 5128 ecclesiis,
1700 5059 1929 5130 quoties

279 5163 455 5216 super
501 5163 702 5202 earum
757 5145 1063 5202 haesitatur
1122 5149 1581 5213 consecratione,
1634 5149 1927 5219 agendum

280 5240 384 5304 est,
415 5234 475 5288 id
507 5240 596 5290 est
626 5240 691 5291 ut
722 5237 848 5291 sine
879 5235 1268 5306 trepidatione
1298 5239 1730 5292 consecrentur.

369 5343 495 5397 CAP.
537 5342 656 5396 148.
689 5372 759 5382 —
787 5343 1049 5400 Nicotaus
1071 5341 1147 5468 ad1
1156 5343 1422 5468 ggnsulta
1453 5343 1841 5413 Bulgarorum,

966 5431 1086 5468 can.
1227 5451 1242 5468 .

966 5431 1086 5486 cap.
1125 5431 1242 5468 1U4.

354 5505 452 5578 (De
478 5518 650 5574 cons.,
681 5502 808 5560 dist.
841 5504 896 5570 4,
944 5518 997 5560 c.
1043 5503 1084 5558 Α
1134 5502 1408 5575 quodam).
1454 5505 1499 5558 A
1543 5503 1797 5576 quodam
1827 5501 1933 5559 Ju-

1943 1675 1992 1740 B

1952 3044 1994 3111 C

2020 388 2079 442 in
2113 387 2300 459 patria
2329 393 2520 443 vestra
2546 388 2872 458 baptizatos
2894 386 3246 456 asseritis,et
3265 385 3402 457 quid
3428 386 3562 440 inde
3595 385 3673 440 sit

2021 477 2328 531 consulitis
2359 477 2671 548 agendum.
2700 477 2763 531 lli
2794 476 3071 548 profecto,
3101 476 3148 530 si
3175 475 3234 529 in
3267 475 3503 529 nomine
3534 492 3669 529 san-

2021 571 2126 621 ctis
2156 566 2480 630 Trinitatis,
2510 566 2595 621 vel
2631 571 2858 621 tantum
2890 565 2947 620 in
2983 565 3218 620 nomine
3245 564 3486 630 Christi,
3520 563 3675 618 sicut

2020 655 2079 710 in
2107 656 2343 710 Actibus
2369 655 2762 725 apostolorum
2784 655 3056 725 legimus,
3080 653 3354 725 baptizati
3379 656 3518 708 sunt
3537 654 3674 724 (Act.

2020 763 2084 814 ii,
2116 745 2224 814 10),
2256 761 2440 799 unum
2475 746 2713 816 quippe,
2746 744 3022 813 idemque
3056 749 3164 813 est,
3201 747 3263 798 ut
3309 746 3547 798 sanctus
3580 759 3673 796 ex-

2022 833 2188 904 ponit
2217 834 2832 902 Ambrosius,constat
2853 849 2968 887 non
2991 848 3120 887 esse
3144 832 3332 888 denuo
3365 832 3674 902 baptizan-

2022 924 2148 978 dos.

2092 1013 2226 1066 CAP.
2263 1013 2383 1066 149.
2419 1042 2487 1051 ——-
2519 1012 2806 1082 Gregorius
2836 1013 2911 1067 III
2941 1012 3247 1081 Boni/acia,
3282 1012 3519 1082 epistola
3549 1012 3601 1065 4.

2095 1101 2178 1155 Illi
2213 1102 2311 1172 qui
2344 1101 2622 1172 baptizati
2655 1105 2794 1156 sunt
2826 1116 2927 1172 per
2955 1100 3376 1167 diversitatem,
3410 1105 3467 1155 et
3498 1099 3674 1155 decli-

2023 1190 2320 1246 nationem
2373 1190 2708 1261 linguarum
2759 1189 3129 1261 gentilitatis,
3182 1193 3376 1245 tamen
3427 1190 3566 1260 quia
3616 1189 3673 1242 in

2022 1280 2258 1335 nomine
2302 1279 2604 1334 Trinitatis
2654 1279 2926 1350 baptizati
2978 1282 3136 1346 sunt,
3171 1282 3398 1349 oportet
3446 1293 3544 1332 eos
3577 1293 3680 1348 per

2022 1386 2231 1424 manus
2287 1367 2748 1439 impositionem,
2776 1373 2833 1423 et
2881 1369 3033 1423 sacri
3082 1366 3422 1423 chrismatis
3454 1366 3678 1422 unctio-

2023 1475 2154 1514 nem
2188 1458 2540 1513 confirmari.

2390 1548 2523 1602 CAP.
2559 1546 2677 1602 150.
2715 1578 2783 1587 -
2813 1547 2966 1602 Idem
3000 1547 3308 1617 Boni/acie.

2096 1639 2172 1692 De
2202 1636 2302 1691 illo
2333 1635 2478 1691 falso
2512 1636 2808 1708 episcopo,
2834 1653 3008 1708 quem
3043 1636 3238 1691 dixisti
3271 1636 3422 1706 quod
3450 1636 3676 1690 adulte-

2025 1726 2134 1782 rati
2166 1726 2360 1782 clerici
2394 1730 2445 1780 et
2479 1725 2783 1781 homicidae
2810 1725 2965 1781 ﬁlius
2993 1725 3050 1780 in
3085 1725 3371 1780 adulterio
3401 1729 3599 1791 natus,
3624 1728 3681 1780 et

2025 1817 2244 1887 absque
2297 1815 2609 1887 disciplina
2659 1817 2915 1872 nutritus
2966 1819 3139 1885 esset,
3191 1819 3247 1871 et
3288 1820 3492 1870 cratera
3524 1814 3680 1869 mala

2025 1905 2348 1972 horribilia,
2365 1923 2496 1976 qua:
2527 1923 2627 1977 per
2656 1905 2890 1978 singula
2917 1905 3225 1971 enarrasti,
3249 1921 3314 1960 ac
3335 1922 3437 1976 per
3458 1904 3566 1959 hoc
3586 1901 3677 1958 sui

2025 1994 2250 2050 similes
2278 1996 2611 2050 sacerdotes
2641 1995 3024 2062 consecravit,
3053 1995 3122 2049 de
3147 1994 3256 2049 hoc
3288 1993 3557 2049 meminit
3577 1998 3681 2048 tua

2025 2085 2342 2140 reverenda
2368 2085 2724 2149 fraternitas,
2759 2084 2899 2154 quia
2929 2083 3262 2154 tribusjam
3285 2083 3515 2137 vicibus
3539 2081 3681 2137 scri-

2026 2176 2279 2244 psimus,
2311 2176 2374 2226 ut
2403 2171 2603 2227 nullus
2624 2173 2941 2237 homicida,
2967 2171 3167 2227 nullus
3199 2171 3450 2238 adulter,
3477 2170 3680 2226 nullus

2027 2263 2344 2318 fornicator
2365 2278 2596 2316 sacrum
2613 2261 3002 2316 ministerium
3019 2261 3228 2316 debeat
3249 2264 3575 2316 attrectare.
3601 2259 3681 2314 De

2028 2351 2336 2423 baptizatis
2353 2367 2484 2405 vero
2507 2351 2579 2404 ab
2599 2350 2697 2405 illo
2717 2367 2817 2405 seu
2843 2350 3103 2405 ecclesiis
3128 2349 3506 2416 consecratis,
3523 2350 3681 2419 quod

2029 2439 2276 2511 requirit
2306 2443 2406 2493 tua
2438 2439 2794 2504 fraternitas,
2820 2438 2966 2493 scito
2993 2438 3294 2504 ecclesias,
3327 2454 3473 2509 quas
3505 2439 3562 2492 in
3587 2455 3684 2493 no-

2030 2529 2188 2583 mine
2221 2533 2431 2582 sanctie
2464 2527 2770 2582 Trinitatis
2802 2527 3182 2593 consecravit,
3209 2532 3264 2582 et
3298 2525 3569 2598 parvulos
3603 2528 3681 2580 si-

2031 2616 2247 2672 militer
2269 2633 2417 2685 quos
2440 2615 2779 2687 baptizavit,
2807 2614 3236 2685 qualiscunque
3268 2616 3343 2669 sit
3365 2614 3463 2685 qui
3491 2629 3687 2668 sacer-

2032 2705 2189 2760 dotio
2241 2704 2612 2776 fungebatur,
2646 2721 2762 2760 non
2812 2720 2941 2760 esse
2993 2704 3184 2759 denuo
3228 2719 3326 2758 eas
3357 2719 3459 2774 per
3503 2703 3684 2758 alium

2032 2795 2481 2863 consecrandus,
2516 2799 2618 2849 aut
2655 2793 2762 2849 hos
2796 2793 3070 2866 parvulos
3101 2793 3508 2864 baptizandos.

2187 2887 2320 2940 CAP.
2360 2885 2479 2938 151.
2511 2913 2581 2923 --
2607 2884 2935 2939 Anastasius
2965 2900 3108 2954 papa
3143 2883 3191 2937 II
3222 2883 3535 2938 Anastasio.

2109 2975 2195 3046 (In
2228 2974 2364 3040 dec.,
2397 2991 2443 3029 c.
2477 2973 2532 3040 7,
2562 2991 2609 3029 c.
2645 2973 2863 3029 Sancta?
2911 2972 3166 3028 Ecclesia:
3213 2972 3522 3040 catholicae,
3557 2970 3688 3024 dist.

2043 3064 2126 3130 19,
2155 3068 2310 3134 part.
2334 3063 2568 3134 prima).
2601 3061 3076 3118 Sacratissimum
3105 3061 3436 3117 serenitatis
3459 3066 3570 3115 tuae
3595 3076 3694 3130 pe-

2034 3158 2164 3208 ctus
2197 3155 2493 3220 agnoscat,
2527 3152 2682 3222 quod
2725 3150 2950 3206 nullum
2983 3151 3053 3205 de
3084 3150 3176 3204 his
3206 3149 3294 3204 vel
3326 3166 3474 3221 quos
3506 3149 3696 3219 bapti-

2032 3242 2184 3297 zavit
2212 3241 2472 3307 Acatius,
2491 3241 2577 3295 vel
2603 3257 2750 3312 quos
2777 3241 3113 3295 sacerdotes
3137 3237 3222 3293 vel
3257 3238 3460 3293 levitas
3487 3253 3694 3292 secun-

2033 3332 2174 3386 dum
2209 3346 2463 3384 canones
2495 3329 2806 3396 ordinavit,
2829 3329 2949 3383 ulla
2980 3345 3046 3384 ex
3078 3328 3310 3384 nomine
3340 3327 3524 3381 Acatii
3554 3342 3691 3396 por-

2033 3420 2115 3474 tio
2164 3419 2421 3474 laasionis
2472 3419 2742 3490 attingat,
2793 3420 2947 3491 quod
3000 3417 3241 3473 forsitan
3289 3433 3391 3488 per
3421 3415 3691 3485 iniquum

2032 3509 2249 3563 tradita
2263 3509 2614 3563 sacramenti
2630 3507 2819 3579 gratia
2836 3508 3033 3562 minus
3049 3507 3219 3562 ﬁrma
3239 3507 3524 3561 videatur.
3544 3504 3691 3559 Nam

2034 3601 2090 3652 et
2121 3597 2436 3668 baptisma,
2479 3596 2633 3667 quod
2685 3596 2886 3666 procul
2941 3595 3019 3649 sit
3049 3596 3119 3649 ab
3170 3594 3437 3658 ecclesia,
3471 3594 3591 3648 sive
3623 3592 3693 3646 ab

2036 3685 2323 3754 adultero,
2358 3684 2447 3740 vel
2479 3702 2510 3738 a
2543 3685 2666 3738 fure
2703 3685 2876 3738 fuerit
2905 3685 3132 3754 datum,
3165 3684 3237 3738 ad
3274 3682 3693 3755 percipientem

2035 3791 2255 3831 munus
2288 3774 2547 3846 pervenit
2577 3772 2891 3829 illibatum.

2033 3896 2166 3948 CAP.
2204 3892 2322 3945 152.
2353 3921 2422 3930 —-
2462 3891 2775 3947 Concilium
2824 3907 2879 3944 iv
2929 3889 3392 3962 Carthagincnsc,
3444 3903 3566 3958 cap.
3601 3887 3689 3941 41.

2107 4009 2203 4078 (De
2233 4023 2404 4073 cons.,
2436 4007 2564 4062 dist.
2607 4009 2658 4072 4,
2692 4024 2738 4061 c.
2789 4008 2907 4062 Non
2939 4008 3141 4076 liceat).
3191 4005 3315 4060 Non
3365 4002 3538 4057 liceat
3564 4001 3695 4055 ﬁeri

2040 4096 2549 4166 rebaptizationes,
2595 4096 3077 4162 reordinationes,
3124 4093 3210 4148 vel
3275 4088 3690 4148 translationes

2036 4185 2467 4257 episcoporum.

2073 4274 2208 4332 CAP.
2247 4275 2365 4328 153.
2399 4304 2467 4314 -
2500 4273 2790 4341 Gregorius
2832 4275 3062 4342 Quirino
3094 4273 3340 4343 episcopo
3384 4271 3438 4324 in
3469 4268 3656 4324 Hiber-

2531 4347 2647 4413 nia,
2679 4346 2780 4401 lib.
2815 4363 2891 4415 ix,
2923 4347 3086 4413 epist.
3113 4345 3202 4399 61.

2125 4435 2226 4505 (De
2254 4451 2424 4501 cons.,
2452 4435 2580 4490 dist.
2605 4435 2656 4501 4,
2682 4451 2728 4489 c.
2762 4435 2838 4489 Ab
2869 4436 3145 4505 antiqua).
3171 4433 3426 4503 Antiqua
3456 4431 3694 4484 Patrum

2035 4523 2408 4580 institutione
2425 4523 2762 4589 didicimus,
2784 4528 2849 4578 ut
2878 4524 2978 4595 qui
3002 4524 3156 4593 apud
3188 4521 3454 4576 haeresim
3484 4519 3543 4574 in
3565 4517 3693 4572 Tri-

2038 4615 2240 4669 nitatis
2275 4613 2510 4668 nomine
2532 4613 2928 4684 baptizantur,
2944 4628 3074 4666 cum
3109 4611 3181 4666 ad
3214 4614 3478 4666 sanctam
3499 4607 3689 4662 Eccle-

2039 4703 2185 4758 siam
2218 4705 2486 4773 redeunt,
2522 4707 2623 4757 aut
2653 4702 2929 4758 unctione
2960 4700 3322 4768 chrismatis,
3346 4703 3448 4754 aut
3481 4713 3693 4751 manus

2037 4792 2434 4865 impositione,
2482 4795 2585 4846 aut
2615 4791 2736 4847 sola
2783 4791 3144 4862 professione
3194 4789 3351 4856 ﬁdei,
3393 4787 3463 4842 ad
3497 4785 3692 4840 sinum

2039 4882 2246 4938 matris
2277 4879 2543 4936 Ecclesiae
2575 4886 2937 4936 revocentur.
2973 4879 3137 4935 Unde
3166 4878 3413 4933 Arianos
3445 4890 3548 4946 per
3578 4891 3697 4928 ma-

2041 4989 2154 5026 nus
2206 4969 2645 5041 impositionem
2692 4969 2986 5035 occidens,
3021 4985 3123 5038 per
3174 4966 3512 5022 unctionem
3561 4978 3695 5017 vero

2042 5060 2229 5115 sancti
2265 5059 2629 5125 chrismatis,
2662 5059 2732 5113 ad
2783 5058 3118 5129 ingressum
3150 5060 3364 5111 sanctae
3398 5051 3697 5108 catholicae

2042 5147 2312 5203 Ecclesiae
2345 5147 2540 5202 oriens
2562 5148 2870 5214 reformat;
2900 5145 3338 5217 MonOphysitas
3374 5141 3696 5210 [Monothe-

2043 5236 2201 5306 lites]
2231 5252 2363 5291 vero
2396 5241 2453 5291 et
2483 5235 2632 5291 alios
2663 5252 2732 5291 ex
2761 5234 2886 5290 sola
2907 5252 3040 5290 vera
3072 5234 3436 5290 confessione
3468 5228 3693 5299 recipit,

2044 5325 2184 5395 quia
2212 5328 2483 5380 sanctum
2509 5324 2824 5396 baptisma,
2854 5325 3007 5396 quod
3040 5326 3180 5379 sunt
3208 5322 3361 5394 apud
3393 5317 3692 5375 haereticos

2045 5413 2368 5484 consecuti,
2399 5419 2541 5470 tunc
2572 5414 2632 5469 in
2663 5414 2749 5471 eis
2798 5413 2948 5469 vires
2996 5408 3430 5468 emundationis
3463 5404 3693 5477 accipit,

2046 5518 2180 5558 cum
2212 5502 2300 5558 vel
2330 5502 2412 5558 illi
2444 5519 2546 5574 per
2567 5519 2776 5560 manus
2798 5501 3227 5573 impositionem
3253 5496 3540 5570 Spiritum
3561 5509 3694 5554 san-
