3916 6034
256 163 331 227 95
1355 162 1425 212 ι).
1464 157 1708 212 IVONIS
1744 130 2236 214 cannoTsnsrs
2272 161 2586 217 EPISCOPI

257 292 417 342 ctum
451 283 782 356 acceperint
809 300 823 351 ;
855 283 942 341 vel
972 284 1070 340 isti
1089 300 1191 357 per
1212 282 1638 339 confessionem
1670 298 1814 338 verae
1841 280 1907 336 ﬁ-
1936 283 1993 350 Α

259 375 351 430 dei
385 377 600 430 sanctae
631 377 689 429 et
739 372 1086 429 universalis
1120 373 1381 429 Ecclesiae
1431 372 1752 427 visceribus
1786 373 1907 427 fue-

257 466 373 520 rint
406 464 575 518 uniti.
603 463 701 534 (De
730 479 902 533 cons.,
932 464 1060 518 dist.
1084 463 1137 533 4,
1156 479 1204 516 c.
1237 464 1308 517 IIi
1334 464 1497 533 vero).
1537 462 1603 517 Hi
1637 478 1768 517 vero
1794 461 1905 516 haz-

260 555 427 611 retici
459 554 560 625 qui
592 554 650 608 in
699 552 1004 609 Trinitatis
1053 552 1289 607 nomine
1336 552 1729 624 baptizantur,
1756 551 1908 606 sicut

260 649 399 699 sunt
432 642 732 698 Bonosiaci
761 646 819 697 et
842 641 1239 712 Cataphrygaa,
1259 641 1395 711 quia
1425 644 1481 695 et
1502 640 1585 694 illi
1608 640 1905 696 Christum

259 734 575 789 Dominum
593 748 705 787 non
725 730 989 800 credunt,
1008 737 1059 785 et
1074 729 1168 784 isti
1187 730 1471 801 Spiritum
1494 734 1760 786 sanctum
1785 745 1908 800 per-

258 840 424 878 verso
450 839 625 878 sensu
655 837 779 875 esse
809 819 1126 891 quemdam
1151 836 1394 891 pravum
1417 819 1715 874 hominem
1739 819 1906 874 Mon-

250 917 349 967 tan
362 928 452 966 um
473 911 1001 980 eredunt,quorum
1026 908 1251 964 similes
1273 907 1443 964 multi
1475 912 1617 963 sunt
1646 907 1906 977 alii,cum

254 1001 325 1055 ad
374 1003 638 1055 sanctam
688 996 1004 1053 Ecclesium
1053 998 1293 1054 veniunt
1340 998 1737 1069 baptizantur,
1769 997 1906 1069 quia

254 1089 552 1160 baptisma
581 1103 695 1142 non
725 1085 854 1153 fuit,
878 1088 1032 1158 quod
1056 1087 1112 1142 in
1146 1102 1340 1143 errore
1372 1088 1569 1159 positi,
1601 1088 1660 1141 in
1691 1091 1906 1142 sanctas

254 1176 560 1232 Trinitatis
595 1175 830 1231 nomine
864 1175 1108 1232 minime
1139 1180 1545 1249 perceperunt,
1580 1193 1683 1233 nec
1715 1180 1907 1248 potest

255 1266 453 1338 ipsum
488 1266 848 1337 baptismum
894 1266 1010 1321 dici
1057 1266 1355 1334 iteratum,
1384 1267 1561 1338 quod,
1592 1267 1743 1322 sicut
1783 1266 1905 1321 dic-

254 1361 418 1411 ctum
450 1363 555 1421 est,
590 1354 650 1409 in
680 1353 985 1410 Trinitatis
1016 1357 1253 1411 nomine
1283 1373 1399 1412 non
1431 1360 1555 1411 erat
1585 1357 1812 1411 datum.

419 1473 551 1527 CAP.
590 1471 711 1525 154.
743 1501 813 1511 —
842 1473 1178 1541 Augustinus
1204 1471 1269 1527 de
1298 1472 1473 1527 verbis
1504 1473 1744 1541 Domini,

921 1551 1145 1598 tractat.
1176 1543 1229 1599 9.

3606 159 3698 213 96

2254 288 2386 339 CAP.
2422 287 2544 342 158.
2576 318 2644 327 —-—
2672 287 2835 353 Item,
2868 286 2927 340 in
2957 284 3143 341 eodem
3176 287 3435 340 tractatu.

2086 375 2267 444 Neque
2294 377 2392 446 qui
2410 378 2630 447 plantat
2658 384 2738 431 est
2768 374 3005 447 aliquid,
3038 390 3211 446 neque
3241 376 3335 445 qui
3380 376 3551 442 rigat,
3584 372 3693 428 sed

2015 465 2111 532 qui
2141 464 2533 519 incrementum
2565 464 2660 520 dat
2692 469 2840 519 Deus
2868 465 2941 535 (II
2975 464 3097 519 Cor.
3130 466 3239 531 ιιι).
3272 462 3378 526 Qui
3411 478 3544 517 vero
3579 479 3689 517 su-

2017 552 2232 621 perbus
2264 553 2439 608 fuerit
2482 553 2770 619 minister,
2824 569 2955 607 cum
3008 551 3239 606 diabolo
3271 554 3685 622 computatur,

2016 641 2116 695 sed
2148 658 2262 695 non
2291 643 2727 698 contaminatur
2749 642 2966 698 donum
3000 640 3236 697 Christi.
3267 641 3428 703 Quod
3466 656 3568 711 per
3599 638 3686 693 il-

2015 730 2139 785 lum
2172 730 2319 800 ﬂuit,
2352 748 2566 802 purum
2591 736 2714 799 est;
2750 731 2904 802 quod
2930 747 3030 802 per
3056 729 3222 785 illum
3247 728 3460 784 transit
3487 728 3686 800 liqui-

2016 819 2180 886 dum,
2211 819 2370 873 venit
2399 820 2470 874 ad
2502 819 2751 875 fertilem
2781 825 3019 875 terram.
3046 820 3191 874 Puta
3221 818 3359 889 quia
3385 818 3492 872 iste
3520 816 3683 887 lapi-

2016 907 2161 963 deus
2193 913 2302 977 est,
2337 910 2476 980 quia
2506 926 2575 965 ex
2618 926 2769 982 aqua
2814 911 3070 965 fructum
3129 909 3275 963 ferre
3307 924 3423 963 non
3454 910 3684 980 potest,

2015 997 2115 1052 sed
2149 1014 2251 1068 per
2279 997 2576 1068 lapideum
2608 998 2871 1054 canalem
2899 997 3114 1053 transit
3143 1013 3298 1069 aqua
3326 997 3394 1051 ad
3422 995 3683 1067 areolas,

2016 1084 2075 1140 in
2103 1084 2292 1141 canali
2323 1086 2552 1159 lapideo
2585 1086 2729 1142 nihil
2758 1092 3016 1160 generat,
3050 1086 3151 1142 sed
3202 1085 3407 1141 hortus
3440 1085 3684 1139 fructus

2015 1175 2303 1247 plurimos
2334 1178 2519 1232 affert.
2554 1179 2686 1232 Item
2718 1180 2775 1232 in
2800 1176 3001 1233 eodem.
3036 1177 3154 1247 Ego
3179 1175 3330 1244 dico,
3362 1178 3421 1229 et
3453 1190 3558 1229 nos
3583 1172 3681 1229 di-

2015 1266 2205 1320 cimus
2249 1282 2475 1333 omnes,
2525 1266 2883 1337 quiajustos
2932 1270 3162 1337 oportet
3208 1280 3359 1329 esse,
3392 1280 3495 1335 per
3525 1278 3683 1335 quos

2014 1354 2728 1425 baptizatur,quiajustos
2750 1358 2977 1426 oportet
2992 1370 3121 1409 esse
3144 1353 3293 1409 tanti
3315 1352 3538 1424 judicis
3560 1352 3679 1406 mi-

2015 1443 2253 1498 nistros.
2285 1444 2413 1498 Sint
2452 1444 2707 1498 ministri
2730 1444 2879 1514 justi
2912 1442 2961 1498 si
2990 1443 3215 1498 volunt.
3248 1443 3306 1495 Si
3339 1447 3536 1497 autem
3573 1457 3683 1495 no-

2016 1531 2232 1586 luerint
2261 1548 2393 1587 esse
2414 1532 2563 1603 justi
2595 1532 2695 1603 qui
2729 1532 2788 1586 in
2820 1531 3097 1587 cathedra
3122 1529 3306 1602 Moysi
3337 1530 3562 1595 sedent,
3587 1544 3680 1584 se-

331 1641 432 1697 Ille
465 1658 579 1697 non
611 1645 700 1698 est
731 1640 1015 1696 dicendus
1064 1657 1192 1697 esse
1223 1641 1283 1696 in
1313 1642 1594 1709 Ecclesia,
1626 1642 1683 1697 id
1716 1648 1805 1698 est
1836 1643 1905 1697 ad
1940 1653 1988 1718 Β
2018 1634 2229 1718 οξπυτξξ
2258 1636 2351 1718 ΨΘ
2395 1622 2530 1718 if?”
2578 1622 3111 1718 maglsleﬂmeﬁr
3136 1620 3217 1718 d°_
3256 1636 3372 1718 (In?
3426 1618 3678 1691 δρίτίίυδ

259 1731 599 1787 societatem
651 1730 897 1801 spiritus
944 1729 1253 1801 pertinere,
1305 1731 1406 1802 qui
1453 1730 1658 1787 ovibus
1689 1731 1877 1786 Christ

2092 1729 2145 1767 1s
2175 1712 2316 1768 dicit
2348 1731 2361 1769 :
2395 1715 2494 1769 llic
2520 1717 2602 1770 est
2632 1715 2729 1784 qui
2761 1713 3000 1786 baptimt
3031 1712 3251 1784 (Matth.
3284 1712 3398 1783 xv).

256 1820 541 1891 corporali
569 1823 803 1874 tantum
823 1818 1235 1874 commistione
1255 1819 1389 1874 ﬁcto
1412 1820 1585 1875 corde
1608 1820 1905 1876 miscetur.

257 1908 503 1977 Spiritus
532 1908 688 1963 enim
708 1906 1021 1978 disciplinae
1051 1908 1272 1978 eﬂugiet
1289 1909 1475 1978 ﬁctum
1500 1908 1649 1979 (Sap.
1675 1909 1733 1980 1).
1759 1915 1910 1973 Qua-

257 2002 499 2068 propter
528 2001 817 2067 quotquot
844 1996 900 2049 in
933 1996 1327 2053 schismaticis
1343 1997 1429 2054 vel
1462 1998 1750 2055 haereticis
1780 2016 1914 2054 con-

260 2085 720 2158 gregationibus,
751 2084 838 2139 vel
873 2086 1067 2156 potius
1090 2087 1596 2157 segregationibus
1620 2088 1913 2159 baptizan-

258 2179 377 2241 tur,
411 2173 683 2245 quamvis
716 2190 830 2229 non
880 2174 997 2229 sint
1028 2175 1214 2230 renati
1242 2176 1480 2247 Spiritu,
1514 2180 1797 2249 tanquam
1829 2182 1913 2233 ls-

266 2262 439 2319 maeli
460 2262 810 2333 similes,qui
831 2263 1155 2317 secundum
1175 2280 1405 2319 carnem
1432 2269 1604 2321 natus
1627 2270 1715 2321 est
1732 2266 1914 2321 Abra-

266 2351 374 2421 hae,
410 2368 524 2406 non
557 2352 712 2407 sicut
744 2351 925 2421 Isaac,
958 2352 1060 2423 qui
1092 2354 1416 2408 secundum
1451 2355 1743 2426 spiritum,
1777 2356 1917 2427 quia

267 2457 374 2512 per
398 2440 915 2512 repromissionem
943 2440 1097 2511 (Gen.
1130 2443 1285 2513 xxx);
1320 2447 1516 2498 tamen
1549 2460 1682 2499 cum
1714 2445 1785 2499 ad
1818 2462 1916 2500 ca-

262 2528 543 2584 tholicam
570 2529 829 2598 veniunt,
858 2537 912 2584 et
944 2530 1206 2585 societati
1231 2531 1479 2602 spiritus
1502 2540 1915 2606 aggregantur,

264 2634 441 2689 quem
476 2618 614 2673 foris
644 2618 846 2689 procul
871 2618 1051 2675 dubio
1076 2637 1191 2674 non
1225 2619 1540 2691 habebant,
1574 2640 1688 2678 non
1720 2625 1805 2679 eis
1830 2641 1916 2679 re-

264 2706 487 2778 petitur
513 2706 803 2763 lavacrum
831 2707 1043 2763 carnis.
1068 2713 1193 2764 Non
1226 2709 1385 2764 enim
1416 2711 1595 2765 defuit
1626 2712 1802 2768 etiam
1833 2714 1919 2768 fo-

266 2797 347 2852 ris
378 2796 588 2868 positis
620 2796 734 2852 ista
774 2795 963 2851 forma
1010 2797 1268 2868 pietatis,
1301 2799 1399 2854 sed
1435 2798 1623 2855 abfuit
1651 2801 1756 2869 eis,
1790 2819 1919 2874 quae

266 2884 381 2940 nisi
415 2885 576 2941 intus
606 2902 722 2941 non
756 2889 950 2957 potest
997 2885 1124 2941 dari
1174 2887 1371 2943 unitas
1402 2889 1668 2960 spiritus,
1700 2891 1761 2945 in
1792 2892 1919 2947 vin-

267 2972 401 3030 culo
433 2977 615 3047 pacis.

556 3092 686 3147 Ωιι).
725 3090 844 3144 155.
876 3120 945 3131 -
980 3090 1240 3148 Tractatu
1268 3093 1509 3164 ejusdem
1536 3096 1626 3151 63.

338 3206 604 3262 Ηωινθιὶοἰ
635 3214 689 3262 et
720 3207 1082 3263 schismatici
1111 3210 1180 3263 de
1212 3210 1373 3265 fiscis
1404 3212 1725 3271 Dominicis
1748 3232 1920 3288 pecu-

264 3294 344 3350 lia
374 3296 484 3350 sibi
534 3295 820 3364 fecerunt,
852 3299 909 3349 et
956 3311 1164 3368 greges
1196 3314 1311 3353 non
1345 3300 1579 3370 Christi,
1628 3305 1729 3359 sed
1781 3323 1922 3362 suos

266 3388 471 3439 contra
500 3383 794 3439 Christum
832 3400 1069 3454 pascere
1112 3385 1443 3443 voluerunt.
1481 3390 1651 3447 Plane
1682 3393 1741 3448 in
1774 3394 1919 3466 ipsis

266 3471 745 3527 damnationibus
767 3472 1314 3547 [dominationibus]
1337 3479 1485 3543 suis,
1501 3480 1738 3536 titulum
1763 3482 1922 3539 illius

267 3564 615 3630 posuerunt.
647 3557 721 3614 Ut
752 3560 955 3630 prada:
992 3561 1226 3618 illorum
1271 3563 1721 3624 defenderentur
1752 3571 1923 3642 quasi

266 3663 373 3718 per
405 3646 642 3703 titulum
683 3648 953 3719 potentis.
1002 3650 1148 3714 Quid
1192 3653 1329 3707 facit
1358 3654 1652 3727 Christus,
1686 3662 1922 3730 quando

265 3734 413 3791 tales
464 3742 901 3806 convertuntur,
934 3740 1034 3810 qui
1091 3740 1230 3796 foris
1278 3742 1350 3797 ab
1383 3744 1638 3801 Ecclesia
1687 3748 1924 3805 titulum

269 3825 400 3894 ejus
434 3825 811 3896 baptismatis
861 3830 1262 3899 acceperunt?
1312 3832 1486 3900 Ejicit
1516 3835 1917 3907 praedatorem,

270 3917 329 3969 et
362 3913 602 3969 titulum
634 3932 748 3971 non
780 3917 1039 3988 deponit.
1072 3918 1180 3971 Sed
1213 3920 1475 3989 possidet
1500 3921 1766 3994 domum,
1791 3927 1928 3997 quia

269 4003 497 4059 invenit
526 4004 606 4059 ibi
637 4005 875 4061 titulum
909 4006 1047 4077 quid
1081 4023 1230 4077 opus
1261 4011 1372 4077 est,
1400 4014 1465 4064 ut
1496 4017 1683 4067 mutet
1713 4031 1925 4071 nomen

273 4092 499 4149 suum?

359 4211 493 4263 CAP.
534 4210 658 4266 156.
689 4241 761 4253 -
788 4213 1129 4338 Augusti/iu:
1152 4229 1323 4339 sgper
1349 4216 1617 4272 Joannem
1640 4222 1789 4290 part.
1815 4238 1852 4289 ι,

1006 4301 1099 4339 rac
1129 4327 1140 4339 .
1214 4326 1226 4339 .

1006 4301 1140 4339 raet.
1172 4301 1226 4339 ἰ).

339 4377 436 4447 (De
464 4392 633 4446 cons.,
665 4379 794 4435 dist.
828 4381 882 4450 4,
930 4397 981 4435 c.
1029 4383 1393 4455 Baptismus).
1441 4386 1746 4458 Baptimus
1785 4388 1923 4446 talis
1955 4384 2003 4450 D

269 4469 377 4535 est,
410 4466 601 4536 qualis
632 4472 721 4522 est
750 4468 867 4535 ille,
894 4470 953 4524 in
977 4471 1146 4541 cujus
1180 4477 1530 4542 potestatem
1563 4477 1775 4546 datur;
1809 4495 1924 4534 non

270 4553 459 4623 qualis
492 4554 589 4610 ille
620 4561 709 4612 est
741 4574 843 4629 per
872 4559 1041 4629 cujus
1073 4560 1466 4618 ministerium
1498 4564 1692 4621 datur.

653 4675 785 4729 CAP.
823 4674 945 4728 157.
978 4705 1047 4715 —-
1079 4679 1217 4730 Item
1250 4676 1308 4730 in
1340 4677 1544 4733 eodem.

343 4768 491 4832 Quid
524 4775 764 4826 noverat
792 4773 1043 4829 Joannes
1078 4772 1385 4844 Baptista?
1420 4776 1750 4834 Dominum.
1777 4781 1925 4846 Quid

270 4871 384 4910 non
411 4862 648 4913 noverat
670 4862 692 4913 ‘t
728 4859 1079 4916 Potestatem
1099 4862 1377 4931 baptismi
1396 4863 1684 4922 Dominici
1708 4867 1765 4922 in
1789 4868 1926 4925 nul-

272 4944 395 5000 lum
426 4944 719 5002 hominem
756 4965 789 5003 a
819 4951 1064 5006 Domino
1097 4951 1503 5018 transituram,
1527 4957 1629 5010 sed
1655 4957 1923 5013 ministe-

270 5032 425 5088 rium
460 5033 631 5105 plane
663 5037 1073 5094 transiturum.
1132 5040 1489 5095 Potestatem
1523 5060 1555 5097 a
1585 5044 1830 5101 Domino
1863 5047 1923 5101 in

270 5122 590 5191 neminem,
624 5125 723 5179 sed
774 5126 1168 5182 ministerium
1214 5128 1275 5182 in
1307 5128 1491 5185 bonos
1525 5137 1581 5186 et
1622 5134 1678 5187 in
1714 5135 1921 5192 malos.

270 5210 396 5266 Non
428 5211 739 5268 exhorreat
756 5214 1029 5270 columba
1047 5215 1442 5271 ministerium
1469 5219 1754 5277 malorum
1780 5242 1794 5290 ;
1830 5239 1921 5278 re-

272 5300 484 5369 spiciat
513 5301 746 5358 Domini
778 5308 1147 5374 potestatem.
1174 5303 1321 5368 Quid
1349 5304 1455 5360 tibi
1490 5308 1627 5363 facit
1657 5311 1925 5366 minister

273 5387 488 5453 malus,
524 5389 626 5446 ubi
658 5391 849 5448 bonus
898 5396 987 5448 est
1033 5391 1365 5448 Dominus?
1413 5394 1561 5458 Quid
1595 5401 1650 5454 te
1680 5397 1925 5472 impedit

276 5472 608 5535 malitiosus
640 5496 847 5552 prisco,
880 5481 931 5539 si
963 5480 1278 5539 benevolus
1308 5485 1399 5538 est
1417 5483 1602 5553 judex
1622 5486 1649 5542 τ

2401 1821 2537 1875 CAP.
2576 1821 2695 1876 159.
2728 1852 2797 1861 -—
2827 1823 2965 1876 Item
2996 1822 3054 1874 in
3084 1819 3291 1875 eodem.

2091 1908 2189 1979 (De
2218 1925 2387 1979 cons.,
2418 1910 2544 1965 dist.
2578 1911 2630 1979 4,
2664 1927 2711 1965 c.
2745 1912 2882 1966 Cum
2910 1909 3260 1981 baptismus).
3293 1909 3449 1973 Quos
3481 1907 3681 1978 bapti-

2020 1999 2170 2052 zavit
2196 1998 2400 2068 Judas,
2432 1998 2699 2054 Christus
2731 1998 3069 2070 baptizavit.
3103 1996 3162 2051 Si
3195 2012 3332 2068 ergo
3356 2012 3500 2067 quos
3532 1996 3681 2067 bap-

2020 2086 2218 2141 tizavit
2261 2088 2551 2155 ebriosus,
2604 2105 2753 2160 quos
2802 2086 3118 2159 baptizavit
3165 2085 3480 2150 homicida,
3529 2100 3682 2155 quos

2022 2175 2339 2247 baptizavit
2364 2176 2615 2246 adulter,
2644 2175 2694 2231 si
2725 2176 3056 2247 baptismus
3087 2174 3301 2229 Christi
3333 2176 3475 2241 erat,
3513 2171 3682 2226 Chri-

2025 2270 2154 2319 stus
2186 2265 2518 2336 baptizavit.
2551 2265 2679 2319 Non
2722 2264 2901 2319 timeo
2952 2263 3310 2331 adulterum,
3342 2278 3458 2316 non
3487 2260 3685 2317 ebrio-

2026 2370 2181 2421 sum,
2216 2370 2330 2409 non
2353 2354 2731 2425 homicidam,
2755 2353 2895 2425 quia
2926 2351 3259 2408 columbam
3297 2350 3553 2420 attendo,
3577 2365 3689 2421 per

2028 2459 2206 2514 quam
2238 2442 2384 2497 mihi
2416 2443 2632 2499 dicitur
2664 2459 2676 2497 :
2710 2445 2809 2498 Hic
2837 2447 2915 2497 est
2964 2444 3061 2513 qui
3114 2442 3357 2512 baptimt
3402 2440 3585 2510 (loan.
3616 2439 3683 2509 1)-

2026 2534 2186 2587 Item.
2217 2531 2523 2589 Homicida
2553 2533 2715 2588 dedit
2745 2530 3109 2604 baptismum
3142 2530 3376 2595 Christi,
3406 2528 3561 2601 quod
3595 2543 3685 2582 sa-

2029 2626 2392 2677 cramentum
2423 2626 2541 2677 tam
2576 2626 2848 2679 sanctum
2871 2625 2983 2687 est,
3008 2624 3071 2675 ut
3104 2635 3209 2675 nec
3240 2617 3537 2674 homicida
3568 2616 3682 2671 mi-

2029 2711 2315 2767 nistrante
2345 2709 2663 2783 polluatur.

2417 2821 2550 2873 CAP.
2586 2818 2708 2873 160.
2741 2849 2809 2858 —
2839 2820 2998 2887 Item,
3029 2823 3189 2871 tract.
3221 2817 3275 2869 6.

2100 2907 2197 2977 (De
2224 2923 2397 2975 cons”
2428 2906 2556 2962 dist.
2590 2907 2643 2977 4,
2676 2923 2723 2962 c.
2758 2907 2893 2962 Cum
2925 2904 3207 2977 baptimt.)
3240 2903 3388 2959 Dum
3421 2900 3680 2973 baptizat

1947 3020 1990 3088 ρ
2028 2994 2220 3088 malus
2249 3013 2317 3051 ex
2357 2994 2556 3088 aliqua
2598 2994 2685 3088 vel
2733 2991 3375 3088 ignorantia-ecclesiae
3403 2990 3491 3088 vel
3534 2988 3683 3045 tole—

2032 3084 2224 3138 rantia
2248 3103 2262 3154 ;
2294 3092 2389 3139 aut
2421 3083 2577 3139 enim
2607 3084 2956 3156 ignorantur
2977 3081 3117 3137 mali
3144 3085 3245 3136 aut
3274 3080 3557 3137 toleratur
3582 3095 3681 3151 pa-

2028 3171 2139 3242 lea,
2173 3189 2479 3244 quousque
2510 3173 2569 3227 in
2604 3171 2812 3228 ultimo
2835 3171 3147 3228 ventilatur
3174 3187 3328 3227 area.
3354 3167 3503 3225 Illud
3528 3167 3683 3240 quod

2031 3262 2237 3317 datum
2269 3266 2378 3331 est,
2415 3279 2599 3317 unum
2630 3266 2737 3329 est,
2779 3278 2881 3317 nec
2933 3262 3124 3332 impar
3157 3264 3394 3332 propter
3426 3258 3683 3330 impares

2033 3351 2357 3417 ministros,
2388 3351 2488 3405 sed
2513 3367 2617 3422 par
2646 3355 2704 3405 et
2733 3348 2955 3421 atquale
2977 3353 3214 3421 propter
3233 3347 3391 3402 hunc
3413 3348 3513 3417 qui
3543 3346 3684 3418 bap-

2031 3439 2191 3495 tizat.
2226 3440 2590 3511 (Augustinus
2633 3440 2698 3495 de
2738 3440 3122 3494 ecclesiasticis
3152 3435 3388 3507 regulis,
3418 3452 3538 3508 cap.
3569 3435 3681 3505 52).

2034 3528 2099 3583 Hi
2134 3529 2232 3599 qui
2260 3530 2409 3599 apud
2442 3528 2574 3584 illos
2623 3528 2924 3584 haereticos
2974 3526 3251 3598 baptizati
3295 3530 3458 3594 sunt,
3491 3525 3590 3597 qui
3623 3525 3680 3580 in

2033 3621 2246 3672 sanctae
2259 3617 2563 3673 Trinitatis
2586 3617 2953 3673 confessione
2975 3616 3345 3685 baptizantur
3366 3619 3423 3670 et
3441 3614 3683 3670 veniunt

2034 3706 2105 3760 ad
2137 3705 2506 3772 catholicam,
2530 3706 2883 3777 recipiantur
2913 3705 3151 3776 quidem
3185 3708 3248 3759 ut
3278 3702 3580 3774 baptizati,
3611 3715 3681 3757 ne

2034 3800 2245 3849 sancta:
2277 3795 2582 3851 Trinitatis
2608 3795 2891 3850 invocatio
2909 3794 2995 3850 vel
3014 3794 3304 3850 confessio
3326 3792 3679 3848 annulletur.

2033 3884 2143 3939 Sed
2178 3884 2497 3940 doceantur
2542 3885 2766 3956 integre
2815 3889 2873 3940 et
2919 3883 3295 3939 instruantur
3342 3899 3456 3953 quo
3504 3898 3680 3937 sensu

2035 3978 2247 4029 sanctae
2279 3974 2582 4029 Trinitatis
2623 3974 2965 4047 mysterium
3000 3973 3059 4029 in
3090 3971 3347 4028 Ecclesia
3377 3975 3681 4040 teneatur;

2034 4066 2092 4118 et
2123 4062 2170 4117 si
2203 4063 2579 4118 consentiunt
2604 4064 2858 4129 credere,
2881 4062 2967 4117 vel
2988 4062 3369 4133 acquiescant
3400 4058 3679 4126 confiteri,

2036 4152 2270 4223 purgati
2301 4151 2434 4207 ﬁdei
2466 4152 2822 4223 integritate,
2856 4151 3168 4207 ﬁrmentur
3198 4166 3409 4205 manus
3442 4150 3677 4221 imposi-

2034 4240 2215 4295 tione.
2249 4240 2309 4295 Si
2339 4257 2471 4296 vero
2490 4240 2714 4312 parvuli
2738 4244 2877 4296 sunt
2897 4244 2953 4295 et
2973 4239 3211 4295 hebetes
3236 4239 3333 4311 qui
3355 4237 3676 4294 doctrinam

2036 4345 2151 4384 non
2185 4328 2439 4399 capiant,
2472 4329 2865 4401 respondeant
2886 4344 2989 4401 pro
3022 4327 3141 4382 illis
3173 4327 3272 4398 qui
3303 4343 3403 4383 eos
3431 4325 3677 4382 offerunt

2028 4418 2197 4488 juxta
2227 4433 2450 4472 morem
2481 4418 2841 4490 baptizandi,
2863 4422 2921 4472 et
2950 4416 3032 4472 sic
3063 4432 3165 4487 per
3194 4432 3404 4471 manus
3434 4415 3677 4487 imposi-

2032 4506 2251 4562 tionem
2275 4506 2595 4563 chrismate
2620 4505 2991 4572 communiti,
3014 4521 3146 4559 cum
3168 4504 3535 4560 eucharistias
3559 4521 3675 4577 my-

2036 4595 2231 4652 steriis
2252 4595 2664 4653 admittantur.
2688 4596 2897 4652 Solutio
2919 4595 3214 4665 Augustini
3233 4594 3302 4649 ad
3323 4598 3675 4665 qwstionem

2036 4685 2214 4741 Orosii
2244 4685 2302 4755 (l.
2346 4701 2409 4755 ιι,
2442 4690 2631 4756 quaest.
2665 4687 2736 4740 65
2767 4686 2823 4740 in
2856 4684 3099 4755 dialogo.
3144 4684 3239 4754 (De
3265 4699 3438 4754 cons.,
3468 4682 3593 4738 dist.
3624 4683 3675 4753 4,

2034 4789 2085 4829 c.
2116 4774 2469 4845 Baptismus).
2506 4774 2783 4841 Quamvis
2814 4789 2999 4829 unum
3031 4772 3326 4843 baptisma
3356 4772 3433 4827 sit
3462 4771 3676 4827 hereti-

2035 4879 2256 4930 corum,
2287 4880 2490 4919 corum
2522 4864 2746 4920 scilicet
2782 4863 2882 4935 qui
2912 4862 2971 4916 in
3004 4861 3242 4917 nomine
3272 4860 3478 4931 Patris,
3511 4866 3567 4916 et
3594 4861 3675 4915 Fi-

2035 4952 2118 5020 lii,
2151 4957 2207 5007 et
2236 4952 2494 5024 Spiritus
2525 4952 2715 5009 sancti
2742 4951 3062 5023 baptizant,
3095 4954 3151 5005 et
3181 4949 3453 5005 Ecclesiae
3483 4950 3675 5006 catho-

2034 5040 2201 5109 licae;
2234 5046 2431 5097 tamen
2464 5042 2603 5113 quia
2634 5041 2775 5097 foris
2806 5039 3112 5096 ecclesiam
3142 5039 3533 5109 baptizantur,
3566 5056 3673 5095 non

2034 5134 2279 5186 sumunt
2309 5130 2671 5202 baptismum
2694 5133 2763 5185 ad
2794 5128 3069 5195 salutem,
3094 5128 3194 5183 sed
3226 5127 3297 5182 ad
3330 5129 3670 5200 perniciem;

2032 5218 2321 5275 habentes
2371 5218 2655 5274 nimirum
2705 5220 2951 5274 formam
2984 5217 3359 5283 sacramenti,
3405 5217 3671 5273 virtutem

2034 5312 2226 5364 autem
2258 5308 2383 5378 ejus
2404 5308 2780 5379 abnegantes.
2796 5307 2866 5362 Et
2894 5306 3022 5363 ideo
3046 5322 3144 5362 eos
3166 5306 3423 5362 Ecclesia
3454 5323 3568 5362 non
3591 5323 3671 5362 re-

2032 5396 2307 5468 baptizat,
2343 5395 2483 5467 quia
2513 5396 2573 5451 in
2606 5395 2842 5452 nomine
2882 5394 3189 5451 Trinitatis
3213 5393 3489 5466 baptizati
3520 5400 3668 5467 sunt,

2030 5487 2161 5558 ipsa
2191 5490 2282 5540 est
2311 5485 2568 5557 profecto
2599 5487 2787 5543 forma
2833 5483 3209 5542 sacramenti.
3261 5485 3393 5540 Ideo
3423 5486 3565 5542 dum
3594 5500 3669 5545 re-
