3982 6060
235 213 313 267 97
1316 206 1628 261 DECRETI
1667 208 1853 260 PARS
1890 207 1933 258 Ι.
1967 233 2035 243 -
2073 208 2169 260 DE
2206 209 2395 275 FIDE,
2436 209 2593 264 ETC.
3596 211 3668 267 98

234 335 393 392 versi
427 332 667 401 fuerint,
700 329 1011 402 [accipient
1066 328 1340 384 virtutem
1383 325 1634 399 Spiritus
1688 326 1897 398 sancti,
1931 328 1983 396 Α
2015 330 2301 398 agendum
2327 329 2629 400 repentina
2648 329 3548 406 pietatemoveatur.Quanquam
3574 342 3662 392 ta-

237 442 423 498 quam
458 424 519 478 bi
550 423 649 493 qui
682 406 825 478 foris
855 419 1167 476 ecclesiam
1200 418 1593 490 baptizantur,
1640 418 1905 473 nondum

239 514 836 584 habent.Augustinus
854 514 1049 567 contra
1073 510 1419 566 Cresconium
1450 509 1902 576 grammaticum,

244 606 347 660 lib.
382 622 458 659 XI.
492 602 609 657 Hoc
640 606 729 656 est
761 616 985 666 verum,
1005 598 1113 654 hoc
1135 615 1371 665 sanum,
1391 597 1498 653 hoc
1521 596 1901 664 catholicum,

253 692 415 763 quod
450 690 720 746 Christus
753 688 999 743 mundet
1028 685 1443 758 accipientium
1491 684 1901 752 conscientias,

246 783 369 836 sive
401 798 503 853 per
530 780 715 835 bonos
748 776 1053 833 ministros
1073 776 1352 848 baptismi
1375 775 1488 843 sui,
1516 775 1637 830 sive
1656 792 1758 846 per
1775 791 1901 829 ma-

244 870 365 925 los.
411 872 539 925 Item
572 885 692 939 cap.
728 867 782 921 l.
814 866 1108 937 Siquzeris
1125 865 1419 937 quomodo
1439 863 1733 936 baptizent
1753 880 1901 935 quos

246 958 555 1013 damnavit
584 955 867 1023 Ecclesia,
928 954 1253 1026 respondeo
1311 954 1396 1008 sic
1452 970 1553 1008 eos
1609 952 1904 1025 baptizare

245 1047 545 1119 quomodo
568 1044 1049 1117 baptizant,quos
1065 1043 1367 1097 damnavit
1393 1042 1569 1112 Deus,
1587 1047 1902 1111 antequam

243 1136 321 1190 de
351 1135 473 1190 illis
500 1133 826 1206 quidquam
853 1132 1145 1202 judicaret
1175 1132 1448 1187 Ecclesia.
1474 1131 1591 1186 Lib.
1618 1146 1827 1201 m,cap.
1846 1131 1900 1185 6.

240 1225 343 1293 (De
372 1240 521 1279 cons.
554 1225 684 1278 dist.
719 1223 775 1287 4,
806 1237 851 1276 c.
904 1220 964 1277 Si
998 1221 1184 1292 inter).
1207 1220 1262 1274 Si
1296 1220 1449 1275 inter
1479 1220 1664 1275 bonos
1696 1218 1902 1274 minis-

243 1319 394 1380 tros,
429 1329 560 1367 cum
595 1311 673 1367 sit
699 1310 854 1366 alius
886 1309 1000 1365 alio
1032 1308 1261 1377 melior,
1294 1326 1409 1364 non
1441 1312 1530 1365 est
1560 1308 1767 1364 melior
1796 1309 1902 1364 ba-

244 1402 532 1473 ptismus,
564 1400 666 1471 qui
699 1416 802 1470 per
832 1398 1131 1454 meliorem
1166 1399 1371 1453 datur:
1405 1397 1564 1454 nullo
1600 1398 1771 1452 modo
1817 1401 1905 1453 est

247 1490 469 1560 malus,
507 1489 603 1560 qui
635 1489 813 1544 etiam
845 1504 949 1560 per
977 1487 1201 1543 malum
1236 1489 1432 1552 datur,
1465 1487 1701 1559 quando
1747 1486 1901 1541 idem

247 1580 593 1652 baptismus
624 1579 834 1645 datur;
869 1591 927 1632 et
965 1576 1095 1632 ideo
1140 1594 1244 1650 per
1287 1576 1595 1631 ministros
1635 1576 1903 1648 dispares

250 1672 352 1726 Dei
387 1686 604 1725 munus
634 1668 856 1741 aequale
886 1671 995 1734 est,
1030 1668 1168 1739 quia
1200 1685 1313 1723 non
1346 1666 1609 1734 illorum,
1640 1668 1739 1722 sed
1773 1667 1902 1737 ejus
1935 1698 1983 1764 Β

248 1764 378 1815 est.

321 1878 459 1931 Cap.
495 1873 617 1929 161.
648 1903 718 1914 -
752 1872 1010 1942 Pelagius
1037 1872 1150 1926 PP.
1183 1869 1490 1927 Gaudentio
1511 1872 1778 1942 episcopo.

320 1963 404 2019 De
424 1961 809 2031 hareticis,ex
831 1952 1048 2032 quibus
1071 1976 1173 2031 per
1194 1958 1505 2015 Paulinum
1532 1959 1903 2015 ﬁliumtuum

242 2053 438 2108 virum
483 2050 880 2107 clarissimum
916 2066 1021 2106 nos
1065 2049 1459 2105 consulendos
1491 2065 1620 2105 esse
1650 2048 1901 2105 duxisti:

245 2146 318 2196 ut
350 2141 399 2194 si
433 2140 676 2210 quidam
706 2154 775 2193 ex
805 2138 877 2192 iis
910 2137 1113 2193 reverti
1144 2135 1348 2192 volunt
1364 2137 1435 2191 ad
1458 2136 1808 2192 catholicam
1833 2137 1904 2190 f1-

246 2229 410 2295 dem,
430 2233 633 2282 utrum
656 2225 991 2297 baptizandi
1014 2225 1153 2292 sint,
1173 2241 1248 2280 an
1266 2225 1677 2279 tantummodo
1703 2241 1905 2280 recon-

248 2315 644 2385 ciliandi,haec
664 2318 827 2369 tuam
850 2314 1123 2369 volumus
1139 2313 1564 2367 fraternitatem
1584 2313 1903 2382 custodire,

249 2424 382 2480 quae
418 2406 575 2462 circa
606 2406 832 2461 Sirmize
852 2410 908 2460 ct
929 2403 1290 2476 Simgidunte
1317 2402 1548 2475 aliaque
1571 2403 1763 2459 vicina
1780 2404 1908 2460 loca

249 2496 380 2568 (ubi
405 2496 583 2551 istius
602 2495 839 2551 hearesis
858 2494 1127 2549 homines
1145 2492 1311 2549 multi
1331 2497 1494 2562 sunt)
1519 2494 1789 2549 novimus
1809 2510 1907 2548 cu-

248 2584 483 2654 stodiri,
519 2588 582 2638 ut
613 2583 752 2655 quia
776 2583 834 2637 in
867 2583 1102 2638 nomine
1128 2582 1497 2638 solummodo
1529 2582 1765 2651 Christi,
1789 2599 1908 2638 una

250 2673 432 2730 etiam
458 2671 751 2727 mersione
774 2686 835 2725 se
859 2674 1133 2725 asserunt
1155 2669 1460 2741 baptizari.
1490 2669 1906 2741 Evangelicum

248 2778 387 2816 vero
422 2765 777 2831 praeceptum
809 2759 963 2831 (ipso
983 2764 1100 2814 Deo
1132 2758 1378 2814 Domino
1400 2762 1457 2812 et
1483 2757 1781 2815 Salvatore
1803 2776 1907 2814 no-

249 2857 373 2908 stro
402 2851 547 2907 Jesu
579 2850 810 2907 Christo
843 2850 1133 2920 tradente)
1153 2865 1259 2904 nos
1284 2849 1561 2903 admonet
1582 2848 1640 2902 in
1666 2849 1905 2905 nomine

245 2940 741 3006 Trinitatis,trina
766 2939 943 2994 etiam
969 2937 1260 2993 mersione
1280 2937 1907 3010 haptismaunicuique

247 3030 534 3094 tribuere,
569 3029 796 3083 dicente
825 3027 1074 3082 Domino
1127 3031 1327 3082 nostro
1372 3025 1683 3097 discipulis
1728 3028 1897 3083 suis:
1934 3062 1978 3131 ρ

250 3122 352 3190 Ite,
386 3121 658 3191 baptimte
685 3133 870 3174 omnes
898 3127 1080 3189 gentes
1113 3120 1168 3173 in
1199 3120 1422 3173 nomine
1439 3119 1645 3186 Patris,
1672 3124 1722 3174 et
1751 3120 1901 3187 Filii,

251 3212 301 3265 et
357 3208 605 3279 Spiritus
657 3207 839 3262 sancti
867 3206 1089 3277 (Matth.
1140 3206 1362 3276 xxvm).
1396 3205 1452 3260 Si
1487 3221 1685 3261 revera
1733 3206 1791 3260 hi
1842 3208 1913 3262 de

255 3296 519 3369 prafatis
550 3294 866 3361 haereticis,
900 3295 1000 3366 qui
1035 3295 1093 3349 in
1115 3292 1260 3349 locis
1278 3293 1580 3350 dilectioni
1601 3299 1711 3349 tua:
1733 3294 1904 3350 desti-

256 3385 419 3441 natis
442 3384 651 3440 vicinis
675 3383 1026 3439 commorari
1050 3383 1348 3450 dicuntur,
1368 3382 1743 3439 solummodo
1768 3399 1828 3438 se
1850 3383 1911 3439 in

258 3474 503 3530 nomine
530 3474 756 3529 Domini
781 3474 1108 3546 baptizatos
1131 3472 1311 3528 fuisse
1343 3473 1587 3529 forsitan
1626 3473 1913 3528 conﬁten-

256 3568 318 3617 tu
332 3562 517 3627 r,sine
537 3562 846 3632 cujusdam
873 3561 1261 3618 dubitationis
1291 3562 1569 3633 ambiguo
1597 3578 1697 3617 eos
1720 3564 1789 3617 ad
1814 3579 1909 3617 ca-

255 3650 540 3705 tholicam
574 3650 747 3704 Iidem
766 3650 1085 3718 venientes,
1107 3654 1323 3705 sanctas
1345 3649 1650 3705 Trinitatis
1676 3650 1911 3705 nomine

256 3738 610 3808 baptizabis.
636 3738 737 3793 Sin
771 3754 904 3793 vero
938 3739 1089 3811 apud
1113 3738 1487 3794 dilectionem
1511 3742 1676 3794 tuam
1707 3754 1910 3795 eorum

256 3826 359 3896 qui
377 3827 636 3881 converti
660 3826 1202 3896 volunt,manifesta
1224 3827 1590 3882 confessione
1613 3826 1909 3895 claruerit,

255 3916 416 3986 quod
454 3916 511 3970 in
545 3916 857 3970 Trinitatis
890 3916 1125 3970 nomine
1170 3916 1387 3971 fuerint
1431 3915 1734 3987 baptizati,
1786 3916 1912 3971 sola

254 4002 688 4057 conciliationis
707 4003 891 4071 gratia
910 4003 1198 4075 impensa,
1221 4003 1519 4059 catholica»
1538 4003 1911 4059 reconciliare

256 4090 396 4146 ﬁdei
420 4091 838 4160 maturabis,ut
860 4090 962 4145 tali
981 4092 1365 4164 dispositione
1391 4096 1622 4146 servata
1642 4091 1786 4146 nihil
1804 4092 1910 4146 ali-

253 4182 345 4232 ter
375 4195 555 4249 quam
587 4179 740 4249 quod
775 4178 1111 4250 evangelica
1134 4179 1305 4249 jubet
1336 4178 1677 4249 auctoritas,
1724 4182 1910 4235 teme-

254 4266 449 4322 ritatis
479 4268 795 4338 cujusdam
840 4267 1051 4340 Spiritu
1084 4268 1353 4323 videatur
1383 4266 1679 4324 effectum.

252 4381 391 4438 CAP.
426 4382 552 4438 462.
584 4412 654 4423 -—-
683 4383 1020 4451 Augustinus
1047 4383 1111 4438 de
1157 4383 1427 4453 baptismo
1483 4388 1680 4438 contra
1724 4383 1908 4439 Dona-

750 4456 910 4509 tistas
942 4454 1040 4508 lib.
1078 4472 1141 4523 11,
1171 4470 1293 4526 cap.
1324 4454 1415 4508 53.

321 4545 430 4611 (De
450 4558 622 4609 cons.,
656 4542 781 4597 dist.
842 4544 894 4597 4.
952 4558 1000 4597 c.
1062 4543 1208 4598 Solet
1261 4544 1425 4598 etiam
1481 4543 1705 4614 quaeri.)
1755 4540 1910 4599 Solet

250 4630 426 4685 etiam
444 4630 623 4701 quaeri
646 4639 848 4685 utrum
871 4630 1318 4701 approbandum
1333 4630 1409 4686 sit
1425 4630 1906 4702 baptisma,quod

252 4720 322 4775 ab
342 4736 409 4773 eo
433 4718 535 4790 qui
562 4736 674 4775 non
696 4720 941 4791 accepit,
978 4718 1294 4791 accipitur:
1326 4720 1374 4774 si
1402 4718 1547 4773 forte
1569 4718 1677 4774 hoc
1710 4721 1907 4774 curio-

249 4808 424 4863 sitate
446 4807 644 4881 aliqua
672 4807 875 4863 didicit
898 4809 1194 4879 quomodo
1208 4809 1468 4863 dandum
1499 4808 1905 4878 [quemadmo-

249 4898 418 4968 dum]
445 4897 545 4963 sit,
565 4902 620 4952 et
642 4901 839 4952 utrum
870 4896 1015 4952 nihil
1039 4896 1419 4967 intersit,quo
1444 4897 1639 4953 animo
1653 4897 1904 4969 accipiat

247 4984 475 5051 ille,cui
491 4986 666 5041 datur
686 5003 820 5041 cum
840 4984 1238 5053 simulatione,
1267 5002 1338 5040 an
1359 4985 1486 5041 sine
1503 4984 1900 5042 simulatione.

246 5074 305 5130 Si
335 5091 472 5129 cum
504 5075 902 5143 simulatione,
939 5080 1131 5132 utrum
1160 5074 1390 5142 fallens,
1424 5076 1578 5131 sicut
1622 5075 1679 5129 in
1704 5075 1898 5132 Eccle-

245 5162 357 5230 sia,
383 5161 467 5217 vel
493 5162 551 5217 in
574 5180 640 5218 ea
662 5181 789 5235 quae
831 5168 1071 5234 putatur
1113 5164 1386 5230 Ecclesia,
1414 5181 1487 5219 an
1507 5165 1717 5235 jocans
1748 5166 1901 5221 sicut

244 5249 304 5303 in
341 5251 545 5305 mimo.
581 5251 647 5305 Et
677 5251 819 5323 quid
855 5251 933 5307 sit
964 5252 1307 5309 sceleratius
1330 5253 1390 5308 in
1413 5252 1669 5309 Ecclesia
1688 5254 1900 5311 fallaci-

242 5343 332 5393 ter
365 5338 649 5408 accipere,
680 5358 753 5395 an
785 5341 843 5394 in
878 5340 1083 5397 haeresi
1116 5343 1203 5397 vel
1233 5342 1555 5398 schismate
1587 5343 1713 5399 sine
1740 5344 1898 5399 falla-

240 5429 352 5496 cia,
378 5428 435 5482 id
461 5434 550 5484 est
570 5430 767 5486 animo
800 5447 917 5486 non
942 5431 1245 5488 simulato.
1280 5432 1347 5487 Et
1373 5436 1569 5489 utrum
1592 5433 1653 5489 in
1687 5432 1897 5491 haeresi

240 5517 555 5587 fallaciter,
590 5536 665 5577 an
696 5520 754 5588 in
792 5521 951 5578 mino
985 5538 1122 5578 cum
1154 5522 1291 5589 fide,
1316 5522 1366 5579 si
1395 5523 1709 5596 quisquam
1743 5525 1898 5583 inter

1938 4435 1986 4500 D

2016 416 2221 484 lem,si
2246 419 2424 473 etiam
2446 418 2527 472 illi
2551 420 2944 489 conferamus,
2986 421 3084 492 qui
3120 422 3176 477 in
3215 422 3343 493 ipsa
3377 425 3663 482 catholica

2016 505 2301 562 fallaciter
2322 508 2554 579 accipit,
2588 508 2805 564 mirum
2837 510 2885 564 si
2918 510 3222 566 dubitatur
3252 512 3384 584 quis
3407 513 3500 568 cui
3523 532 3666 586 prae-

2017 594 2291 652 ferendus
2314 596 2566 660 sit.Quid
2592 598 2745 653 enim
2768 598 2951 670 prosit
2969 598 3202 655 animus
3223 602 3505 657 veraciter
3518 604 3661 658 dan-

2013 684 2090 738 tis
2115 684 2398 739 fallaciter
2429 686 2759 756 accipienti,
2789 703 2904 741 non
2950 687 3138 743 video.
3165 689 3273 744 Sed
3308 690 3666 747 arbitremur

2014 772 2270 844 aliquem
2304 774 2481 829 etiam
2506 773 2789 830 fallaciter
2805 775 3042 831 dantem
3071 793 3083 830 :
3110 793 3243 832 cum
3269 783 3324 833 et
3346 780 3587 836 tradens
3609 784 3667 836 et

2012 862 2325 933 accipiens,
2361 863 2646 920 fallaciter
2676 868 2851 936 agant
2871 864 2930 918 in
2954 865 3085 936 ipsa
3107 866 3331 923 unitate
3355 869 3664 936 catholica,

2016 955 2211 1006 utrum
2244 951 2353 1007 hoc
2386 953 2573 1024 magis
2604 953 2899 1024 baptisma
2922 953 2998 1009 sit
3025 957 3469 1026 acceptandum,
3496 975 3567 1013 an
3592 958 3664 1012 il-

2014 1039 2113 1095 lud
2148 1042 2303 1112 quod
2334 1041 2391 1095 in
2426 1042 2603 1096 mimo
2635 1043 2845 1097 datur:
2880 1042 2931 1097 si
2963 1044 3096 1114 quis
3128 1044 3661 1118 exsistatlideliter,

2014 1138 2211 1193 subito
2251 1142 2581 1194 commotus
2613 1138 2928 1211 accipiens,
2962 1158 3035 1195 an
3067 1146 3356 1211 quantum
3402 1144 3473 1198 ad
3507 1144 3666 1216 ipsos

2014 1227 2251 1298 quidem
2305 1227 2571 1283 homines
2632 1229 2839 1284 attinet
2898 1229 3215 1300 plurimum
3274 1231 3455 1287 distat
3512 1233 3665 1287 inter

2014 1317 2345 1371 credentem
2379 1317 2437 1371 in
2481 1319 2661 1372 mimo
2701 1323 2757 1373 et
2787 1318 2844 1371 in
2878 1318 3135 1374 Ecclesia
3167 1319 3534 1392 irridentem,
3590 1322 3663 1377 ad

2012 1404 2202 1476 ipsius
2234 1410 2429 1460 autem
2460 1406 2812 1461 sacramenti
2843 1407 3238 1479 integritatem
3272 1408 3418 1465 nihil
3478 1409 3663 1465 inter-

2014 1494 2109 1549 sit.
2145 1494 2203 1549 Si
2233 1494 2389 1549 enim
2425 1494 2569 1549 nihil
2604 1496 2846 1550 interest
2891 1497 2959 1551 ad
3011 1496 3407 1570 integritatem
3460 1516 3658 1555 sacra-

2015 1582 2196 1638 menti
2230 1583 2287 1637 in
2322 1584 2450 1655 ipsa
2479 1584 2785 1652 catholica,
2820 1588 3015 1640 utrum
3051 1586 3107 1640 id
3141 1586 3323 1657 aliqui
3375 1586 3663 1644 fallaciter

2014 1688 2085 1726 an
2115 1672 2393 1726 veraciter
2424 1676 2636 1742 agant:
2671 1689 2805 1727 cum
2839 1677 3035 1728 tamen
3068 1674 3177 1729 hoc
3225 1674 3380 1730 idem
3426 1676 3663 1748 utrique

2014 1764 2210 1832 agant,
2246 1777 2351 1815 cur
2380 1767 2543 1816 extra
2588 1762 2821 1817 intersit
2878 1778 2991 1817 non
3041 1762 3227 1834 video,
3281 1766 3518 1836 quando
3564 1765 3664 1821 ille

2015 1849 2116 1921 qui
2148 1851 2380 1920 accipit,
2416 1867 2528 1905 non
2563 1850 2940 1906 simulatione
2972 1851 3273 1924 palliatus,
3305 1855 3406 1909 sed
3433 1854 3661 1927 religio-

2014 1955 2087 1993 ne
2116 1944 2372 1995 mutatus
2403 1944 2507 1995 est.
2540 1941 2625 1994 An
2657 1938 2790 2011 plus
2823 1939 3019 1996 valent
3069 1942 3140 1996 ad
3189 1943 3661 1999 conﬁrmandum

2015 2034 2451 2083 sacramentum
2482 2045 2718 2084 veraces
2749 2029 2901 2084 inter
2932 2046 3080 2101 quos
3112 2032 3325 2103 agitur,
3379 2049 3556 2104 quam
3590 2034 3662 2087 ad

2015 2117 2423 2172 frustrandum
2466 2117 2549 2172 illi
2604 2117 2839 2173 fallaces
2872 2118 3152 2189 aquibus
3213 2120 3426 2190 agitur,
3489 2125 3545 2176 et
3604 2120 3663 2175 in

2015 2206 2228 2276 quibus
2255 2205 2469 2278 agitur.
2506 2208 2573 2260 Et
2608 2216 2799 2262 tamen
2841 2206 2889 2260 si
2923 2213 3125 2277 postea
3157 2210 3461 2279 probatur,
3493 2226 3663 2265 nemo

2017 2295 2245 2365 repetit,
2279 2296 2380 2349 sed
2414 2299 2514 2350 aut
2545 2296 3110 2351 excommunicando
3154 2297 3398 2367 punitur
3447 2298 3549 2353 illa
3580 2299 3662 2354 si-

2019 2382 2285 2448 mulatio,
2319 2388 2422 2438 aut
2454 2385 2787 2454 paenitendo
2823 2389 3085 2439 sanatur.
3122 2385 3232 2440 Sed
3266 2386 3435 2441 nobis
3466 2391 3660 2441 tutum

2016 2476 2106 2527 est
2128 2472 2186 2526 in
2211 2489 2275 2527 ea
2300 2488 2414 2526 non
2446 2473 2715 2543 progredi
2750 2471 2947 2542 aliqua
2977 2472 3305 2528 temeritate
3337 2475 3662 2539 sententiae,

2018 2576 2144 2630 quae
2178 2558 2337 2614 nullo
2385 2559 2443 2613 in
2495 2560 2781 2615 catholico
2828 2558 3109 2631 regionali
3161 2561 3405 2616 concilio
3454 2566 3666 2632 coepta,

2019 2658 2179 2715 nullo
2198 2657 2458 2730 plenario
2481 2658 2793 2713 terminata
2823 2662 2983 2713 sunt.
3019 2658 3081 2713 Id
3117 2662 3313 2713 autem
3338 2658 3551 2713 ﬁducia
3573 2675 3663 2714 se-

2017 2764 2167 2802 cura:
2190 2747 2289 2818 [sit
2309 2748 2469 2818 cura]
2497 2747 2655 2802 vocis
2680 2763 2961 2815 asserere,
2985 2748 3138 2818 quod
3161 2747 3217 2801 in
3244 2747 3665 2820 gubernatione

2016 2836 2250 2892 Domini
2282 2837 2463 2891 nostri
2521 2836 2660 2891 Jesu
2720 2836 2932 2892 Christi
2994 2836 3343 2892 universalis
3395 2836 3665 2893 Ecclesiae

2017 2925 2403 2982 consensione
2436 2926 2775 2981 roboratum
2807 2930 2913 2980 est.
2967 2925 3385 2981 Verumtamen
3430 2925 3481 2981 si
3529 2925 3664 2997 quis

2018 3031 2111 3070 me
2144 3015 2289 3070 forte
2320 3014 2379 3069 in
2412 3013 2513 3069 illo
2532 3014 2778 3069 concilio
2802 3013 3320 3084 constitutum,ubi
3352 3014 3557 3070 talium
3584 3031 3672 3070 re-

2022 3120 2151 3159 rum
2184 3104 2429 3175 quaestio
2452 3108 2928 3170 versaretur,non
2959 3103 3408 3173 procedentibus
3428 3103 3670 3174 talibus,

2021 3219 2271 3273 quorum
2305 3202 2630 3257 sententias
2660 3202 2827 3272 sequi
2862 3200 3120 3270 mallem,
3154 3204 3388 3273 urgeret
3416 3206 3481 3256 ut
3510 3202 3669 3258 dice-

2022 3308 2164 3360 rem,
2198 3292 2334 3363 quid
2372 3291 2497 3362 ipse
2527 3291 2829 3361 sentirem,
2861 3289 2911 3346 si
2942 3305 3009 3345 eo
3060 3290 3232 3345 modo
3291 3289 3531 3345 affectus
3572 3307 3665 3346 es-

2021 3396 2169 3449 sem,
2193 3398 2308 3453 quo
2333 3397 2516 3453 eram,
2541 3396 2671 3436 cum
2696 3397 2763 3435 ea
2784 3380 3468 3451 dictarem,nequaquam
3494 3380 3666 3433 dubi-

2020 3471 2269 3526 bitarem
2301 3470 2512 3525 habere
2543 3469 2906 3540 baptismum
2931 3485 3029 3524 eos
3060 3469 3160 3539 qui
3192 3468 3532 3539 ubicunque
3556 3473 3612 3523 et
3636 3484 3667 3523 a

2021 3559 2473 3630 quibuscunque
2505 3557 2649 3612 illud
2668 3557 2861 3612 verbis
2879 3556 3231 3628 evangelicis
3259 3560 3667 3613 consecratum

2022 3649 2147 3705 sine
2175 3666 2282 3703 sua
2312 3647 2689 3703 simulatione
2720 3652 2777 3702 et
2809 3663 2942 3701 cum
2994 3646 3194 3717 aliqua
3242 3647 3355 3702 ﬁde
3405 3647 3669 3718 accepis-

2023 3741 2191 3804 sent;
2240 3753 2580 3808 quanquam
2614 3737 2697 3791 eis
2734 3736 2804 3791 ad
2842 3735 3095 3791 salutem
3135 3734 3507 3806 spiritualem
3546 3751 3661 3790 non

2023 3827 2343 3897 prodesset,
2368 3826 2419 3880 si
2446 3824 2728 3880 charitate
2752 3824 3229 3895 caruissent,qua
3250 3824 3551 3879 catholicae
3576 3824 3667 3878 in-

2020 3920 2355 3970 sererentur
2380 3914 2662 3969 Ecclesiae.
2687 3914 2749 3969 Si
2769 3916 2938 3979 enim,
2962 3913 3406 3984 inquit,habeam
3421 3913 3672 3982 ﬁdem,ut

2021 4010 2228 4059 montes
2250 4004 2603 4073 transferam,
2625 4003 2958 4057 charitatem
2980 4010 3163 4057 autem
3185 4019 3294 4055 non
3321 4002 3555 4055 habeam
3578 4003 3667 4054 ni-

2021 4093 2105 4147 hil
2134 4110 2253 4148 sum
2282 4093 2327 4164 (Ι
2362 4092 2480 4148 Cor.
2512 4095 2660 4160 xm).
2695 4092 2858 4147 Sicut
2879 4091 3005 4160 jam
3040 4089 3347 4160 prmtcritis
3374 4090 3665 4158 majorum

2018 4181 2279 4251 statutis,
2300 4198 2412 4236 non
2447 4180 2650 4235 dubito
2684 4181 2861 4235 etiam
2889 4178 3023 4233 illos
3045 4177 3259 4232 habere
3279 4176 3667 4249 baptismum,

2020 4279 2144 4349 qui,
2178 4279 2446 4349 quamvis
2475 4278 2529 4332 id
2555 4276 2843 4333 fallaciter
2870 4275 3160 4347 accipiant
3181 4274 3240 4329 in
3273 4273 3548 4342 Ecclesia,
3581 4279 3673 4329 ta~

2020 4384 2155 4423 men
2190 4367 2244 4422 id
2278 4368 2579 4439 accipiunt
2606 4366 2694 4421 vel
2728 4366 2825 4422 ubi
2856 4382 2983 4422 esse
3029 4370 3270 4436 putatur
3311 4363 3566 4420 Ecclesia
3598 4364 3671 4418 ab

2018 4455 2193 4513 eisin
2227 4473 2481 4526 quorum
2528 4454 2804 4511 societate
2853 4456 2909 4510 id
2962 4453 3267 4526 accipitur,
3323 4454 3393 4509 de
3451 4453 3671 4523 quibus

2020 4546 2243 4601 dictum
2277 4550 2401 4600 est:
2438 4548 2521 4600 Ex
2538 4546 2693 4600 nobis
2728 4546 2983 4599 exierunt
3026 4544 3072 4615 (I
3099 4545 3257 4599 Joan.
3291 4542 3374 4611 11).
3410 4541 3515 4597 Ubi
3562 4559 3669 4597 au-

2018 4638 2135 4689 tem
2156 4649 2344 4704 neque
2369 4633 2615 4688 societas
2639 4632 2757 4687 ulla
2779 4638 2935 4687 esset
2957 4631 3036 4687 ita
3053 4630 3444 4699 credentium,
3479 4645 3668 4702 neque

2018 4722 2114 4778 ille
2135 4722 2234 4794 qui
2260 4722 2339 4776 ibi
2365 4720 2671 4793 acciperet,
2695 4722 2775 4775 ita
2792 4721 3073 4786 crederet,
3099 4720 3199 4775 sed
3224 4724 3413 4775 totum
3448 4718 3670 4773 ludicre

2018 4816 2074 4865 et
2106 4811 2340 4866 mimice
2358 4808 2775 4880 etjoculariter
2798 4814 3086 4880 ageretur,
3119 4812 3315 4862 utrum
3340 4807 3667 4879 approban-

2014 4901 2126 4955 dus
2149 4903 2304 4955 esset
2332 4898 2665 4970 baptismus
2689 4897 2786 4969 qui
2812 4899 2897 4953 sic
2920 4897 3178 4966 daretur,
3212 4897 3472 4952 divinum
3499 4895 3666 4968 judi-

2012 4991 2169 5045 cium
2205 5006 2307 5061 per
2335 4988 2588 5059 alicujus
2620 4986 2989 5043 revelationis
3032 4986 3337 5042 oraculum
3385 4984 3662 5042 concordi

2012 5079 2274 5135 oratione
2304 5078 2622 5149 gemitibus
2644 5075 3078 5147 implorandum
3105 5092 3235 5131 esse
3259 5092 3555 5131 censerem
3588 5076 3668 5130 ita

2012 5184 2151 5225 sane
2184 5173 2247 5222 ut
2278 5172 2411 5240 post
2452 5182 2544 5221 me
2598 5166 2860 5222 dicturos
2910 5166 3255 5234 sententias,
3291 5165 3340 5221 si
3371 5165 3511 5235 quid
3536 5165 3663 5235 jam

2011 5258 2379 5329 exploratum
2411 5260 2468 5312 et
2523 5256 2821 5327 cognitum
2882 5256 3178 5318 afferrent,
3241 5254 3544 5310 humiliter
3594 5268 3665 5307 ex

2009 5352 2360 5418 spectarem.
2396 5347 2474 5402 Ib.
2504 5363 2544 5415 ι,
2575 5362 2701 5417 cap.
2734 5345 2784 5400 l.
2821 5346 2915 5415 (De
2945 5361 3095 5401 cons.
3123 5344 3249 5399 dist.
3284 5345 3336 5398 4.
3371 5359 3419 5397 c.
3471 5342 3667 5397 Osten-

2007 5436 2204 5509 ditur.)
2232 5435 2579 5493 Ostenditur
2610 5433 2745 5490 illos
2778 5434 2956 5506 impie
2988 5435 3197 5498 facere,
3247 5431 3345 5503 qui
3397 5431 3662 5505 rebapti-

2006 5543 2135 5584 zare
2162 5530 2454 5584 conantur
2482 5524 2641 5582 orbis
2701 5524 3016 5593 unitatem,
3074 5526 3131 5578 et
3187 5536 3294 5579 nos
3355 5525 3511 5578 recte
3572 5522 3664 5577 fa-
