3916 6034
287 236 357 290 99

288 378 434 427 cere,
469 358 569 431 qui
624 356 726 413 Dei
784 354 1152 410 sacramenta
1208 350 1540 421 improbare
1572 365 1679 405 nec
1722 348 1782 404 in
1813 348 1941 421 ipso
1971 354 2027 421 Α

289 450 610 506 schismate
640 446 949 502 audemus.
980 444 1043 497 In
1096 458 1211 512 quo
1265 440 1421 495 enim
1475 439 1647 495 nobis
1697 455 1941 495 consen-

288 540 370 596 tiu
382 539 533 607 nt,in
551 554 616 593 eo
635 536 808 591 etiam
834 533 1141 588 nobiscum
1157 530 1387 585 sunt.ln
1405 546 1471 584 eo
1494 533 1685 585 autem
1709 547 1742 584 a
1770 527 1938 583 nobis

290 630 680 692 recesserunt,
716 626 775 679 in
805 639 919 694 quu
952 639 983 675 a
1016 619 1185 674 nobis
1216 618 1598 674 dissentiunt.
1651 618 1787 673 Item
1828 618 1936 671 ibi-

288 720 429 775 dem.
462 718 903 773 Sacramentum
936 708 1213 780 baptismi
1259 711 1367 774 est,
1404 708 1558 780 quod
1605 706 1781 762 habet
1834 705 1935 778 qui

291 808 706 879 baptizatur;et
720 802 1150 857 sacramentum
1169 796 1347 851 dandi
1362 796 1641 867 baptismi
1661 796 1932 866 est,quod

284 897 463 952 habet
492 892 593 966 qui
636 890 961 947 ordinatur.
1005 885 1171 942 Sicut
1213 886 1370 941 enim
1415 886 1748 958 baptizatus
1779 883 1828 939 si
1861 884 1932 938 ab

284 987 511 1041 unitate
535 978 1303 1046 recesserit,sacramentum
1329 975 1608 1047 baptismi
1634 991 1746 1030 non
1767 973 1935 1029 amit-

280 1074 388 1142 tit;
416 1073 498 1128 sic
526 1070 703 1126 etiam
723 1068 1051 1138 ordinatus,
1071 1066 1121 1121 si
1145 1065 1216 1121 ab
1242 1064 1462 1119 unitate
1484 1063 1807 1129 recesserit,
1834 1079 1930 1117 sa-

279 1166 645 1217 cramentum
670 1158 849 1214 dandi
873 1155 1154 1228 baptismi
1176 1171 1290 1209 non
1316 1153 1553 1209 amittit.
1578 1151 1929 1208 Nullietiam

284 1254 655 1308 sacramento
681 1247 902 1317 injuria
933 1245 1202 1300 facienda
1229 1247 1318 1299 est
1345 1262 1358 1297 :
1387 1241 1435 1297 si
1468 1241 1720 1297 discedit
1749 1257 1782 1294 a
1803 1256 1931 1295 ma-

282 1339 708 1409 lis,utrumque
731 1333 1057 1403 discedit,si
1082 1336 1388 1405 permanet
1405 1332 1464 1385 in
1490 1330 1682 1396 malis,
1704 1334 1930 1385 utrum-

282 1443 392 1500 que
428 1429 747 1499 permanet.
773 1422 829 1476 Si
857 1438 994 1493 ergo
1018 1424 1355 1492 acceptatur
1376 1418 1728 1490 baptismus,
1752 1433 1927 1490 quem

279 1533 394 1572 non
430 1514 620 1588 potuit
649 1512 916 1569 amittere
945 1510 1047 1581 qui
1079 1510 1151 1564 ab
1185 1509 1404 1563 unitate
1423 1507 1813 1575 discesserat;
1842 1507 1927 1563 sic

278 1604 671 1677 asceptandus
703 1606 791 1657 est
822 1600 1176 1671 baptismus,
1210 1614 1382 1669 quem
1408 1596 1569 1652 dedit
1595 1596 1692 1651 ille
1710 1595 1810 1668 qui
1836 1613 1928 1652 sa-

278 1698 644 1749 cramentum
678 1690 878 1760 dandi,
921 1704 1056 1744 cum
1088 1688 1437 1756 discederet,
1471 1702 1585 1741 non
1621 1685 1922 1741 amiserat.

278 1786 414 1839 Item
443 1799 563 1853 cap.
599 1783 667 1837 12
697 1780 873 1851 eiusd.
920 1778 1073 1833 libri.
1107 1776 1165 1833 Si
1206 1776 1275 1832 ad
1334 1775 1700 1848 baptismum
1752 1775 1923 1831 fictus

273 1871 537 1938 accessit,
572 1870 819 1925 dimissa
848 1873 988 1924 sunt
1012 1867 1063 1922 ei
1097 1870 1353 1939 peccata,
1385 1882 1457 1920 an
1490 1881 1606 1919 non
1630 1864 1872 1920 dimissa
1896 1863 1924 1918 ?

269 1962 502 2032 Eligant
533 1960 687 2032 quod
720 1958 944 2025 volunt,
976 1954 1322 2011 utrumlibet
1343 1954 1639 2024 elegerint,
1674 1954 1925 2009 sufficiet

276 2049 467 2106 nobis.
500 2049 555 2103 Si
588 2048 833 2103 dimissa
863 2045 1135 2114 dixerint,
1168 2044 1462 2115 quomodo
1501 2059 1636 2114 ergo
1667 2042 1922 2114 Spiritus

277 2143 521 2194 sanctus
544 2134 866 2207 disciplinae
891 2133 1097 2206 effugit
1137 2133 1338 2187 fictum
1362 2132 1512 2203 (Sap.
1550 2131 1606 2204 ι),
1640 2131 1689 2186 si
1722 2131 1779 2186 in
1809 2131 1922 2186 isto

276 2229 411 2283 ﬁcto
431 2225 838 2282 remissionem
863 2228 1138 2294 operatus
1161 2226 1249 2277 est
1262 2221 1668 2293 peccatorum?
1688 2220 1747 2275 Si
1771 2220 1925 2275 dixe-

274 2317 394 2371 rint
425 2333 538 2371 non
574 2330 704 2370 esse
733 2314 1003 2381 dimissa,
1038 2328 1257 2385 quaero,
1292 2310 1340 2366 si
1373 2314 1575 2381 postea
1624 2310 1922 2365 ﬁctionem

274 2423 444 2463 suam
478 2404 650 2460 corde
681 2419 967 2458 concusso
999 2407 1056 2457 et
1084 2418 1217 2456 vero
1249 2399 1447 2456 dolore
1479 2400 1779 2468 fateretur,
1823 2399 1923 2453 de-

274 2511 391 2549 nuo
424 2494 817 2565 baptizandus
840 2490 1227 2562 judicaretur.
1263 2489 1425 2555 Quod
1459 2488 1506 2544 si
1551 2485 1922 2543 dementissi-

274 2600 440 2639 mum
471 2585 560 2638 est
590 2581 804 2651 dicere,
839 2580 1135 2636 fateantur
1175 2594 1305 2633 vero
1363 2577 1658 2649 baptismo
1709 2576 1923 2633 Christi

272 2672 557 2743 baptizari
590 2687 764 2743 posse
794 2670 1117 2737 hominem,
1141 2673 1199 2723 et
1224 2672 1420 2723 tamen
1444 2666 1686 2736 corejus
1715 2665 1773 2720 in
1799 2682 1923 2720 ma-

274 2760 406 2815 litia
434 2760 521 2815 vel
562 2758 867 2831 sacrilegio
901 2773 1285 2829 perseverans
1330 2759 1701 2827 peccatorum
1750 2756 1921 2812 abso-

275 2847 562 2904 lutionem
595 2865 709 2902 nun
743 2847 935 2902 sinere
965 2846 1112 2914 fieri,
1147 2851 1322 2917 atque
1359 2844 1442 2900 ita
1472 2843 1808 2914 intelligant
1862 2845 1922 2900 in

271 2936 795 2992 communionibus
827 2936 898 2990 ab
933 2935 1189 2990 Ecclesia
1220 2934 1506 3005 separatis
1538 2950 1710 3004 posse
1733 2933 1924 2988 homi-

271 3042 403 3080 nem
439 3024 744 3096 baptizari,
776 3023 873 3079 ubi
901 3023 1115 3079 Christi
1148 3024 1476 3096 baptismus
1497 3024 1702 3078 eadem
1727 3040 1922 3078 sacra-

1407 231 1475 281 D.
1519 226 1759 282 IVONIS
1793 224 2286 282 CARNOTENSIS
2322 229 2641 286 EPISCOPI

1958 1728 2002 1795 B

270 3114 455 3169 menti
496 3094 886 3169 celebratione
928 3113 1102 3167 datur
1130 3117 1188 3166 et
1216 3094 1513 3167 sumitur:
1570 3112 1668 3181 qui
1722 3116 1914 3166 tamen
1949 3094 1993 3162 C

268 3208 409 3259 tunc
441 3203 628 3275 prosit
659 3202 729 3259 ad
752 3201 1170 3257 remissionem
1190 3205 1583 3272 peccatorum,
1610 3217 1742 3256 cum
1767 3202 1925 3272 quis-

265 3308 378 3365 que
424 3291 844 3347 reconciliatus
902 3290 1110 3345 unitati
1163 3288 1472 3360 sacrilegio
1531 3289 1923 3345 dissensionis

272 3382 651 3453 exuitur,quo
679 3382 808 3452 ejus
830 3384 1067 3452 peccata
1083 3379 1458 3446 tenebantur,
1485 3382 1541 3434 et
1563 3378 1784 3434 dimitti
1809 3395 1921 3434 non

272 3470 640 3527 sinebantur.

694 3582 830 3634 CAP.
868 3576 989 3633 163.
1022 3609 1090 3618 —
1124 3579 1257 3634 Item
1287 3576 1512 3633 ibidem.

337 3685 435 3755 (De
462 3701 637 3753 cons.,
670 3685 798 3740 dist.
834 3686 887 3754 4,
930 3702 979 3741 c.
1038 3684 1314 3755 Quomodo
1370 3683 1604 3739 exaudit
1665 3685 1822 3752 Deus,
1874 3692 1924 3739 et

269 3779 335 3829 P.
369 3776 518 3830 Lom.
554 3775 590 3829 ι.
624 3792 701 3842 1v,
735 3774 789 3830 d.
831 3775 885 3844 4,
934 3791 980 3829 c.
1029 3776 1141 3845 Qui
1186 3773 1355 3843 vero.)
1399 3773 1547 3827 Nam
1597 3772 1922 3844 impeditur

269 3862 551 3934 baptismi
580 3864 790 3935 gratia,
822 3863 1142 3933 quominus
1159 3861 1353 3917 omnia
1379 3868 1614 3932 peccata
1637 3861 1919 3929 dimittat,

269 3950 445 4008 etiam
478 3952 527 4008 ei
560 3952 761 4008 odium
795 3952 1117 4007 fraternum
1152 3950 1209 4005 in
1242 3950 1370 4021 cjus
1401 3948 1493 4005 cui
1516 3949 1918 4020 dimittuntur,

271 4042 468 4098 animo
501 4046 853 4114 perseverat.
886 4040 1141 4097 Solvitur
1172 4039 1329 4095 enim
1366 4038 1670 4094 hesternus
1692 4039 1839 4105 dies,
1867 4042 1922 4094 et

268 4132 557 4203 quidquid
583 4130 1126 4203 superest,solvitur
1142 4129 1317 4185 etiam
1348 4129 1473 4201 ipsa
1497 4128 1641 4182 hora
1664 4144 1921 4183 momen-

269 4223 517 4290 tumque
549 4225 683 4275 ante
716 4220 1079 4291 baptismum
1112 4222 1169 4273 et
1200 4218 1257 4273 in
1291 4217 1607 4290 baptismo.
1637 4216 1921 4288 Deinceps

272 4312 465 4362 autem
501 4308 779 4362 continuo
807 4325 941 4363 reus
976 4325 1106 4363 esse
1138 4306 1363 4379 incipit,
1397 4324 1510 4362 non
1543 4306 1737 4361 solum
1782 4322 1919 4361 con-

274 4396 672 4466 sequentium,
703 4397 801 4451 sed
823 4396 999 4451 etiam
1024 4395 1451 4468 praeteritorum
1477 4395 1728 4463 dierum,
1750 4394 1920 4449 hora-

3601 233 3715 289 100

2412 351 2542 408 CAP.
2578 353 2700 407 164.
2728 383 2797 394 -
2828 353 2947 407 Lib.
2973 368 3058 423 ιιι,
3091 367 3211 423 cap.
3247 353 3335 410 10.

2119 440 2214 509 (De
2231 455 2495 509 comem,
2528 442 2657 499 dist.
2693 442 2745 510 4,
2777 457 2827 498 c.
2861 442 2977 497 Non
3006 446 3087 497 est
3119 458 3285 514 aqua.
3319 445 3457 514 Aug.
3492 445 3589 501 lib.
3612 462 3707 517 In,

2045 532 2235 584 contra
2263 532 2556 600 epistotam
2602 532 2970 587 Parmenioni
3024 548 3146 603 cap.
3195 532 3306 604 11.)
3359 534 3708 606 Baptismus

2043 633 2179 673 vero
2212 618 2423 674 Christi
2456 620 2650 675 verbis
2684 619 3037 692 evangelicis
3070 626 3475 689 consecratus,
3511 629 3567 679 et
3598 641 3709 696 per

2045 706 2365 772 adulteros,
2395 712 2451 764 et
2482 708 2541 763 in
2574 707 2861 764 adulteris
2894 713 3140 765 sanctus
3173 713 3282 781 est,
3306 712 3578 784 quamvis
3611 712 3703 768 illi

2045 794 2163 850 sint
2192 796 2472 868 impudici
2506 802 2564 853 et
2596 797 2906 865 immundi,
2929 799 3068 869 quia
3089 802 3147 854 et
3172 801 3301 872 ipsa
3322 800 3450 871 ejus
3473 802 3704 857 sancti-

2041 888 2133 940 tas
2166 885 2344 958 pollui
2379 904 2493 942 non
2517 893 2728 960 potest,
2750 892 2807 943 et
2833 894 3202 945 sacramento
3236 907 3342 945 suo
3365 891 3564 947 divina
3584 892 3703 948 vir-

2042 978 2137 1031 tus
2168 975 2411 1047 assistit,
2434 976 2555 1033 sive
2581 978 2653 1033 ad
2678 977 2926 1033 salutem
2950 978 3097 1033 bene
3130 980 3445 1048 utentium,
3469 981 3587 1037 sive
3619 982 3697 1038 ad

2039 1063 2354 1134 perniciem
2389 1066 2538 1121 male
2571 1067 2882 1122 utentium.
2917 1067 3052 1122 Item
3081 1067 3126 1140 (Ι
3157 1085 3209 1139 q.
3245 1086 3282 1137 1,
3315 1085 3362 1123 c.
3392 1070 3552 1141 Quod
3573 1072 3696 1141 qui-

2038 1151 2184 1207 dam.
2218 1154 2360 1209 Ibid.
2383 1154 2877 1226 Aug.).Catholica
2897 1172 3031 1212 vero
3055 1150 3361 1229 prepterea
3381 1175 3499 1214 non
3521 1160 3702 1217 debet

2038 1240 2249 1297 iterare
2272 1244 2656 1315 baptismum,
2700 1245 2800 1316 qui
2849 1246 3001 1317 apud
3039 1245 3341 1302 hereticos
3372 1248 3545 1303 datus
3578 1252 3696 1315 est,

2038 1345 2112 1385 ne
2136 1330 2405 1401 judicare
2432 1334 2703 1389 videatur
2727 1334 2989 1406 ipsorum
3016 1350 3145 1390 esse
3167 1336 3320 1407 quod
3340 1335 3555 1392 Christi
3578 1342 3695 1408 est,

2038 1424 2141 1473 aut
2168 1435 2265 1475 eos
2298 1437 2411 1475 non
2446 1421 2681 1486 habere,
2728 1422 2882 1493 quod
2942 1422 3104 1479 intus
3163 1439 3297 1479 cum
3355 1424 3693 1497 acciperent

2037 1507 2303 1564 amittere
2333 1509 2537 1582 utique
2568 1511 2723 1566 foras
2762 1512 3024 1567 exeundo
3075 1528 3191 1567 non
3237 1518 3497 1584 possent.
3546 1516 3690 1571 Item

2035 1598 2131 1669 (De
2158 1614 2304 1654 cons.
2336 1599 2492 1668 dist.,
2523 1601 2573 1668 4,
2606 1618 2653 1656 c.
2686 1606 2805 1658 Non
2839 1602 3055 1674 autem)
3084 1620 3095 1658 :
3133 1607 3251 1658 Non
3302 1607 3497 1660 autem
3532 1604 3690 1661 sicut

2034 1685 2274 1743 haeresis
2309 1688 2711 1746 haereticorum
2739 1695 2848 1759 est,
2880 1690 3036 1747 sicut
3073 1708 3234 1747 error
3262 1692 3526 1764 ipsorum
3573 1699 3687 1766 est,

2032 1776 2185 1832 sicut
2223 1776 2595 1850 sacrilegium
2654 1778 3042 1836 dissensionis
3100 1780 3364 1852 ipsorum
3422 1786 3531 1849 est,
3600 1782 3688 1839 sic

2033 1864 2206 1919 etiam
2240 1866 2570 1937 baptismus
2600 1869 2701 1938 qui
2733 1868 2950 1924 Christi
2989 1872 3099 1935 est,
3141 1869 3314 1925 debet
3356 1869 3471 1926 dici
3520 1871 3683 1942 ipso-

2033 1970 2184 2009 rum.
2210 1956 2347 2010 Item
2381 1955 2523 2025 (cap.
2556 1956 2620 2012 13
2650 1957 2893 2027 ejusdem
2919 1958 3054 2013 libri
3076 1957 3328 2029 August.)
3350 1959 3468 2016 Nos
3487 1960 3676 2016 haere—

2030 2041 2283 2098 ticorum
2316 2060 2445 2099 esse
2483 2045 2848 2116 baptismum
2883 2046 3132 2103 dicimus
3162 2048 3355 2103 verbis
3374 2049 3684 2120 Evangeli-

2033 2130 2119 2186 cis
2152 2138 2577 2200 consecratum,
2612 2133 2893 2189 commoti
2926 2134 3092 2189 factis
3122 2150 3322 2190 eorum
3355 2140 3530 2191 etiam
3555 2152 3686 2208 qum

2034 2220 2131 2275 Dei
2165 2224 2325 2287 sunt,
2359 2221 2443 2276 eis
2473 2222 2731 2278 tribuere
2763 2221 3036 2279 volumus
3066 2224 3232 2294 quasi
3282 2240 3351 2279 ea
3394 2224 3688 2280 contami-

2035 2324 2174 2364 nare
2205 2311 2523 2380 potuerint,
2556 2315 2657 2367 aut
2688 2316 2996 2384 propterea
3025 2328 3132 2368 sua
3173 2313 3360 2370 facere
3397 2330 3522 2386 qua
3577 2314 3684 2370 Dei

2033 2402 2204 2468 sunt,
2225 2399 2361 2471 quia
2395 2400 2509 2472 ipsi
2546 2401 2641 2457 Dei
2676 2417 2809 2457 esse
2839 2400 3175 2457 noluerunt.

2212 2517 2342 2570 CAP.
2386 2516 2501 2571 165.
2538 2548 2603 2557 —
2636 2517 2756 2573 Lib.
2791 2534 2846 2573 1v
2877 2521 2955 2573 De
2982 2517 3265 2589 baptismo,
3300 2534 3419 2590 cap.
3453 2519 3504 2574 4.

2105 2612 2271 2668 Sicut
2295 2613 2488 2685 urgeri
2516 2612 2715 2669 videor
2736 2631 2871 2669 cum
2897 2614 3039 2669 mihi
3063 2613 3311 2670 dicitur:
3337 2615 3485 2687 Ergo
3511 2614 3685 2671 haere-

2032 2700 2186 2756 ticus
2219 2702 2463 2758 dimittit
2495 2708 2732 2775 peccata
2757 2703 2784 2758 ‘I
2814 2703 2898 2759 sic
2931 2708 2987 2760 et
3018 2719 3122 2776 ego
3157 2720 3334 2776 urgeo
3366 2720 3498 2759 cum
3533 2705 3687 2773 dico,

2031 2789 2181 2861 Ergo
2210 2790 2307 2861 qui
2332 2790 2588 2846 coelestia
2614 2792 2893 2847 mandata
2925 2808 3039 2848 non
3065 2797 3277 2859 servat,
3307 2809 3539 2863 avarus,
3562 2810 3691 2867 rap-

2032 2881 2144 2947 tor,
2180 2879 2491 2947 fenerator,
2527 2878 2783 2946 invidus,
2804 2880 3000 2937 verbis
3028 2879 3239 2936 saeculo
3266 2898 3382 2936 non
3406 2880 3575 2936 factis
3600 2899 3691 2939 re-

2034 2966 2335 3037 nuntians,
2361 2968 2608 3024 dimittit
2630 2974 2913 3041 peccata?
2943 2970 3001 3026 Si
3029 2987 3129 3041 per
3165 2970 3283 3026 vim
3328 2973 3684 3028 sacramenti

2034 3058 2155 3126 Dei,
2188 3059 2344 3114 sicut
2373 3057 2488 3125 ille,
2522 3060 2602 3113 ita
2632 3064 2688 3114 et
2734 3058 2852 3115 ille.
2885 3059 2940 3114 Si
3001 3076 3102 3131 per
3157 3060 3432 3116 meritum
3487 3078 3688 3133 suum,

2035 3163 2141 3202 nec
2160 3146 2276 3216 ille,
2296 3164 2398 3203 nec
2426 3147 2543 3203 ille.
2578 3147 2727 3204 Illud
2749 3148 2904 3204 enim
2931 3153 3370 3204 sacramentum
3395 3154 3451 3205 et
3471 3148 3531 3205 in
3559 3166 3689 3205 ma-

2033 3234 2106 3291 lis
2159 3237 2501 3293 hominibus
2532 3236 2742 3293 Christi
2778 3254 2908 3293 esse
2934 3237 3329 3308 cognoscitur.
3384 3242 3519 3294 Item
3567 3240 3686 3295 eod.

2032 3329 2182 3396 cap.)
2207 3342 2220 3381 :
2247 3326 2303 3381 Si
2321 3326 2379 3380 in
2404 3325 2606 3381 haeresi
2631 3326 2965 3397 baptizatus
2984 3325 3043 3381 in
3068 3325 3304 3382 nomine
3326 3326 3688 3382 sanctzr'l‘ri-

2035 3414 2263 3480 nitatis,
2297 3432 2410 3469 non
2446 3415 2511 3469 fit
2552 3420 2747 3470 tamen
2778 3414 3066 3487 templum
3100 3413 3220 3481 Dei,
3254 3416 3305 3470 si
3357 3417 3430 3471 ah
3480 3415 3688 3472 haeresi

2034 3518 2151 3557 non
2193 3502 2522 3572 recesserit,
2583 3505 2878 3575 quomodo
2934 3519 3125 3576 neque
3185 3504 3243 3558 in
3298 3504 3567 3573 avaritia,
3627 3505 3691 3564 in

2032 3592 2237 3647 eodem
2269 3591 2506 3647 nomine
2539 3592 2876 3664 baptizatus
2927 3593 3005 3647 sit
3053 3591 3342 3664 templum
3378 3592 3497 3660 Dei,
3532 3594 3579 3648 si
3612 3594 3685 3649 ab

2032 3680 2280 3735 avaritia
2310 3697 2423 3736 non
2456 3682 2710 3748 recedat,
2757 3698 2886 3752 quas
2942 3684 3032 3737 est
3086 3681 3375 3738 idolorum
3434 3682 3686 3739 servitus

2033 3769 2249 3841 (Ephes.
2283 3770 2357 3840 v).
2395 3771 2524 3825 Item
2556 3770 2814 3841 (capite5
2844 3769 3087 3842 ejusdem
3110 3770 3232 3841 lib.)
3262 3786 3274 3826 :
3307 3770 3417 3825 Sed
3450 3770 3499 3826 si
3549 3788 3685 3842 pos-

2031 3863 2171 3913 sunt
2198 3859 2287 3929 (ut
2316 3858 2455 3930 dixi)
2492 3860 2801 3914 amborum
2838 3864 3094 3932 peccata,
3128 3858 3432 3930 aequaliter
3463 3876 3685 3932 appen-

2031 3947 2603 4019 dantur,ignorantis
2626 3947 2992 4018 blasphemia
3006 3948 3315 4005 etscientis
3334 3946 3683 4020 idololatria,

2031 4040 2088 4092 et
2117 4036 2318 4091 eadem
2348 4036 2642 4091 sententia
2683 4036 3046 4107 judicentur,
3095 4037 3195 4093 ille
3244 4037 3345 4110 qui
3384 4038 3683 4093 Christum

2033 4124 2421 4196 quaerendoin
2445 4124 2823 4180 verisimilem
2847 4140 3180 4181 sermonem
3196 4124 3473 4182 falsitatis
3494 4126 3691 4182 incur-

2033 4215 2143 4281 rit;
2176 4220 2233 4269 et
2264 4214 2360 4269 ille
2387 4215 2488 4285 qui
2521 4214 2714 4271 sciens
2745 4215 2976 4272 Christo
3018 4215 3240 4271 resistit
3285 4231 3387 4286 per
3433 4217 3684 4288 Aposto-

2030 4302 2178 4358 lum.
2235 4303 2524 4375 Quoniam,
2584 4306 2764 4360 omnis
2820 4306 3146 4375 fornicator,
3201 4308 3301 4359 aut
3351 4305 3690 4376 immundus,

2032 4396 2132 4447 aut
2159 4408 2384 4459 avarus,
2442 4394 2582 4466 quod
2639 4397 2720 4449 est
2768 4395 3044 4450 idolorum
3084 4394 3341 4460 servitus,
3381 4409 3493 4449 non
3532 4394 3693 4450 habet

277 4463 431 4549 rum,
468 4463 927 4549 momentorum,
962 4463 1346 4540 redeuntibus
1367 4483 1647 4539 omnibus
1671 4499 1800 4553 qua
1831 4482 1923 4537 di-
1956 4463 2003 4528 Ῑ)
2035 4482 2421 4537 haereditatem
2450 4463 2512 4537 in
2544 4499 2709 4554 regno
2744 4483 2950 4538 Christi
2978 4486 3031 4538 et
3063 4484 3172 4539 Dei
3200 4483 3418 4555 (Ephes.
3451 4484 3528 4555 v).
3579 4484 3695 4539 Cur

277 4572 462 4627 missa
493 4576 651 4627 sunt.
686 4574 818 4629 Item
850 4589 966 4645 cap.
1007 4574 1073 4628 13
1104 4573 1278 4641 ejusd.
1317 4571 1414 4627 lib.
1449 4571 1553 4627 Illa
1584 4587 1710 4643 quae
1742 4570 1927 4626 schis-

276 4661 472 4716 matioi
508 4661 591 4716 vel
630 4662 880 4717 haeretici
922 4678 1037 4716 non
1086 4661 1254 4717 aliter
1301 4661 1543 4727 habent,
1592 4676 1706 4714 non
1762 4659 1931 4714 aliter

270 4754 474 4822 agunt,
502 4767 681 4823 quam
714 4768 848 4806 vera
867 4750 1143 4822 Ecclesia,
1163 4766 1295 4805 cum
1316 4751 1385 4805 ad
1421 4766 1526 4805 nos
1547 4748 1790 4804 veniunt
1812 4765 1926 4804 non

271 4839 684 4905 emendamus,
747 4841 841 4897 sed
905 4839 1099 4913 potius
1149 4840 1568 4912 approbamus.
1604 4838 1666 4894 In
1709 4838 1926 4911 quibus

270 4928 426 4984 enim
456 4946 569 4985 non
622 4929 983 4986 dissentiunt
1015 4948 1048 4986 a
1076 4930 1269 4996 nobis,
1304 4930 1363 4984 in
1396 4931 1479 4985 eis
1523 4946 1635 4984 non
1693 4929 1925 4998 disjun-

272 5021 497 5089 guntur
528 5036 561 5072 a
596 5019 784 5074 nobis.
818 5020 928 5075 Sed
964 5024 1161 5074 tamen
1192 5018 1331 5089 quia
1361 5017 1508 5073 nihil
1539 5018 1624 5074 eis
1656 5021 1923 5090 prosunt,

272 5107 534 5180 quandiu
567 5107 930 5163 schismatioi
959 5108 1045 5163 vel
1070 5107 1322 5163 haeretici
1347 5110 1513 5175 sunt;
1535 5112 1771 5179 propter
1790 5106 1925 5174 alia,

270 5198 329 5254 in
362 5196 577 5269 quibus
612 5215 645 5251 a
672 5198 917 5253 veritate
948 5198 1330 5265 dissentiunt,
1369 5201 1428 5251 et
1458 5201 1696 5268 propter
1725 5194 1922 5266 ipsum

272 5287 661 5359 separationis
684 5286 1187 5342 immanissimum
1215 5285 1559 5353 scelus,sive
1584 5300 1923 5357 permanse-

272 5374 391 5428 rint
411 5376 470 5430 in
494 5375 579 5431 eis
606 5380 859 5448 peccata,
886 5375 1007 5432 sive
1033 5374 1313 5430 continuo
1338 5374 1583 5429 dimissa
1619 5372 1919 5443 redierint,

276 5464 340 5516 ut
370 5462 439 5517 ad
462 5465 712 5522 salutem
741 5464 899 5539 pacis
921 5468 1098 5539 atque
1117 5462 1419 5521 charitatis
1449 5462 1687 5521 veniant
1708 5460 1920 5519 adhor-

277 5553 498 5608 tamur.

2038 4572 2098 4626 in
2130 4570 2228 4625 illo
2256 4571 2595 4643 baptismus
2624 4576 2680 4628 et
2707 4572 3041 4644 evangelica
3059 4572 3235 4628 verba
3255 4572 3690 4644 improbantur,

2037 4660 2096 4714 in
2124 4659 2233 4715 isto
2256 4665 2451 4715 autem
2474 4662 2899 4733 approbantur,
2935 4677 3068 4717 cum
3101 4661 3176 4716 ab
3209 4660 3369 4717 illius
3401 4661 3687 4717 columba:

2040 4748 2323 4805 membris
2356 4754 2599 4822 uterque
2632 4751 2967 4806 inveniatur
2998 4749 3225 4806 alienus
3246 4749 3273 4804 ?
3302 4752 3441 4806 Item
3472 4767 3519 4805 ε.
3567 4751 3652 4805 11.

2108 4838 2207 4909 (De
2234 4854 2409 4906 cana,
2441 4838 2546 4896 dis.
2583 4841 2636 4911 4,
2668 4856 2715 4895 c.
2750 4840 2951 4895 [Vultus
2980 4839 3211 4910 autem).
3260 4838 3530 4895 Perﬁdus
3582 4856 3689 4894 au-

2035 4930 2151 4983 tem
2183 4932 2241 4983 et
2266 4928 2671 4999 blasphemus,
2706 4928 2753 4983 si
2800 4929 2857 4984 in
2911 4928 3157 5001 perfidia
3202 4931 3259 4982 et
3318 4927 3692 4999 blasphemia

2036 5017 2449 5089 permanserit,
2472 5035 2577 5073 nec
2595 5022 2758 5074 extra
2781 5017 3129 5084 Ecclesiam,
3172 5034 3277 5073 nec
3304 5017 3460 5073 intra
3488 5017 3686 5074 Eccle-

2038 5106 2187 5161 siam
2203 5107 2606 5162 remissionem
2626 5107 2837 5178 accipit
2860 5110 3256 5177 peccatorum.
3298 5110 3415 5161 Aut
3445 5106 3493 5162 si
3519 5123 3687 5178 prop-

2036 5199 2128 5250 ter
2149 5196 2262 5250 vim
2289 5196 2640 5251 sacramenti
2662 5197 2731 5251 ad
2760 5198 3041 5267 punctum
3068 5196 3351 5267 temporis
3373 5196 3607 5266 accipit,
3637 5199 3693 5251 et

2035 5283 2179 5340 foris
2200 5289 2257 5339 et
2279 5284 2439 5340 intus
2462 5285 2657 5339 eadem
2684 5284 2772 5339 vis
2805 5288 3102 5355 operatur,
3137 5284 3290 5340 sicut
3312 5285 3401 5341 vis
3424 5284 3680 5340 nominis

2033 5372 2246 5429 Christi
2272 5374 2673 5446 expulsionem
2697 5373 3126 5429 daemoniorum
3168 5374 3348 5430 etiam
3380 5373 3522 5431 foris
3553 5391 3684 5447 ope-

2035 5462 2297 5518 rabatur.
2334 5466 2465 5520 Item
2494 5480 2542 5518 c.
2574 5464 2641 5519 15
2670 5464 2766 5534 (De
2794 5479 2965 5531 c0123.,
2995 5462 3128 5519 dist.
3162 5464 3216 5534 4,
3251 5479 3302 5519 ο.
3335 5464 3482 5520 Satis
3512 5473 3687 5520 osten-

2036 5552 2265 5627 dimus).
2307 5554 2461 5612 Satis
2491 5554 2861 5612 ostendimus
2890 5555 2962 5612 ad
2990 5553 3380 5627 baptismum,
3423 5554 3526 5627 qui
3553 5548 3681 5612 ver-
