3982 6060
206 156 307 211 101

1285 155 1599 210 DECRETI
1640 154 1825 208 PARS
1862 150 1904 206 Ῐ.
1940 180 2004 190 -
2033 152 2130 205 DE
2166 154 2354 221 FIDE,
2396 155 2549 210 ETC.

3513 155 3618 214 102

203 284 296 337 bis
321 278 685 350 Evangelicis
719 280 1112 347 consecratur,
1146 294 1259 334 non
1317 279 1606 351 pertinere
1651 279 1848 349 cujus-
1880 282 1929 345 Α
1963 275 2137 330 etiam
2168 278 2238 331 de
2279 283 2482 332 sancta
2531 279 2791 334 Ecclesia
2834 279 3246 352 interrogatur.
3282 281 3455 345 Quasi
3488 299 3617 338 vero

204 389 384 444 quam
416 371 503 424 vel
539 367 732 423 dantis
756 366 841 421 vel
875 367 1215 438 accipientis
1275 385 1556 433 errorem,
1620 367 1741 422 sive
1789 368 1858 421 de

203 463 398 528 Patre,
432 459 552 514 sive
585 458 654 512 de
687 455 850 524 FlllO,
903 456 1023 511 sive
1071 457 1142 511 de
1187 457 1403 528 Spiritu
1441 461 1643 512 sancto
1694 455 1862 511 aliter

202 550 443 618 sentiat,
478 564 652 618 quam
690 545 958 601 doctrina
989 545 1244 601 cmlestis
1277 547 1561 602 insinuat.
1612 548 1771 612 Item,
1811 561 1858 599 c.

204 637 790 695 xvx.Coustituamus
832 650 967 705 ergo
1016 636 1168 691 duos
1213 636 1442 707 aliquos
1492 636 1605 692 isto
1649 635 1859 690 modo:

204 729 396 785 Unum
418 725 790 782 eorumverbi
815 724 1003 796 gratia
1022 725 1079 779 id
1113 725 1331 781 sentire
1364 727 1435 780 de
1459 725 1688 780 Christo
1707 724 1862 795 quod

203 818 494 872 Photinus
524 815 799 886 opinatus
842 818 952 882 est,
1005 819 1061 868 et
1094 814 1150 868 in
1185 815 1314 885 ejus
1346 814 1551 869 haeresi
1582 811 1862 884 baptizari

204 912 368 962 extra
421 904 690 960 Ecclesiae
752 902 1049 958 catholicas
1101 903 1622 967 communionem;
1682 901 1864 956 alium

203 1013 342 1050 vero
371 995 480 1049 hoc
513 996 667 1048 idem
701 993 940 1056 sentire,
975 993 1075 1047 sed
1110 994 1168 1046 in
1222 993 1512 1048 catholica
1563 989 1864 1062 baptizari,

205 1084 646 1139 existimantem
683 1082 868 1152 ipsam
905 1097 1034 1136 esse
1065 1080 1411 1136 catholicam
1442 1082 1635 1136 fidem.
1660 1081 1866 1142 ilstum

207 1174 476 1229 nondum
509 1171 844 1226 haereticum
880 1171 1032 1236 dico,
1069 1170 1180 1225 nisi
1217 1171 1587 1225 manifestata
1616 1169 1726 1224 sibi
1760 1169 1863 1222 do-

207 1263 403 1317 ctrina
433 1259 737 1318 catholicae
767 1259 899 1313 fidei
950 1259 1224 1314 resistere
1283 1258 1559 1313 maluerit
1608 1262 1664 1312 et
1719 1256 1863 1311 illud

208 1351 369 1422 quod
403 1349 638 1405 tenebat
669 1347 926 1419 elegerit.
970 1349 1131 1413 Quod
1168 1352 1484 1419 antequam
1529 1347 1650 1416 fiat,
1677 1346 1864 1400 mani-

210 1439 428 1495 festum
450 1443 542 1494 est
570 1437 738 1492 illum
762 1436 862 1508 qui
895 1437 1034 1492 loris
1057 1437 1391 1508 baptizatus
1414 1447 1500 1492 est
1541 1453 1668 1492 esse
1708 1436 1865 1507 pejo-

209 1545 357 1583 rem.
396 1531 596 1599 Itaque
627 1527 684 1581 in
710 1527 818 1581 hoc
850 1526 974 1582 sola
999 1526 1145 1582 falsa
1176 1527 1392 1598 Opinio,
1430 1527 1488 1580 in
1523 1525 1624 1580 illa
1671 1529 1864 1580 autem

1971 365 2064 420 ille
2096 366 2197 436 qui
2219 366 2380 422 intus
2400 385 2512 423 non
2530 369 2826 439 factis,sed
2850 369 3039 424 verbis
3065 371 3274 427 saeculo
3299 372 3617 438 renuntiat,

1971 471 2084 508 non
2109 453 2216 509 hoc
2241 455 2296 508 in
2332 457 2621 528 baptismo
2646 459 3052 530 interrogetur.
3087 459 3250 514 Sicut
3272 477 3407 531 ergo
3438 461 3618 533 hujus

1971 543 2119 599 falsa
2143 545 2443 615 responsio
2481 564 2594 602 non
2637 546 2815 601 efﬁcit
2876 552 2938 601 ut
2997 548 3329 619 baptismus
3372 567 3486 605 non
3546 552 3620 606 sit

1973 650 2144 704 quem
2173 635 2437 706 percipit,
2471 641 2527 690 et
2550 636 2702 691 sicut
2722 635 2819 691 ille
2851 636 2897 690 si
2927 643 3129 708 postea
3152 639 3304 708 quod
3340 639 3621 694 fallaciter

1973 724 2375 793 responderat,
2408 725 2690 779 veraciter
2734 725 2998 796 impleat,
3041 744 3155 781 non
3207 727 3257 781 ei
3292 727 3622 797 baptismus.

1975 810 2274 880 repetitur,
2311 813 2410 867 sed
2444 813 2559 867 vita
2591 813 2939 884 corrigitur;
2977 815 3058 869 sic
3089 820 3145 870 et
3194 815 3290 870 ille
3341 817 3387 870 si
3424 821 3625 888 postea

1973 899 2167 952 veniat
2197 900 2266 953 ad
2300 899 2640 965 Ecclesiam,
2690 901 2763 956 de
2815 917 2930 971 qua
2980 902 3378 974 interrogatus
3413 904 3622 958 falsum

1974 988 2525 1059 responderat,quia
2554 1005 2682 1043 eam
2706 1005 2766 1043 se
2799 990 3181 1054 habere,dum
3218 1009 3329 1045 non
3365 992 3621 1059 haberet,

1977 1075 2240 1146 putabat,
2275 1075 2422 1147 ipsa,
2459 1094 2636 1148 quam
2699 1095 2812 1132 non
2876 1079 3147 1145 habebat,
3179 1081 3229 1134 ei
3281 1080 3472 1149 datur,
3506 1098 3620 1136 non

1977 1164 2129 1234 quod
2159 1170 2477 1236 acceperat,
2511 1167 2775 1221 iteratur.
2809 1171 2921 1220 Cur
2970 1172 3162 1222 autem
3191 1169 3260 1222 ad
3293 1169 3467 1223 verba
3495 1186 3623 1239 quae

1978 1253 2300 1323 procedunt
2330 1271 2397 1309 ex
2429 1271 2524 1309 ore
2558 1255 2861 1309 homicidae
2897 1256 3080 1326 possit
3108 1257 3262 1310 Deus
3295 1262 3478 1312 tamen
3511 1259 3622 1312 olc-

1975 1357 2074 1394 um
2110 1342 2497 1413 sanctiﬁcare,
2532 1349 2587 1397 et
2621 1346 2676 1398 in
2713 1343 2877 1399 altari
2913 1345 3068 1416 quod
3123 1344 3381 1400 haeretici
3413 1361 3622 1418 posue-

1976 1433 2113 1483 runt
2145 1447 2258 1485 non
2283 1431 2488 1502 possit,
2518 1433 2738 1488 nescio.

2350 1539 2481 1594 CAP.
2520 1541 2638 1594 168.
2677 1571 2744 1580 —
2774 1543 2896 1596 Lz'b.
2930 1559 3004 1611 v1,
3035 1557 3157 1612 cap.
3192 1543 3246 1597 5.

211 1618 392 1673 etiam
424 1619 550 1688 ipsa
582 1615 804 1714 divisio.
822 1615 1166 1714 corrigenda
1184 1620 1296 1682 est,
1330 1617 1426 1670 sed
1463 1615 1520 1669 in
1556 1614 1868 1684 neutroip-
1902 1656 1949 1721 B
2053 1632 2113 1684 In
2148 1627 2385 1683 homine
2409 1631 2572 1700 justo
2604 1635 2660 1684 et
2703 1630 2760 1684 in
2822 1631 3060 1686 homine
3120 1632 3343 1703 injusto
3397 1648 3626 1704 semper

211 1723 418 1762 eorum
453 1704 806 1760 sacramenti
839 1704 1057 1758 veritas
1090 1705 1428 1776 repetenda.

649 1811 781 1865 CAP.
814 1811 936 1865 166.
971 1841 1037 1850 —
1069 1811 1218 1875 Item,
1267 1827 1313 1865 ε.
1352 1812 1437 1864 17.

286 1902 487 1956 Potest
509 1900 679 1955 nobis
693 1903 748 1954 et
765 1899 1050 1955 haereticis
1076 1899 1512 1972 baptismaesse
1535 1913 1868 1967 commune,

209 2007 350 2045 cum
375 1990 590 2060 quibus
635 1993 824 2061 potest
854 1993 910 2044 et
947 1988 1320 2059 Evangelium
1364 2005 1492 2043 esse
1534 2003 1865 2053 commune,

210 2080 488 2151 quamvis
535 2095 566 2133 ι
614 2079 724 2133 ﬁde
785 2084 986 2132 nostra
1043 2093 1203 2133 error
1237 2077 1414 2132 distet
1451 2077 1707 2146 illorum,
1749 2076 1869 2131 sive

209 2167 374 2222 aliud
412 2169 483 2223 de
517 2168 704 2231 Patre,
737 2168 823 2222 vel
856 2169 926 2221 de
960 2165 1120 2230 Filio,
1171 2165 1258 2219 vel
1305 2167 1374 2220 de
1408 2166 1622 2236 Spiritu
1664 2169 1866 2220 sancto

204 2257 471 2311 sentiant
503 2273 679 2328 quam
703 2255 916 2310 veritas
949 2253 1269 2322 habet,sive
1296 2255 1367 2308 ab
1397 2255 1617 2309 unitate
1643 2252 1867 2323 praecisi

207 2363 327 2401 non
361 2345 644 2417 colligant
667 2361 799 2399 cum
822 2343 900 2400 Cb
914 2343 1181 2411 risto,sed
1209 2342 1863 2414 spargant(Matth.x11).

591 2453 723 2506 CAP.
761 2451 880 2505 167.
916 2480 984 2489 —
1017 2450 1131 2503 Lib.
1167 2466 1222 2516 v,
1255 2465 1377 2518 cap.
1403 2449 1488 2504 13.

283 2542 385 2611 (De
416 2557 591 2609 cons,
624 2541 754 2595 dist.
801 2541 852 2606 4,
907 2556 952 2594 c.
986 2541 1124 2595 Cum
1154 2539 1420 2609 tantum.)
1455 2537 1599 2593 Cum
1635 2541 1864 2593 tantum

209 2629 367 2684 valet
428 2629 758 2700 baplismus
817 2643 920 2699 per
975 2626 1278 2682 hominem
1338 2625 1863 2696 contemptibilem,

207 2723 496 2788 quantum
533 2735 633 2790 per
667 2716 997 2788 apostolum
1031 2716 1226 2783 datus,
1276 2715 1357 2770 ita
1407 2732 1511 2770 nec
1543 2715 1723 2782 illius,
1760 2729 1864 2769 nec

205 2807 394 2874 illius,
431 2809 530 2862 sed
563 2807 798 2874 Christi,
825 2822 955 2861 esse
987 2803 1375 2874 cognoscitur.
1435 2806 1568 2859 Item
1596 2804 1739 2875 (cap.
1775 2805 1860 2870 14,

215 2897 314 2951 lib.
350 2913 382 2948 v
438 2902 639 2950 contra
695 2895 1059 2965 Donatistas.)
1107 2895 1450 2948 Invenimus
1509 2895 1733 2948 dictum
1792 2894 1862 2948 ab

208 2985 505 3056 Apostolo,
539 2989 595 3039 et
623 2984 865 3055 gloriam
922 3000 1121 3039 meam.
1155 2983 1204 3053 (I
1243 2983 1391 3036 Thes.
1449 2984 1534 3053 ιι),
1595 2980 1861 3052 quamvis

208 3075 418 3145 utique
451 3075 506 3127 in
542 3074 807 3142 Domino,
868 3077 924 3127 et
980 3073 1358 3127 ministerium
1406 3088 1610 3137 meum,
1645 3079 1695 3125 et
1722 3088 1861 3141 pru-

213 3163 463 3217 dentiam
497 3179 694 3228 meam,
719 3165 767 3218 et
790 3163 1131 3231 evangelium
1162 3177 1344 3214 meum
1366 3161 1540 3231 (Rom.
1569 3160 1868 3231 II),quam-

205 3252 295 3306 vis
327 3252 536 3321 utique
569 3251 628 3304 in
655 3251 899 3305 Domino
931 3250 1296 3322 impertitum
1352 3253 1528 3319 atque
1561 3250 1866 3316 donatum,

209 3341 584 3411 Baptismum
602 3344 792 3395 autem
811 3356 1209 3404 meum,nemo
1223 3354 1426 3394 eorum
1447 3338 1866 3393 dixitomnino.

206 3427 411 3498 Neque
434 3428 590 3482 enim
615 3428 877 3483 omnium
898 3427 1141 3499 aequalis
1169 3431 1255 3482 est
1276 3427 1493 3499 gloria,
1525 3443 1628 3482 nec
1660 3427 1869 3482 minis-

209 3521 372 3572 trant
401 3534 605 3573 omnes
631 3516 949 3589 aequaliter,
985 3534 1086 3572 nec
1118 3517 1324 3587 aequali
1387 3515 1703 3588 prudentia
1735 3518 1875 3571 sunt

214 3621 423 3661 omnes
461 3606 767 3677 praediti,et
791 3606 847 3660 in
873 3605 1320 3678 evangelizando
1345 3605 1499 3660 alius
1525 3604 1638 3661 alio
1665 3604 1875 3661 melius

217 3698 520 3763 operatur.
550 3695 618 3749 Et
665 3696 795 3750 ideo
828 3695 939 3749 dici
973 3699 1159 3766 potest
1191 3694 1342 3749 alius
1372 3694 1487 3748 alio
1542 3693 1790 3763 doctior,
1823 3698 1878 3748 et

217 3783 348 3855 ipsa
392 3784 660 3837 doctrina
742 3783 1033 3855 spirituali
1093 3782 1404 3854 [salutari],
1465 3782 1619 3838 alius
1679 3787 1875 3837 autem

219 3872 332 3926 alio
393 3873 585 3941 majus
636 3873 903 3927 minusve
955 3874 1282 3944 baptizatus
1335 3872 1449 3926 dici
1501 3889 1615 3926 non
1667 3876 1874 3940 potest,

219 3962 346 4015 sive
392 3962 465 4015 ab
527 3963 823 4026 inferiore,
857 3962 977 4015 sive
1034 3978 1066 4016 a
1110 3963 1330 4031 majore
1366 3961 1711 4031 baptizetur.
1745 3965 1880 4014 Item

219 4053 378 4119 (Aug.
419 4049 520 4104 tib.
555 4067 607 4117 v,
646 4056 724 4106 De
757 4051 1032 4120 baptismo
1073 4057 1272 4104 contra
1305 4052 1642 4115 Donatistae,
1677 4065 1723 4104 ε.
1751 4050 1836 4120 15)
1865 4065 1877 4104 :

215 4139 270 4192 Si
294 4141 399 4208 jus
435 4139 771 4210 baptizandi
808 4156 920 4193 non
954 4139 1161 4193 habuit
1214 4140 1316 4210 qui
1370 4139 1645 4209 baptizat,
1682 4143 1880 4193 tamen

216 4227 440 4282 Christi
476 4233 562 4282 est
593 4228 748 4299 quod
783 4229 964 4296 dedit,
989 4232 1045 4283 et
1076 4228 1171 4282 ille
1204 4228 1418 4283 Christi
1450 4231 1539 4282 est
1587 4228 1685 4298 qui
1719 4244 1883 4292 acce-

218 4316 524 4388 pit.1¥Iul’.a
554 4318 712 4372 enim
746 4318 1072 4387 contrajus
1112 4318 1346 4385 dantur,
1385 4332 1487 4370 nec
1526 4320 1722 4370 tamen
1757 4317 1884 4370 ideo

1981 1722 2251 1773 sanctum
2285 1722 2372 1773 est
2404 1718 2719 1788 baptisma,
2754 1721 2908 1790 quod
2953 1736 3138 1793 neque
3170 1720 3418 1792 alicujus
3449 1722 3626 1792 aequi-

1980 1811 2096 1862 tate
2124 1812 2390 1879 augetur,
2427 1825 2616 1878 neque
2651 1808 2904 1880 alicujus
2961 1809 3270 1882 iniquitate
3315 1811 3625 1867 minuitur.

2123 1915 2250 1969 ΟΑΡ.
2285 1915 2414 1971 169.
2454 1945 2519 1959 -η
2561 1917 2864 1973 Zacharias
2897 1920 3183 1989 Bonifacio
3215 1921 3485 1992 episcopo.

2052 2004 2149 2074 (De
2177 2021 2321 2059 cons.
2351 2005 2481 2059 dist.
2517 2007 2572 2074 4,
2598 2023 2644 2062 c.
2690 2011 2750 2061 In
2779 2008 3028 2079 synodo.)
3059 2012 3121 2063 In
3155 2009 3376 2080 synodo
3408 2009 3630 2081 Anglo-

1978 2108 2108 2146 rum
2128 2093 2428 2148 decretum
2452 2093 2814 2164 etjudicium
2843 2096 3179 2151 ﬁrmissime
3204 2101 3556 2168 preceptum
3577 2101 3634 2152 et

1977 2181 2289 2252 diligenter
2304 2183 2775 2238 demonstratum
2793 2201 2921 2240 esse
2943 2185 3166 2241 dinosci
3181 2192 3368 2253 tur,ut
3390 2187 3632 2258 quicun-

1979 2287 2088 2340 que
2113 2271 2238 2325 siue
2261 2272 2629 2327 invocatione
2651 2273 2955 2329 Trinitatis
2979 2291 3209 2329 mersus
3232 2275 3628 2345 fuisset,quod

1976 2365 2412 2415 sacramentum
2431 2362 2890 2432 regenerationis
2910 2379 3022 2417 non
3042 2363 3309 2432 haberet;
3330 2365 3485 2435 quod
3510 2381 3631 2418 om-

1977 2448 2117 2502 nino
2142 2465 2340 2502 verum
2361 2453 2470 2518 est,
2497 2449 2636 2519 quia
2659 2449 2707 2504 si
2741 2466 2970 2505 mersus
2993 2450 3050 2503 in
3075 2452 3232 2505 fonte
3251 2452 3628 2522 baptismatis

1975 2537 2104 2606 quis
2148 2537 2321 2591 fuerit
2359 2537 2486 2592 sine
2524 2538 2889 2593 invocatione
2937 2538 3266 2605 Trinitatis,
3327 2541 3626 2610 perfectus

1975 2624 2341 2681 Christianus
2374 2631 2615 2694 nonest,
2652 2626 2764 2681 nisi
2799 2627 2855 2680 in
2881 2627 3118 2682 nomine
3153 2627 3358 2692 Patris,
3384 2632 3441 2683 et
3472 2627 3624 2698 Filii,

1973 2720 2030 2770 et
2059 2715 2311 2786 Spiritus
2344 2715 2528 2770 sancti
2561 2716 2734 2770 fuerit
2764 2716 3117 2786 baptizatus.
3152 2717 3231 2771 De
3272 2716 3628 2788 presbyteris

1974 2803 2262 2873 scripsisti
2297 2804 2395 2875 qui
2429 2808 2630 2859 tauros
2662 2804 2748 2859 vel
2780 2805 2973 2859 hircos
2996 2805 3110 2860 diis
3131 2805 3626 2876 paganorumim-

1975 2891 2293 2958 molabant,
2331 2894 2760 2948 manducautes
2783 2893 3068 2948 sacriﬁcia
3092 2899 3481 2961 mortuorum,
3516 2893 3622 2948 ba-

1972 2981 2174 3036 bentes
2192 2986 2248 3035 et
2263 2981 2549 3052 pollutum
2567 2982 2956 3037 ministerium
2970 2983 3216 3054 ,ipsique
3230 2983 3479 3037 adulteri
3494 2999 3623 3038 esse

1976 3069 2193 3124 inventi
2219 3076 2358 3126 sunt
2381 3076 2666 3142 postea,et
2690 3071 2969 3126 defuncti.
3003 3073 3166 3127 Modo
3199 3089 3332 3127 vero
3365 3072 3626 3145 incogni-

1977 3164 2102 3213 tum
2132 3165 2240 3225 est,
2270 3165 2465 3213 utrum
2509 3161 2874 3230 baptizantes
2926 3160 3274 3215 Trinitatem
3322 3162 3630 3227 dixissent,

1980 3265 2051 3302 an
2085 3265 2222 3316 non,
2257 3252 2312 3302 et
2341 3250 2548 3304 timent
2580 3249 2662 3303 illi
2695 3251 2792 3320 qui
2827 3250 2938 3304 vivi
2969 3255 3106 3304 sunt
3129 3251 3281 3320 quod
3305 3249 3363 3304 in
3395 3249 3496 3303 tali
3519 3250 3634 3303 mi-

1980 3337 2219 3392 nisterio
2278 3355 2393 3392 non
2456 3346 2593 3392 sunt
2641 3339 2916 3410 baptizati
2950 3356 2962 3394 2
2995 3339 3207 3410 quibus
3249 3339 3634 3411 respondens,

1974 3427 2210 3498 jussisti
2234 3443 2437 3482 omnes
2467 3427 2788 3498 baptizare.
2829 3428 2946 3483 Hoc
2990 3446 3223 3501 quoque
3250 3428 3545 3485 observari
3576 3427 3633 3481 in

1984 3517 2322 3586 supradicta
2354 3518 2576 3588 synodo
2604 3519 2936 3573 sacerdotes
2959 3519 3302 3575 voluerunt:
3331 3522 3393 3573 ut
3425 3517 3524 3589 qui
3547 3517 3635 3573 vel

1986 3621 2163 3659 unam
2197 3605 2268 3659 de
2299 3605 2582 3660 Trinitate
2605 3622 2920 3676 personam
2967 3608 3026 3661 in
3066 3608 3361 3680 baptismo
3386 3624 3499 3662 non
3535 3625 3640 3662 no-

1986 3693 2258 3761 minaret,
2298 3693 2442 3747 illud
2497 3694 2789 3764 baptisma
2825 3712 3027 3750 verum
3079 3713 3208 3751 esse
3261 3713 3376 3752 non
3425 3701 3640 3768 posset,

1987 3783 2141 3851 quod
2167 3798 2270 3852 pro
2294 3786 2451 3836 certo
2482 3799 2679 3837 verum
2704 3789 2816 3854 est,
2843 3784 2977 3854 quia
3001 3786 3101 3856 qui
3134 3802 3320 3840 unum
3353 3801 3421 3840 ex
3445 3790 3646 3841 sancta

1986 3871 2270 3925 Trinitate
2303 3872 2612 3927 confessus
2675 3888 2791 3926 non
2855 3873 3030 3928 fuerit
3081 3890 3314 3941 nomen,
3358 3875 3647 3944 perfectus

1988 3959 2362 4015 Christianus
2395 3976 2522 4014 esse
2558 3977 2672 4015 non
2732 3966 2944 4032 potest.
2981 3963 3088 4029 Qui
3129 3963 3286 4016 enim
3340 3963 3651 4016 conﬁtetur

1991 4053 2222 4103 Patrem
2249 4055 2303 4102 et
2329 4049 2569 4114 Filium,
2605 4049 2651 4103 si
2686 4051 2992 4105 confessus
3025 4067 3139 4104 non
3175 4050 3347 4104 fuerit
3379 4057 3435 4104 et
3465 4049 3646 4120 Spiri-

1991 4141 2118 4193 tum
2153 4144 2561 4204 saactum,nec
2592 4139 2821 4192 Patrem
2852 4139 3026 4192 habet
3051 4155 3153 4192 nec
3194 4138 3428 4193 Filium.
3457 4139 3522 4192 Et
3554 4139 3650 4207 qui

1994 4227 2299 4281 confessus
2326 4227 2498 4281 fuerit
2521 4231 2744 4282 Patrem
2772 4232 2827 4281 et
2847 4226 3129 4298 Spiritum
3160 4232 3454 4296 sanctum,
3480 4231 3534 4282 et
3558 4226 3643 4280 Fi-

1995 4316 2137 4370 lium
2172 4333 2285 4371 non
2322 4316 2495 4370 fuerit
2526 4317 2854 4383 confessus,
2893 4333 2996 4372 nec
3045 4317 3274 4372 Patrem
3333 4316 3511 4372 habet
3543 4333 3646 4371 nec

218 4406 306 4460 vel
341 4405 526 4474 nulla,
565 4405 651 4461 vel
679 4424 794 4461 non
819 4408 955 4461 data
985 4407 1285 4461 dicuntur.
1315 4410 1452 4460 Item
1485 4407 1627 4476 (cap.
1665 4407 1729 4460 18
1751 4407 1897 4476 ejus-
1925 4392 1972 4458 D
2005 4405 2291 4475 Spiritum
2322 4411 2614 4476 sanctum,
2649 4407 2752 4460 sed
2784 4423 3006 4462 vacuus
3037 4411 3127 4463 est
3158 4424 3190 4462 a
3212 4406 3412 4462 divina
3442 4405 3649 4477 gratia.

221 4493 368 4563 dem)
397 4510 410 4547 :
437 4494 580 4549 Cum
611 4511 746 4567 ergo
781 4500 838 4549 et
871 4495 1027 4550 intus
1060 4494 1177 4550 sint
1219 4495 1457 4561 mortui,
1484 4511 1673 4565 neque
1695 4493 1882 4550 laten-

223 4588 333 4647 tes,
373 4601 509 4639 nam
547 4601 661 4639 non
694 4586 766 4639 de
799 4585 914 4639 illis
947 4589 1110 4640 tanta
1137 4585 1357 4640 diceret
1399 4585 1748 4657 Cyprianus,
1782 4586 1883 4657 qui

225 4673 314 4726 vel
350 4689 467 4727 non
523 4674 856 4743 pertineant
885 4675 956 4728 ad
990 4673 1152 4728 illam
1185 4674 1375 4727 vivam
1407 4673 1764 4740 columbam,
1798 4674 1886 4729 vel

226 4763 491 4816 nondum
525 4764 877 4833 pertineant,
913 4768 969 4817 et
1017 4763 1159 4817 foris
1192 4762 1312 4816 sint
1352 4762 1595 4827 mortui,
1630 4763 1727 4833 qui
1762 4780 1884 4818 ma-

226 4850 503 4906 nifestius
528 4851 596 4905 ad
617 4867 745 4906 eam
766 4851 850 4904 vel
878 4868 989 4905 non
1010 4849 1456 4922 pertineant,vel
1476 4852 1738 4904 nondum
1758 4869 1886 4922 per-

220 4938 487 5006 tineant,
519 4955 843 5010 verumque
889 4938 964 4994 sit
986 4956 1099 4994 non
1126 4954 1296 5010 posse
1319 4939 1390 4993 ab
1416 4954 1480 4992 eo
1503 4937 1782 4993 viviﬁcari
1814 4939 1891 4994 al-

231 5030 421 5081 terum
446 5028 543 5099 qui
577 5028 705 5095 ipse
739 5044 852 5082 non
886 5027 1024 5082 vivit
1062 5044 1074 5082 :
1129 5027 1511 5082 manifestum
1546 5029 1634 5081 est
1662 5043 1760 5081 eos
1790 5027 1890 5098 qui

230 5115 395 5169 intus
421 5133 453 5170 a
487 5116 701 5170 talibus
721 5115 1170 5187 baptizantur,si
1191 5132 1328 5171 vera
1354 5115 1732 5170 conversione
1763 5132 1888 5171 cor-

225 5204 322 5258 dis
356 5205 754 5270 accedunt,ab
777 5222 843 5259 eo
862 5205 1162 5275 viviﬁcari,
1196 5206 1364 5274 cujus
1397 5209 1484 5259 est
1533 5205 1888 5277 baptismus.

225 5293 368 5347 Item
397 5293 564 5365 (Cap.
597 5295 668 5347 20
699 5294 996 5365 ejusdem.)
1045 5294 1193 5349 Illud
1231 5298 1428 5348 autem
1460 5294 1633 5364 quale
1665 5299 1773 5361 est,
1828 5300 1893 5350 ut

232 5383 363 5437 ideo
386 5384 948 5454 puteturhzereticus
982 5401 1097 5438 non
1116 5383 1329 5438 habere
1353 5383 1894 5454 baptismum,quia

236 5489 351 5528 non
387 5473 565 5529 habet
598 5472 962 5529 Ecclesiam?
1007 5474 1072 5528 Et
1107 5473 1316 5544 utique
1363 5487 1499 5529 cum
1533 5472 1890 5545 baptizatur,

1994 4495 2227 4549 Interea
2262 4494 2500 4564 scripsit
2531 4497 2849 4549 reverenda
2882 4496 3220 4551 fraternitas
3239 4501 3341 4551 tua
3367 4496 3654 4566 reperisse

2001 4589 2057 4638 te
2090 4583 2402 4654 quemdam
2438 4585 2842 4654 presbyterum
2877 4601 3088 4656 genere
3117 4587 3380 4654 Scotum,
3416 4583 3651 4639 nomine

1994 4675 2305 4742 Sampson,
2333 4681 2621 4726 errantem
2656 4689 2688 4725 a
2719 4672 2812 4726 via
2842 4672 3128 4738 veritatis,
3154 4673 3444 4727 dicentem
3476 4677 3532 4726 et
3560 4672 3647 4725 af-

1998 4762 2354 4825 firmantem,
2391 4763 2541 4831 quod
2580 4761 2705 4816 sine
2740 4762 2984 4832 mystica
3016 4762 3400 4831 invocatione,
3436 4765 3534 4816 aut
3568 4760 3653 4814 la-

1995 4867 2166 4904 vacro
2200 4851 2657 4920 regenerationis
2693 4857 2886 4922 posset
2927 4852 3048 4906 fieri
3084 4850 3404 4906 catholicus
3454 4851 3654 4905 Chris-

2002 4939 2199 4992 tianus
2224 4956 2326 5009 per
2341 4939 2692 5010 episcopalis
2715 4957 2925 4995 manus
2950 4940 3409 5011 impositionem.
3432 4939 3534 4994 Hic
3557 4957 3656 4993 au-

2001 5031 2118 5082 tem
2154 5027 2252 5099 qui
2287 5028 2391 5083 hoc
2425 5029 2586 5092 dicit,
2645 5045 2864 5084 vacuus
2914 5035 3004 5084 est
3061 5030 3280 5101 Spiritu
3342 5034 3567 5094 sancto,
3602 5033 3658 5083 et

2002 5116 2228 5171 alienus
2253 5119 2439 5188 gratia
2461 5118 2675 5173 Christi
2718 5123 2892 5189 atque
2924 5136 2958 5174 a
2988 5120 3278 5174 consortio
3312 5117 3660 5175 sacerdotali

2002 5205 2388 5275 abjiciendus.
2423 5208 2560 5271 Quis
2596 5207 2754 5262 enim
2788 5207 2899 5262 nisi
2935 5209 3267 5280 baptizatur
3307 5211 3476 5280 juxta
3509 5223 3652 5277 prce-

2003 5301 2236 5365 ceptum
2266 5294 2496 5349 Domini
2529 5296 2739 5363 (Matth.
2783 5299 3006 5366 XXVIII),
3055 5298 3115 5352 in
3167 5298 3405 5352 nomine
3450 5294 3661 5361 Patris,

2003 5388 2057 5440 et
2091 5382 2242 5451 Filii,
2276 5385 2602 5456 etSpiritus
2627 5385 2835 5452 sancti,
2861 5395 2916 5440 et
2938 5388 3021 5441 sic
3055 5404 3155 5458 per
3184 5383 3661 5454 manusimposi-

2002 5473 2220 5528 tionem
2246 5479 2638 5543 consecretur,
2672 5479 2863 5547 potest
2901 5492 3030 5532 esse
3082 5473 3456 5531 catholicus?
3496 5474 3662 5529 Hunc
