3970 6058
375 122 478 180 103

1459 128 1527 179 D.
1569 123 1815 180 IVONIS
1850 121 2345 179 CARNOTENSIS
2380 122 2701 179 EPISCOPI

3688 126 3803 184 104

373 248 803 322 nequissimum
836 247 1027 302 virum
1054 247 1196 303 talia
1229 249 1633 319 praedicantem
1671 249 1740 302 ab
1764 245 2023 302 Ecclesia
2051 248 2105 314 Α
2136 247 2236 317 qui
2269 264 2298 301 a
2324 251 2624 318 peccatore
2655 250 2712 303 et
2735 246 3037 314 scelerato,
3073 252 3314 320 tantum,
3346 259 3403 307 ut
3448 251 3506 306 in
3543 252 3799 308 nomine

369 341 467 396 Dei
491 339 1160 395 sanctacondemnatum
1184 336 1436 409 expelle;
1462 337 1521 391 in
1547 335 1678 392 illos
1700 340 1894 391 autem
1911 334 2014 407 qui

365 430 438 486 ab
468 429 757 484 hmreticis
789 428 1066 500 baptizati
1120 430 1279 495 sunt,
1332 426 1441 481 hoc
1484 426 1610 480 sine
1641 425 1820 481 dubio
1843 426 2015 496 juxta

364 519 814 591 praedecessoris
826 516 1011 573 nostri
1033 517 1216 571 beatae
1232 515 1528 570 memoriae
1543 516 1803 587 Gregorii
1828 532 2010 587 papas,

365 615 422 665 et
453 624 753 664 sacrorum
784 623 1101 672 canonum,
1154 605 1439 659 traditum
1501 604 1606 659 tibi
1664 604 2013 660 mandatum

364 698 609 770 implere
638 714 753 752 non
785 696 1046 759 omittas,
1074 710 1145 749 ne
1176 694 1234 748 in
1266 697 1550 749 aaternum
1585 697 1849 765 pereant,
1910 694 2007 749 sed

363 787 561 859 potius
593 784 929 857 evangelica
958 782 1404 839 consecratione
1435 782 1761 837 salventur.

366 894 499 950 CAP.
536 895 656 948 170.
681 921 749 933 -ο
776 892 1139 963 Augustinus,
1171 891 1246 1016 D2e
1277 890 1544 961 baptismo
1592 891 1777 960 unico,
1830 890 1926 945 lib.
1970 907 2010 960 ι,

1128 979 1175 1016 c.
1249 1004 1261 1016 .

1128 979 1175 1016 ε.
1206 979 1261 1016 Ζ.

434 1055 526 1119 24,
547 1071 597 1123 q.
628 1055 677 1121 1,
709 1068 756 1106 e.
791 1051 852 1106 Si
879 1066 1038 1123 quem
1062 1052 1254 1121 [or-te.)
1278 1050 1337 1105 Si
1373 1066 1547 1121 quem
1579 1051 1727 1105 forte
1758 1054 2014 1106 extrema

362 1142 615 1214 coegerit
648 1141 989 1209 necessitas,
1024 1141 1123 1195 ubi
1158 1139 1535 1209 catholicum,
1577 1154 1681 1210 per
1710 1156 1882 1210 quem
1914 1156 2011 1194 ac-

361 1231 559 1302 cipiat,
594 1230 1029 1299 noninvenerit,
1048 1230 1178 1284 etin
1193 1229 1390 1283 animo
1405 1244 1543 1299 pace
1570 1227 1859 1283 catholica
1881 1243 2011 1282 con-

359 1321 565 1375 stituta
597 1336 699 1390 per
731 1319 986 1389 aliquem
1008 1324 1168 1372 extra
1189 1318 1476 1372 unitatem
1509 1316 1857 1373 catholicam
1908 1332 2010 1387 po-

362 1408 543 1465 situm
574 1406 1042 1478 acceperit,quod
1075 1411 1199 1461 erat
1220 1407 1277 1460 in
1309 1406 1438 1477 ipsa
1468 1422 1496 1460 c
1519 1406 1757 1460 ttbolica
1784 1404 2011 1460 unitate

362 1501 768 1568 percepturus,
792 1495 841 1549 si
865 1494 1063 1550 statim
1087 1494 1263 1550 etiam
1283 1495 1354 1549 de
1375 1494 1483 1548 hac
1513 1494 1631 1548 vita
1654 1493 2010 1565 migraverit,

310 1588 315 1593 ’
362 1601 478 1639 non
509 1600 643 1639 eum
676 1584 785 1638 nisi
810 1582 1166 1639 catholicum
1192 1581 1635 1654 deputamus.Si
1659 1586 1855 1638 autem
1881 1582 2009 1638 fue-
2039 1625 2087 1688 Β

361 1673 435 1728 rit
468 1688 502 1727 a
532 1670 817 1744 corporali
859 1676 1047 1727 morte
1097 1670 1400 1738 liberatus,
1448 1687 1582 1726 cum
1617 1687 1680 1726 se
1710 1670 2010 1725 catholicae

360 1760 797 1831 congregationi
821 1760 998 1816 etiam
1022 1758 1309 1830 corporali
1335 1760 1641 1831 presentia
1667 1758 2010 1826 reddiderit,

360 1850 515 1903 unde
535 1865 838 1920 nunquam
856 1850 1028 1903 corde
1049 1848 1545 1913 discesserat,non
1568 1847 1756 1903 solum
1775 1864 1887 1902 non
1908 1846 2014 1902 im-

362 1937 685 2007 probemus
712 1937 864 2008 quod
884 1937 1145 2002 fecit,sed
1168 1937 1345 1991 etiam
1375 1937 1753 1992 securissime
1775 1935 2013 1991 verissi-

366 2041 575 2097 meque
606 2025 949 2093 laudamus;
976 2026 1115 2097 quia
1136 2029 1479 2096 praesentem
1508 2026 1689 2080 Deum
1723 2026 1881 2080 cordi
1905 2042 2011 2080 suo

362 2114 587 2170 unitate
619 2114 699 2169 ibi
732 2114 1020 2181 servabat,
1053 2119 1110 2169 et
1138 2115 1266 2169 sine
1296 2114 1482 2169 sancti
1505 2113 1785 2186 baptismi
1815 2129 2010 2169 sacra-

366 2207 567 2259 mento
600 2203 776 2274 (quod
825 2202 1161 2275 ubicunque
1204 2203 1447 2268 invenit,
1506 2220 1619 2258 non
1680 2202 2012 2273 hominum,

364 2294 466 2348 sed
505 2292 600 2348 Dei
630 2309 762 2348 esse
793 2292 1105 2364 cognovit),
1130 2292 1321 2348 noluit
1352 2309 1419 2347 ex
1441 2292 1553 2347 hac
1586 2293 1706 2347 vita
1738 2293 2009 2363 migrare.

362 2382 422 2437 Si
445 2382 578 2453 quis
601 2386 820 2447 autem,
852 2398 987 2436 cum
1021 2382 1207 2453 possit
1264 2382 1323 2435 in
1384 2383 1515 2452 ipsa
1546 2381 1833 2437 catholica
1862 2382 2013 2436 acci-

359 2472 733 2542 pere,aliqua
764 2470 975 2525 mentis
1003 2471 1382 2541 perversitate
1404 2470 1566 2540 eligit
1597 2471 1656 2525 in
1692 2470 2013 2527 schismate

360 2559 663 2630 baptizari,
715 2559 945 2613 etiamsi
1003 2563 1205 2629 postea
1248 2559 1473 2614 venerit
1528 2560 1599 2614 ad
1648 2559 2008 2629 catholicam,

360 2649 499 2720 quia
529 2653 724 2704 certus
754 2652 843 2703 est
899 2647 981 2703 ibi
1029 2649 1309 2719 prodesse
1356 2654 1822 2714 sacramentum,
1854 2648 2011 2720 quod

356 2738 499 2793 alibi
532 2738 716 2809 accipi
751 2741 959 2809 potest,
987 2738 1264 2807 prodesse
1287 2754 1400 2792 non
1434 2742 1643 2809 potest,
1678 2738 1880 2809 procul
1904 2739 2011 2793 du-

358 2827 453 2883 bio
487 2843 797 2899 perversus
827 2832 883 2882 et
916 2826 1157 2898 iniquus
1194 2831 1304 2892 est,
1328 2831 1386 2881 et
1409 2832 1572 2882 tanto
1606 2827 2007 2898 perniciosior,

357 2922 577 2987 quanto
604 2915 905 2972 scientior.

355 3036 486 3089 CAP.
520 3034 640 3088 171.
674 3064 741 3072 —
773 3033 1021 3103 Epistola
1073 3032 1366 3103 Augustini
1408 3033 1479 3087 23
1526 3033 1597 3088 ad
1627 3032 2005 3105 Bonifacium.

429 3132 531 3202 (De
560 3148 731 3196 cons,
754 3130 883 3185 dist.
920 3130 971 3199 4,
996 3145 1049 3186 c.
1083 3133 1205 3185 Non
1237 3129 1427 3202 illud.)
1458 3130 1583 3186 Non
1615 3130 1758 3185 illud
1793 3136 1847 3186 te
1877 3148 2004 3186 mo-

356 3225 506 3290 veat,
540 3221 692 3292 quod
738 3220 980 3291 quidam
1036 3236 1151 3274 non
1211 3236 1281 3275 ea
1341 3219 1455 3275 ﬁde
1515 3220 1586 3275 ad
1637 3221 2004 3292 baptismum

357 3310 804 3383 percipiendum
840 3309 1111 3381 parvulos
1136 3311 1350 3376 ferunt,
1384 3314 1446 3364 ut
1492 3310 1681 3382 gratia
1711 3309 2005 3381 spirituali

360 3400 429 3454 ad
461 3401 638 3455 vitam
664 3402 1405 3470 regenerenturaaternam,
1425 3399 1527 3454 sed
1542 3415 1641 3454 eos
1665 3403 1875 3471 putant
1896 3399 2006 3455 hoc

358 3488 616 3542 remedio
648 3485 1030 3558 temporalem
1063 3486 1312 3543 retinere
1350 3486 1437 3543 vel
1489 3487 1742 3559 recipere
1781 3488 2006 3543 sanita-

358 3582 497 3632 tem.
531 3576 655 3632 Non
684 3576 836 3632 enim
890 3580 1195 3648 propterea
1252 3576 1336 3631 illi
1386 3593 1503 3631 non
1559 3582 2004 3649 regenerantur,

359 3665 499 3735 quia
530 3682 644 3721 non
674 3665 744 3721 ab
778 3665 907 3721 istis
937 3666 1044 3722 hac
1075 3665 1398 3721 intentione
1447 3665 1791 3721 offeruntur.

360 3772 493 3829 ΟΑΡ.
550 3773 671 3827 172.
724 3803 791 3812 ——
839 3774 1083 3844 Epistola
1141 3772 1441 3842 Augustini
1483 3772 1589 3826 203
1638 3772 1707 3826 ad
1755 3771 2007 3827 Maximi-

1104 3861 1261 3898 num.

430 3933 528 4003 (De
557 3948 727 4001 cons.,
768 3933 896 3987 dist.
943 3933 995 3999 li,
1054 3949 1102 3988 ε.
1164 3932 1565 4002 Rebaptizare.)
1628 3932 2005 4004 Rebaptizare

358 4022 694 4078 haereticum
749 4021 1046 4077 hominem
1098 4022 1198 4092 qui
1270 4021 1392 4075 haec
1450 4020 1780 4076 sanctitatis
1836 4023 2007 4092 signa

356 4112 682 4183 perceperit
713 4128 838 4183 quae
869 4110 1205 4168 Christiana
1235 4108 1479 4163 tradidit
1516 4108 1847 4178 disciplina,
1881 4126 2007 4165 om-

356 4202 495 4254 nino
529 4207 837 4272 peccatum
869 4206 978 4255 est.
1004 4196 1378 4269 Bebaptizare
1400 4202 1598 4253 autem
1630 4197 2004 4269 catholicum,

356 4287 858 4344 immanissimum
892 4288 1086 4344 scelus
1117 4291 1226 4343 est.

429 4394 566 4449 CAP.
601 4395 722 4449 173.
757 4425 826 4435 --
853 4394 1019 4459 Beda,
1081 4396 1137 4449 in
1174 4394 1314 4449 libro
1347 4393 1743 4463 Homiliarum,
1771 4396 2008 4450 humilia

828 4466 916 4533 36,
951 4468 1010 4520 in
1030 4475 1202 4536 caput
1222 4482 1285 4521 ιιι
1302 4466 1549 4521 Joannis.

434 4556 529 4621 (De
556 4571 729 4621 cons.,
761 4554 889 4609 dist.
924 4554 977 4620 4,
1009 4570 1055 4609 c.
1085 4555 1213 4609 Sive
1243 4554 1576 4621 hwretricus).
1627 4552 1755 4608 Sive
1786 4553 2007 4610 haereti-

360 4661 486 4709 cus,
522 4643 645 4698 sive
676 4643 1112 4709 schismaticus,
1136 4642 1255 4697 sive
1285 4644 1650 4697 facinorosus
1680 4642 1931 4713 quisque
1952 4644 2011 4699 in

359 4734 731 4788 confessione
755 4736 969 4786 sancta
993 4730 1301 4787 Trinitatis
1324 4731 1720 4801 baptizet,non
1742 4731 1895 4786 valet
1914 4732 2012 4787 ille

361 4822 460 4892 qui
498 4821 828 4893 baptizatus
860 4825 1000 4875 esta
1033 4819 1203 4874 bonis
1226 4818 1529 4875 catholicis
1563 4818 2012 4891 rebaptizari,ne

363 4910 654 4965 confessio
684 4908 773 4965 vel
808 4907 1095 4964 invocatio
1127 4909 1275 4963 tanti
1309 4908 1569 4964 nominis
1600 4908 1868 4964 videatur
1905 4926 2010 4964 an-

363 4997 597 5054 nullari.

366 5106 496 5163 CAP.
536 5106 659 5162 474.
693 5137 761 5145 -
810 5107 1053 5178 Ηαῃηιο,
1092 5121 1256 5175 super
1281 5106 1525 5174 primum
1580 5106 1887 5177 Epistolam
1944 5105 2015 5162 ad

1023 5176 1358 5232 Corinthios.

434 5270 494 5324 In
530 5271 760 5323 tantum
793 5265 1036 5322 retinuit
1059 5265 1173 5321 sibi
1204 5266 1471 5322 Christus
1495 5269 1841 5337 potestatem
1870 5266 2012 5337 bap-

360 5358 602 5426 tizandi,
631 5360 695 5410 ut
726 5355 879 5410 sicut
910 5353 1294 5409 dimittuntur
1322 5355 1372 5411 ei
1393 5358 1627 5422 peccata
1657 5356 1878 5421 omnia,
1913 5355 2017 5427 qui

363 5461 396 5500 a
421 5451 627 5503 sancto
658 5449 715 5501 et
744 5444 1053 5501 innocente
1076 5443 1198 5501 viro
1230 5444 1480 5517 tingitur
1508 5443 1566 5498 in
1600 5459 1776 5515 aqua,
1821 5444 1904 5499 ita
1929 5443 2014 5501 illi

2125 340 2340 391 sanctae
2371 336 2677 392 Trinitatis
2709 336 2853 392 illud
2887 337 3007 393 fiat.
3042 337 3314 393 Meritum
3344 340 3503 395 enim
3528 343 3657 397 vitae
3684 342 3805 398 ba-

2126 425 2403 497 ptizantis
2436 425 2558 481 sive
2590 427 2818 497 agentis
2849 442 2953 481 nec
2985 427 3242 499 prodest,
3269 445 3374 485 nec
3396 430 3562 486 obest
3592 431 3651 487 in
3674 433 3800 489 hac

2124 518 2287 585 parte
2319 514 2402 568 illi
2435 515 2534 585 qui
2564 515 2916 587 baptizatur.

2230 624 2364 679 CAP.
2402 625 2523 679 175.
2558 655 2626 664 —
2660 626 3057 697 Capitularum
3088 626 3231 682 libri
3256 644 3312 695 v,
3342 630 3593 699 capitulo
3615 633 3669 699 6,

2194 713 2253 767 Si
2286 714 2421 785 quis
2452 714 2788 785 baptizatus
2822 714 2998 770 fuerit
3027 733 3061 770 a
3091 717 3434 789 presbytero
3468 735 3584 775 non
3638 722 3796 795 bap-

2122 801 2322 868 tizato,
2345 806 2401 857 et
2422 808 2625 858 sancta
2641 803 2903 860 Trinitas
2934 805 2993 859 in
3025 804 3151 875 ipso
3184 805 3482 877 baptismo
3513 809 3792 867 invocata

2124 891 2256 959 fuit,
2292 891 2628 963 baptizatus
2660 897 2770 959 est,
2794 894 2948 949 sicut
2979 895 3218 966 Sergius
3246 912 3395 967 papa
3414 896 3785 973 dixit,impo-

2123 979 2336 1034 sitione
2364 996 2499 1036 vero
2532 998 2746 1036 manus
2780 982 3019 1055 indiget.

2121 1089 2253 1142 CAP.
2289 1088 2410 1142 176.
2470 1118 2539 1128 —
2596 1089 2952 1167 Augustinus,
3002 1107 3175 1167 super
3228 1093 3475 1163 primam
3502 1095 3674 1167 Epist.
3711 1097 3791 1153 ad

2802 1161 3135 1219 Corinthios.

2192 1248 2421 1302 Scimus
2451 1248 2736 1318 Spiritum
2770 1254 3044 1305 sanctum
3088 1251 3217 1307 sine
3277 1269 3488 1310 manus
3532 1254 3784 1327 imposi-

2120 1334 2278 1390 tione
2308 1337 2511 1391 datum
2545 1353 2578 1391 a
2612 1342 2742 1406 Deo,
2763 1342 2820 1393 et
2846 1355 2960 1393 non
2997 1340 3355 1411 baptizatum
3393 1349 3783 1401 consecutum

2120 1424 2529 1480 remissionem
2560 1430 2954 1498 peccatorum.
2980 1428 3257 1499 Nunquid
3310 1447 3421 1486 non
3468 1433 3782 1490 Cornelius

2121 1512 2503 1569 invisibiliter
2532 1515 2863 1586 baptizatus
2884 1521 2997 1584 est,
3017 1519 3249 1589 quando
3289 1519 3508 1576 donum
3541 1521 3778 1593 baptis-

2120 1602 2296 1657 matis
2328 1608 2680 1660 consecutus
2711 1609 2819 1660 est.

2121 1708 2258 1765 CAP.
2305 1710 2428 1765 177.
2462 1742 2527 1751 —
2554 1711 2909 1838 Augustinuz,
2935 1714 3008 1838 ἐξ
3034 1715 3198 1771 unico
3229 1714 3532 1788 baptismo,
3567 1717 3666 1774 lit».
3703 1735 3781 1790 Iv,

2860 1801 2906 1841 ε.
2935 1801 3026 1839 ZZ.

2195 1870 2290 1939 (De
2320 1885 2555 1940 consec.,
2590 1871 2715 1927 dist.
2750 1873 2802 1944 4,
2835 1890 2879 1928 c.
2914 1875 3228 1947 Baptismi.)
3269 1876 3554 1948 Baptismi
3586 1876 3775 1935 vicem

2122 1956 2441 2028 aliquando
2470 1958 2714 2030 implere
2746 1961 3103 2032 passionem,
3138 1964 3208 2019 de
3241 1963 3465 2021 latrone
3521 1965 3641 2035 illo,
3676 1967 3777 2024 cui

2124 2062 2236 2101 non
2272 2046 2563 2118 baptizato
2590 2049 2812 2104 dictum
2837 2055 2944 2118 est,
2981 2051 3143 2107 Hodie
3162 2069 3373 2109 meeum
3386 2056 3500 2110 eris
3531 2057 3587 2109 in
3610 2073 3782 2127 para-

2121 2133 2259 2202 diso,
2294 2136 2498 2191 beatus
2519 2138 2845 2207 Cyprianus
2877 2156 2988 2194 non
3015 2139 3136 2197 leve
3166 2144 3585 2199 documentum
3608 2162 3781 2201 assu-

2124 2224 2248 2279 mit.
2285 2225 2443 2288 Quod
2470 2227 2643 2281 etiam
2675 2231 2851 2299 atque
2909 2229 3086 2284 etiam
3136 2232 3517 2288 considerans
3548 2235 3783 2291 invenio

2123 2330 2237 2368 non
2270 2317 2500 2369 tantum
2536 2316 2869 2386 passionem
2898 2334 3002 2389 pro
3036 2319 3274 2374 nomine
3296 2320 3510 2377 Christi
3537 2324 3592 2377 id
3619 2325 3777 2394 quod

2123 2417 2192 2456 ex
2221 2402 2512 2474 baptismo
2546 2404 2745 2460 deerat
2793 2422 2965 2476 posse
3015 2408 3312 2479 supplere,
3363 2411 3463 2465 sed
3495 2412 3669 2466 etiam
3703 2412 3779 2466 ﬁ-

2124 2490 2279 2556 dem,
2304 2492 2865 2564 conversionemque
2898 2495 3107 2562 cordis,
3143 2496 3192 2552 si
3215 2497 3361 2553 forte
3381 2500 3451 2553 ad
3477 2499 3774 2555 celebran-

2121 2581 2261 2634 dum
2288 2582 2633 2649 mysterium
2667 2582 2977 2653 baptismi,
3010 2584 3068 2639 in
3104 2588 3394 2659 angustiis
3418 2593 3779 2661 temporum,

2122 2669 2384 2723 succurri
2411 2687 2524 2725 non
2560 2674 2769 2742 potest.
2804 2675 3005 2744 Neque
3027 2673 3182 2729 enim
3220 2674 3368 2731 latro
3401 2676 3497 2733 ille
3527 2695 3633 2750 pro
3665 2696 3775 2733 no-

2120 2756 2280 2812 mine
2310 2756 2523 2812 Cbristi
2549 2758 2863 2815 cruciﬁxus
2895 2765 3002 2827 est,
3033 2762 3134 2817 sed
3161 2779 3262 2833 pro
3297 2763 3522 2820 meritis
3550 2766 3774 2821 facino-

2120 2862 2251 2900 rum
2282 2862 2545 2915 suorum,
2595 2862 2701 2902 nec
2746 2848 2887 2919 quia
2945 2850 3214 2918 credidit,
3270 2868 3482 2922 passus
3511 2858 3620 2922 est,
3662 2856 3767 2911 sed

2119 2934 2261 2989 dum
2296 2935 2536 3005 patitur.
2570 2936 2773 2991 credit.
2822 2937 3118 3001 Quantum
3152 2940 3351 3011 itaque
3376 2940 3566 2997 valeat
3593 2942 3770 2998 etiam

2121 3025 2249 3079 sine
2272 3023 2490 3078 visibili
2524 3025 2804 3095 baptismi
2831 3033 3198 3083 sacramento
3230 3030 3384 3100 quod
3416 3031 3499 3085 ait
3520 3032 3771 3101 Aposto-

2113 3112 2227 3179 lus,
2264 3112 2433 3169 Corde
2460 3114 2708 3169 eredztur
2737 3116 2811 3170 ad
2831 3119 3135 3188 justitiam,
3167 3133 3260 3174 ore
3288 3127 3475 3173 autem
3502 3122 3772 3190 confessio

2112 3202 2181 3274 ﬁt
2210 3202 2288 3255 ad
2316 3203 2549 3257 salutem
2575 3205 2744 3271 (Rom.
2779 3205 2858 3276 Χ),
2892 3205 2951 3261 in
3012 3204 3113 3261 illo
3162 3205 3381 3263 lalrone
3411 3207 3769 3264 declaratum

2113 3296 2219 3346 est.
2255 3290 2364 3346 Sed
2418 3297 2559 3346 tunc
2621 3292 2902 3364 impletur
2952 3294 3346 3366 invisibiliter,
3389 3312 3522 3352 cum
3560 3304 3772 3369 myste-

2115 3380 2269 3434 rium
2299 3380 2573 3451 baptismi
2607 3398 2723 3437 non
2756 3372 3133 3455 contemptus
3165 3384 3493 3456 religionis,
3529 3388 3629 3441 sed
3672 3404 3769 3442 ar-

2114 3467 2331 3523 ticulus
2365 3470 2730 3525 necessitatis
2762 3469 3018 3526 excludit
3045 3471 3203 3543 (Cap.
3234 3475 3324 3541 23,
3357 3474 3611 3545 ejusdem
3644 3476 3767 3548 lib.)

2115 3560 2185 3613 Et
2213 3559 2367 3613 sicut
2399 3560 2456 3613 in
2517 3559 2617 3615 illo
2669 3559 2895 3616 latrone
2957 3562 3111 3633 quod
3157 3563 3228 3617 de
3261 3564 3539 3635 baptismi
3571 3581 3771 3620 sacra-

2116 3653 2311 3703 mento
2326 3648 2589 3704 defuerat
2617 3650 2927 3722 complevit
2959 3651 3392 3724 Omnipotentis
3415 3653 3770 3725 benignitas,

2114 3736 2251 3806 quia
2283 3754 2398 3792 non
2430 3737 2725 3808 superbia,
2759 3737 2846 3794 vel
2876 3744 3241 3812 contemptu,
3286 3742 3386 3797 sed
3421 3743 3768 3799 necessitate

2115 3825 2381 3880 defuerat
2401 3844 2416 3894 ;
2437 3827 2522 3881 sic
2544 3826 2868 3883 infantibus
2894 3828 2991 3898 qui
3014 3828 3293 3899 baptizati
3316 3830 3648 3886 moriuntur
3666 3847 3764 3886 ea-

2117 3914 2245 3968 dem
2265 3915 2452 3985 gratia
2474 3915 2908 3987 Omnipotentis
2930 3917 3159 3989 explere
3179 3919 3469 3974 credenda
3491 3921 3760 3992 est,quod

2116 4019 2232 4058 non
2258 4019 2326 4057 ex
2355 4002 2541 4074 impia
2562 4004 2881 4072 voluntate,
2925 4007 3025 4060 sed
3077 4023 3146 4062 ex
3202 4009 3390 4062 etatis
3421 4008 3767 4079 indigentia,

2117 4107 2223 4146 nec
2253 4092 2425 4146 corde
2456 4093 2693 4148 credere
2724 4094 2795 4147 ad
2850 4094 3141 4163 justitiam
3204 4102 3478 4167 possunt,
3525 4114 3629 4153 nec
3676 4114 3772 4153 ore

2116 4181 2377 4235 conﬁteri
2411 4182 2480 4235 ad
2506 4181 2779 4236 salutem.
2816 4184 2950 4238 Ideo
3000 4199 3130 4239 cum
3192 4202 3296 4256 pro
3344 4187 3430 4241 eis
3455 4191 3676 4257 oratur,
3705 4192 3770 4243 ut

2118 4269 2434 4340 impleatur
2459 4286 2596 4342 erga
2624 4287 2723 4326 eos
2749 4270 3063 4327 celebratio
3085 4274 3462 4339 sacramenti,
3494 4274 3642 4330 valet
3666 4275 3775 4330 uti-

2038 4359 2083 4423 D
2119 4374 2233 4431 que
2261 4359 2331 4413 ad
2366 4375 2567 4413 eorum
2593 4358 3073 4429 celebrationem,
3108 4361 3248 4433 quia
3278 4363 3388 4434 ipsi
3426 4365 3772 4435 respondere

2122 4462 2237 4500 non
2262 4450 2531 4517 possunt.
2567 4444 2835 4501 Alienum
2866 4448 3078 4519 quippe
3111 4465 3259 4521 Opus
3289 4454 3397 4518 est,
3419 4466 3553 4506 cum
3585 4453 3768 4508 credit

2122 4550 2225 4605 per
2255 4532 2530 4602 alterum,
2562 4534 2715 4590 sicut
2747 4534 3008 4591 alienum
3032 4554 3179 4610 opus
3202 4538 3332 4606 fuit,
3357 4556 3486 4595 cum
3519 4542 3774 4612 peccavit

2121 4625 2179 4679 in
2214 4624 2418 4681 altero.

2230 4729 2361 4786 CAP.
2398 4731 2519 4785 178.
2553 4762 2618 4771 —
2653 4732 2789 4786 Item
2848 4733 3215 4805 Augustinus,
3261 4732 3449 4789 eodem
3499 4750 3544 4790 c.
3575 4736 3666 4790 23.

2190 4819 2247 4873 Si
2279 4824 2473 4874 autem
2497 4821 2557 4874 in
2593 4820 2837 4889 latrone,
2863 4838 2965 4892 per
2999 4822 3177 4893 [quia]
3207 4823 3619 4879 necessitatem
3645 4841 3770 4880 cor-

2122 4908 2398 4981 poraliter
2429 4910 2765 4981 baptismus
2796 4910 3002 4978 defuit,
3039 4912 3292 4983 perfecta
3322 4913 3484 4968 salus
3505 4918 3615 4983 est,
3639 4914 3774 4984 quia

2120 5016 2223 5071 per
2252 4998 2528 5072 pietatem
2569 4998 2962 5071 spiritualiter
3008 5000 3216 5068 adfuit,
3244 5000 3329 5056 sic
3377 5010 3431 5057 et
3486 5019 3620 5059 cum
3654 5004 3774 5074 ipse

2120 5092 2333 5160 praesto
2361 5092 2470 5153 est,
2505 5089 2553 5143 si
2579 5105 2679 5158 per
2711 5090 3125 5145 necessitatem
3167 5089 3341 5161 desit,
3373 5092 3530 5162 quod
3562 5091 3773 5148 latroni

2122 5176 2639 5248 adfuit,perﬁcitur
2661 5176 3011 5249 salus,quod
3039 5178 3321 5233 traditum
3351 5183 3511 5235 tenet
3540 5181 3772 5236 univer-

2122 5266 2265 5321 sitas
2289 5264 2722 5333 Ecclesiae,cum
2745 5268 2970 5337 parvuli
2996 5268 3255 5323 infantes
3276 5267 3709 5341 baptizantur,q
3721 5270 3778 5326 ui

2122 5361 2277 5411 certe
2311 5354 2573 5408 nondum
2607 5361 2856 5424 possunt
2879 5359 3116 5412 credere
3138 5359 3211 5412 ad
3250 5357 3552 5429 justitiam
3576 5364 3635 5415 et
3680 5377 3775 5415 ore

2123 5442 2385 5502 conﬁteri
2406 5443 2477 5498 ad
2500 5440 2940 5517 salutem,quod
2974 5445 3125 5503 latro
3163 5446 3358 5521 potuit
3386 5463 3399 5502 :
3435 5448 3578 5522 quin
3602 5449 3773 5507 etiam
