3982 6060
236 248 357 305 105

1336 253 1648 311 DECRETI
1689 256 1871 311 PARS
1908 260 2051 313 1.-
2081 258 2179 312 DE
2216 210 2404 329 Finis,
2445 262 2601 316 ETC.

3568 262 3678 318 106

233 376 460 441 ﬂendo,
489 378 547 431 et
575 374 864 448 vagiendo
895 392 1031 433 cum
1064 375 1122 432 in
1154 376 1241 434 eis
1266 380 1612 451 mysterium
1645 379 1906 438 celebra-
1935 384 1991 453 Α
2019 399 2113 453 ne,
2139 400 2239 440 eos
2267 384 2462 456 potius
2491 402 2671 457 quam
2703 386 2757 443 vi
2788 386 2945 459 quod
2974 401 3121 444 vane
3170 386 3415 461 sapiunt
3442 388 3677 447 convin-

235 469 363 535 tur,
396 464 544 536 ipsis
576 465 845 537 mysticis
892 466 1136 522 vocibus
1183 468 1555 541 obstrepunt,
1599 475 1658 526 et
1705 470 1909 527 nullus
2018 473 2184 529 catis.

227 553 707 610 Christianorum
739 554 951 610 dixerit
981 571 1082 612 eos
1126 555 1383 613 inaniter
1413 558 1714 630 baptizari.
1748 562 1904 616 Item.

228 643 461 707 Quibus
549 642 827 699 omnibus
905 644 1083 700 rebus
1170 646 1505 702 ostenditur
1557 648 1717 703 aliud
1777 664 1906 705 esse

239 736 683 788 sacramentum
716 732 1187 803 baptismi,a1iud
1216 736 1653 792 conversionem
1687 739 1904 808 cordis,

234 822 341 876 sed
392 820 643 877 salutem
695 821 959 876 hominis
990 838 1059 876 ex
1091 828 1334 894 utroque
1362 825 1681 896 compleri;
1717 843 1821 881 nec
1852 815 1903 882 si

235 926 427 965 unum
459 909 671 965 horum
706 910 1117 977 defuerit,ideo
1149 917 1355 983 putare
1385 914 1669 970 debemus
1700 932 1901 971 conse-

2550 571 2677 622 CAP.
2718 568 2838 621 182.
2872 596 2941 607 --
2978 569 3134 623 Item.

2086 652 2261 708 Nulla
2291 670 2425 709 cum
2476 655 2591 726 his,
2624 658 2727 727 qui
2759 672 2875 711 non
2926 657 3198 725 credunt,
3230 656 3500 727 idolaque
3531 658 3669 714 ado-

2014 746 2166 811 rant,
2200 742 2503 799 miscenda
2545 744 2883 799 communio
2915 750 3025 800 est.
3076 745 3251 800 Porro
3304 745 3424 801 illis
3458 750 3521 801 ut
3550 763 3672 802 cre-

2014 830 2176 899 dant,
2237 830 2508 887 violentia
2566 832 2730 888 nulla
2789 834 3092 889 inferenda
3147 840 3439 903 est;nam
3499 853 3673 892 omne

2014 920 2169 989 quod
2202 936 2271 974 ex
2300 925 2433 976 voto
2466 938 2581 976 non
2614 928 2727 991 est,
2768 923 2989 977 bonum
3023 939 3151 979 esse
3181 940 3294 978 non
3326 928 3537 994 potest.
3573 924 3672 980 Ca-

233 1016 426 1071 quens
456 1015 586 1055 esse
618 1005 683 1055 ut
731 1005 785 1055 et
816 1000 1067 1056 alterum
1121 1002 1295 1071 desit,
1328 1003 1467 1075 quia
1500 1009 1558 1059 et
1597 1004 1741 1059 illud
1774 1006 1902 1061 sine
2004 1007 2194 1078 pitulo
2240 1009 2497 1065 secundo.
2533 1012 2655 1066 Non
2685 1028 2813 1067 esse
2862 1012 3230 1067 inferendam
3281 1029 3512 1084 pagano
3541 1014 3671 1069 vio-

229 1090 349 1144 isto
381 1092 572 1160 potest
603 1105 734 1144 esse
764 1092 830 1144 ut
859 1089 918 1143 in
952 1089 1197 1159 infante,
1230 1095 1286 1146 et
1332 1091 1477 1146 illud
1510 1092 1638 1147 sine
1668 1092 1766 1148 illo
1800 1110 1900 1164 po-

231 1178 351 1234 tuit
382 1194 532 1246 esse,
566 1182 632 1232 ut
664 1178 722 1232 in
756 1177 1001 1245 latrone,
1029 1179 1359 1250 complente
1388 1180 1652 1248 Deo,sive
1684 1183 1741 1236 in
1774 1182 1897 1252 illo,

229 1268 355 1323 sive
404 1267 463 1322 in
508 1267 644 1331 isto,
678 1268 830 1339 quod
880 1284 997 1322 non
1044 1268 1346 1324 voluntate
1396 1270 1698 1325 defuisset.
1749 1270 1895 1325 Cum

225 1373 362 1412 vero
394 1373 465 1411 ex
511 1356 809 1413 voluntate
863 1355 1115 1412 alterum
1152 1357 1363 1413 horum
1415 1359 1693 1431 defuerit,
1727 1366 1894 1415 reatu

226 1445 534 1501 hominem
603 1445 838 1511 involvi,
881 1452 939 1501 et
1005 1446 1340 1518 baptismus
1398 1447 1641 1519 quidem
1706 1452 1896 1519 potest

228 1534 451 1605 inesse,
478 1533 579 1589 ubi
640 1534 943 1590 conversio
998 1534 1191 1590 cordis
1249 1534 1521 1593 defuerit.
1582 1536 1892 1592 Conversio

230 1628 432 1677 autem
466 1621 658 1677 cordis
691 1627 882 1693 potest
913 1621 1153 1693 quidem
1202 1624 1418 1695 inesse,
1451 1641 1567 1680 non
1617 1629 1891 1697 percepto

228 1712 555 1783 baptismo,
612 1712 713 1767 sed
771 1717 1107 1783 contempto
1154 1713 1447 1785 baptismo
1507 1731 1619 1769 non
1680 1719 1886 1786 potest.

230 1800 437 1871 Neque
488 1798 608 1855 ullo
666 1800 838 1856 modo
896 1800 1142 1855 dicenda
1193 1806 1283 1857 est
1337 1803 1636 1858 conversio
1694 1802 1887 1858 cordis

230 1890 305 1943 ad
339 1886 551 1959 Deum,
580 1905 708 1945 cum
741 1890 843 1946 Dei
876 1895 1305 1946 sacramentum
1338 1892 1751 1947 contemnitur.

228 2024 360 2080 CAP.
400 2024 518 2079 179.
553 2054 622 2065 —
652 2022 943 2094 Gregorius
973 2024 1295 2151 liandulpho
1340 2026 1590 2098 principi
1637 2024 1888 2081 Salerni-

1004 2113 1128 2151 ano.

1004 2113 1108 2151 ano
1117 2141 1128 2151 .

300 2192 460 2248 Licet
487 2210 557 2249 ex
586 2194 915 2249 devotionis
962 2194 1156 2249 studio
1198 2211 1312 2249 non
1362 2194 1705 2251 dubitamus
1756 2212 1892 2267 pro-

225 2283 459 2352 cedere,
489 2283 644 2353 quod
680 2282 956 2338 nobilitas
987 2289 1089 2339 tua
1118 2284 1354 2339 Judaeos
1385 2285 1455 2339 ad
1489 2284 1890 2339 Christianum

229 2370 459 2426 cultum
492 2372 758 2441 disponit
805 2371 1117 2442 adducere,
1150 2377 1346 2426 tamen
1397 2373 1535 2443 quia
1566 2373 1622 2426 id
1672 2373 1893 2426 inordi-

229 2464 372 2515 nato
424 2459 641 2515 videris
691 2461 886 2515 studio
938 2476 1129 2532 agere,
1164 2461 1563 2516 necessarium
1616 2460 1894 2515 duximus

237 2549 615 2604 admonendo
645 2548 751 2603 tibi
785 2548 1013 2604 litteras
1044 2553 1276 2604 nostras
1303 2550 1574 2620 dirigere.
1610 2549 1895 2604 Dominus

243 2636 403 2693 enim
440 2643 639 2693 noster
684 2638 857 2693 Jesus
889 2637 1154 2692 Christus
1186 2637 1414 2692 nullum
1455 2637 1670 2708 legitur
1699 2639 1771 2691 ad
1804 2636 1897 2692 sui

236 2726 543 2782 servitium
584 2726 868 2781 violenter
916 2727 1200 2797 coegisse,
1228 2728 1329 2782 sed
1374 2726 1584 2781 humili
1629 2726 1897 2781 exhorta-

231 2817 397 2871 tione
429 2820 725 2871 reservata
746 2815 1062 2885 unicuique
1095 2815 1314 2885 proprii
1350 2815 1576 2870 arbitrii
1609 2814 1898 2884 libertate,

236 2920 628 2977 quoscunque
660 2906 734 2958 ad
769 2904 947 2958 vitam
999 2904 1434 2975 praedestinavit
1471 2909 1747 2959 mternam
1781 2923 1895 2960 non

233 2994 615 3062 vindicando,
639 2993 738 3048 sed
774 2992 1077 3064 proprium
1111 2993 1462 3063 sanguinem
1495 2994 1792 3048 fundendo
1823 2994 1897 3048 ab

232 3098 433 3137 errore
461 3098 785 3138 revocasse.
816 3083 971 3137 Item.
998 3081 1213 3136 Beatus
1243 3081 1563 3152 Gregorius
1594 3100 1664 3137 ne
1691 3084 1893 3137 eadem

234 3189 382 3243 gens
416 3172 487 3225 ad
516 3171 692 3226 ﬁdem
725 3169 1003 3225 violentia
1031 3170 1387 3237 traheretur,
1410 3170 1469 3225 in
1502 3172 1758 3242 quadam
1790 3188 1898 3227 sua

237 3260 492 3329 epistola
520 3258 890 3316 contradicit.

240 3395 372 3466 CAP.
392 3392 541 3466 7180.
568 3422 633 3431 —
662 3392 900 3466 Virgilio
926 3399 977 3466 et
1011 3391 1562 3466 Theodoroepiscopo
1594 3394 1901 3466 {episwpis]

354 3465 622 3520 Massiliae
651 3465 773 3535 (lib.
807 3482 825 3519 1
857 3465 1083 3533 registri
1112 3465 1495 3536 epistolarum,
1528 3481 1646 3536 cap.
1681 3466 1792 3536 45).

318 3571 565 3627 Plurimi
597 3571 851 3626 Judaicae
883 3569 1185 3643 religionis
1213 3570 1318 3625 viri
1351 3572 1409 3625 in
1443 3572 1551 3626 hac
1605 3571 1901 3643 provincia

243 3661 702 3727 commorantes,
736 3674 803 3712 ac
831 3658 1083 3713 subinde
1131 3659 1203 3713 ad
1256 3659 1525 3715 Massilia:
1575 3664 1769 3731 partes
1800 3676 1902 3732 pro

245 3747 499 3805 diversis
532 3746 780 3819 negotiis
811 3747 1291 3819 ambulantes,ad
1323 3755 1575 3805 vestram
1612 3750 1899 3820 produxe-

244 3856 307 3894 re
352 3837 623 3892 notitiam
660 3835 877 3891 multos
917 3836 1370 3892 consistentium
1397 3837 1454 3892 in
1490 3838 1607 3893 illis
1636 3839 1903 3910 partibus

240 3925 673 3995 Judazorum,vi
708 3924 898 3997 magis
929 3942 1107 3997 quam
1140 3926 1548 3998 prasdicatione
1578 3930 1648 3983 ad
1681 3928 1903 3984 fontem

243 4014 623 4089 baptismatis
674 4014 1012 4086 perductos.
1045 4019 1190 4070 Nam
1245 4016 1629 4071 intentionem
1662 4018 1903 4088 quidem

243 4104 742 4178 hujuscemodi,et
771 4103 945 4159 laude
976 4104 1215 4175 dignam
1249 4108 1539 4173 censeo,et
1569 4106 1642 4161 de
1670 4106 1904 4161 Domini

248 4194 439 4250 nostri
484 4192 799 4249 dilectione
833 4194 1183 4248 descendere
1233 4194 1527 4264 profiteor.
1562 4195 1670 4250 Sed
1706 4195 1762 4249 in
1795 4196 1904 4249 hac

246 4287 456 4343 eadem
509 4284 834 4341 intentione
878 4285 1052 4353 [hanc
1097 4285 1289 4339 eamd.
1324 4284 1459 4354 int.]
1512 4285 1622 4339 nisi
1669 4302 1903 4358 compe-

247 4381 381 4431 tens
411 4374 726 4446 Scriptum
758 4390 936 4429 sacrae
983 4374 1296 4429 comitetur
1331 4374 1593 4444 effectus,
1625 4373 1801 4429 timeo
1833 4391 1904 4429 ne

246 4470 351 4521 aut
382 4463 671 4519 mercedis
702 4479 849 4533 opus
880 4462 1087 4517 exinde
1118 4478 1232 4516 non
1264 4462 1586 4533 proveniat,
1611 4467 1710 4518 aut
1734 4465 1905 4534 juxta

247 4553 473 4625 aliquid
523 4552 858 4607 animorum
912 4550 1180 4623 quaedam
1236 4550 1550 4623 dispendia
1597 4551 1771 4624 (quod
1805 4553 1905 4607 ab-

248 4644 326 4699 sit
351 4640 389 4713 l)
417 4645 878 4712 consequantur.
914 4640 1064 4695 Dum
1096 4639 1250 4695 enim
1279 4641 1575 4713 quispiam
1608 4642 1678 4695 ad
1711 4642 1907 4713 bapti-

251 4730 463 4787 smatis
524 4730 739 4785 fontem
802 4744 917 4783 non
969 4727 1406 4798 priedicationis
1465 4728 1775 4797 suavitate,
1807 4728 1908 4782 sed

253 4818 606 4876 necessitate
638 4815 1063 4889 pervenerit,ad
1099 4815 1404 4888 pristinam
1434 4815 1910 4888 superstitionem

255 4924 544 4977 remeans,
576 4906 710 4963 inde
742 4905 998 4962 deterius
1030 4905 1300 4973 moritur,
1332 4906 1487 4960 unde
1517 4908 1756 4960 renatus
1786 4920 1911 4960 esse

255 4998 581 5054 videbatur.

256 5132 390 5189 CAP.
427 5132 545 5188 181.
578 5160 649 5171 -—-
679 5129 940 5187 Nicotaus
968 5128 1205 5255 papalﬁd
1225 5130 1478 5185 consulta
1525 5129 1913 5200 Bulgarorum,

972 5218 1091 5255 cap.
1198 5244 1210 5255 .

972 5218 1091 5273 cap.
1122 5218 1210 5257 ιιι.

328 5311 410 5365 De
440 5309 535 5366 his
564 5309 664 5380 qui
713 5306 1181 5365 Christianitatis
1231 5308 1450 5363 bonum
1486 5306 1785 5378 suscipere
1824 5324 1914 5361 re-

259 5405 472 5466 nuunt,
533 5402 591 5453 et
640 5396 815 5454 idolis
874 5395 1206 5459 immolant,
1264 5395 1352 5451 vel
1409 5411 1599 5467 genua
1653 5398 1917 5463 curvant,

257 5488 409 5545 nihil
462 5486 625 5543 aliud
678 5501 993 5557 possumus
1043 5483 1298 5540 scribere
1341 5484 1529 5551 vobis,
1566 5484 1681 5539 nisi
1732 5488 1795 5539 ut
1845 5483 1918 5539 ad

261 5579 440 5635 fidem
486 5582 707 5635 rectam
765 5574 1027 5642 monitis,
1058 5579 1115 5630 et
1163 5572 1616 5642 hortationibus,
1654 5576 1710 5629 et
1741 5573 1919 5631 ratio-

592 5705 858 5766 PA-raon.
905 5698 1109 5764 CLXI.

1921 1755 1969 1820 B

2010 1093 2275 1164 lentiam,
2310 1101 2375 1151 ut
2400 1097 2769 1154 Christianus
2801 1098 2921 1166 ﬁat,
2956 1115 3137 1169 supra
3171 1099 3505 1157 docuimus.

2008 1202 2136 1257 CAP.
2176 1203 2294 1259 183.
2326 1235 2396 1243 —
2426 1205 2489 1259 In
2526 1206 2639 1261 Vita
2671 1207 2820 1261 beati
2866 1206 3143 1276 Gregorii,
3181 1205 3278 1263 lib.
3315 1224 3391 1278 1v,
3423 1224 3540 1279 cap.
3578 1208 3665 1264 42.

2078 1293 2586 1356 Quemadmodum
2620 1295 2856 1351 Judzeos
2906 1296 3190 1367 baptizari
3224 1295 3506 1351 violenter
3532 1296 3669 1352 Gre-

2005 1379 2206 1450 gorius
2238 1382 2583 1452 denegabat,
2620 1383 2701 1437 ita
2730 1382 3096 1439 Christianos
3144 1382 3231 1438 eis
3274 1400 3511 1455 quoquo
3541 1401 3667 1440 mo-

2005 1469 2078 1523 do
2110 1469 2321 1539 subjici
2354 1470 2698 1526 nullatenus
2730 1472 3127 1542 permittebat.

2002 1575 2131 1631 CAP.
2166 1576 2288 1633 184.
2321 1608 2391 1617 —
2441 1578 2777 1649 Augustinus
2825 1581 3025 1703 c05ntra
3068 1580 3380 1649 Iulianum,
3437 1580 3536 1636 lib.
3586 1598 3663 1643 v1,

2725 1666 2845 1703 can.
2920 1692 2930 1703 .

2835 1691 2845 1703 .
2877 1666 2930 1703 ο.

2072 1735 2167 1806 (De
2213 1752 2386 1803 cons.,
2420 1737 2545 1793 dist.
2581 1739 2634 1804 4,
2668 1666 2824 1793 0.0;?
2855 1738 2924 1792 ad
2972 1740 3215 1811 matris).
3251 1739 3308 1795 Si
3345 1740 3414 1794 ad
3451 1741 3664 1797 matris

1998 1841 2211 1894 corpus
2242 1825 2298 1879 in
2351 1827 2505 1897 quod
2538 1827 2595 1881 in
2629 1843 2695 1882 ea
2742 1827 3073 1899 concipitur
3118 1828 3456 1899 pertineret,
3487 1829 3571 1884 ita
3600 1841 3669 1889 ut

1996 1916 2125 1983 ejus
2184 1931 2319 1985 pars
2378 1917 2778 1986 deputaretur,
2829 1933 2943 1971 non
3006 1917 3407 1987 baptizaretur
3464 1917 3661 1972 infans

2000 2004 2168 2073 cujus
2202 2007 2387 2058 mater
2439 2005 2734 2075 baptizata
2767 2010 2875 2071 est,
2908 2004 3105 2076 aliquo
3159 2006 3365 2060 mortis
3415 2011 3660 2078 urgente

1998 2091 2279 2163 periculo,
2314 2108 2450 2148 cum
2503 2110 2637 2148 eum
2689 2097 2944 2165 gestaret
2976 2093 3035 2147 in
3091 2098 3277 2151 utero.
3310 2095 3477 2149 Nunc
3528 2111 3663 2151 vero

2000 2195 2133 2234 cum
2166 2180 2344 2236 etiam
2375 2180 2500 2252 ipse
2525 2181 2937 2251 baptizaretur,
2966 2199 3079 2237 non
3118 2183 3314 2253 utique
3347 2183 3439 2238 bis
3473 2184 3662 2255 bapti-

2001 2271 2167 2323 zatus
2198 2268 2527 2325 habebitur.
2560 2274 2684 2325 Non
2721 2272 2923 2342 utique
2955 2271 3025 2325 ad
3077 2278 3409 2326 maternum
3443 2289 3661 2343 corpus

2002 2372 2136 2411 cum
2169 2362 2324 2411 esset
2365 2357 2425 2411 in
2460 2362 2646 2425 utero,
2682 2359 3031 2429 pertinebat.
3068 2361 3221 2415 Item.
3259 2361 3533 2430 (Ejusdem
3567 2362 3664 2415 lib.

2002 2463 2121 2517 cap.
2153 2448 2227 2515 6).
2262 2445 2322 2501 Si
2376 2446 2663 2517 quidquid
2697 2452 2785 2502 est
2816 2448 2873 2501 in
2924 2448 3163 2503 homine
3196 2449 3434 2519 quando
3466 2448 3664 2520 bapti-

2004 2540 2174 2589 zatur
2203 2540 2261 2590 et
2290 2536 2692 2589 sanctificatur
2739 2536 3023 2606 baptizari
3075 2541 3131 2590 et
3162 2538 3518 2591 sanctificari
3555 2554 3662 2608 pu—

2002 2623 2250 2677 tandum
2278 2627 2385 2677 est.
2420 2622 2695 2677 Dicturus
2727 2639 2788 2677 es
2826 2628 2883 2676 et
2914 2623 3044 2694 ipsa
3073 2623 3131 2676 in
3168 2622 3264 2677 illo
3296 2624 3579 2695 baptizari
3612 2630 3669 2678 et

2006 2711 2358 2767 sanctiﬁcari
2390 2728 2517 2781 quae
2551 2712 2613 2765 in
2646 2711 2941 2766 intestinis
2969 2716 3025 2766 et
3055 2712 3234 2766 vesica
3268 2729 3371 2783 per
3398 2712 3672 2775 digestio-

2006 2818 2109 2855 nes
2144 2801 2404 2872 corporis
2452 2800 2825 2873 digeruntur.
2873 2800 3149 2855 Dicturus
3189 2817 3250 2855 es
3301 2801 3577 2872 baptizari
3612 2807 3669 2856 et

2006 2890 2359 2945 sanctiﬁcari
2391 2889 2688 2944 hominem
2720 2889 2779 2943 in
2814 2888 3015 2943 matris
3050 2894 3213 2943 utero
3249 2889 3664 2959 constitutum,

2005 2979 2055 3033 si
2087 2979 2159 3033 ad
2209 2977 2316 3032 hoc
2378 2983 2813 3033 sacramentum
2886 2976 3290 3048 accipiendum
3348 2979 3667 3033 neecssitas

2004 3071 2175 3138 cogat
2205 3067 2529 3137 gravidam,
2554 3072 2613 3121 et
2641 3067 2770 3122 ideo
2805 3065 3089 3137 baptizari
3115 3067 3239 3136 jam
3273 3067 3371 3137 qui
3405 3065 3671 3121 nascitur

2012 3173 2127 3211 non
2160 3156 2388 3211 debere.
2406 3160 2705 3211 Postremo
2736 3156 3003 3210 dicturus
3034 3172 3095 3209 es
3124 3154 3406 3226 baptizari
3441 3161 3497 3210 et
3529 3172 3665 3210 san-

2011 3245 2253 3301 ctiﬁcari
2287 3244 2498 3314 febres,
2533 3245 2769 3316 quando
2801 3244 3173 3315 baptizantur
3204 3242 3425 3316 aagroti.

2013 3351 2145 3406 CAP.
2179 3350 2304 3405 185.
2338 3380 2408 3391 —
2458 3352 2727 3421 Isidorus,
2777 3353 3173 3405 sententiarum
3221 3349 3320 3405 lib.
3358 3365 3396 3414 ι,
3448 3366 3573 3419 cap.
3610 3351 3670 3403 18

2334 3421 2452 3494 [22]
2479 3439 2493 3488 ;
2530 3423 2569 3476 ι.
2598 3440 2613 3475 1
2642 3423 2715 3477 De
2742 3438 2961 3478 summo
2991 3422 3144 3489 bono,
3177 3438 3223 3477 c.
3254 3422 3344 3476 25.

2088 3513 2188 3582 (De
2203 3527 2348 3566 cons.
2370 3512 2425 3578 4,
2450 3511 2581 3566 dist.
2606 3528 2653 3565 c.
2681 3512 2787 3578 Qui
2811 3513 2869 3565 in
2890 3509 3198 3581 maternis).
3225 3509 3333 3574 Qui
3362 3509 3419 3563 in
3456 3512 3670 3565 mater-

2015 3598 2105 3653 nis
2138 3601 2321 3655 uteris
2380 3604 2545 3666 sunt,
2580 3599 2709 3653 ideo
2768 3615 2901 3652 cum
2962 3604 3147 3653 matre
3212 3597 3494 3668 baptizari
3554 3613 3670 3651 non

2014 3693 2286 3761 possunt,
2319 3689 2458 3758 quia
2488 3688 2589 3757 qui
2642 3691 2816 3740 natus
2866 3686 3057 3741 adhuc
3105 3686 3429 3740 secundum
3481 3686 3667 3741 Adam

2015 3795 2129 3833 non
2162 3782 2272 3843 est,
2308 3778 2634 3831 secundum
2683 3776 2977 3830 Christum
3013 3792 3125 3829 non
3180 3778 3371 3845 potest
3400 3775 3665 3844 renasci;

2014 3884 2203 3938 neque
2230 3866 2388 3921 enim
2421 3864 2533 3919 dici
2567 3863 2927 3936 regeneratio
2961 3864 3017 3917 in
3046 3880 3178 3917 eum
3235 3867 3446 3934 potest,
3493 3880 3666 3934 quem

2012 3956 2311 4028 generatio
2345 3970 2459 4010 non
2509 3954 2823 4026 praecessit.
2880 3952 2986 4016 Qui
3044 3950 3325 4008 scelerate
3375 3952 3579 4008 vivunt
3610 3953 3670 4008 in

2012 4044 2293 4113 Ecclesia,
2326 4048 2383 4099 et
2434 4043 2870 4099 communicare
2902 4059 3017 4097 non
3061 4042 3363 4107 desinunt,
3398 4046 3671 4111 putantes

2013 4150 2075 4190 se
2132 4134 2234 4189 tali
2291 4133 2703 4189 communione
2762 4130 3057 4201 mundari,
3117 4131 3352 4186 discant
3396 4128 3544 4185 nihil
3598 4130 3669 4185 ad

2012 4223 2493 4279 emundationem
2529 4222 2805 4292 proficere
2836 4220 2973 4277 sibi.

2014 4330 2148 4385 CAP.
2188 4330 2304 4384 186.
2338 4358 2407 4370 —-—
2437 4328 2730 4399 Gregorius
2772 4325 3099 4396 respondens
3140 4327 3467 4394 Augustino,
3500 4342 3547 4381 ε.
3588 4326 3670 4380 10.

2087 4420 2184 4488 (De
2213 4435 2393 4486 cons.,
2436 4419 2573 4473 dist.
2606 4419 2639 4471 4
2668 4433 2715 4472 c.
2762 4416 2821 4471 Si
2850 4430 2976 4486 qua:
3002 4415 3250 4485 mulier).
3286 4414 3497 4470 Mulier
3527 4432 3672 4486 pra-

1935 4491 1981 4555 D
2014 4524 2201 4580 gnans
2234 4523 2338 4562 cur
2387 4523 2505 4560 non
2535 4507 2746 4561 debeat
2794 4504 3073 4575 baptizari
3106 4504 3338 4575 ignoro,
3368 4520 3504 4559 cum
3538 4509 3675 4560 ante

2017 4594 2438 4667 omnipotentis
2494 4594 2589 4650 Dei
2621 4593 2821 4650 oculos
2870 4610 2983 4649 non
3016 4592 3093 4648 sit
3141 4591 3315 4664 culpa
3363 4592 3564 4664 aliqua
3595 4594 3675 4648 fe-

2018 4685 2289 4741 cunditas
2320 4683 2537 4740 carnis.

2232 4775 2363 4832 CAP.
2400 4776 2519 4829 187.
2558 4805 2622 4814 —
2652 4774 2814 4842 Aug.,
2851 4773 3154 4842 Boni/acto,
3184 4773 3341 4842 epist.
3374 4771 3465 4825 23.

2094 4865 2191 4933 (De
2219 4880 2391 4931 conm,
2442 4864 2573 4918 dist.
2625 4864 2679 4932 4,
2709 4879 2756 4917 c.
2816 4860 2968 4917 Nihil
2998 4862 3120 4931 est).
3173 4859 3329 4915 Nihil
3380 4865 3471 4915 est
3516 4859 3675 4916 aliud

2021 4952 2256 5007 credere
2305 4969 2483 5023 quam
2516 4950 2686 5006 ﬁdem
2737 4950 2986 5015 habere;
3023 4965 3088 5003 ac
3118 4964 3219 5020 per
3250 4948 3361 5003 hoc
3392 4964 3523 5003 cum
3559 4966 3679 5005 res-

2021 5040 2314 5111 pondetur
2342 5041 2576 5097 credere
2608 5038 3015 5111 parvulus,qui
3048 5038 3180 5091 fidei
3209 5038 3472 5093 nondum
3506 5037 3682 5094 habet

2020 5131 2713 5202 atfectum,respondetur
2732 5130 2908 5183 ﬁdem
2933 5128 3148 5183 habere
3172 5131 3409 5201 prOpter
3430 5129 3563 5183 fidei
3589 5145 3682 5183 sa-

2025 5224 2473 5287 cramentum,et
2502 5227 2834 5276 convertere
2866 5234 2927 5272 se
2958 5218 3030 5272 ad
3066 5217 3247 5273 Deum
3276 5222 3514 5289 propter
3545 5233 3683 5271 con-

2023 5306 2309 5363 versionis
2340 5311 2801 5374 sacramentum,
2834 5306 2972 5377 quia
3001 5310 3059 5359 et
3089 5305 3219 5375 ipsa
3265 5302 3569 5374 responsio
3612 5302 3683 5357 ad

2027 5396 2477 5452 celebrationem
2538 5396 2791 5469 pertinet
2845 5393 3221 5448 sacramenti.
3273 5395 3422 5447 Item.
3484 5395 3688 5444 Parvu-

2028 5484 2153 5540 lum
2202 5484 2312 5540 etsi
2361 5486 2623 5541 nondum
2676 5483 2821 5537 fides
2883 5480 2985 5536 illa
3035 5498 3160 5552 quas
3210 5478 3270 5533 in
3319 5478 3683 5534 credentium

2029 5573 2333 5631 voluntate
2385 5573 2674 5639 consistit,
2700 5572 2829 5643 jam
2862 5574 3059 5626 tamen
3091 5567 3281 5640 ipsius
3331 5566 3465 5625 ﬁdei
3497 5585 3688 5627 sacra-

3336 5694 3369 5746 4
