3970 6058
329 254 434 311 107

1416 257 1483 309 D.
1526 252 1767 309 IVONIS
1802 248 2300 307 CARNOTENSIS
2336 249 2657 305 EPISCOPI

3636 250 3743 307 108

324 384 589 437 mentum
619 379 851 436 fidelem
883 378 1040 449 facit,
1075 382 1229 436 sicut
1260 378 1493 434 credere
1546 375 1967 448 respondetur;
1999 373 2053 440 Α
2084 377 2269 428 morte
2298 372 2645 428 imminente
2674 370 2958 444 baptizari
3002 372 3316 444 desiderat,
3352 389 3523 446 quem
3555 375 3751 448 bapti-

321 469 407 525 ita
462 470 681 526 etenim
738 468 943 525 ﬁdeles
1019 471 1330 538 vocantur,
1390 484 1507 521 non
1584 480 1707 520 rem
1784 464 1977 535 ipsam

323 563 519 616 mente
549 559 880 628 abnuendo,
918 558 1019 615 sed
1051 558 1240 630 ipsius
1269 556 1350 612 rei
1383 556 1819 611 sacramentum
1853 568 1977 624 per-

327 648 617 720 cipiendo.

329 738 464 793 CAP.
502 737 623 792 188.
668 767 738 778 -
783 737 1144 861 Augustlinus,
1194 735 1595 861 aiizlienatum,
1644 734 1717 788 De
1762 730 1976 797 anima,

1003 851 1015 861 .
1050 825 1114 861 ιι.
1142 823 1190 861 c.
1298 848 1312 861 .

1003 851 1015 865 .
1050 825 1114 879 ιι,
1142 823 1190 864 c.
1226 823 1312 863 re.

400 898 742 970 Mysterium
791 896 1158 954 credulitatis
1211 896 1273 951 in
1322 894 1580 967 parvulis
1624 909 1727 966 per
1773 904 1977 947 eorum

326 988 767 1059 responsionem
800 1005 831 1043 s
862 987 1078 1058 quibus
1108 990 1415 1059 gestantur
1442 984 1739 1055 impletur.

326 1076 460 1133 CAP.
499 1077 616 1131 189.
651 1106 720 1117 ——
753 1077 1129 1147 Augustinus,
1152 1075 1220 1129 de
1249 1074 1523 1146 Symboto,
1552 1072 1696 1128 libro
1727 1072 1974 1141 n,cap.1.

393 1165 509 1219 Vos
541 1165 787 1235 professi
818 1166 962 1220 estis
1006 1163 1345 1219 renuntiare
1374 1161 1628 1226 diabolo,
1660 1160 1891 1231 pompis
1921 1161 1979 1213 et

321 1254 546 1325 angelis
576 1255 727 1323 ejus.
762 1255 982 1319 Videte,
1036 1252 1431 1317 dilectissimi,
1484 1250 1622 1322 quia
1669 1250 1818 1303 hanc
1850 1264 1975 1319 pro-

321 1343 636 1397 fessionem
668 1346 922 1396 vestram
954 1341 1015 1395 in
1048 1340 1273 1395 curiam
1319 1340 1593 1411 profertis
1625 1336 1973 1409 angelicam,

319 1431 561 1485 nomina
611 1429 1012 1502 profitentium
1072 1429 1132 1484 in
1183 1428 1331 1485 libro
1392 1428 1768 1499 excipiuntur
1822 1425 1973 1495 vita,

320 1535 437 1575 non
470 1534 505 1575 a
533 1518 795 1591 quolibet
823 1517 1188 1585 bomine,sed
1219 1534 1253 1573 a
1283 1517 1583 1588 superiore
1614 1516 1838 1571 caelitus
1868 1530 1974 1585 po-

317 1610 549 1665 testate.

317 1612 432 1663 test
475 1614 549 1665 te.

316 1625 468 1755 CAP.a
482 1698 603 1755 190.
635 1727 705 1739 -
733 1697 1052 1753 Ambrosius
1098 1712 1263 1766 super
1310 1700 1536 1762 Lucam,
1572 1696 1715 1751 tibro
1764 1693 1974 1750 decimo

993 1770 1135 1839 (cap.
1182 1768 1295 1839 88).

388 1859 446 1914 Si
476 1857 968 1914 catechumenum
1000 1857 1137 1928 quis
1168 1856 1257 1911 vel
1306 1855 1635 1921 haereticus,
1668 1854 1757 1910 vel
1789 1853 1974 1910 schis-

320 1948 883 2018 maticus,tanquam
916 1947 987 2002 de
1021 1950 1187 2001 utero
1220 1944 1308 2001 vel
1342 1946 1549 2001 animae
1580 1943 1669 1999 vel
1702 1943 1971 1999 Ecclesia

317 2036 698 2108 parturientis
728 2034 1066 2092 excusserit.
1101 2034 1285 2091 levius
1316 2036 1598 2107 punitur;
1632 2033 1683 2089 si
1713 2032 1969 2101 fidelem,

314 2125 574 2197 gravius.

357 2217 488 2269 CAP.
526 2214 647 2270 191.
682 2244 749 2256 —
780 2214 1130 2287 Augustinus
1162 2215 1223 2269 in
1255 2214 1400 2270 libro
1428 2214 1500 2269 ad
1526 2213 1909 2268 Fortunatam.

384 2304 484 2375 (De
525 2318 696 2374 cons.,
726 2303 852 2361 dist.
883 2304 934 2371 4,
968 2320 1015 2361 c.
1066 2304 1329 2359 Sanctum
1373 2308 1494 2371 est).
1550 2303 1830 2358 Sanctum
1880 2303 1967 2356 est

312 2391 674 2463 baptismum
707 2408 811 2464 per
839 2392 1103 2464 seipsum
1124 2393 1280 2464 quod
1298 2392 1499 2448 datum
1523 2396 1611 2446 est
1638 2391 1699 2445 in
1733 2389 1968 2445 nomine

316 2480 587 2551 Patris,et
621 2480 834 2552 Filii,et
858 2482 1114 2553 Spiritus
1138 2482 1346 2549 sancti;
1372 2480 1453 2537 ita
1475 2486 1539 2535 ut
1560 2482 1618 2535 in
1643 2482 1845 2535 eodem
1879 2497 1968 2535 sa-

313 2575 609 2625 cramento
640 2570 717 2625 sit
746 2569 921 2625 etiam
954 2569 1273 2626 auctoritas
1292 2569 1626 2626 traditionis
1656 2585 1760 2641 per
1780 2567 1969 2624 Domi-

312 2674 457 2714 num
494 2663 765 2714 nostrum
798 2660 869 2715 ad
902 2659 1223 2731 apostolos,
1251 2676 1352 2731 per
1381 2658 1513 2715 illos
1544 2663 1739 2714 autem
1763 2659 1821 2713 in
1852 2658 1968 2728 epi-

312 2763 521 2819 scopos
549 2752 606 2803 et
626 2747 771 2804 alios
794 2752 1147 2817 sacerdotes,
1169 2748 1259 2803 vel
1282 2748 1456 2803 etiam
1475 2748 1655 2803 laicos
1684 2746 1967 2803 Christia-

313 2852 421 2892 nos
442 2838 515 2891 ab
536 2838 737 2893 eadem
763 2838 986 2908 origine
1008 2854 1073 2892 ac
1098 2836 1279 2906 stirpe
1316 2838 1636 2893 venientes.
1668 2836 1766 2905 (De
1793 2852 1965 2907 cons.,

310 2925 439 2982 dist.
473 2925 525 2993 4,
557 2941 605 2983 c.
663 2926 725 2980 In
779 2927 1137 2995 necessitate).
1181 2926 1446 2996 Namque
1501 2925 1559 2979 in
1620 2924 1968 2980 necessitate

310 3029 445 3069 cum
467 3012 744 3085 episcopi,
766 3021 868 3068 aut
889 3013 1235 3085 presbyteri,
1267 3020 1368 3068 aut
1388 3012 1636 3084 quilibet
1666 3014 1966 3068 ministro-

2000 1743 2049 1808 B

2086 465 2285 517 satum
2318 478 2351 516 a
2382 460 2701 533 pcanitente
2731 460 3001 531 quisquis
3034 476 3149 516 non
3181 461 3368 517 credit
3400 462 3745 537 contigisse,

2088 554 2314 623 oportet
2345 554 2410 606 ut
2440 551 2661 611 credat.
2694 564 2867 621 posse
2897 549 3261 623 contingere.

2186 640 2319 698 CAP.
2357 642 2477 697 192.
2509 670 2580 681 —-
2608 641 2947 712 Augustinus
2975 640 3041 696 de
3063 642 3277 697 animae
3305 643 3543 712 origine,
3576 645 3647 700 ad

2547 713 2813 769 Victorem
2846 713 2939 769 lib.
2974 729 2991 766 1
3025 714 3163 784 (cap.
3194 714 3273 783 9).

2162 800 2325 857 Latro
2372 802 2639 871 quamvis
2691 801 2900 873 poterit
2951 801 3144 857 divino
3185 802 3413 873 judicio
3462 803 3615 861 inter
3643 821 3746 862 eos

2087 889 2377 960 deputari,
2410 889 2509 962 qui
2543 890 2807 963 martyrii
2840 891 3209 947 confessione
3258 898 3626 964 purgantur;
3660 899 3742 952 ta-

2088 994 2219 1033 men
2254 977 2427 1034 etiam
2480 984 2677 1034 utrum
2722 997 2837 1035 non
2887 980 3063 1036 fuerit
3106 980 3437 1053 baptizatus
3484 982 3741 1055 ignoras.

2085 1067 2252 1138 Nam,
2285 1071 2348 1122 ut
2394 1067 2661 1123 omittam
2694 1069 2851 1141 quod
2901 1069 3176 1141 creditur,
3210 1086 3363 1142 aqua
3394 1072 3571 1127 simul
3604 1090 3741 1130 cum

2086 1156 2373 1229 sanguine
2404 1156 2708 1213 exsiliente
2757 1159 2827 1213 de
2858 1157 3038 1213 latere
3091 1158 3317 1214 Domini
3359 1160 3528 1229 juxta
3558 1164 3744 1218 confi-

2082 1262 2195 1301 xus
2225 1246 2487 1317 potuisse
2518 1246 2812 1318 perfundi,
2844 1253 3020 1319 atque
3052 1247 3397 1319 hujusmodi
3430 1252 3745 1308 sanctissi-

2084 1350 2177 1388 mo
2208 1335 2566 1407 baptismate
2596 1336 2762 1391 dilui.
2800 1336 2907 1401 Qui
2940 1336 2988 1392 si
3022 1337 3081 1391 in
3114 1353 3345 1393 carcere
3378 1339 3568 1396 fuerat
3605 1341 3747 1414 bap-

2083 1423 2341 1479 tizatus?
2401 1425 2556 1497 quod
2616 1430 2673 1479 et
2735 1430 2939 1497 postea
2995 1425 3421 1497 persecutionis
3480 1432 3747 1501 tempore

2084 1512 2353 1568 nonnulli
2384 1513 2653 1570 clanculo
2685 1515 3003 1587 impetrare
3036 1516 3526 1587 potuerunt.Quid
3560 1517 3609 1573 si
3642 1535 3742 1574 an-

2082 1606 2322 1673 tequam
2369 1603 2715 1659 teneretur?
2748 1620 2936 1676 neque
2985 1604 3141 1659 enim
3176 1610 3483 1676 propterea
3515 1606 3596 1662 illi
3630 1624 3740 1680 pu-

2081 1690 2246 1747 blicai
2280 1690 2436 1763 leges
2483 1710 2719 1764 parcere
2750 1697 3041 1765 poterant,
3078 1698 3370 1764 quantum
3419 1696 3632 1751 attinet
3662 1697 3736 1752 ad

2081 1780 2342 1853 corporis
2373 1786 2646 1852 mortem,
2680 1783 2960 1854 quoniam
2995 1783 3277 1840 divinitus
3326 1785 3735 1843 remissionem

2081 1875 2383 1943 acceperat
2413 1876 2800 1943 peccatorum.

2080 1963 2207 2016 CAP.
2246 1960 2365 2036 193.
2394 1992 2465 2036 Α-
2488 1962 2837 2036 Augustinus
2869 1961 3109 2036 homitia
3139 1962 3218 2036 ad
3247 1961 3553 2035 Neophytos
3576 1979 3737 2036 ;quz

2268 2034 2350 2087 sic
2379 2034 2577 2103 incipit
2603 2050 2623 2088 :
2650 2035 2845 2091 Omnis
2876 2034 3097 2105 quidem
3124 2033 3189 2088 de
3217 2036 3305 2088 his
3334 2033 3537 2088 serino.

2151 2119 2506 2176 Recordetur
2534 2137 2667 2193 ergo
2714 2122 3123 2194 unusquisque
3173 2127 3433 2178 vestrum
3468 2122 3735 2195 singulas

2078 2208 2490 2280 mysteriorum
2543 2210 2792 2282 species,
2825 2227 2969 2283 quas
3003 2227 3105 2283 per
3155 2216 3448 2280 nostrum,
3478 2212 3735 2267 donante

2077 2296 2348 2368 Domino,
2378 2300 2518 2355 estis
2568 2298 2965 2355 ministerium
3014 2300 3351 2368 consecuti;
3386 2305 3442 2356 et
3491 2317 3553 2356 ea
3603 2318 3734 2373 qua

2074 2389 2215 2442 tunc
2246 2387 2591 2459 suppliciter
2641 2404 2707 2444 ac
2737 2388 2988 2445 ﬁdeliter
3039 2390 3406 2462 suscepistis,
3441 2407 3596 2446 nunc
3648 2392 3735 2446 in-

2074 2476 2319 2548 telligite
2376 2477 2716 2549 prudenter,
2760 2481 2827 2533 ut
2874 2479 3088 2534 melius
3139 2478 3379 2550 possitis
3427 2478 3731 2535 intellectu

2074 2580 2325 2621 servare.
2364 2566 2426 2620 In
2462 2565 2669 2637 primis
2701 2569 2856 2621 certe
2888 2582 3059 2622 aures
3102 2571 3331 2622 vestras
3380 2568 3504 2622 oleo
3560 2568 3732 2623 bene-

2074 2655 2350 2710 dictionis
2383 2654 2723 2711 oblinimus.
2757 2654 2868 2710 Sed
2904 2656 2977 2710 ob
3023 2672 3197 2727 quam
3233 2672 3471 2711 causam
3525 2673 3732 2712 secun-

2074 2746 2215 2800 dum
2264 2744 2720 2800 ecclesiasticam
2772 2743 3149 2799 traditionem
3197 2745 3271 2799 ab
3322 2745 3598 2800 omnibus
3630 2762 3728 2801 ca-

2074 2833 2309 2888 tholicis
2340 2833 2551 2889 Christi
2588 2833 2993 2888 sacerdotibus
3027 2832 3127 2888 ﬁat
3156 2834 3476 2905 agnoscite.
3512 2834 3729 2889 Introi-

2073 2924 2170 2975 tus
2202 2922 2334 2977 fidei
2365 2925 2423 2976 et
2451 2922 2631 2976 totius
2661 2926 2877 2976 sanctas
2909 2920 3179 2976 doctrinae
3212 2922 3284 2976 ad
3325 2921 3589 2977 animum
3624 2939 3731 2994 per

2075 3026 2247 3064 aures
2278 3009 2630 3078 admittitur,
2661 3014 2718 3064 et
2747 3010 2819 3064 de
2850 3009 3053 3064 auditu
3088 3009 3417 3065 intellectus
3447 3010 3725 3067 exoritur.

310 3118 443 3156 rum
476 3117 592 3156 non
624 3100 1027 3167 inveniuntur,
1061 3105 1118 3155 et
1149 3105 1318 3172 urget
1349 3099 1673 3171 periculum
1705 3101 1834 3170 ejus
1865 3100 1967 3171 qui
1998 3102 2042 3171 ο
2076 3099 2277 3170 Neque
2324 3100 2480 3153 enim
2532 3102 2723 3169 potest
2771 3098 2987 3169 aliquis
3036 3098 3168 3153 fidei
3217 3104 3587 3155 sacramenta
3637 3116 3726 3155 co-

314 3189 477 3261 petit,
512 3206 584 3245 ne
612 3190 740 3245 sine
773 3190 885 3245 isto
936 3195 1305 3245 sacramento
1355 3189 1506 3245 hanc
1549 3190 1727 3244 vitam
1777 3190 1962 3256 ﬁniat,

311 3278 487 3334 etiam
520 3278 667 3334 laico
698 3279 836 3334 dare
865 3277 1517 3344 solere,sacramentum
1549 3280 1703 3349 quod
1735 3295 1967 3349 accepe-

313 3371 473 3437 runt,
505 3367 765 3423 solemus
804 3367 1027 3423 audire.
1060 3371 1231 3432 Nam,
1264 3382 1398 3421 cum
1432 3366 1533 3422 illa
1563 3367 1806 3423 historia
1836 3384 1965 3422 nar-

315 3460 498 3521 ratur,
514 3472 721 3512 omnes
741 3455 839 3526 qui
862 3456 1111 3511 audiunt
1132 3472 1310 3527 prope
1330 3456 1403 3511 ad
1430 3454 1718 3527 lacrymas
1752 3460 1961 3512 movet.

316 3545 459 3600 Cum
489 3544 549 3599 in
582 3544 713 3599 navi
761 3544 1016 3615 quadam
1065 3544 1255 3600 fidelis
1302 3543 1501 3599 nullus
1549 3549 1724 3613 esset,
1758 3548 1965 3616 praeter

320 3648 505 3688 unum
553 3632 953 3705 pasnitentem,
992 3634 1167 3705 ccepit
1208 3632 1515 3689 imminere
1564 3634 1959 3705 naufragium.

320 3722 455 3777 Erat
484 3721 565 3777 ibi
596 3721 834 3794 quidam
868 3722 1076 3779 salutis
1106 3740 1225 3778 suae
1256 3739 1373 3777 non
1417 3724 1747 3793 immemor,
1779 3725 1836 3777 et
1865 3739 1960 3778 sa-

303 3824 397 3865 crs
407 3810 587 3866 menti
603 3810 1154 3867 vehementissimus
1166 3810 1589 3882 ﬂagitator,nec
1608 3816 1733 3866 erat
1746 3810 1961 3879 aliquis

302 3897 404 3968 qui
425 3898 562 3955 dare
582 3903 799 3970 posset,
833 3899 945 3955 nisi
980 3899 1266 3971 pcenitens
1298 3898 1433 3967 ille;
1471 3904 1770 3970 acceperat
1799 3899 1956 3955 enim

302 3988 372 4042 de
396 3992 633 4059 peccato
655 3987 727 4042 de
750 4003 865 4059 quo
886 3987 1096 4059 agebat
1120 3985 1543 4058 paenitentiam.
1563 3988 1858 4043 Amiserat
1886 3988 1956 4044 de

301 4074 635 4131 senioribus
653 4076 1050 4145 sanctitatem,
1074 4075 1173 4130 sed
1199 4091 1313 4130 non
1332 4076 1611 4130 amiserat
1628 4092 1956 4132 sacramen-

298 4168 447 4220 tum.
480 4169 647 4235 Nam,
681 4164 729 4221 si
751 4165 860 4221 hoc
891 4164 1172 4220 amittunt
1193 4168 1501 4235 peccantes
1532 4180 1667 4219 cum
1698 4166 1954 4221 reconci-

297 4253 520 4308 liantur
550 4258 680 4323 post
711 4254 1140 4325 paenitentiam,
1164 4268 1340 4324 quare
1372 4270 1487 4308 non
1519 4253 1731 4309 iterum
1762 4254 1952 4326 bapti-

298 4344 507 4395 zantur
526 4340 554 4395 ?
575 4341 747 4397 Dedit
772 4358 902 4411 ergo
927 4342 1083 4413 quod
1107 4346 1408 4413 acceperat
1427 4345 1503 4411 et,
1525 4357 1595 4397 ne
1626 4342 1951 4413 periculose

2074 3203 2374 3260 gnoscere,
2408 3187 2521 3241 nisi
2553 3187 2755 3242 audiat
2785 3188 3219 3259 praedicantem.
3254 3190 3409 3244 Item.
3444 3192 3591 3260 Ergo
3623 3189 3729 3243 ad-

2074 3278 2261 3332 hibita
2306 3277 2548 3331 auribus
2582 3276 2782 3332 unctio
2833 3281 3037 3331 sancta
3078 3276 3389 3347 signiﬁcat,
3426 3282 3491 3332 ut
3520 3293 3727 3332 omnes

2074 3372 2234 3421 extra
2266 3364 2643 3437 disciplinam
2676 3381 3004 3435 sermones,
3036 3366 3205 3436 quasi
3256 3366 3534 3421 doctrinae
3566 3366 3728 3421 Chri-

2073 3457 2147 3511 sti
2178 3454 2559 3527 obloquentes
2590 3454 2971 3510 adversentur
3001 3470 3065 3509 ac
3088 3454 3309 3525 fugiant
3333 3456 3463 3522 ;sed
3496 3456 3566 3510 ad
3600 3455 3725 3511 sola

2071 3544 2172 3599 Dei
2204 3545 2377 3600 verba
2406 3543 2699 3598 audienda
2719 3543 3228 3615 convertant,quia
3258 3542 3406 3600 illito
3438 3544 3538 3600 illo
3570 3546 3719 3613 oleo,

2067 3634 2333 3689 auditum
2366 3648 2541 3689 suum
2570 3632 2785 3687 Christi
2815 3632 3061 3703 eloquiis
3093 3638 3528 3689 consecrarunt.
3560 3638 3719 3692 Item.

2069 3725 2185 3777 Vos
2217 3727 2412 3778 autem
2444 3726 2757 3793 postquam
2804 3726 3005 3777 vestris
3036 3738 3207 3777 aures
3240 3720 3365 3777 oleo
3414 3722 3720 3779 benedicto

2068 3816 2209 3867 sunt
2238 3811 2421 3878 illita,
2452 3809 2742 3882 designati
2793 3809 2936 3865 estis
2977 3810 3035 3864 in
3087 3825 3333 3866 numero
3381 3812 3718 3868 auditorum

2067 3900 2448 3973 sapientium,
2479 3902 2544 3953 ut
2592 3901 2746 3954 recte
2798 3898 3119 3954 retinentes
3168 3898 3265 3955 Dei
3316 3900 3509 3969 verba,
3541 3900 3598 3954 id
3632 3904 3724 3956 est

2066 4006 2194 4061 quas
2228 3987 2448 4044 auditis
2490 3984 2829 4059 implentes,
2861 3987 2920 4041 in
2972 3986 3064 4041 die
3089 3986 3296 4057 judicii
3342 3988 3596 4044 audiatis
3627 4005 3721 4043 vo-

2064 4078 2155 4133 bis
2204 4077 2502 4133 Christum
2554 4075 2893 4131 dicentem:
2933 4075 3140 4146 Venite,
3192 4076 3461 4131 benedicti
3506 4079 3715 4147 Patris,

2061 4169 2190 4235 mei,
2222 4168 2485 4237 suscipite
2528 4173 2787 4237 paratum
2820 4164 2969 4221 vobis
3011 4181 3241 4235 regnum
3268 4183 3298 4219 a
3326 4167 3717 4223 constitutione

2060 4257 2255 4312 mundi
2288 4254 2501 4324 (Matth.
2536 4253 2843 4324 xxv).Illud
2872 4258 3066 4309 autem
3100 4271 3216 4309 non
3250 4254 3564 4322 otiose,neo
3589 4256 3717 4311 abs-

2060 4361 2173 4416 que
2221 4349 2379 4399 certa
2429 4343 2653 4399 ratione
2702 4343 2962 4414 mysterii
3016 4344 3232 4397 factum
3282 4344 3520 4416 putetis,
3554 4346 3711 4416 quod

297 4428 477 4484 vitam
511 4429 702 4485 [iniret
734 4446 850 4485 non
884 4429 1312 4497 reconciliatus,
1338 4431 1482 4501 petit
1510 4431 1581 4486 ab
1614 4431 1740 4503 ipso
1773 4448 1945 4503 quem
1978 4469 2024 4534 Β
2060 4450 2229 4489 nares
2262 4449 2493 4504 quoque
2524 4435 2748 4487 vestras
2781 4432 2907 4487 oleo
2951 4432 3375 4488 benedictionis
3407 4433 3708 4504 unximus.

294 4516 691 4589 baptizaverat
722 4524 782 4573 ut
814 4534 948 4574 eum
996 4518 1415 4576 reconciliaret.
1449 4520 1519 4575 Et
1567 4520 1785 4577 factum
1818 4526 1941 4589 est;

292 4610 605 4662 evaserunt
635 4606 1031 4679 naufragium.
1064 4607 1373 4679 Cognitum
1404 4607 1585 4664 habes
1606 4610 1760 4680 quod
1794 4611 1944 4666 fece-

296 4698 447 4765 rant,
480 4709 650 4750 nemo
681 4695 905 4750 exstitit
935 4711 1158 4761 eorum,
1192 4695 1292 4765 qui
1323 4711 1443 4751 non
1473 4695 1635 4765 pium
1678 4698 1944 4755 animum

294 4782 377 4837 ita
406 4786 683 4855 crederet,
719 4788 783 4839 ut
814 4782 1078 4839 consiliis
1112 4799 1312 4838 eorum
1341 4783 1400 4837 in
1424 4782 1524 4839 illo
1545 4784 1807 4856 periculo
1837 4787 1945 4843 Do-

297 4872 525 4927 minum
548 4873 808 4928 crederet
827 4872 1106 4928 abfuisse.
1140 4872 1331 4928 Motus
1351 4872 1507 4928 enim
1547 4873 1782 4931 animus
1815 4876 1941 4933 reli-

294 4961 497 5034 giosus
522 4966 580 5017 et
604 4961 845 5033 supplex
871 4960 942 5016 ab
961 4960 1199 5015 homine
1223 4961 1412 5033 exegit
1434 4968 1887 5035 sacramentum,
1907 4984 1941 5022 a

291 5048 408 5105 Deo
440 5048 716 5122 impetrat
764 5048 1157 5106 sanctitatem.
1190 5050 1352 5113 Quod
1385 5050 1434 5105 si
1465 5052 1611 5107 forte
1642 5052 1749 5109 hoc
1781 5057 1937 5125 quod

288 5140 517 5196 narravi
552 5139 651 5210 qui
682 5139 988 5209 naufragio
1029 5137 1377 5193 imminente
1430 5140 1933 5212 periclitabantur,

286 5246 402 5285 non
434 5228 556 5283 vult
587 5226 800 5297 aliquis
830 5228 1064 5282 credere
1090 5244 1101 5281 :
1128 5244 1240 5282 non
1266 5229 1423 5283 enim
1473 5230 1580 5285 hoc
1611 5232 1936 5305 Scriptura-

284 5334 413 5373 rum
441 5316 775 5373 divinarum
798 5315 1251 5381 auctoritas,sed
1277 5316 1496 5372 incerto
1519 5324 1755 5375 auctore
1778 5321 1934 5379 fama

282 5405 674 5473 commendat,
708 5419 822 5460 non
879 5403 1239 5476 repugnabo,
1274 5405 1375 5460 sed
1408 5405 1704 5480 interrogo
1735 5410 1785 5466 si
1816 5412 1932 5469 tale

281 5491 502 5562 aliquid
528 5493 852 5565 contingat,
878 5493 1018 5564 quid
1044 5493 1301 5548 futurum
1326 5493 1460 5550 est?
1490 5495 1613 5550 Non
1637 5497 1793 5552 enim
1827 5516 1929 5571 po-

2054 4524 2216 4587 Quod
2250 4521 2466 4577 idcirco
2496 4520 2621 4577 ﬁeri
2654 4519 3023 4592 intelligitur,
3058 4525 3119 4576 ut
3152 4522 3190 4576 ii
3224 4522 3323 4593 qui
3377 4523 3448 4577 ad
3483 4522 3709 4594 baptis-

2057 4628 2221 4667 mum
2252 4610 2514 4679 veniunt,
2547 4610 2977 4665 admoneantur
3018 4609 3164 4665 tanti
3216 4610 3479 4682 mysterii
3511 4628 3705 4667 sacra-

2055 4704 2319 4757 mentum
2354 4714 2540 4770 usque
2571 4698 2643 4754 ad
2676 4703 2922 4754 mortem
2970 4698 3315 4755 inviolatum
3352 4703 3526 4771 atque
3558 4700 3705 4755 inte-

2053 4806 2224 4863 grum
2254 4785 2546 4843 custodire
2576 4788 2927 4858 ut,quandiu
2946 4786 3219 4858 spiritum
3246 4787 3375 4842 vitaz
3410 4787 3588 4859 hujus
3608 4805 3707 4843 na-

2053 4881 2217 4935 ribus
2239 4877 2364 4933 suis
2385 4876 2748 4946 attrahunt,a
2781 4875 2993 4931 Christi
3015 4875 3244 4931 Domini
3268 4877 3451 4931 nostri
3471 4879 3705 4933 cultura

2050 4973 2107 5025 et
2136 4967 2368 5025 servitio
2400 4982 2514 5021 non
2546 4965 2839 5020 recedant.
2876 4967 3027 5021 Item.
3061 4965 3171 5020 Sed
3204 4966 3396 5022 adhuc
3427 4966 3706 5022 subtilior

2048 5056 2384 5113 intellectus
2417 5054 2473 5109 in
2508 5054 2739 5109 narium
2763 5054 3038 5109 unctione
3070 5054 3528 5127 signatur.lllius
3545 5056 3703 5112 enim

2044 5146 2152 5204 olei
2182 5144 2506 5215 odor,quod
2540 5142 2599 5197 in
2631 5142 2843 5198 Christi
2878 5143 3113 5199 nomine
3133 5147 3190 5198 et
3219 5142 3434 5199 virtute
3466 5145 3702 5201 benedi-

2046 5241 2206 5292 ctum
2238 5237 2347 5302 est,
2382 5232 2451 5287 ad
2486 5232 2794 5286 odoratum
2826 5247 2925 5286 vos
2977 5236 3250 5303 provocat
3302 5232 3693 5305 spiritualem,

2044 5330 2110 5381 ut
2139 5341 2253 5379 non
2284 5320 2542 5393 corporis
2574 5320 2673 5374 sed
2708 5320 2924 5375 mentis
2955 5320 3231 5376 sensibus
3278 5320 3572 5378 Christum
3607 5323 3698 5378 in-

2042 5410 2374 5470 aestimabili
2399 5409 2687 5465 suavitate
2709 5409 2927 5464 sentire
2951 5408 3273 5481 possitis,et
3297 5410 3566 5467 delectati
3590 5428 3695 5468 no-

2038 5503 2168 5559 titia
2193 5499 2387 5557 odoris
2409 5500 2538 5570 ejus
2562 5498 2747 5570 ipsius
2767 5497 3009 5567 vestigia
3048 5498 3477 5570 subsequentes
3507 5501 3700 5558 dicere

282 5581 400 5635 test
432 5581 739 5653 quisquam
774 5582 1445 5655 dicere,relinquendum
1470 5583 1639 5642 illum
1673 5589 1927 5661 esse,qui
2034 5589 2284 5649 valeatis
2306 5588 2453 5645 illud
2478 5588 2633 5659 quod
2661 5587 2731 5644 ad
2776 5590 2951 5644 Deum
2979 5588 3343 5647 credentium
3366 5588 3582 5647 chorus
3613 5589 3699 5648 lo-
