3982 6060
221 320 325 375 109

1290 327 1606 381 DECRETI
1646 327 1828 380 PARS
1864 328 1908 381 Ι.
1945 355 2009 367 ——
2041 330 2136 382 DE
2176 331 2363 397 FIDE,
2407 331 2563 385 ETC.

3533 327 3638 383 110

215 447 423 517 quitur
453 463 466 503 :
501 448 627 504 Post
656 451 710 505 te
742 448 800 503 in
828 447 1054 505 odorem
1075 457 1482 520 unguentorum
1510 458 1729 506 tuorum
1750 467 1875 505 cur-
1904 455 1959 522 Α
1988 453 2579 510 sanctainstitutione
2601 452 3240 526 complentuerpleto
3271 451 3424 510 enim
3447 455 3638 526 bapti-

210 537 394 591 rimus
422 537 609 608 (Cant.
647 539 710 608 1).

676 644 805 702 CAP.
841 646 961 700 194.
994 677 1063 687 -
1095 648 1346 703 Homilia
1367 649 1421 703 3.

291 735 390 804 (De
419 749 565 788 com.
597 734 724 789 dist.
777 736 830 802 4,
861 752 908 790 c.
945 738 1137 791 Prima
1178 739 1391 807 igitur).
1425 738 1620 794 Prima
1650 755 1786 811 ergo
1819 743 1876 794 et

219 824 482 877 ecunda
512 824 926 894 praedicatione
955 826 1026 880 de
1057 826 1130 880 iis
1161 830 1391 881 tantum
1436 827 1612 882 locuti
1643 845 1873 897 sumus,

217 927 346 980 qua
376 911 539 966 vobis
564 912 906 982 priusquam
931 915 1001 969 ad
1028 914 1249 970 fontem
1276 921 1547 971 sanctum
1578 917 1872 986 veniretis,

209 1001 385 1071 juxta
415 1001 711 1056 catholicae
744 1002 955 1073 regulae
987 1004 1262 1058 instituta
1281 1005 1872 1076 tradidimus,etquid

217 1089 583 1160 signiﬁcaret
613 1091 966 1160 unctio,quae
999 1092 1243 1148 diversis
1273 1096 1534 1165 corporis
1566 1095 1749 1149 nostri
1773 1096 1875 1148 ad-

216 1177 406 1231 hibita
423 1178 684 1248 partibus
716 1178 1008 1233 diversum
1026 1179 1386 1236 intellectum
1411 1183 1877 1252 designat,prout

215 1264 509 1320 Dominus
539 1267 758 1321 donare
801 1267 1079 1338 dignatus
1111 1275 1199 1323 est
1246 1270 1610 1342 interpretati
1643 1287 1872 1339 sumus,

216 1368 356 1407 cum
387 1355 831 1409 ostenderemus
846 1372 948 1410 vos
969 1373 1070 1426 per
1099 1356 1290 1412 oleum
1312 1359 1789 1414 sanctiﬁcationis
1805 1361 1874 1413 ad

216 1441 492 1496 auditum
523 1441 708 1513 plena:
737 1444 868 1498 fidei
905 1449 1281 1515 praeparatos,
1313 1452 1370 1501 et
1406 1448 1626 1503 bonum
1661 1447 1875 1503 Christi

216 1530 459 1586 odorem
490 1539 724 1586 vocatos
755 1547 824 1587 ex
853 1536 974 1588 toto
1007 1536 1180 1589 corde
1213 1536 1284 1590 ad
1336 1537 1873 1591 abrenuntiandum

218 1618 455 1674 diabolo
479 1635 607 1674 esse
629 1621 1214 1678 commonitos.Nunc
1237 1641 1370 1679 vero
1389 1626 1461 1680 de
1492 1625 1875 1680 interioribus

212 1708 339 1777 jam
375 1708 672 1779 mysteriis
701 1709 951 1765 locuturi
987 1728 1216 1778 sumus,
1251 1730 1378 1783 quae
1426 1713 1483 1767 in
1517 1715 1642 1784 ipso
1675 1720 1873 1769 sancto

219 1798 381 1852 fonte
410 1797 706 1853 celebrata
734 1804 892 1854 sunt.
925 1800 1155 1856 Emissa
1184 1803 1341 1857 enim
1373 1804 1702 1858 certissima
1734 1821 1874 1859 cau-
1911 1818 1957 1882 Β

225 1886 405 1952 tione,
454 1902 572 1956 qua
612 1903 716 1942 vos
761 1888 1176 1944 abrenuntiare
1225 1891 1501 1945 omnibus
1543 1893 1794 1963 pompis,
1825 1899 1882 1948 et

223 1974 508 2045 operibus
538 1976 688 2046 ejus,
725 1981 781 2030 et
809 1979 972 2032 omni
1003 1978 1374 2033 fornicationi
1414 1981 1712 2036 diabolicae
1746 1999 1880 2052 spo-

223 2063 520 2135 pondistis
549 2066 971 2121 descendentes
1004 2067 1061 2120 in
1098 2068 1336 2136 fontem,
1372 2069 1590 2124 fontem
1621 2087 1878 2138 sacrum,

220 2141 446 2207 fo’ntem
475 2154 911 2224 redemptionis,
938 2156 1152 2209 fontem
1197 2157 1629 2214 sanctificatum
1667 2161 1884 2216 virtute

224 2240 468 2296 caelesti.
502 2242 656 2296 Item.
689 2242 754 2297 In
787 2242 896 2297 hoc
926 2260 1061 2313 ergo
1096 2245 1252 2299 fonte
1279 2252 1592 2317 antequam
1628 2265 1726 2302 vos
1758 2254 1880 2304 toto

223 2345 470 2400 corpore
535 2331 919 2402 tingeremus,
983 2332 1472 2404 interrogavimus
1524 2353 1536 2390 :
1582 2337 1779 2391 Credis
1822 2339 1881 2393 in

220 2417 410 2472 Deum
433 2419 662 2474 Patrem
687 2420 1147 2492 omnipotentem
1173 2421 1199 2475 ?
1235 2422 1647 2492 Respondistis
1673 2441 1685 2481 :
1713 2427 1881 2483 Credo

219 2510 478 2561 Rursum
513 2507 1010 2580 interrogavimus
1042 2525 1056 2564 :
1094 2511 1293 2566 Credis
1325 2518 1382 2566 et
1407 2513 1463 2566 in
1493 2513 1883 2570 JesumChri-

223 2599 384 2649 stum
417 2594 627 2650 Filium
647 2597 906 2667 ejus,qui
939 2603 1111 2654 natus
1137 2605 1225 2654 est
1247 2601 1318 2655 de
1349 2601 1566 2672 Spiritu
1591 2609 1792 2658 sancto
1816 2621 1885 2659 ex

221 2682 405 2738 Maria
435 2683 658 2755 virgine
679 2685 706 2738 ‘i
737 2685 1145 2757 Respondistis
1168 2688 1386 2760 singuli
1421 2707 1434 2745 :
1472 2691 1883 2748 Credo.lterum

223 2773 740 2842 interrogavimus,
777 2779 834 2829 et
857 2775 915 2829 in
949 2776 1235 2846 Spiritum
1269 2784 1540 2835 sanctum
1567 2781 1594 2834 ‘I
1631 2786 1883 2853 Respon-

223 2861 398 2916 distis
429 2860 705 2917 similiter
737 2880 748 2917 :
787 2863 970 2919 Credo.
1005 2869 1124 2918 Hoc
1157 2873 1348 2922 autem
1396 2869 1641 2925 fecimus
1672 2887 1882 2925 secun-

225 2950 370 3004 dum
385 2949 617 3005 Domini
633 2952 968 3007 nostriJesu
982 2953 1194 3009 Christi
1209 2955 1530 3012 Salvatoris
1545 2957 1881 3028 imperium.

229 3039 338 3104 Qui
371 3055 506 3093 cum
538 3040 610 3094 ad
641 3043 873 3096 Patrem
893 3041 953 3096 in
974 3041 1153 3098 caelos
1184 3045 1547 3111 ascenderet,
1578 3045 1884 3116 discipulis

228 3127 381 3198 suis,
417 3128 473 3183 id
504 3132 594 3184 est
623 3129 899 3200 apostolis
933 3132 1254 3198 mandavit,
1275 3133 1477 3190 dicens
1511 3150 1524 3191 :
1557 3136 1879 3202 Euntes,ba-

1985 547 2192 610 amate,
2226 549 2402 614 caput
2431 548 2691 598 vestrum
2719 544 3122 609 chrismate,id
3157 548 3243 600 est
3274 546 3396 599 oleo
3419 546 3637 599 sancti-

1985 631 2274 687 ﬁcationis
2298 631 2697 687 infundimus:
2723 650 2823 703 per
2846 634 2999 704 quod
3026 633 3356 687 ostenditur
3373 634 3637 704 baptiza-

1983 719 2060 774 tis
2095 721 2346 791 regalem
2380 724 2436 774 et
2464 721 2882 776 sacerdotalem
2914 722 3162 776 conferri
3210 740 3242 777 a
3287 723 3522 776 domino
3555 722 3636 776 di-

1984 809 2293 879 gnitatem.
2326 810 2470 863 Nam
2504 809 2563 863 in
2596 811 2781 865 Veteri
2817 812 3192 866 Testamento
3239 811 3297 866 hi
3331 811 3430 882 qui
3462 810 3635 881 elige-

1985 899 2199 952 bantur
2229 899 2284 951 in
2318 899 2665 965 sacerdotio,
2691 899 2775 954 vel
2808 901 2866 954 in
2898 905 3302 970 regno,sancto
3335 901 3635 972 ungeban-

1984 992 2080 1040 tur
2111 986 2272 1053 oleo;
2307 992 2364 1041 et
2394 988 2667 1042 unctione
2699 987 2904 1058 capitis
2950 988 3047 1041 alii
3081 988 3363 1058 regnandi
3417 989 3474 1042 in
3528 1005 3632 1059 po-

1986 1074 2188 1145 pulum
2222 1075 2343 1141 Dei,
2378 1076 2476 1129 alii
2507 1077 2790 1130 sacriﬁcia
2823 1077 3096 1130 offerendi
3130 1076 3635 1146 Deo,accipiebant

1985 1181 2018 1219 a
2048 1164 2285 1219 domino
2319 1170 2687 1235 potestatem.
2723 1166 3202 1236 ltem.Completis
3234 1173 3424 1220 autem
3450 1165 3635 1219 omni-

1985 1252 2094 1307 bus
2124 1255 2715 1317 sacramentis,etiam
2741 1255 3086 1308 mandatum
3110 1256 3272 1309 vobis
3293 1259 3349 1308 et
3369 1251 3632 1323 exemplo

1983 1344 2040 1394 et
2064 1357 2331 1396 sermone
2381 1342 2690 1396 tradimus.
2743 1343 3012 1396 Lavimus
3055 1343 3210 1396 enim
3266 1341 3634 1412 singulorum

1985 1430 2181 1498 pedes,
2216 1431 2285 1483 ad
2316 1430 2702 1485 imitationem
2735 1447 2837 1485 vos
2872 1431 3280 1494 nostram,imo
3314 1430 3505 1500 ipsius
3523 1429 3637 1483 Do-

1985 1516 2129 1572 mini
2152 1523 2209 1571 et
2227 1517 2538 1573 Salvatoris
2561 1519 3230 1589 nostriprovocantes,ut
3253 1518 3636 1589 quemadmo-

1985 1607 2122 1660 dum
2155 1623 2259 1661 nos
2288 1612 2513 1662 vestros
2542 1608 2715 1678 pedes
2749 1607 3102 1676 lavimus,ita
3135 1608 3309 1663 etiam
3332 1624 3432 1663 vos
3465 1610 3636 1677 pedes

1985 1695 2232 1750 fratrum
2262 1700 2317 1750 et
2348 1695 2648 1766 hospitum
2682 1695 2872 1751 lavare
2904 1697 3187 1752 debeatis.

2147 1809 2277 1864 CAP.
2314 1811 2434 1864 196.
2468 1839 2538 1851 -—-
2573 1813 2904 1866 .4nastasius
2935 1812 3175 1883 Epitecto
3205 1813 3472 1884 episcopo.

2059 1925 2288 1980 Gabriel
2323 1926 2577 1980 mittitur
2607 1927 2676 1980 ad
2710 1927 2972 1996 Mariam,
3009 1944 3122 1981 non
3155 1927 3488 1983 transitoria
3520 1928 3635 1983 vir-

1991 2013 2205 2083 ginem,
2241 2017 2336 2069 sed
2372 2017 2443 2070 ad
2477 2015 2760 2086 virginem
2795 2017 3208 2086 desponsatam
3237 2016 3359 2072 viro
3389 2019 3636 2088 (Luam);

1993 2107 2051 2156 ut
2082 2120 2297 2174 sponso
2329 2106 2658 2159 ostenderet
2690 2105 2932 2160 Mariam
2964 2122 3094 2160 vere
3128 2106 3424 2162 hominem
3460 2108 3643 2164 fuisse

1991 2195 2047 2246 et
2079 2196 2280 2262 partus
2312 2193 2579 2248 meminit
2603 2193 2988 2265 Scriptura,et
3010 2195 3149 2250 dicit
3184 2213 3195 2250 :
3233 2193 3476 2251 Involvit
3500 2213 3640 2268 pue-

1993 2297 2122 2335 rum
2152 2282 2356 2352 (ibid.),
2388 2286 2443 2336 et
2474 2284 2642 2337 beata
2669 2288 2804 2338 sunt
2838 2285 3012 2338 ubera
3037 2301 3159 2354 quae
3194 2285 3349 2338 suxit
3379 2285 3641 2356 (Luem),

1991 2377 2045 2423 et
2076 2368 2334 2424 oblatum
2366 2372 3125 2443 estsacriﬁcium,quoniam
3152 2373 3381 2444 aperuit
3413 2375 3512 2444 qui
3539 2392 3639 2429 na-

1992 2461 2086 2511 tus
2118 2467 2202 2512 est
2232 2458 2484 2513 vulvam.
2517 2460 2646 2515 Haec
2678 2465 2871 2515 autem
2906 2461 3102 2515 omnia
3129 2462 3513 2533 parturientis
3530 2461 3642 2516 vir-

1993 2547 2144 2616 ginis
2175 2555 2337 2602 erant
2365 2548 2602 2604 indicia.

1993 2682 2122 2736 CAP.
2158 2681 2277 2736 197.
2329 2711 2396 2721 -
2447 2683 2507 2737 Ut
2554 2685 2757 2749 praeter
2809 2682 2992 2735 Pacha
3016 2691 3067 2737 et
3112 2683 3481 2747 Pentecosten,
3531 2684 3645 2739 nisi

2063 2757 2238 2826 morte
2283 2754 2726 2823 periclitantibus
2773 2755 3046 2823 baptisma
3083 2770 3192 2809 non
3242 2755 3358 2824 ﬁat.
3412 2757 3495 2810 Ex
3524 2755 3643 2826 epi-

2062 2824 2202 2879 stola
2231 2825 2421 2879 Leonis
2453 2841 2634 2896 papa},
2665 2842 2785 2896 cap.
2820 2827 2904 2880 11.

2067 2938 2226 2992 Unde
2258 2938 2397 3008 quia
2445 2937 2930 2994 manifestissime
2979 2943 3138 3010 patet
3185 2939 3554 3011 baptizandis
3585 2939 3644 2994 in

1995 3025 2237 3082 ecclesia
2267 3027 2487 3094 electis,
2519 3027 2640 3082 haec
2671 3029 2785 3082 duo
2821 3033 3104 3098 tempora,
3137 3029 3194 3083 id
3227 3033 3316 3084 est
3350 3029 3570 3084 Pascha
3591 3032 3648 3083 et

1998 3116 2373 3170 Pentecosten
2425 3133 2553 3172 esse
2594 3116 2858 3187 legitima
2912 3134 2924 3172 :
2976 3116 3345 3173 dilectionem
3395 3123 3647 3173 vestram

226 3180 441 3290 ριίιᾶιε
469 3180 884 3288 οηιηεετρεηιθ,
915 3221 973 3274 in
1024 3180 1254 3276 nomine,
1297 3224 1500 3293 pum-8,
1547 3233 1598 3279 ει
1644 3181 1796 3292 Filii,
1828 3228 1881 3279 ει
1915 3180 1956 3246 C
1999 3221 2305 3260 monemus
2338 3209 2400 3260 ut
2430 3205 2622 3260 nullos
2644 3206 2789 3261 alios
2815 3206 2938 3262 dies
2961 3206 3094 3262 huic
3119 3207 3512 3262 observationi
3537 3207 3647 3260 mi-

230 3308 476 3380 Spiritus
502 3311 682 3363 sancti
723 3309 943 3380 (Matth.
994 3313 1218 3380 xxvm).
1271 3315 1428 3368 Item.
1485 3315 1649 3378 Quod
1683 3321 1878 3368 autem

230 3399 724 3468 interrogavimus
758 3415 771 3454 :
805 3398 1006 3455 Credis
1048 3404 1309 3455 sanctam
1354 3400 1672 3456 Ecclesiam
1701 3408 1758 3457 et
1787 3419 1878 3457 re-

233 3486 622 3542 missionnem
645 3492 1105 3557 peccatorum,et
1138 3491 1333 3544 carnis
1365 3491 1880 3558 resurrectionem,

232 3593 349 3631 non
369 3592 437 3631 eo
457 3577 631 3630 modo
659 3577 1153 3648 interrogavimus
1182 3595 1195 3632 ;
1231 3583 1294 3632 ut
1312 3579 1604 3650 quomodo
1619 3579 1677 3634 in
1697 3580 1880 3635 Deum

232 3665 498 3720 creditur
521 3684 535 3730 ;
560 3664 644 3719 sic
665 3669 720 3720 et
742 3665 800 3719 in
824 3664 1141 3720 Ecclesiam
1157 3672 1420 3722 sanctam
1444 3666 1879 3724 etcatholicam.

233 3754 551 3824 Pr0pterea
576 3759 778 3808 sancta
807 3758 861 3808 et
892 3753 1180 3809 catholica
1211 3759 1319 3824 est,
1353 3755 1489 3826 quia
1520 3761 1674 3810 recte
1705 3758 1887 3811 credit

236 3843 295 3897 in
325 3843 534 3897 Deum.
565 3841 688 3896 Non
721 3859 855 3913 ergo
886 3841 1239 3910 diximus,ut
1273 3844 1329 3897 in
1357 3844 1692 3909 Ecclesiam,
1717 3845 1884 3915 quasi

239 3934 298 3987 in
331 3931 517 3986 Deum
551 3931 900 3997 crederetis;
931 3932 1032 3987 sed
1082 3931 1391 4004 intelligite
1438 3950 1539 3989 vos
1588 3933 1800 4003 dicere,
1833 3938 1889 3989 et

241 4020 460 4075 dixisse
492 4024 557 4073 ut
587 4020 644 4074 in
674 4019 935 4076 Ecclesia
955 4025 1011 4076 et
1031 4025 1231 4077 sancta
1259 4026 1315 4076 et
1335 4021 1621 4077 catholica
1652 4039 1890 4078 conver-

242 4113 446 4164 santes
467 4108 526 4162 in
550 4108 733 4163 Deum
764 4110 1074 4165 crederetis
1100 4129 1114 4179 ;
1147 4111 1459 4165 crederetis
1491 4113 1667 4166 etiam
1697 4129 1891 4167 resur-

243 4197 563 4253 rectionem
589 4197 740 4252 caris
774 4215 898 4268 quas
931 4198 1128 4253 futura
1159 4204 1268 4254 est.
1304 4201 1457 4254 Item.
1491 4201 1599 4271 (De
1627 4216 1892 4271 consecr.,

241 4286 365 4341 dist.
406 4287 462 4354 4,
491 4303 537 4340 c.
570 4288 906 4356 Postquam.)
940 4291 1253 4358 Postquam
1285 4306 1387 4343 vos
1419 4290 1651 4344 credere
1675 4292 1893 4360 promi-

243 4374 609 4440 sistis,tertio
632 4375 1024 4447 capitavestra
1041 4375 1096 4430 in
1123 4394 1288 4433 sacro
1307 4378 1893 4434 fontedemersimus.

244 4465 350 4528 Qui
385 4465 528 4519 ordo
552 4464 920 4535 baptismatis
943 4465 1161 4536 duplici
1186 4468 1448 4538 mysterii
1472 4467 1899 4538 signiﬁcatione

1992 3293 2225 3361 sceatis,
2260 3295 2397 3364 quia
2426 3295 2533 3349 etsi
2567 3299 2707 3349 sunt
2741 3295 2853 3349 alia
2885 3312 3126 3366 quaeque
3166 3296 3313 3351 festa
3347 3296 3562 3366 quibus
3586 3296 3644 3350 in

1992 3382 2211 3438 honore
2243 3383 2344 3438 Dei
2375 3381 2560 3438 multa
2592 3384 2912 3439 reverentia
2944 3384 3246 3453 debeatur,
3300 3384 3644 3454 principalis

1991 3475 2187 3527 tamen
2219 3478 2273 3527 et
2307 3472 2544 3527 maximi
2577 3474 2929 3528 sacramenti
2953 3473 3334 3529 custodienda
3366 3473 3536 3528 nobis
3560 3477 3645 3528 est

1992 3559 2237 3631 mystica
2267 3565 2323 3615 et
2356 3561 2718 3616 rationabilis
2748 3562 3094 3631 exemplatio
3130 3578 3143 3616 :
3179 3579 3291 3616 non
3332 3561 3645 3616 interdicta

1992 3648 2249 3714 licentia,
2289 3665 2404 3718 qua
2434 3649 2490 3702 in
2525 3649 2816 3719 baptismo
2848 3650 3179 3716 tribuendo,
3207 3649 3466 3719 quolibet
3490 3654 3644 3704 tem-

1994 3754 2132 3810 pore
2145 3736 2609 3808 periclitantibus
2625 3738 2968 3792 subvenitur
2991 3757 3003 3804 ;
3020 3738 3100 3792 ita
3113 3739 3268 3792 enim
3284 3739 3355 3793 ab
3389 3738 3482 3792 bis
3505 3739 3643 3793 dua-

1995 3829 2105 3884 bus
2139 3825 2558 3881 festivitatibus
2589 3826 2865 3881 connexis
2905 3826 3142 3881 sibimet
3172 3831 3347 3899 atque
3381 3827 3645 3898 cognatis

1997 3915 2408 3982 incolumium,
2440 3921 2496 3969 et
2541 3915 2700 3986 pacis
2740 3916 3047 3970 securitate
3094 3917 3433 3986 degentium
3465 3917 3649 3972 libera

1997 4011 2131 4060 vota
2156 4004 2502 4069 differimus,
2537 4009 2601 4059 ut
2632 4005 2689 4058 in
2716 4007 2918 4060 mortis
2950 4004 3292 4077 periculo,in
3325 4006 3650 4061 obsidionis

2001 4093 2361 4157 discrimine,
2412 4097 2514 4148 aut
2545 4093 2966 4164 persecutionis
3013 4094 3304 4164 angustia,
3338 4093 3396 4147 in
3443 4093 3651 4147 timore

2004 4182 2482 4254 nanfragii,nullo
2509 4186 2768 4253 tempore
2799 4181 2905 4236 hoc
2937 4198 3080 4236 verte
3113 4181 3323 4237 salutis
3354 4180 3653 4253 singulare

2006 4272 2344 4344 praesidium
2379 4272 2650 4342 cuiquam
2685 4271 3058 4343 denegemus.

2007 4405 2137 4461 CAP.
2172 4405 2294 4460 498.
2329 4435 2396 4444 ——
2426 4405 2540 4472 Quo
2572 4411 2810 4473 tempore
2841 4405 3107 4474 baptisma
3153 4404 3539 4460 celebrandum
3564 4405 3654 4458 sit.

2079 4482 2172 4532 Ea:
2201 4477 2426 4532 decretis
2462 4478 2693 4531 Victoris
2737 4491 2916 4544 pupae,
2946 4476 3222 4545 fratribus
3263 4493 3361 4544 per
3405 4478 3656 4531 dtexun-

245 4552 594 4608 celebratur.
630 4552 802 4608 Recte
831 4553 987 4607 enim
1027 4554 1197 4609 tertio
1232 4555 1406 4611 mersi
1437 4555 1706 4627 estis,qui
1739 4573 1898 4611 acce-
1929 4548 1977 4612 D
2080 4548 2261 4603 ἀνῑαγη
2298 4549 2615 4604 constitutis
2649 4548 2824 4618 (ερίδι.
2861 4548 2884 4600 1
2919 4547 2989 4601 αά
3025 4547 3415 4618 Theophilum).

246 4640 417 4714 pistis
450 4640 807 4710 baptismum
830 4640 887 4694 in
920 4642 1158 4697 nomine
1190 4643 1702 4700 Trinitatis.Recte
1725 4647 1895 4700 tertio

249 4730 428 4786 mersi
458 4729 619 4799 estis,
655 4729 753 4801 qui
797 4730 1106 4801 accepistis
1156 4731 1520 4803 baptismum
1556 4733 1612 4787 in
1665 4734 1901 4788 nomine

248 4819 388 4875 Jesu
421 4817 636 4873 Christi
670 4819 842 4889 (Rom.
875 4819 976 4890 v1),
1028 4819 1127 4890 qui
1160 4820 1331 4874 tertia
1380 4821 1471 4876 die
1523 4821 1839 4876 resurrexit
1868 4839 1901 4876 a

248 4907 514 4963 mortuis.
551 4909 635 4961 Ita
665 4906 820 4961 enim
852 4906 1022 4962 tertio
1063 4909 1308 4978 repetita
1357 4909 1646 4964 demersio
1698 4916 1900 4981 typum

250 4996 571 5053 Dominicaa
598 4994 872 5065 exprimit
914 4997 1254 5067 sepulturae,
1311 5015 1414 5070 per
1469 5015 1643 5069 quam
1676 4998 1904 5053 Christo

252 5083 585 5157 consepulti
619 5083 762 5139 estis
793 5082 852 5137 in
884 5083 1263 5155 baptismo,et
1293 5103 1423 5141 cum
1450 5086 1679 5141 Christo
1710 5103 1906 5141 resur-

252 5174 489 5230 rexistis
521 5173 579 5227 in
615 5172 749 5240 ﬁde,
784 5176 846 5227 ut
877 5173 1132 5244 peccatis
1164 5174 1346 5229 abluti
1385 5176 1440 5229 in
1466 5176 1774 5231 sanctitate
1799 5175 1908 5230 vir-

251 5267 472 5334 tutum,
507 5261 802 5318 Christum
836 5261 1120 5318 imitando
1151 5263 1380 5319 vivatis.

749 5368 878 5423 CAP.
914 5368 1030 5423 195.
1068 5399 1136 5409 —
1165 5371 1421 5426 Homitia.

324 5459 648 5528 Hucusque
677 5457 747 5511 de
778 5458 1074 5527 mysteriis
1098 5457 1273 5514 locuti
1296 5477 1504 5516 sumus
1537 5476 1666 5530 quae
1697 5475 1798 5532 per
1819 5476 1913 5515 sa-

256 5551 630 5606 cramentum
662 5545 722 5601 in
752 5545 880 5617 ipso
921 5545 1274 5619 baptismate
1325 5550 1714 5605 celebrantur.
1749 5548 1916 5605 Nunc

261 5654 398 5697 vero
432 5638 505 5694 de
537 5636 632 5694 his
662 5634 850 5692 acturi
900 5651 1111 5694 sumus
1140 5652 1268 5709 quea
1314 5639 1438 5710 jam
1491 5639 1562 5695 de
1611 5638 1920 5711 baptizatis

2079 4665 2184 4736 (De
2209 4679 2384 4728 cons,,
2418 4662 2544 4717 dist.
2595 4661 2652 4727 3,
2701 4678 2747 4716 ο.
2807 4663 3228 4733 Cetebritalem.)
3281 4666 3343 4718 In
3394 4658 3664 4717 Paschali

2007 4769 2144 4808 vero
2175 4759 2434 4822 tempore
2459 4755 2515 4806 et
2535 4751 2906 4806 Pentecostss
2926 4751 3214 4819 baptisma
3244 4751 3659 4806 celebrandum

2012 4847 2102 4896 est
2131 4840 2483 4895 catholicum
2512 4857 2524 4893 :
2554 4841 2654 4894 sed
2678 4840 2727 4894 si
2754 4855 2988 4894 necesse
3013 4841 3190 4894 fuerit
3213 4845 3312 4895 aut
3335 4841 3538 4894 mortis
3562 4856 3665 4910 pe—

2015 4929 2262 4984 riculum
2299 4927 2861 4999 ingruerit,gentiles
2894 4928 2964 4981 ad
2997 4927 3171 4982 ﬁdem
3204 4929 3502 4984 venientes
3529 4944 3665 4998 quo-

2017 5033 2248 5088 cunque
2278 5017 2402 5071 loco
2435 5016 2519 5070 vel
2552 5023 2870 5084 momento,
2905 5017 3238 5086 ubicunque
3268 5017 3667 5083 evenerit,sivc

2018 5111 2075 5163 in
2125 5106 2388 5171 ﬂumine,
2437 5106 2555 5160 sive
2604 5106 2662 5159 in
2711 5106 2882 5173 mari,
2933 5106 3053 5161 sive
3097 5106 3154 5160 in
3205 5108 3484 5172 fontibus,
3538 5112 3666 5160 tan-

2022 5203 2149 5252 tum
2180 5195 2524 5250 Christianas
2557 5193 2943 5249 confessionis
2977 5195 3322 5250 credulitate
3353 5196 3668 5250 clariﬁcata

2023 5282 2627 5355 baptizentur.lpsum
2661 5299 2894 5354 quoque
2912 5285 3068 5353 quod
3101 5283 3158 5339 in
3185 5285 3476 5354 baptismo
3501 5282 3671 5352 polli-

2024 5373 2688 5440 citi,sunt,summopere
2720 5373 3140 5428 attendendum
3163 5379 3254 5427 est
3284 5389 3353 5427 ne
3384 5369 3670 5437 inﬁdeles,

2026 5463 2128 5517 sed
2156 5459 2355 5515 ﬁdeles
2383 5461 2776 5517 inveniantur.
2812 5463 2927 5530 Ipsi
2977 5478 3111 5516 vero
3156 5461 3255 5531 qui
3309 5459 3674 5514 inﬁdelitatis

2027 5555 2164 5606 nota
2194 5552 2589 5621 asperguntur
2618 5548 2863 5604 infames
2895 5548 3250 5616 efﬁciuntur,
3305 5549 3482 5620 atque
3526 5548 3679 5604 inter

2029 5639 2228 5696 ﬁdeles
2261 5639 2505 5695 minime
2536 5641 2902 5710 reputantur.
