3970 6058
307 320 410 377 111

1394 323 1468 377 D.
1516 318 1759 374 IVONIS
1792 320 2292 382 CARNOTENSIS
2327 326 2649 384 EPISCOPI

3619 331 3728 388 112

304 450 435 530 CAP.
471 448 593 530 199.
625 477 695 530 -τ
724 448 801 530 pe
823 446 1052 530 duobus
1100 446 1434 530 temporibus
1482 445 1850 530 baptismatis.
1884 450 1969 503 επ
1994 450 2051 517 Α
2080 468 2185 509 nes
2216 455 2286 510 ad
2320 455 2780 528 regenerationis
2811 454 3058 512 veniunt
3099 460 3552 530 sacramentum,
3600 475 3723 516 non

375 521 605 576 decretis
651 519 856 574 Gelasii
890 533 1057 590 papae
1102 519 1143 572 X
1184 518 1439 588 (epistola
1487 518 1511 570 1
1572 516 1645 571 ad
1682 533 1961 589 episcopos

376 593 632 648 Lucaniae
661 599 712 647 et
745 595 983 660 Brutzos,
1014 596 1124 646 etc.

376 685 474 753 (De
504 699 673 754 cons.,
704 682 833 737 dist.
869 683 921 749 4,
953 698 1000 736 ε.
1050 678 1427 751 Baptizandi.)
1475 679 1814 750 Baptizandi
1846 681 1961 736 sibi

308 771 602 846 quispiam
624 771 843 843 passim
866 783 1217 841 quocunque
1237 771 1498 838 tempore
1519 768 1740 824 nullam
1762 770 1963 826 credat

308 863 503 917 inesse
526 860 1035 931 fiduciam,przeter
1052 856 1349 928 paschalis
1372 856 1506 912 festi
1519 862 1574 912 et
1591 861 1961 913 Pentecostes

308 948 641 1006 venerabile
672 951 1136 1015 sacramentum,
1168 949 1405 1015 excepto
1437 946 1721 1000 duntaxat
1749 946 1962 1017 gravis-

309 1038 444 1093 simi
472 1036 775 1108 languoris
809 1034 1134 1101 incursu,in
1172 1049 1288 1104 quo
1318 1034 1637 1089 verendum
1669 1049 1741 1089 ne
1773 1034 1963 1089 morbi

312 1130 607 1182 crescente
637 1122 897 1195 periculo
929 1122 1057 1179 sine
1097 1121 1351 1177 remedio
1401 1121 1648 1177 salutari
1694 1123 1962 1179 fortassis

308 1218 598 1286 aegrotans
630 1211 803 1269 exitio
834 1216 1164 1284 prmventus
1192 1211 1453 1268 excedat.

308 1304 443 1360 CAP.
474 1304 599 1359 200.
649 1333 717 1342 -
769 1303 844 1356 De
886 1301 1087 1357 eodem.
1137 1302 1223 1355 Ea:
1271 1299 1505 1356 decretis
1553 1299 1752 1355 Siricii
1776 1315 1961 1371 papae,

378 1391 497 1446 cap.
531 1376 568 1427 2
599 1375 778 1445 (epist.
811 1373 881 1427 ad
930 1374 1247 1428 Himcrzum
1304 1375 1709 1427 Terraconeum
1753 1376 1962 1444 episco-

454 1463 552 1502 m).

454 1463 510 1499 m
539 1488 552 1502 .

378 1463 477 1607 {ge
504 1446 681 1604 Zona,
712 1532 840 1588 dist.
874 1534 929 1600 4,
955 1548 1002 1588 c.
1032 1532 1151 1588 Non
1180 1532 1395 1587 ratione
1441 1532 1828 1603 auctoritatis).
1861 1532 1962 1587 Se-

308 1625 514 1695 quitur
534 1624 604 1678 de
626 1622 872 1677 diversis
891 1621 1378 1693 baptizandorum
1399 1624 1573 1692 prout
1593 1620 1806 1691 cuique
1828 1620 1963 1675 libi-

309 1720 436 1767 tum
462 1711 634 1767 fuerit
657 1710 1065 1781 improbabilis
1088 1710 1524 1765 etemendanda
1542 1709 1962 1780 confusio,quas

2068 541 2235 611 prius
2287 541 2507 597 fontem
2554 542 2683 597 vitea
2744 542 2978 614 adeant,
3031 561 3209 616 quam
3273 547 3615 605 exorcismis
3664 553 3727 606 et

2069 630 2577 687 exsufﬂationibus
2607 630 2953 687 clericorum
2985 633 3231 705 spiritus
3263 635 3335 691 ab
3356 636 3440 691 eis
3460 636 3725 694 immun-

2071 722 2183 776 dus
2210 721 2573 793 ahigatur,ut
2596 724 2735 776 tunc
2763 738 2896 778 vere
2927 730 3208 795 appareat
3240 726 3536 796 quomodo
3567 726 3727 799 prin-

2072 826 2207 882 ceps
2229 811 2409 881 hujus
2441 810 2651 865 mundi
2682 810 2947 866 mittatur
2978 812 3152 870 foras.

2072 908 2203 965 CAP.
2236 910 2359 963 206.
2390 938 2457 948 —
2491 908 2551 964 Ut
2583 908 2905 979 baptizandi
2950 912 3173 968 nomine
3221 912 3350 968 dato
3398 930 3430 968 a
3478 930 3645 971 carne
3673 918 3729 970 et

2144 981 2271 1035 vino
2296 980 2648 1106 pstistineant.
2717 982 2800 1036 Ex
2845 981 3088 1038 concilio
3157 985 3597 1053 Carthaginensi
3648 1004 3726 1058 1v,

2144 1068 2265 1122 cap.
2375 1093 2388 1106 .

2147 1142 2240 1210 (De
2269 1157 2439 1209 cons.,
2470 1141 2597 1197 dist.
2622 1142 2676 1212 4,
2706 1156 2754 1198 c.
2803 1143 3191 1213 Baptizandi.)
3242 1144 3585 1217 Baptizandi
3618 1162 3729 1201 no-

2075 1246 2208 1285 men
2240 1247 2416 1286 suum
2448 1230 2588 1285 dent
2609 1230 2720 1285 sub
2739 1230 3099 1286 abstinentia
3122 1231 3238 1286 vini
3261 1237 3317 1287 et
3338 1233 3633 1303 carnium,
3658 1250 3730 1289 ac

2074 1336 2288 1375 manus
2317 1318 2692 1390 impositionu
2720 1320 2923 1374 crebro
2955 1320 3292 1376 examinent
3341 1320 3727 1393 baptismum.

2073 1427 2204 1482 CAP.
2236 1427 2362 1483 207.
2398 1457 2466 1467 -—
2515 1425 2669 1494 Quod
2717 1426 2983 1498 neophyti
3028 1444 3061 1482 a
3110 1428 3441 1483 lautioribus
3486 1430 3622 1485 cibis
3650 1430 3734 1485 ad

2142 1498 2365 1570 aliquod
2395 1502 2603 1569 tempus
2623 1501 2677 1553 et
2697 1515 2731 1552 a
2760 1500 3085 1569 coniugibus
3115 1499 3388 1556 abstinere
3403 1517 3458 1556 se
3477 1500 3728 1557 debeant.

2146 1573 2227 1624 Eo:
2254 1570 2441 1626 eodem
2473 1572 2731 1637 concilio,
2762 1587 2891 1641 cap.
2923 1572 3014 1624 76.

2144 1660 2239 1726 (De
2284 1675 2456 1725 cons.,
2522 1660 2653 1714 dist.
2704 1660 2761 1724 5,
2811 1675 2857 1714 ε.
2910 1658 3229 1731 Neophyti.)
3283 1661 3569 1733 Neophyti
3621 1661 3733 1717 ali-

2073 1749 2333 1819 quandiu
2368 1765 2400 1801 a
2430 1747 2783 1802 lautioribus
2815 1747 3006 1814 epulis
3028 1752 3085 1803 et
3116 1749 3471 1819 spectaculis
3502 1756 3559 1805 et
3589 1766 3733 1805 con-

311 1818 344 1857 a
375 1800 592 1908 nostris
623 1799 1328 1908 consacerdpt‘ibus‘quod
1360 1798 1647 1908 cqmmoti
1684 1798 1958 1908 dicimus,
1994 1826 2041 1891 B
2065 1798 2700 1908 ὲςλὲὖῐιέδὶέἶὶὲ
2721 1798 2753 1875 ἦ

311 1907 427 1945 non
458 1889 680 1945 ratione
711 1888 1074 1944 auctoritatis
1107 1888 1305 1953 ullius,
1342 1888 1442 1943 sed
1475 1888 1602 1942 sola
1631 1888 1958 1943 temeritate

309 1977 706 2049 praesumitur,
741 1981 806 2031 ut
838 1977 1057 2048 passim
1089 1992 1155 2031 ac
1184 1976 1364 2031 libere
1411 1975 1696 2031 natalitiis
1742 1976 1956 2031 Christi

308 2084 410 2123 seu
443 2065 850 2138 apparitionis,
884 2082 989 2121 nec
1019 2082 1132 2120 non
1176 2064 1573 2137 apostolorum
1605 2082 1708 2120 seu
1741 2070 1957 2138 marty-

306 2172 440 2210 rum
474 2154 892 2210 festivitatibus
916 2155 1335 2224 innumeras,ut
1364 2155 1603 2223 asseris,
1638 2154 1834 2225 plebes
1857 2154 1957 2209 ba-

306 2245 509 2316 ptismi
542 2243 883 2317 mysterium
917 2249 1372 2314 consequantur,
1421 2260 1555 2298 cum
1585 2244 1693 2298 hoc
1726 2243 1957 2315 privile-

305 2332 470 2405 gium
502 2333 615 2388 sibi
647 2334 799 2403 apud
834 2350 940 2388 nos
972 2337 1029 2388 et
1068 2333 1221 2404 apud
1254 2349 1458 2388 omnes
1508 2332 1821 2399 Ecclesiae,
1853 2337 1958 2386 Do-

308 2422 594 2477 minicum
610 2420 941 2494 specialiter
960 2421 1185 2477 Pascha
1207 2438 1340 2477 cum
1364 2438 1475 2477 sua
1499 2422 1835 2477 Pentecoste
1857 2422 1955 2476 de-

307 2511 534 2567 tendat.

305 2603 439 2655 CAP.
470 2600 596 2656 201.
628 2627 699 2641 -
730 2599 803 2654 De
850 2599 1068 2671 eodem.
1118 2603 1206 2656 Ex
1251 2600 1447 2655 concil.
1494 2599 1640 2671 apud
1688 2600 1955 2670 Compen-

921 2670 1099 2737 dium,
1123 2687 1253 2739 cap.
1288 2672 1339 2726 4.

378 2758 451 2815 Ut
479 2762 641 2814 extra
670 2762 891 2813 statuta
918 2763 1177 2831 tempora
1207 2776 1522 2825 canonum,
1556 2760 1611 2814 id
1646 2764 1737 2816 est
1765 2761 1823 2814 in
1854 2764 1956 2815 Pa-

306 2846 450 2904 scha
475 2852 533 2902 et
560 2846 917 2902 Pentecoste.
950 2848 1244 2919 baptisma
1275 2866 1389 2904 non
1417 2849 1743 2904 celebretur
1770 2865 1783 2915 ;
1819 2848 1958 2919 quia

305 2934 495 2992 sancti
526 2951 780 2991 canones
798 2935 907 2990 hoc
940 2938 1131 2992 modis
1152 2937 1569 3009 omnibus,nisi
1601 2938 1835 3008 aliquod
1858 2954 1955 3010 pe-

304 3024 558 3081 riculum
607 3025 889 3081 institerit
938 3026 1060 3082 fieri
1129 3027 1464 3098 prohibent,
1517 3028 1575 3082 in
1624 3032 1856 3083 tantum
1890 3033 1956 3083 ut

305 3114 484 3170 etiam
516 3130 615 3170 eos
644 3114 742 3184 qui
774 3115 889 3169 alio
918 3118 1183 3187 tempore
1225 3117 1544 3189 baptizant,
1597 3134 1631 3171 a
1672 3118 1952 3186 gradibus

2066 1939 2194 1991 CAP.
2225 1936 2351 1990 208.
2385 1965 2451 1976 —
2486 1936 2547 1991 Ut
2578 1935 2754 1989 omnis
2793 1935 3078 2008 presbyter
3118 1951 3214 1991 vas
3263 1937 3593 2008 baptismate
3616 1938 3722 1993 ha-

2348 2008 2491 2061 beat.
2527 2008 2607 2060 Ea:
2634 2007 2869 2062 concilio
2897 2007 3178 2076 Meldensi,
3210 2024 3332 2079 cap.
3355 2010 3409 2063 7.

2141 2096 2233 2165 (De
2267 2111 2440 2162 cons.,
2501 2094 2627 2150 dist.
2690 2095 2749 2159 4,
2804 2111 2850 2149 c.
2914 2098 3100 2151 Umnis
3142 2097 3470 2167 presbyter.)
3514 2096 3723 2152 Omnis

2068 2182 2372 2252 presbyter
2398 2182 2497 2250 qui
2532 2182 2751 2235 fontem
2786 2181 3083 2252 lapideum
3126 2183 3341 2239 habere
3374 2185 3723 2255 nequiverit,

2065 2287 2167 2325 vas
2199 2270 2549 2325 conveniens
2578 2272 2647 2324 ad
2679 2269 2789 2325 hoc
2820 2271 3194 2327 solummodo
3225 2273 3558 2344 baptizandi
3589 2274 3725 2328 offi-

2067 2359 2223 2413 cium
2256 2358 2486 2429 habeat,
2514 2358 2669 2429 quod
2696 2363 2860 2414 extra
2890 2359 3199 2416 ecclesiam
3230 2378 3346 2417 non
3380 2362 3727 2434 deportetur

2068 2448 2351 2504 Similiter
2382 2449 2453 2503 ad
2485 2448 2785 2519 corporale
2810 2449 3152 2516 lavandum,
3183 2456 3239 2506 et
3269 2452 3338 2505 ad
3364 2451 3549 2523 pallas
3581 2450 3724 2506 alta-

2068 2537 2149 2593 ris
2181 2537 2417 2610 propria
2445 2537 2776 2593 habeantur
2805 2555 2967 2607 vasa,
3000 2539 3058 2593 in
3110 2539 3328 2611 quibus
3378 2539 3524 2595 nihil
3557 2539 3720 2595 aliud

2067 2627 2193 2682 fiat.

2066 2714 2198 2771 CAP.
2231 2716 2357 2771 209.
2391 2745 2459 2756 -—
2493 2716 2555 2772 Ut
2576 2714 2773 2769 nullus
2800 2715 3080 2787 presbyter
3122 2719 3241 2773 nisi
3284 2720 3345 2773 in
3394 2718 3715 2772 civitatibus

2136 2788 2430 2857 baptizare
2474 2788 2681 2859 debeat,
2727 2793 2957 2858 excepta
3001 2804 3169 2844 causa
3231 2788 3604 2859 inﬁrmitatis.
3658 2794 3726 2845 Et

2134 2859 2374 2914 concilio
2402 2858 2547 2925 eod.,
2578 2874 2698 2929 cap.
2733 2859 2819 2914 48.

2136 2951 2316 3001 Nemo
2350 2948 2821 3020 presbyterorum
2854 2947 3148 3019 baptizare
3177 2949 3632 3021 praesumatmisi
3658 2950 3721 3005 in

2065 3035 2397 3092 civitatibus
2426 3042 2602 3108 atque
2632 3038 2997 3108 temporibus
3031 3040 3388 3105 constitutis,
3410 3040 3522 3095 nisi
3540 3056 3719 3095 causa

2066 3125 2453 3198 aegritudinis,
2486 3130 2588 3181 aut
2616 3131 2785 3181 certas
2830 3128 3202 3184 necessitatis
3234 3135 3292 3183 et
3339 3129 3397 3183 in
3430 3128 3547 3185 illis
3577 3128 3720 3185 locis

306 3202 720 3260 ecclesiasticis
768 3204 1127 3273 abstineant,
1174 3222 1279 3261 nec
1342 3206 1414 3261 ad
1473 3205 1695 3262 clerum
1743 3207 1955 3262 admit-
1988 3197 2031 3265 C
2068 3197 2195 3287 qna
2222 3216 2632 3271 auctoritatem
2664 3220 2721 3270 et
2752 3215 3054 3287 privilegia
3084 3218 3280 3273 debita,
3311 3219 3619 3275 retineant.

307 3296 530 3349 tantur.

308 3386 437 3438 CAP.
468 3382 596 3437 202.
648 3413 715 3424 —
764 3385 903 3438 Item
949 3381 1015 3437 de
1059 3383 1264 3439 eodem.
1318 3388 1405 3441 Ex
1440 3385 1676 3441 concilio
1722 3385 1965 3441 Worma-

918 3455 1106 3523 tiensi,
1136 3472 1255 3527 cap.
1287 3458 1342 3512 9.

386 3541 754 3598 Socrasancti
796 3542 1072 3615 baptismi
1103 3550 1541 3602 sacramentum
1590 3563 1706 3601 non
1755 3544 1869 3600 nisi
1902 3545 1959 3601 in

313 3630 576 3704 paschali
608 3631 923 3688 festivitate
942 3638 1001 3689 et
1022 3637 1357 3692 Pentecoste
1388 3637 1791 3707 unusquisque
1822 3634 1961 3689 ﬁde-

315 3720 465 3775 lium
498 3722 724 3778 noverit
772 3737 903 3778 esse
949 3723 1349 3795 praebendum,
1398 3731 1635 3797 excepto
1684 3725 1838 3797 quod
1872 3723 1963 3778 his

315 3807 439 3878 qui,
474 3808 678 3865 mortis
720 3809 975 3881 periculo
1024 3816 1287 3880 urgente,
1338 3829 1411 3869 ne
1440 3813 1499 3868 in
1545 3818 1827 3868 eternum
1860 3829 1958 3885 pe-

311 3899 478 3951 reant
509 3896 724 3954 talibus
755 3902 986 3971 oportet
1017 3900 1292 3957 remediis
1322 3902 1655 3957 subvenire.

308 3984 441 4041 CAP.
473 3984 599 4062 203.
629 4016 701 4027 —
733 3987 796 4043 Ut
825 3987 1026 4062 viginti
1053 3986 1181 4062 dies
1198 3992 1328 4042 ante
1372 3988 1702 4062 baptismum
1733 3988 1802 4044 ad
1820 4006 1958 4062 pur-

374 4059 662 4126 gationem
690 4059 985 4114 exorcismi
1012 4058 1387 4115 catechumeni
1419 4058 1658 4116 veniant.
1692 4062 1775 4116 Ea:
1820 4058 1958 4118 con-

376 4130 513 4184 cit’io
543 4131 894 4199 Bracarensi,
925 4147 1048 4202 cap.
1082 4132 1135 4186 4.

376 4218 472 4288 (De
496 4234 669 4284 cons.,
701 4219 829 4274 dist.
887 4221 929 4290 '-,
962 4236 1009 4274 c.
1044 4221 1183 4275 Ante
1228 4220 1346 4275 dies
1375 4220 1490 4291 20.)
1533 4220 1649 4276 Hoc
1681 4222 1955 4278 omnibus

306 4305 497 4361 modis
526 4306 918 4378 praecipimus,
952 4313 1009 4363 et
1059 4308 1285 4381 antiqui
1336 4326 1587 4365 canones
1621 4310 1856 4381 jubent,
1892 4315 1956 4367 ut

301 4398 436 4449 ante
466 4394 825 4466 baptismum
854 4398 926 4450 20
953 4396 1077 4452 dies
1109 4399 1178 4452 ad
1212 4399 1617 4469 purgationem
1647 4400 1955 4455 exorcismi

300 4482 707 4538 catechumeni
733 4484 989 4554 veniant,
1021 4488 1078 4539 et
1105 4487 1163 4540 in
1196 4486 1313 4541 illis
1342 4487 1412 4541 20
1437 4488 1829 4558 diebusjuxta
1857 4507 1951 4545 ca-

301 4569 577 4625 nonicum
602 4577 955 4644 praeceptum
989 4578 1045 4628 et
1066 4575 1413 4631 erudiantur
1433 4581 1490 4631 st
1511 4583 1946 4636 consecrentur.
1979 4570 2027 4635 D

298 4661 429 4713 CAP.
459 4659 586 4733 204.
618 4691 689 4733 5—
737 4661 889 4727 Quod
935 4677 1119 4717 omnes
1166 4662 1236 4716 ad
1286 4664 1622 4733 baptismum
1674 4669 1951 4722 venientes

368 4731 565 4808 quinta
617 4732 761 4808 [eria
804 4733 1029 4808 majoris
1080 4731 1454 4808 hebdomadas,
1502 4737 1659 4804 ﬁdem
1698 4740 1950 4808 episc0po

368 4802 455 4855 vel
483 4801 794 4873 presbytero
824 4804 1051 4859 reddere
1079 4804 1333 4862 debeant.
1366 4806 1449 4860 Ex
1477 4801 1712 4865 concilio
1731 4801 1949 4865 'Laod'i-

367 4873 536 4939 censi,
568 4890 691 4943 cap.
728 4876 816 4929 46.

368 4961 529 5025 Quod
554 4967 817 5035 oporteat
836 4980 936 5020 eos
963 4964 1061 5036 qui
1086 4964 1155 5019 ad
1180 4965 1472 5036 baptisma
1496 4967 1945 5036 veniunt,ﬁdem

296 5050 605 5119 discere,et
625 5052 831 5124 quinta
848 5053 991 5109 feria
1030 5053 1374 5125 septimana;
1406 5056 1947 5130 majoris,episcopo

294 5138 380 5196 vel
415 5141 771 5214 presbyteris
802 5142 1058 5199 reddere.

295 5234 424 5289 CAP.
456 5234 581 5307 205.
615 5264 681 5307 έ
715 5234 775 5307 Ut
805 5250 988 5289 omnes
1030 5234 1354 5305 baptizandi
1388 5238 1548 5307 prius
1591 5240 1701 5293 sint
1728 5242 1944 5295 exorci-

364 5305 559 5384 zandi.
592 5306 675 5384 Ea:
697 5305 927 5384 decretis
958 5306 1236 5384 Caelestini
1261 5305 1442 5378 papae.
1494 5308 1807 5365 Galliarum
1835 5315 1943 5384 epi-

364 5379 541 5447 scopis
570 5379 776 5445 missis,
805 5394 924 5449 cap.
962 5381 1048 5432 12.

368 5464 514 5520 Illud
547 5466 723 5523 etiam
755 5468 912 5538 quod
946 5466 1101 5523 circa
1134 5466 1513 5539 baptizandos
1563 5470 1621 5525 in
1673 5471 1941 5529 universo

295 5553 519 5607 mundo
549 5560 755 5612 sancta
785 5556 1041 5612 Ecclesia
1072 5556 1441 5614 uniformiter
1468 5558 1731 5631 agit,non
1754 5560 1941 5618 otioso

294 5642 767 5715 contemplemur
787 5646 1003 5703 intuitu
1034 5662 1048 5703 :
1079 5663 1216 5703 cum
1239 5647 1358 5704 sive
1379 5649 1942 5724 parvuli,sivejuve-

2071 3313 2202 3368 CAP.
2233 3313 2359 3367 210.
2394 3342 2462 3353 —-
2495 3313 2744 3379 Qualiter
2772 3314 2828 3367 ei
2857 3315 2952 3383 qui
2980 3313 3159 3383 ﬁdelis
3206 3317 3440 3371 existere
3469 3317 3722 3381 voluerit,

2144 3384 2481 3451 baptismum
2509 3386 2581 3439 sit
2611 3384 2986 3440 tribuendum.
3031 3387 3114 3441 Ea:
3141 3385 3379 3442 decretis
3429 3387 3723 3443 Clementis

2140 3472 2323 3527 papae,
2356 3458 2568 3510 cunctis
2596 3456 2847 3526 ﬁdelibus
2877 3458 3056 3512 missis
3087 3459 3317 3529 epistola
3347 3459 3398 3512 3.

2143 3544 2204 3599 Si
2234 3545 2366 3615 quis
2396 3560 2533 3616 ergo
2574 3544 2764 3600 ﬁdelis
2795 3545 3040 3601 existere
3059 3546 3313 3602 voluerit
3344 3552 3401 3603 et
3429 3547 3724 3603 desiderat

2071 3632 2377 3704 baptizari,
2404 3638 2468 3688 ut
2498 3637 2709 3689 exutus
2737 3634 3033 3704 prioribus
3068 3635 3340 3702 malis,ds
3372 3635 3595 3707 reliquo
3618 3653 3722 3707 pro

2067 3720 2240 3777 bonis
2270 3722 2500 3778 actibus
2530 3722 2715 3777 haeres
2748 3722 3035 3777 bonorum
3067 3722 3392 3779 cmlestium
3429 3724 3722 3791 fiat,acce-

2069 3811 2171 3866 dat
2198 3812 2267 3865 ad
2298 3812 2659 3867 sacerdotem
2691 3828 2890 3880 suum,
2916 3815 2974 3866 et
3002 3812 3115 3883 ipsi
3149 3813 3245 3867 det
3275 3829 3488 3869 nomen
3520 3831 3719 3881 suum,

2069 3903 2244 3970 atque
2276 3900 2347 3954 ab
2370 3916 2436 3955 eo
2460 3898 2660 3954 audiat
2680 3900 2954 3972 mysteria
2983 3901 3145 3973 regni
3169 3900 3722 3973 caslorumJejuniis

2068 3988 2475 4061 frequentibus
2516 4004 2752 4061 operam
2786 3989 3110 4061 impendat,
3148 4007 3213 4045 ac
3247 3992 3632 4063 semetipsum
3660 3993 3718 4048 in

2068 4078 2344 4135 omnibus
2368 4079 2664 4151 probet,ut
2683 4083 2801 4134 tres
2826 4079 3196 4150 mensesjam
3230 4082 3720 4151 consummando,

2067 4166 2126 4223 in
2157 4167 2250 4223 die
2285 4168 2427 4223 festo
2450 4168 2639 4239 possit
2670 4168 2973 4240 baptizari.
3010 4168 3338 4240 Baptizetur
3392 4172 3722 4247 unusquis-

2066 4273 2179 4327 que
2201 4255 2259 4311 in
2282 4256 2451 4328 aquis
2502 4257 2863 4329 perennibus
2887 4256 3126 4312 nomine
3148 4257 3317 4313 trinae
3344 4258 3722 4316 beatitudinis

2064 4344 2332 4400 invocato
2365 4360 2542 4416 super
2573 4362 2654 4411 se,
2688 4349 3008 4417 perunctus
3039 4346 3226 4418 primo
3277 4346 3402 4402 oleo
3456 4364 3559 4419 per
3588 4366 3718 4404 ora-

2062 4434 2280 4490 tionem
2331 4434 2713 4504 sanctiﬁcato,
2747 4438 2811 4489 ut
2844 4435 2922 4489 ita
2955 4435 3192 4490 demum
3226 4452 3329 4508 per
3357 4436 3476 4493 haec
3516 4454 3715 4494 consc-

2063 4528 2259 4578 cratus
2292 4523 2588 4597 percipere
2621 4524 2807 4595 possit
2832 4523 3025 4579 locum
3058 4541 3192 4580 cum
3225 4526 3465 4582 sanctis.

2058 4622 2189 4678 CAP.
2217 4622 2342 4675 211.
2379 4653 2443 4663 -
2476 4624 2549 4677 De
2590 4623 3056 4696 martyribus_qui
3098 4625 3219 4678 sine
3269 4624 3536 4696 baptismo
3565 4642 3719 4681 mar-

2131 4695 2744 4770 tyriumsusceperunt.
2790 4696 2873 4749 Ea:
2919 4694 3079 4770 dictis
3124 4694 3423 4764 Augustini
3450 4699 3716 4770 episcopi.

2128 4767 2223 4834 (De
2252 4766 2546 4821 ecclesiast.
2585 4766 2734 4837 dog.,
2768 4782 2889 4838 cap.
2920 4767 3038 4836 74.)

2127 4854 2230 4924 (De
2257 4858 2453 4920 const.,
2498 4854 2624 4911 dist.
2661 4856 2713 4910 4.
2741 4871 2789 4911 ο.
2823 4856 3328 4924 Catechumenum).
3381 4857 3717 4914 Cathechu-

2057 4960 2296 4999 menum
2331 4946 2601 5016 quamvis
2632 4947 2691 5000 in
2722 4946 2896 5001 bonis
2929 4945 3206 5017 operibus
3238 4947 3606 5014 defunctum,
3635 4950 3717 5004 vi-

2053 5038 2174 5089 tam
2208 5034 2423 5090 habere
2454 5052 2569 5090 non
2602 5035 2921 5103 credimus,
2965 5040 3205 5107 excepto
3238 5036 3545 5104 duntaxat,
3603 5038 3717 5094 nisi

2056 5122 2319 5193 martyrii
2352 5127 2786 5178 sacramentum
2821 5122 3131 5193 compleat.
3164 5124 3500 5196 Baptizatus
3531 5127 3717 5182 confi-

2054 5213 2211 5264 tetur
2241 5211 2415 5265 ﬁdem
2450 5228 2619 5266 suam
2652 5228 2847 5266 coram
2876 5212 3198 5280 sacerdote,
3240 5217 3296 5266 et
3321 5212 3717 5285 interrogatus

2053 5299 2510 5369 respondetlloc
2543 5300 2695 5354 idem
2733 5305 2952 5372 martyr
2978 5316 3170 5354 coram
3202 5307 3575 5371 persecutore
3607 5320 3716 5359 suo

2053 5387 2212 5454 facit,
2247 5388 2345 5459 qui
2395 5393 2452 5444 et
2504 5390 2819 5444 conﬁtetur
2866 5389 3058 5457 ﬁdem,
3110 5394 3166 5444 et
3196 5390 3593 5461 interrogatus
3621 5410 3714 5448 re-

2052 5478 2319 5548 spondet.
2354 5476 2455 5533 Ille
2496 5482 2630 5549 post
2677 5477 3105 5534 confessionem
3154 5480 3486 5551 aspergitur
3516 5498 3666 5553 aqua
3696 5503 3709 5550 ;

2050 5565 2145 5620 hic
2175 5581 2309 5620 vero
2342 5568 2672 5638 aspergitur
2703 5567 3013 5637 sanguine,
3042 5568 3130 5623 vel
3159 5568 3413 5640 tingitur
3444 5570 3714 5641 igne.llle

2050 5669 2263 5711 manus
2292 5654 2675 5725 impositione
2697 5654 2991 5728 pontificis
3011 5655 3226 5729 accipit
3253 5656 3544 5729 Spiritum
3571 5675 3710 5715 san-
