3982 6060
252 229 362 283 113

1332 234 1645 288 DECRETI
1684 234 1869 287 PARS
1906 233 1949 283 Ι.
1985 257 2049 267 -
2086 232 2181 283 DE
2222 232 2408 297 FIDE,
2448 234 2605 287 ETC.

3569 230 3671 285 114

246 360 448 421 ctum;
491 352 587 408 hic
634 350 1043 407 habitaculum
1092 352 1346 409 efﬁcitur
1395 356 1650 428 Spiritus
1698 355 1910 421 sancti,
1940 354 1994 419 Α
2024 351 2111 407 vel
2142 354 2201 407 in
2233 353 2553 410 chrismate
2591 370 2706 410 non
2752 355 2945 424 potest
2973 351 3154 407 alium
3187 352 3488 425 suscipere
3517 354 3576 409 in
3608 355 3677 409 ﬁ-

247 444 396 499 dum
430 458 545 497 non
573 445 664 497 est
688 440 815 512 ipse
837 441 939 511 qui
968 440 1249 513 loquitur,
1270 445 1371 499 sed
1395 445 1648 517 Spiritus
1670 450 1912 500 sanctus

249 533 354 604 qui
386 533 444 586 in
472 531 572 586 illo
602 530 885 602 loquitur.
912 530 1015 585 Ille
1038 533 1435 589 communicat
1455 534 1826 591 eucharistiaz
1851 533 1911 588 in

249 619 817 677 commemoratione
857 619 1064 675 mortis
1110 620 1377 689 Domini;
1412 622 1506 677 hic
1538 623 1649 695 ipsi
1682 623 1912 678 Christo

249 709 665 768 commoritur.
696 707 800 764 Ille
853 708 1165 765 conﬁtetur
1194 726 1256 765 se
1289 711 1495 767 mundi
1544 712 1775 768 actibus
1822 729 1911 768 re-

248 800 559 863 nuntiare;
605 798 702 853 his
748 796 874 869 ipse
929 799 1232 853 renuntiat
1279 806 1337 855 et
1382 800 1533 855 vitm.
1571 800 1658 856 Illi
1713 800 1915 857 omnia

251 894 498 960 peccata
528 886 943 954 remittuntur;
976 885 1071 941 isti
1102 888 1576 960 exstinguuntur.

248 978 388 1034 CAP.
422 977 550 1031 212.
593 1006 664 1017 —
715 974 867 1044 Quod
924 975 1339 1034 catechumenis
1384 987 1801 1035 sacramaatum
1854 981 1913 1034 in

321 1048 539 1174 Paschsa
570 1064 685 1104 non
715 1049 880 1103 liceat
908 1046 1055 1103 dari.
1078 1048 1161 1102 Ex
1190 1050 1422 1106 concilio
1451 1050 1912 1120 Carthaginensi,

323 1137 446 1193 cap.
523 1160 535 1173 .

321 1211 471 1265 Item
504 1208 729 1283 placuit
751 1214 813 1263 ut
835 1224 939 1279 per
962 1206 1433 1267 solemnissimos
1459 1210 1765 1282 paschales
1787 1211 1913 1267 dies

247 1302 696 1356 sacramentum
720 1296 1161 1354 catechumenis
1184 1315 1299 1355 non
1323 1300 1511 1367 detur,
1532 1300 1647 1355 nisi
1671 1300 1911 1357 solitum

248 1389 363 1454 sal,
398 1389 539 1461 quia
573 1386 773 1443 ﬁdeles
823 1403 928 1459 per
969 1386 1101 1443 illos
1132 1388 1256 1443 dies
1308 1395 1745 1446 sacramentum
1796 1408 1913 1447 non

249 1482 509 1548 mutant,
541 1494 648 1533 nec
679 1476 1120 1532 catechumeuis
1151 1482 1381 1549 oportet
1405 1480 1641 1535 mutari.

252 1569 391 1625 CAP.
424 1568 553 1622 213.
578 1599 645 1606 —
668 1568 742 1621 De
770 1566 1177 1639 catechumenis
1206 1584 1241 1621 a
1272 1568 1589 1639 baptisteria
1634 1585 1913 1626 removen-

488 1639 591 1695 dis.
626 1640 710 1694 Ex
737 1638 969 1694 concilio
997 1638 1345 1694 Arausicano
1370 1657 1408 1710 1,
1441 1657 1561 1711 cap.
1596 1642 1683 1696 13.

2020 439 2251 511 liolum,
2285 443 2385 513 qui
2442 460 2558 498 non
2610 448 2700 498 est
2744 442 2869 514 ipse
2914 440 3268 512 baptizatus,
3316 440 3406 497 vel
3458 442 3677 498 conﬁr-

2022 534 2238 586 matus.

2114 626 2245 676 CAP.
2277 622 2403 675 221.
2438 651 2506 661 ——
2539 622 2603 677 Ut
2632 620 2825 675 nullus
2853 621 2951 689 ﬁat
2980 619 3256 689 patrinus,
3291 621 3407 675 nisi
3436 628 3580 674 recte

2357 693 2562 748 credat.
2597 695 2690 747 Ex
2717 690 2956 747 concilio
2988 692 3334 747 Parisiensi.

2095 780 2163 836 Ut
2196 798 2365 837 nemo
2416 799 2448 837 a
2497 798 2665 836 sacro
2716 781 2870 836 fonte
2920 779 3174 851 aliquem
3227 778 3532 852 suscipiat,
3564 780 3681 835 nisi

2024 871 2348 926 orationem
2375 870 2765 939 Dominicam,
2785 874 2842 925 et
2861 868 3200 941 Symbolum
3224 870 3395 941 juxta
3414 868 3681 941 linguam

2024 977 2217 1027 suam,
2249 964 2305 1016 et
2346 959 2713 1015 intellectum
2759 962 2974 1028 teneat,
3001 962 3058 1013 et
3089 975 3287 1014 coram
3343 959 3682 1031 presbytero

2023 1050 2312 1119 decantel,
2364 1057 2419 1104 et
2468 1054 2533 1104 ut
2582 1047 2915 1119 intelligant
2960 1063 3167 1103 omnes
3219 1056 3479 1118 pactum,
3523 1047 3680 1119 quod

2024 1156 2157 1195 cum
2190 1138 2306 1193 Deo
2340 1137 2709 1210 pepigerunt.

2022 1232 2156 1283 CAP.
2188 1230 2314 1283 222.
2347 1258 2415 1267 —
2449 1228 2513 1283 Ut
2565 1226 2880 1298 presbyteri
2924 1242 2959 1279 a
3014 1227 3261 1294 patrinis
3315 1225 3685 1295 requirant,si

2092 1300 2415 1425 Symbiolum
2488 1300 2733 1370 sapiant.
2797 1299 2883 1353 Ex
2956 1299 3189 1354 concilio
3260 1298 3678 1367 Wormatiensi,

2092 1388 2213 1443 cap.
2288 1414 2299 1427 .

2096 1461 2347 1517 Caveant
2379 1458 2701 1531 presbyteri
2730 1462 2795 1513 ut
2830 1473 3017 1529 neque
3047 1456 3154 1511 viri
3206 1472 3396 1527 neque
3444 1455 3675 1511 femina;

2024 1553 2095 1608 de
2126 1567 2289 1607 sacro
2320 1551 2481 1605 fonte
2530 1548 2743 1604 ﬁliolos
2786 1546 2873 1603 vel
2925 1545 3135 1602 ﬁliolas
3183 1544 3530 1618 suscipiant,
3563 1544 3679 1601 nisi

2024 1641 2367 1697 memoriter
2420 1637 2763 1711 Symbolum
2822 1640 2880 1692 et
2935 1636 3258 1692 orationem
3306 1633 3675 1691 Dominicam

324 1728 411 1783 Ad
443 1727 855 1800 baptisterium
907 1726 1313 1783 catechumeni
1363 1746 1669 1802 nunquam
1701 1730 1914 1785 admit-
1943 1717 1993 1783 Β
2023 1729 2339 1787 tenuerint.

250 1818 415 1873 tendi
449 1820 610 1883 sunt,
640 1815 755 1871 nisi
788 1815 952 1888 prius
983 1816 1373 1887 baptizentur.

250 1905 391 1961 CAP.
420 1906 546 1961 214.
573 1935 641 1946 --
672 1906 744 1981 lle
772 1904 1177 1981 catechumeni:
1228 1907 1588 1981 segregandis
1612 1916 1688 1981 et
1733 1910 1909 1979 infor-

512 1976 747 2032 mandis.
784 1977 867 2032 Ex
894 1975 1086 2031 eodem
1112 1975 1527 2051 conciliofcap.
1564 1980 1650 2036 14.

325 2068 374 2121 Α
406 2064 669 2122 ﬁdelium
690 2064 1099 2120 benedictione
1122 2067 1530 2124 catechumeni
1554 2068 1731 2124 etiam
1762 2069 1915 2124 inter

248 2157 614 2215 domesticos
645 2157 904 2222 ordines,
937 2157 997 2211 in
1031 2164 1314 2226 quantum
1355 2159 1541 2214 caveri
1579 2164 1790 2231 potest,
1822 2175 1912 2215 se-

250 2248 536 2321 gregandi
589 2251 752 2314 sunt,
784 2246 1265 2319 informandique
1298 2252 1460 2318 sunt,
1491 2254 1558 2305 ut
1581 2266 1642 2305 se
1674 2250 1913 2323 signan-

256 2338 369 2394 dos
400 2337 489 2394 vel
520 2336 952 2393 benedicendos
989 2337 1263 2393 semotim
1294 2338 1557 2396 offerant.

328 2432 467 2483 CAP.
498 2427 624 2483 215.
655 2457 726 2467 —
772 2426 843 2481 De
892 2425 1297 2481 catechumenis
1340 2430 1713 2498 peccantibus.
1764 2429 1847 2482 Ex

615 2498 850 2553 concilio
878 2500 1329 2568 Neocaesariensi,
1361 2516 1482 2570 cap.
1512 2501 1567 2555 5.

332 2586 835 2655 Catechumenus,
868 2586 916 2642 si
964 2586 1329 2659 ingrediatur
1377 2587 1447 2641 ad
1498 2587 1829 2655 ecclesiam,
1860 2588 1921 2644 in

264 2676 469 2732 ordine
509 2692 710 2731 eorum
745 2674 844 2747 qui
875 2676 1050 2731 verbo
1092 2675 1492 2743 instruuntur,
1524 2678 1785 2734 assistat.
1819 2678 1923 2733 Hic

258 2764 667 2837 deprehensus
688 2780 959 2835 peccans,
986 2764 1281 2835 siquidem
1305 2781 1458 2837 genu
1482 2766 1680 2832 ﬂectit,
1700 2765 1921 2830 audiat,

258 2862 323 2909 ut
356 2870 473 2909 non
508 2853 814 2925 delinquat
852 2852 1121 2909 ulterius.
1153 2854 1207 2907 Si
1255 2869 1390 2910 vero
1422 2858 1480 2911 et
1511 2855 1759 2912 audiens
1789 2872 1924 2928 pec-

256 2943 499 3009 caverit,
541 2941 889 3013 expellatur.

252 3041 396 3097 CAP.
426 3041 553 3094 216.
586 3070 655 3123 —.-
687 3040 760 3095 De
788 3040 1006 3123 his'qui
1046 3057 1225 3123 nuper
1279 3049 1409 3097 sunt
1452 3041 1923 3123 baptixatiLquod

694 3127 807 3167 non
861 3111 1135 3169 debeant.
1171 3115 1255 3168 Ex
1307 3111 1539 3170 concilio
1596 3111 1923 3171 Laodicensz

344 3272 420 3325 De
468 3269 563 3326 his
596 3271 695 3343 qui
745 3288 933 3343 nuper
988 3276 1129 3328 sunt
1178 3272 1498 3329 illuminati
1548 3274 1925 3346 baptismate,

266 3358 425 3431 quod
457 3376 557 3415 eos
586 3360 647 3416 in
679 3361 1028 3418 sacerdotali
1061 3378 1175 3418 non
1208 3363 1513 3419 conveniat
1544 3362 1749 3419 ordine
1792 3380 1927 3436 pro-

274 3463 520 3503 DDOVOPL

270 3538 406 3592 CAP.
440 3536 567 3593 217.
600 3568 668 3579 —
698 3540 775 3612 De
825 3539 1181 3612 presbyteris,
1228 3542 1279 3595 si
1330 3542 1393 3595 in
1447 3541 1724 3597 Trinitate
1760 3541 1932 3611 juxta

344 3616 687 3683 praeceptum
740 3611 963 3667 Domini
994 3611 1129 3668 non
1161 3613 1579 3683 baptizaverint.
1613 3614 1697 3668 Ex
1722 3629 1932 3669 canone

348 3682 755 3751 apostolorum,
790 3683 877 3737 49.

346 3768 403 3823 Si
435 3770 569 3841 quis
591 3770 901 3843 episcopus
924 3776 1026 3827 aut
1048 3773 1351 3844 presbyter
1374 3774 1547 3843 juxta
1576 3776 1930 3846 praeceptum

271 3857 510 3913 Domini
565 3875 679 3914 non
725 3860 1108 3931 baptizaverit
1136 3860 1193 3915 in
1229 3862 1469 3918 nomine
1501 3862 1688 3918 Patris
1718 3866 1775 3917 et
1806 3862 1931 3917 Filii

271 3951 334 4002 et
362 3947 619 4018 Spiritus
652 3948 863 4017 sancti,
891 3950 987 4005 sed
1020 3949 1080 4004 in
1126 3951 1321 4006 tribus
1353 3950 1482 4007 sine
1513 3951 1682 4006 initio
1716 3952 1931 4022 princi-

274 4033 410 4105 piis,
446 4038 546 4089 aut
576 4035 634 4090 in
668 4036 858 4093 tribus
897 4037 1057 4106 ﬁliis,
1091 4043 1194 4095 aut
1243 4040 1302 4094 in
1354 4040 1547 4095 tribus
1597 4040 1930 4111 paracletis,

275 4123 615 4194 abjiciatur.

275 4215 409 4296 CAP:
442 4213 571 4268 218.
605 4215 862 4296 —--Quo_d
892 4218 947 4271 in
981 4216 1249 4296 baptismo
1287 4225 1340 4273 et
1386 4219 1447 4273 in
1496 4220 1931 4296 conﬁrmatione,

347 4288 399 4338 si
427 4300 642 4361 necesse
672 4288 866 4361 fuerit,
898 4304 1046 4343 unus
1068 4290 1333 4361 patrinus
1365 4292 1537 4361 possit
1566 4306 1695 4346 esse.
1730 4292 1812 4345 Ex
1840 4289 1933 4344 de-

348 4358 514 4411 cretis
546 4358 759 4429 Hygini
790 4361 923 4427 PP.,
954 4358 1079 4429 cap.
1110 4360 1196 4415 10.

346 4444 446 4511 (De
474 4460 644 4514 cons.,
676 4445 802 4501 dist.
827 4448 881 4513 4,
914 4464 961 4502 c.
990 4448 1050 4503 In
1077 4448 1454 4518 catechismo.)
1486 4454 1549 4506 In
1581 4448 1938 4505 catecbismo
1968 4444 2017 4509 D

273 4536 336 4588 et
364 4533 686 4603 baptismo,
711 4539 767 4589 et
798 4535 857 4590 in
882 4536 1328 4593 conﬁrmatione
1354 4555 1507 4593 unus
1539 4538 1809 4610 patrinus
1840 4554 1939 4607 po-

274 4626 391 4676 test
421 4620 572 4685 ﬁeri,
597 4622 645 4677 si
672 4625 996 4680 necessitas
1020 4625 1197 4696 cogit,
1222 4642 1335 4682 non
1361 4632 1448 4682 est
1475 4631 1671 4683 tamen
1697 4642 1939 4682 consue-

274 4710 419 4766 tudo
452 4710 745 4779 Romana;
781 4715 881 4769 sed
915 4730 1017 4786 per
1048 4714 1313 4787 singulos
1336 4716 1553 4789 singuli
1578 4716 1935 4788 suscipiunt.

274 4811 413 4889 CAP.
446 4810 573 4889 21_9.
597 4814 762 4889 —-_Ut
792 4829 935 4869 unus
981 4815 1239 4889 patrinus
1271 4815 1355 4889 vel
1405 4818 1635 4889 patrina
1667 4814 1736 4871 ad
1750 4831 1936 4889 susci-

350 4881 615 4954 piendum
667 4886 945 4954 infantem
982 4881 1249 4940 accedat.
1310 4881 1413 4940 Ex'
1446 4886 1680 4943 decretis
1741 4887 1940 4941 Leonis

350 4953 462 5005 PP.
496 4959 645 5024 apud
671 4953 929 5012 sanctum
959 4956 1294 5013 Medardum.

355 5040 453 5109 (De
479 5056 651 5111 cons.,
696 5044 827 5100 dist.
860 5045 913 5109 4,
946 5060 995 5099 ο.
1028 5046 1145 5100 Non
1190 5046 1425 5116 plures.)
1459 5046 1527 5101 Ut
1573 5062 1688 5100 non
1743 5044 1939 5115 plures

278 5126 355 5183 ad
406 5131 853 5203 suscipiendum
884 5133 955 5188 de
989 5132 1281 5203 baptismo
1325 5133 1613 5190 infantem
1663 5133 1943 5188 accedant

279 5231 464 5288 quam
497 5236 676 5285 unus,
710 5222 831 5278 sive
874 5222 985 5291 vir,
1018 5222 1140 5277 sive
1172 5221 1404 5278 mulier.
1440 5223 1501 5278 In
1534 5221 1939 5278 Conﬁrmatio-

278 5304 464 5361 nibus
493 5323 725 5380 quoque
756 5311 814 5367 id
846 5311 1043 5382 ipsum
1078 5311 1201 5365 ﬁat.

278 5394 419 5471 CA_P.
454 5396 673 5471 220.—
708 5401 769 5457 Ut
828 5400 927 5455 ille
983 5400 1082 5471 qui
1138 5414 1247 5453 non
1305 5404 1387 5454 est
1442 5402 1821 5471 conﬁrmatus,
1872 5397 1943 5453 ad

358 5465 689 5552 baptismum
734 5473 955 5552 nullum
996 5465 1261 5541 recipiat.
1312 5472 1395 5526 Ex
1438 5465 1671 5529 concilio
1722 5473 1941 5541 Mogon-

358 5544 552 5610 tiensi,
583 5558 704 5613 cap.
735 5544 790 5598 2.

359 5627 459 5700 (De
486 5644 661 5700 cons.,
711 5631 839 5688 dist.
876 5632 927 5699 4,
960 5648 1008 5686 c.
1060 5629 1123 5684 In
1172 5633 1479 5703 baptismo.)
1535 5632 1594 5686 In
1646 5630 1939 5702 baptismo

2021 1821 2156 1877 CAP.
2190 1818 2317 1873 223.
2352 1848 2418 1858 —-
2449 1818 2522 1872 De
2548 1816 2808 1888 Symbolo
2846 1820 2961 1872 octo
3010 1814 3126 1871 dies
3156 1818 3283 1888 ante
3325 1812 3540 1888 Pascha
3568 1827 3674 1888 pu-

2094 1893 2228 1946 blice
2277 1892 2335 1944 in
2386 1884 2643 1945 omnibus
2691 1888 2931 1945 ecclesiis
2978 1886 3276 1943 recitando.
3330 1887 3415 1941 Ex
3442 1884 3675 1941 concilio

2092 1962 2412 2033 Agathensi,
2447 1978 2567 2032 cap.
2606 1961 2673 2015 12
2705 1960 2845 2031 (cap.
2881 1959 2992 2030 13).

2092 2054 2189 2122 (De
2214 2068 2386 2119 cons.,
2418 2050 2544 2105 dist.
2567 2050 2619 2119 4,
2647 2065 2695 2104 c.
2730 2046 3091 2119 Symbolum.)
3120 2046 3461 2119 Symbolum
3493 2043 3670 2100 etiam

2024 2142 2244 2214 placuit
2273 2141 2346 2197 ab
2377 2139 2651 2196 omnibus
2672 2137 2932 2193 ecclesiis
2962 2153 3082 2191 una
3111 2136 3225 2203 die,
3244 2136 3301 2191 id
3334 2139 3444 2204 est,
3471 2136 3673 2190 octavo

2024 2233 2117 2287 die
2141 2234 2274 2287 ante
2302 2228 2662 2285 Dominicam
2686 2225 3131 2282 resurrectionis
3162 2223 3393 2296 publice
3414 2224 3474 2279 in
3499 2222 3677 2278 eccle-

2026 2321 2114 2377 sia
2145 2317 2616 2390 competentibus
2648 2315 2799 2372 tradi
2828 2315 2926 2387 [aL
2961 2314 3307 2385 praedicari].

2061 2410 2204 2466 CAP.
2236 2408 2361 2462 224.
2397 2438 2464 2447 —
2501 2410 2577 2460 De
2606 2405 2907 2475 gentilibus
2936 2403 3195 2472 inﬁrmis,
3227 2405 3278 2457 si
3306 2403 3643 2472 baptismum

2304 2478 2643 2533 desiderant.
2675 2479 2808 2531 Item
2845 2492 2917 2531 ex
2952 2477 3154 2542 eodem,
3186 2490 3306 2545 cap.
3339 2475 3393 2529 3.

2101 2567 2356 2624 Gentiles
2388 2566 2438 2620 si
2480 2566 2539 2619 in
2571 2564 2858 2619 Trinitate
2899 2562 3362 2618 desideraverint
3411 2561 3520 2617 sibi
3555 2577 3679 2615 ma-

2032 2674 2173 2713 num
2206 2655 2454 2727 imponi,
2485 2654 2534 2709 si
2576 2653 2796 2708 fuerint
2845 2666 2914 2707 ex
2961 2651 3161 2722 aliqua
3209 2654 3374 2721 parte
3420 2649 3679 2704 honestae

2031 2748 2182 2815 vitae,
2216 2745 2437 2817 placuit
2465 2744 2551 2799 eis
2602 2758 2843 2798 manum
2876 2739 3119 2812 imponi,
3152 2743 3211 2795 et
3239 2738 3365 2795 ﬁeri
3396 2736 3680 2793 Christia-

2034 2854 2161 2893 D08.

2105 2926 2238 2982 CAP.
2272 2926 2398 2981 225.
2425 2954 2494 2965 —
2523 2924 2599 2978 De
2622 2920 2854 2991 gravida
2886 2917 3235 2991 baptizando.
3267 2918 3351 2973 Ex
3378 2915 3614 2972 concilio

2514 2994 2973 3059 Neocxsariensi,
3006 3008 3124 3063 cap.
3156 2992 3212 3044 6.

2107 3089 2204 3159 (De
2248 3094 2441 3154 const.,
2474 3084 2603 3140 dist.
2646 3083 2699 3154 4,
2732 3100 2778 3138 c.
2819 3082 2885 3137 Si
2932 3098 3037 3152 qua
3086 3078 3338 3149 mulier.)
3372 3076 3686 3133 Gravidam

2038 3174 2320 3248 baptizari
2366 3176 2595 3245 oportet
2641 3171 2876 3243 quando
2906 3169 3173 3226 voluerit.
3208 3167 3367 3225 Nihil
3420 3166 3576 3223 enim
3624 3164 3686 3219 in

2036 3265 2145 3320 hoc
2196 3281 2323 3336 quis
2382 3262 2535 3335 parit
2589 3259 2853 3316 nascenti
2900 3257 3327 3324 communicat,
3380 3258 3690 3326 propterea

2038 3354 2194 3427 quod
2226 3352 2697 3422 uniuscujusque
2727 3349 3093 3421 propositum
3125 3347 3183 3401 in
3206 3342 3571 3401 confessione
3594 3342 3690 3397 de-

2039 3444 2317 3500 claratur.

2085 3534 2219 3589 CAP.
2252 3532 2376 3586 226.
2411 3560 2481 3571 -
2510 3530 2585 3584 De
2609 3528 2862 3600 paruulis
2892 3527 3130 3600 inﬁmis
3161 3520 3528 3600 baptizandis.
3556 3520 3641 3575 Ex

2429 3597 2669 3658 concilio
2700 3599 3057 3668 Gerundensi,
3088 3614 3208 3669 cap.
3237 3597 3293 3652 5.

2110 3693 2191 3749 De
2222 3689 2483 3764 parvulis
2512 3705 2647 3745 vero
2675 3688 2777 3761 qui
2821 3703 3009 3759 nuper
3054 3690 3322 3741 materno
3353 3685 3518 3738 utero
3549 3679 3691 3736 editi

2040 3785 2200 3849 sunt,
2235 3778 2457 3852 placuit
2499 3776 2815 3834 constitui:
2849 3780 2913 3832 ut
2944 3775 2994 3831 si
3026 3772 3246 3830 inﬁrmi
3277 3774 3368 3845 (ut
3411 3769 3689 3837 assolent)

2042 3870 2351 3937 fuerint,et
2370 3867 2458 3923 lac
2480 3871 2810 3923 maternum
2830 3881 2943 3919 non
2968 3866 3270 3935 appetunt,
3286 3860 3462 3916 etiam
3485 3856 3689 3914 eadem

2042 3960 2135 4015 die
2166 3975 2284 4029 qua
2316 3956 2437 4012 nati
2468 3958 2632 4021 sunt,
2661 3954 2710 4010 si
2745 3953 2905 4009 allati
2939 3952 3179 4019 fuerint,
3214 3948 3601 4020 baptizentur.

2042 4053 2174 4104 CAP.
2206 4047 2334 4102 227.
2360 4077 2425 4088 —
2458 4046 2529 4100 De
2559 4046 2678 4100 illis
2720 4044 2816 4113 qui
2859 4043 2916 4096 in
2950 4039 3277 4111 aegritudine
3310 4037 3690 4113 baptixantur.

2309 4120 2393 4173 Ex
2421 4118 2653 4173 concilio
2684 4110 3142 4173 Neocwsariensi,
3174 4126 3293 4179 cap.
3328 4110 3413 4162 12.

2113 4209 2168 4263 Si
2202 4206 2336 4279 quis
2365 4222 2501 4277 ergo
2533 4204 2593 4259 in
2625 4201 2974 4275 aegritudine
2997 4197 3170 4254 fuerit
3188 4195 3539 4268 baptizatus,
3565 4207 3693 4264 pre-

2045 4300 2242 4370 sbyter
2273 4295 2532 4351 ordinari
2582 4309 2697 4347 non
2747 4290 2935 4346 debet.
2971 4286 3097 4343 Non
3137 4285 3297 4342 enim
3348 4283 3494 4338 fides
3536 4280 3694 4370 illius

2046 4367 2137 4443 est
2162 4382 2511 4449 voluntaria,
2546 4381 2647 4437 sed
2694 4396 2761 4436 ex
2810 4377 3157 4434 necessitate
3204 4371 3528 4440 descendit,
3579 4367 3696 4424 nisi

2050 4476 2197 4531 forte
2228 4478 2430 4545 postea
2459 4470 2648 4543 ipsius
2680 4468 2943 4525 studium
2974 4471 3029 4521 et
3059 4465 3203 4520 ﬁdes
3240 4460 3472 4535 probari
3501 4460 3696 4515 videa-

2047 4569 2163 4631 tur,
2194 4567 2295 4618 aut
2325 4560 2631 4617 hominum
2664 4558 2925 4630 paucitas
2956 4557 3143 4626 cogat.

2105 4654 2234 4709 CAP.
2268 4652 2393 4705 228.
2420 4680 2489 4691 -
2519 4650 2593 4705 De
2622 4649 2739 4702 illis
2768 4648 2865 4717 qui
2890 4644 3143 4717 parvulos
3170 4644 3412 4717 recentes
3441 4641 3648 4717 negant

2118 4742 2234 4781 esse
2267 4720 2648 4794 baptizandos.
2682 4722 2764 4775 Ex
2778 4710 3025 4773 concilio
3056 4715 3336 4785 Africano,
3370 4727 3499 4782 cap.
3528 4710 3620 4763 76.

2122 4816 2218 4885 (De
2263 4828 2435 4878 cons.,
2490 4810 2618 4865 dist.
2656 4809 2708 4876 4,
2748 4824 2795 4863 c.
2826 4804 3089 4873 Placuit.)
3140 4805 3287 4857 Item
3337 4799 3583 4873 placuit,
3633 4800 3699 4851 ut

2050 4905 2383 4977 quicunque
2432 4898 2707 4973 parvulos
2766 4900 3027 4952 recentes
3086 4895 3157 4949 ab
3206 4892 3389 4948 uteris
3438 4894 3699 4945 matrum

2051 4993 2433 5066 baptizandos
2482 4994 2675 5062 negat,
2704 4992 2804 5043 aut
2845 4985 2987 5041 dicit
3032 4984 3089 5039 in
3124 4981 3535 5038 remissionem
3571 4993 3703 5049 pec-

2052 5090 2315 5140 catorum
2348 5097 2465 5136 non
2515 5076 2819 5151 baptizari,
2853 5076 2953 5131 sed
2986 5078 3043 5129 et
3082 5071 3228 5127 nihil
3259 5088 3328 5127 ex
3359 5070 3537 5125 Adam
3586 5073 3705 5122 tra-

2050 5174 2189 5229 here
2219 5168 2523 5241 originalis
2557 5165 2800 5239 peccati,
2825 5163 2978 5236 quod
3000 5161 3229 5217 lavacro
3252 5153 3705 5231 regenerationis

2052 5261 2317 5333 expietur
2358 5277 2370 5315 :
2417 5258 2573 5313 unde
2623 5256 2688 5310 fit
2736 5267 3125 5324 consequens,
3158 5255 3224 5305 ut
3274 5250 3333 5305 in
3384 5248 3468 5303 eis
3518 5246 3707 5300 forma

2052 5349 2423 5423 baptismatis
2455 5348 2511 5402 in
2546 5343 2953 5402 remissionem
2987 5345 3384 5413 peccatorum,
3410 5351 3522 5392 non
3545 5347 3705 5397 vera,

2051 5418 2154 5497 sed
2186 5440 2333 5497 falsa
2373 5436 2754 5509 intelligatur,
2786 5432 3103 5488 anathema
3145 5431 3239 5485 sit.
3274 5424 3561 5494 Quoniam
3595 5418 3705 5475 ali-

2047 5536 2137 5587 ter
2183 5526 2632 5599 intelligendum
2682 5539 2797 5577 non
2846 5524 2959 5590 est,
3009 5518 3164 5590 quod
3215 5516 3295 5572 ait
3342 5510 3701 5585 Apostolus:

2051 5626 2160 5677 Per
2190 5636 2363 5674 unum
2394 5617 2672 5674 hominem
2705 5613 2988 5685 peccatum
3019 5607 3252 5662 intravit
3298 5606 3357 5664 in
3406 5601 3698 5670 mundum,
