3982 6060
250 174 355 232 115

1322 182 1392 234 D.
1436 174 1677 234 IVONIS
1710 174 2210 232 CARNOTENSIS
2249 174 2574 230 EPISCOPI

3552 171 3661 226 116

256 304 310 356 et
336 315 436 372 per
458 303 743 373 peccatum
787 316 958 369 mors,
991 308 1041 359 et
1064 302 1144 358 ita
1172 302 1231 358 in
1264 318 1447 359 omnes
1484 301 1731 357 homines
1768 313 1903 369 per—
1930 300 1985 367 Α
2013 302 2147 356 CAP.
2181 298 2309 354 235.
2368 329 2436 340 —
2494 298 2557 357 Ut
2606 298 2904 373 baptisma:
2926 298 3015 373 _in
3069 296 3346 373 Trinitate
3382 308 3664 373 susceptus

250 390 473 445 transiit
496 392 554 444 in
577 405 680 461 quo
699 406 883 446 omnes
909 396 1276 462 peccaverunt
1305 393 1480 461 (Rom.
1500 391 1572 459 v),
1607 390 1719 444 nisi
1753 404 1899 460 que-

253 478 635 533 madmodum
667 479 923 535 Ecclesia
953 480 1238 535 catholica
1269 480 1485 550 ubique
1514 479 1728 533 diffusa
1756 492 1904 532 sem-

256 582 361 638 per
409 566 713 623 intellexit.
767 568 1006 640 Propter
1050 568 1202 624 hanc
1253 568 1409 624 enim
1457 567 1719 640 regulam
1770 566 1903 621 fidei

256 654 431 711 etiam
492 656 740 727 parvuli,
791 658 887 727 qui
946 658 1092 712 nihil
1154 662 1519 728 peccatorum
1580 657 1638 710 in
1699 654 1905 725 seipsis

258 744 451 799 adhuc
500 746 863 801 committere
914 750 1273 817 potuerunt:
1315 747 1441 801 ideo
1490 746 1551 799 in
1600 744 1902 800 remissio-

258 850 392 889 nem
422 838 792 904 peccatorum
837 836 1120 891 veraciter
1166 835 1565 906 baptizantur,
1598 839 1665 888 ut
1712 833 1771 886 in
1821 831 1905 887 eis

257 920 694 993 regeneratione
740 923 1061 978 mundetur
1090 924 1242 995 quod
1294 922 1669 995 generatione
1716 926 1906 975 traxe-

257 1014 416 1066 runt.
448 1030 477 1060 »

256 1102 389 1155 CAP.
439 1099 565 1153 229.
598 1129 668 1141 —
723 1105 807 1155 De
863 1102 1109 1171 inﬁrmis
1168 1102 1488 1173 baptizatis,
1547 1117 1617 1157 ea:
1670 1099 1908 1156 concilio

783 1173 1122 1243 Laodicensi,
1153 1189 1272 1245 cap.
1302 1176 1393 1229 72.

330 1259 490 1331 (Cap.
522 1260 633 1330 47).
664 1260 827 1323 Quod
876 1265 1141 1332 oporteat
1190 1278 1290 1317 eos
1320 1261 1421 1333 qui
1453 1261 1513 1316 in
1564 1258 1911 1332 aegritudine

259 1346 593 1417 percipiunt
621 1346 936 1418 baptisma,
960 1354 1273 1419 postquam
1305 1348 1706 1404 convaluerint
1735 1348 1910 1402 fidem

260 1434 486 1491 discere
540 1438 599 1491 et
651 1435 823 1501 scire,
856 1436 1027 1507 cujus
1084 1439 1346 1494 muneris
1403 1438 1719 1511 participes
1775 1435 1913 1492 facti

260 1527 423 1579 sunt.

260 1612 399 1688 CAP.
430 1614 558 1688 230.
590 1615 762 1669 —-De
816 1615 934 1670 illis
986 1616 1382 1683 aegrotantibus
1436 1633 1531 1688 qui
1586 1615 1912 1688 baptismum

332 1683 670 1753 desiderant,
702 1690 758 1741 et
780 1691 902 1757 post
948 1688 1343 1743 obmutescunt.
1375 1683 1459 1743 Esi
1503 1683 1734 1743 concilio
1763 1686 1912 1756 Afri-

330 1772 485 1824 cano,
511 1773 631 1829 cap.
668 1758 753 1813 t2.

331 1844 405 1900 Ut
433 1850 782 1918 aegrotantes
813 1848 861 1903 si
894 1865 998 1920 pro
1033 1864 1093 1904 se
1111 1849 1466 1921 respondere
1496 1864 1613 1904 non
1642 1850 1913 1919 possunt,

260 1951 394 1989 cum
424 1934 712 1990 voluntati
742 1951 942 1992 eorum
976 1937 1383 1993 testimonium
1417 1936 1789 2008 respondeat,
1813 1936 1912 2007 qui

260 2022 309 2077 si
343 2038 410 2078 ex
441 2022 701 2094 periculo
731 2025 965 2096 proprio
997 2041 1127 2082 esse
1170 2026 1442 2093 dixerint,
1493 2024 1865 2096 baptizentur
1896 2040 1909 2079 :

260 2115 317 2166 et
348 2116 413 2167 ut
441 2111 688 2169 scenicis
718 2117 776 2169 et
804 2113 1194 2170 histrionibus
1211 2116 1557 2187 ceterisque
1576 2112 1913 2185 hujusmodi

261 2200 528 2270 personis
556 2200 953 2256 reconciliatio
985 2219 1099 2257 non
1133 2211 1395 2275 negetur.

263 2295 397 2354 CAP.
431 2298 556 2353 231.
588 2300 761 2373 -τ-οε
789 2301 1023 2373 mortuis
1052 2316 1161 2356 non
1212 2301 1581 2373 baptizandis.
1622 2303 1706 2357 Ex
1734 2300 1913 2355 conci-

640 2371 714 2427 lio
743 2372 1173 2442 Carthaginensi
1200 2371 1291 2440 In,
1320 2390 1444 2446 cap.
1472 2374 1527 2431 6.

335 2458 670 2515 Cavendum
702 2464 793 2517 est
823 2461 999 2516 etiam
1035 2478 1105 2518 ne
1136 2467 1399 2519 mortuos
1416 2462 1699 2535 baptizari
1720 2480 1915 2536 posse,

263 2548 510 2605 fratrum
541 2548 858 2608 infirmitas
890 2551 1335 2623 credat,quibus
1359 2568 1465 2609 nec
1495 2553 1912 2609 eucharistiam

267 2637 394 2693 dari
423 2638 875 2696 animadvertat.

262 2729 397 2783 CAP.
450 2728 578 2782 232.
642 2758 714 2770 —-
771 2733 857 2783 De
906 2729 1086 2785 subito
1168 2728 1592 2797 obmutescente,
1650 2731 1703 2785 si
1756 2737 1915 2787 testes

337 2798 620 2924 habugrit‘,
676 2800 1024 2871 baptizando.
1084 2802 1170 2855 Ea:
1243 2802 1475 2857 concilio
1548 2803 1911 2870 Arausicano,

332 2885 452 2924 ean.
525 2911 540 2924 .

396 2887 452 2940 p.
483 2887 540 2926 ν.

334 2958 448 3025 (27,
480 2974 532 3030 q.
564 2959 619 3028 6,
652 2974 702 3014 ο.
748 2960 861 3029 Qui
906 2960 1205 3031 recedunt).
1255 2961 1460 3018 Subito
1505 2961 1915 3019 obmutescens

2082 386 2194 426 non
2244 373 2532 495 iiteretur.
2616 369 2701 427 Ea;
2763 371 2995 426 concilio
3080 369 3552 440 Carthaginiensi.
3619 390 3661 440 ι,

2082 459 2203 495 can.
2279 484 2292 495 .

2081 459 2203 513 cap.
2244 459 2292 497 ι.

2084 530 2156 587 Ut
2183 531 2479 603 baptisma
2523 531 2583 587 in
2625 531 2911 587 Trinitate
2957 534 3299 603 susceptum
3344 548 3460 588 non
3490 533 3662 591 itere-

2012 622 2130 675 tur.
2164 624 2329 691 Ergo,
2364 621 2414 676 si
2463 621 2623 676 vobis
2651 620 2862 691 placet,
2911 621 3347 679 consideremus
3387 622 3663 693 primitus

2012 708 2253 765 titulum
2302 710 2374 765 de
2428 709 2822 781 rebaptizatis,
2869 714 2928 765 et
2984 711 3359 766 sanctitatem
3404 717 3661 768 vestram

2015 798 2272 869 postulo,
2306 804 2371 852 ut
2420 798 2631 854 mentis
2661 802 2868 854 vestra;
2918 798 3197 854 intuitum
3242 797 3492 869 placide,
3525 817 3661 872 pro-

2017 886 2246 942 ducatis
2277 887 2348 942 ad
2380 888 2833 942 descendentem
2882 886 2943 942 in
2984 904 3219 958 aquam,
3252 893 3310 943 et
3337 887 3664 961 interroga-

2016 980 2143 1032 tum
2185 976 2245 1030 in
2299 976 2584 1031 Trinitate
2632 978 2960 1032 secundum
3011 976 3309 1049 Evangelii
3364 978 3564 1048 ﬁdem,
3608 985 3667 1034 et

2018 1064 2415 1136 apostolorum
2448 1064 2798 1135 doctrinam,
2830 1069 2888 1120 et
2916 1066 3249 1121 confessum
3284 1066 3499 1122 bonam
3532 1083 3666 1122 con-

2019 1154 2327 1210 scientiam
2360 1154 2417 1209 in
2451 1158 2631 1208 Deum
2678 1154 2748 1209 de
2783 1154 3210 1210 resurrectione
3253 1154 3395 1211 Jssu
3425 1155 3666 1226 Christi,

2021 1259 2093 1298 an
2124 1242 2297 1298 liceat
2333 1242 2549 1297 iterum
2598 1243 2943 1314 interrogari
2994 1242 3053 1299 in
3084 1244 3287 1300 eadem
3339 1243 3473 1310 ﬁde,
3505 1248 3561 1300 et
3607 1245 3669 1299 in

2020 1347 2233 1402 aquam
2264 1331 2478 1386 iterum
2526 1331 2692 1402 tingi.
2744 1331 3009 1387 Universi
3052 1332 3308 1404 episcopi
3348 1334 3666 1389 dixerunt:

2018 1419 2204 1490 Absit,
2237 1419 2412 1488 absit,
2446 1419 2707 1475 illicitam
2740 1419 3041 1476 sancimus
3083 1436 3211 1476 esse
3258 1421 3664 1493 rebaptizatio-

2021 1525 2177 1579 nem,
2210 1512 2267 1564 et
2297 1508 2443 1564 satis
2474 1524 2604 1564 esse
2645 1507 2896 1565 alienam
2930 1526 2963 1565 a
2992 1508 3220 1566 sincera
3250 1509 3383 1577 fide,
3416 1513 3475 1565 et
3505 1526 3539 1565 a
3568 1525 3669 1565 ca—

2019 1597 2237 1654 tholica
2267 1597 2581 1670 disciplina
2602 1597 2613 1652 ι

1943 1668 1992 1735 Β
2022 1705 2159 1760 CAP.
2190 1705 2316 1778 236.
2352 1668 2533 1778 —-_'De
2561 1707 2680 1778 illis
2708 1708 2809 1775 qui
2835 1707 3087 1761 nesciunt
3113 1722 3223 1777 qua
3250 1705 3356 1776 ﬁde
3405 1705 3675 1778 baptizati

2094 1786 2242 1832 sunt.
2276 1777 2358 1831 Ex
2385 1776 2610 1832 decretis
2641 1777 2836 1833 Leonis
2863 1792 3044 1849 papae,
3094 1776 3359 1849 episcopis
3383 1776 3483 1849 per
3531 1778 3673 1833 Sici-

2094 1848 2230 1903 liam
2262 1850 2575 1903 constitutis
2622 1850 2830 1917 missis,
2862 1848 2982 1921 cap.
3014 1848 3133 1904 29.7
3159 1849 3357 1921 (Epist.
3386 1848 3459 1904 ad
3490 1850 3675 1905 Rusti-

2093 1936 2238 1990 cum,
2269 1935 2391 1990 cap.
2426 1920 2535 1991 15).

2092 2009 2190 2077 (De
2218 2023 2395 2074 eons.,
2444 2008 2573 2063 dist.
2608 2012 2662 2075 4,
2689 2024 2736 2064 c.
2790 2009 2857 2063 Hi
2884 2007 2951 2063 de
2999 2008 3240 2079 quibus).
3274 2009 3345 2064 Hi
3376 2012 3572 2065 autem
3605 2010 3676 2066 de

2023 2097 2239 2168 quibus
2270 2097 2557 2168 scripsisti
2590 2097 2689 2170 qui
2722 2113 2784 2153 se
2832 2098 3159 2169 baptizatos
3189 2097 3405 2167 sciunt,
3437 2099 3537 2154 sed
3570 2115 3676 2154 cu-

2014 2185 2118 2256 jus
2148 2185 2284 2241 ﬁdei
2315 2186 2533 2240 fuerint
2578 2186 2676 2256 qui
2708 2202 2807 2241 eos
2853 2185 3298 2257 baptizaverunt
3346 2204 3408 2243 se
3452 2186 3677 2244 nescire

2022 2274 2392 2346 profitentur,
2424 2274 2701 2346 quoniam
2753 2273 3014 2345 quolibet
3045 2276 3218 2331 modo
3250 2275 3498 2331 formam
3531 2276 3674 2345 bap-

2022 2363 2283 2419 tismatis
2331 2367 2704 2434 acceperunt,
2757 2363 3157 2435 rebaptizandi
3190 2382 3307 2420 non
3336 2369 3513 2431 sunt;
3547 2364 3670 2430 sed,

2023 2469 2127 2524 per
2158 2469 2369 2507 manus
2415 2451 2852 2524 impositionem
2896 2452 3171 2509 virtutem
3202 2452 3457 2526 Spiritus
3489 2452 3676 2509 sancti

2024 2541 2617 2615 accipienteshquam
2653 2540 2725 2595 ab
2775 2540 3064 2615 haereticis
3112 2541 3374 2615 accipere
3422 2558 3537 2597 non
3571 2558 3675 2614 po-

2022 2617 2286 2682 tuerunt,
2317 2612 2622 2669 cathOlicis
2654 2612 2967 2683 copulandi
3000 2617 3159 2670 sunt.

2024 2722 2156 2773 CAP.
2190 2718 2315 2773 237.
2346 2750 2418 2760 —
2450 2723 2529 2774 De
2558 2719 2874 2790 presbytero
2913 2720 3009 2789 qui
3055 2718 3485 2787 grammaticam
3515 2719 3677 2790 igno-

2094 2790 2277 2855 rabat,
2308 2795 2358 2845 et
2386 2789 2571 2845 tamen
2617 2791 2678 2843 in
2730 2791 2998 2845 Trinitate
3042 2790 3378 2860 baptizabat.
3438 2789 3682 2860 Epistola

2095 2861 2378 2917 Zachariae
2410 2863 2479 2917 ad
2510 2861 2866 2930 Bonifacium
2906 2863 3341 2930 Magontiensem
3379 2861 3682 2933 archiepis-

2096 2949 2308 3003 capum.

262 3018 445 3117 prout
468 3018 891 3118 statutumpst,
924 3018 1205 3119 baptizari
1239 3055 1295 3105 et
1323 3049 1730 3120 paenitentiam
1766 3052 1914 3106 acci-
1946 3033 1990 3101 C
2046 3110 2060 3120 _
2098 3022 2199 3120 (Pe
2225 3037 2399 3120 εθηδζ,
2424 3021 2553 3120 (ξίδίς
2589 3021 2719 3120 4η
2751 3021 3116 3120 Βθίυίξνίέηξλ
3162 3018 3448 3120 Ῡίτείιίυε
3498 3022 3555 3075 et
3583 3021 3679 3119 ξδ’

265 3150 402 3205 pere
430 3139 642 3206 potest,
691 3135 742 3190 si
784 3135 1107 3191 voluntatis
1159 3137 1460 3208 praeteritae
1508 3138 1913 3194 testimonium

267 3222 513 3279 aliorum
561 3223 753 3280 verbis
786 3224 983 3291 habet,
1018 3228 1119 3280 aut
1160 3226 1464 3297 praesentis
1496 3226 1553 3279 in
1605 3243 1711 3282 suo
1742 3230 1912 3281 nutu.

266 3320 403 3377 CAP.
439 3322 565 3377 233.
600 3354 666 3364 —
698 3323 772 3377 De
802 3323 889 3378 his
916 3325 1014 3449 qui
1038 3323 1185 3393 apud
1228 3324 1508 3380 haereticos
1553 3325 1919 3395 baptizantur

336 3395 397 3448 in
425 3396 653 3449 nomine
679 3404 888 3449 sancta
954 3396 1221 3449 rinitatis.
1254 3397 1336 3449 Ex
1364 3397 1597 3449 concilio
1630 3397 1919 3449 Rothoma-

336 3395 397 3448 in
425 3396 653 3478 nomine
679 3404 888 3520 sgnctas
918 3395 1221 3451 Trinitatis.
1254 3397 1336 3450 Ex
1364 3397 1597 3452 concilio
1630 3397 1919 3453 Rothoma-

337 3480 517 3520 aensz.
546 3481 665 3520 can.
739 3504 752 3519 .

335 3480 517 3533 genu,
546 3481 665 3536 cap.
697 3480 752 3520 ο.

336 3552 631 3622 Baptisma
680 3569 866 3609 unum
895 3558 987 3610 est
1014 3554 1073 3610 in
1106 3554 1364 3611 Ecclesia
1407 3555 1715 3625 catholica,
1749 3556 1920 3628 cujus

265 3658 373 3698 nos
404 3642 671 3698 membra
711 3644 903 3698 eti’ecti
953 3660 1185 3711 sumus,
1219 3644 1321 3700 ubi
1353 3661 1469 3700 una
1500 3646 1647 3700 ﬁdes
1679 3651 1789 3714 est,
1820 3645 1921 3700 ubi

264 3730 326 3785 in
358 3729 595 3786 nomine
645 3730 832 3787 Patris
861 3735 919 3786 et
943 3731 1093 3802 Filii,
1126 3736 1183 3788 et
1210 3732 1465 3804 Spiritus
1506 3733 1697 3789 sancti
1727 3734 1918 3789 datur.

268 3819 338 3874 Et
367 3817 497 3874 ideo
546 3819 646 3891 qui
695 3820 849 3891 apud
896 3818 1030 3876 illos
1079 3820 1382 3877 haereticos
1431 3821 1714 3893 baptizati
1761 3826 1921 3893 sunt,

271 3907 370 3978 qui
401 3906 460 3961 in
491 3911 706 3963 sanctae
758 3907 1064 3964 Trinitatis
1095 3909 1464 3965 confessione
1517 3910 1835 3982 baptizant,
1866 3916 1925 3967 et

269 3995 517 4051 veniunt
548 3996 619 4051 ad
667 4012 793 4066 nos,
826 3996 1189 4067 recipiantur
1231 3995 1469 4067 quidem
1515 3998 1683 4066 quasi
1730 3998 1925 4068 bapti-

274 4086 409 4155 zati,
459 4101 532 4141 ne
589 4088 805 4140 sanctae
849 4084 1154 4139 Trinitatis
1203 4084 1488 4140 invocatio
1535 4090 1593 4139 et
1639 4085 1926 4140 confessio

277 4174 649 4240 annulletur;
684 4174 787 4228 sed
830 4173 1154 4228 doceantur
1200 4174 1443 4245 integre,
1477 4178 1533 4229 et
1563 4174 1929 4229 instruantur

279 4278 456 4318 sensu
490 4266 704 4317 sanctae
735 4259 1041 4315 Trinitatis
1072 4266 1130 4316 et
1160 4263 1460 4333 mysterio,
1488 4263 1643 4333 quod
1695 4262 1753 4316 in
1786 4280 1928 4318 san-

281 4355 374 4406 cta
402 4349 659 4406 Ecclesia
689 4352 933 4404 tenetur.
970 4350 1034 4404 Et
1065 4349 1116 4405 si
1147 4349 1521 4405 consentiunt
1551 4351 1804 4418 credere,
1837 4350 1924 4407 vel

283 4437 665 4510 acquiescunt
713 4437 980 4493 conﬁteri
1029 4442 1289 4511 purgatae
1339 4439 1471 4494 ﬁdei
1514 4439 1929 4512 integritatem,

285 4543 499 4583 manus
552 4526 931 4599 impositione
987 4527 1318 4582 firmentur.
1376 4529 1433 4581 Si
1503 4545 1636 4584 vero
1710 4529 1934 4599 parvuli

287 4624 426 4674 sunt
453 4616 712 4685 hebetes,
760 4616 861 4689 qui
892 4616 1221 4672 doctrinam
1251 4633 1367 4672 non
1412 4617 1663 4687 capiant,
1694 4633 1936 4689 respon-

288 4706 467 4762 deant
496 4722 599 4777 pro
628 4703 746 4761 illis
795 4704 894 4776 qui
925 4722 1024 4762 eos
1053 4705 1308 4761 oﬂ‘erunt
1348 4704 1517 4775 juxta
1549 4721 1767 4760 morem
1794 4707 1937 4778 bap-

289 4794 536 4860 tizandi,
567 4797 625 4848 et
667 4794 749 4848 ita
796 4792 1231 4866 interrogentur
1279 4799 1344 4849 ut
1391 4793 1578 4848 sciant
1624 4793 1765 4865 quid
1814 4811 1938 4850 res-

292 4884 547 4957 pondere
578 4881 845 4955 debeant,
877 4886 934 4938 et
966 4883 1050 4939 sic
1081 4899 1291 4939 manus
1322 4882 1753 4953 impositionem
1786 4883 1940 4939 acci-

291 4973 477 5045 piant.

298 5063 434 5119 CAP.
466 5061 593 5116 234.
626 5091 695 5102 -
724 5062 799 5117 De
828 5061 1015 5117 eadem
1046 5077 1124 5117 re.
1157 5062 1239 5187 [ἐκ
1267 5061 1501 5117 concilio
1538 5060 1942 5129 Wormatiensi,

1012 5149 1129 5187 can.
1198 5173 1211 5185 .

1012 5149 1129 5204 cap.
1160 5149 1211 5187 ε).

367 5222 710 5293 Quicunque
738 5220 1074 5293 baptizatus
1122 5218 1297 5275 fuerit
1328 5220 1398 5275 ab
1430 5219 1717 5275 haareticis
1749 5220 1807 5275 in
1839 5236 1947 5275 no-

296 5313 452 5369 mine
481 5310 692 5378 Patris,
725 5314 783 5365 et
812 5308 965 5377 Filii,
987 5313 1044 5363 et
1073 5307 1327 5379 Spiritus
1358 5308 1944 5375 sancti,nullo.modo

298 5398 650 5470 rebaptizari
681 5398 873 5469 debet,
910 5397 1011 5453 sed
1035 5412 1137 5469 per
1163 5395 1351 5453 solam
1382 5412 1594 5453 manus
1620 5396 1946 5470 impositio-

299 5503 433 5548 nem
466 5488 812 5563 purgandus
843 5491 950 5543 est.

1959 4400 2011 4465 D

2029 3108 2248 3179 dulius,
2298 3109 2557 3181 religiosi
2604 3109 2712 3165 viri
2764 3110 2919 3181 apud
2978 3108 3380 3179 Bajoariorum
3443 3107 3675 3179 provin-

2025 3198 2170 3254 ciam
2199 3198 2500 3269 degentes,
2532 3198 2659 3255 suis
2685 3199 2840 3270 apud
2874 3215 2981 3254 nos
3010 3197 3225 3253 litteris
3252 3195 3344 3252 usi
3387 3200 3547 3265 sunt,
3580 3212 3681 3265 per

2027 3302 2175 3359 quas
2222 3285 2663 3355 intimaverunt,
2692 3287 2848 3359 quod
2892 3291 2995 3341 tua
3038 3286 3355 3341 reverenda
3406 3284 3681 3341 fraterni-

2026 3379 2119 3432 tas
2150 3376 2480 3447 injungeret
2524 3376 2889 3432 Christianos
2937 3375 3320 3447 rebaptizare.
3375 3374 3538 3438 Quod
3575 3389 3679 3429 au-

2027 3464 2256 3520 dientes
2308 3466 2485 3521 nimis
2533 3482 2746 3521 sumus
2776 3463 3109 3521 conturbati
3155 3468 3213 3519 et
3249 3462 3309 3518 in
3341 3461 3685 3518 admiratio-

2029 3570 2162 3610 nem
2212 3555 2529 3625 quamdam
2577 3554 2895 3610 incidimus
2926 3554 2975 3608 si
3018 3552 3335 3609 haberetur
3365 3556 3429 3608 ut
3461 3551 3686 3607 dictum

2030 3648 2139 3698 est.
2174 3642 2520 3699 Retulerunt
2568 3644 2784 3716 quippe
2813 3644 2969 3716 quod
3018 3642 3193 3697 fuerit
3226 3642 3284 3696 in
3317 3642 3520 3697 eadem
3554 3657 3691 3713 pro-

2029 3731 2222 3788 vincia
2268 3733 2565 3799 sacerdos,
2599 3732 2701 3804 qui
2749 3731 3016 3787 Latinam
3066 3730 3329 3804 linguam
3380 3729 3693 3801 ignorabat

2032 3819 2268 3891 penitus
2298 3824 2352 3875 et
2386 3821 2527 3875 dum
2556 3821 2882 3892 baptizaret
2915 3820 3183 3876 nesciens
3227 3819 3428 3873 Latino
3459 3815 3693 3889 eloquio

2031 3909 2351 3981 infringere
2382 3909 2667 3982 linguam,
2715 3910 2933 3965 diceret
2960 3928 2972 3966 :
3008 3910 3242 3980 Baptizo
3274 3912 3331 3964 te
3362 3908 3421 3963 in
3454 3906 3695 3962 nomine

2032 3999 2244 4070 patria,
2277 4005 2330 4053 et
2361 3998 2484 4053 filia
2512 4002 2569 4054 et
2597 3997 2805 4070 spiritu
2837 4002 3062 4068 sancta,
3092 4014 3158 4053 ac
3190 4014 3291 4069 per
3332 3997 3442 4051 hoc
3472 4000 3575 4050 tua
3607 4010 3700 4050 re-

2031 4087 2286 4142 verenda
2318 4087 2653 4143 fraternitas
2685 4086 3075 4143 consideravit
3107 4086 3485 4158 rebaptizare.
3510 4083 3697 4153 Scias,

2032 4176 2405 4231 sanctissime
2438 4176 2635 4245 frater,
2670 4176 2718 4233 si
2751 4176 2851 4231 ille
2884 4176 2985 4248 qui
3017 4174 3337 4246 baptizavit
3366 4189 3474 4228 nos
3511 4172 3700 4227 intro-

2034 4265 2256 4319 ducens
2303 4281 2561 4321 errorem
2589 4268 2691 4319 aut
2742 4264 3007 4320 haeresim
3036 4282 3049 4331 ;
3097 4264 3199 4319 sed
3232 4280 3334 4335 pro
3366 4261 3493 4318 sola
3522 4262 3697 4334 igno-

2040 4354 2233 4409 rantia
2280 4352 2554 4408 Romanae
2612 4352 2926 4409 locutionis
2973 4352 3346 4424 infringendo
3406 4351 3702 4423 linguam,

2044 4445 2108 4496 ut
2138 4456 2320 4511 supra
2352 4439 2453 4495 fati
2484 4457 2713 4507 sumus,
2762 4440 3066 4511 baptizans
3116 4439 3381 4504 dixisset,
3414 4454 3532 4493 non
3565 4452 3701 4508 pos-

2046 4546 2256 4585 sumus
2284 4529 2613 4584 consentire
2645 4532 2709 4583 ut
2738 4529 2929 4583 denuo
2963 4527 3335 4599 baptizentur
3355 4526 3513 4597 (quia
3542 4525 3700 4596 quod

2046 4618 2195 4673 bene
2225 4622 2590 4689 compertum
2640 4616 2818 4673 habet
2848 4616 3180 4672 fraternitas
3210 4615 3336 4687 tua)
3366 4614 3706 4687 quicunque

2047 4706 2381 4778 baptizatus
2422 4707 2598 4762 fuerit
2626 4707 2699 4763 ab
2749 4706 3039 4763 haereticis
3086 4705 3146 4761 in
3202 4705 3439 4761 nomine
3486 4703 3702 4770 Patris,

2049 4799 2107 4850 et
2138 4794 2287 4861 Filii,
2320 4799 2375 4849 et
2401 4795 2654 4867 Spiritus
2704 4794 2913 4861 sancti,
2947 4793 3105 4850 nullo
3137 4794 3311 4850 modo
3357 4790 3707 4864 rebaptizari

2051 4884 2241 4951 debet,
2272 4884 2373 4939 sed
2425 4901 2524 4957 per
2571 4883 2758 4941 solam
2809 4901 3021 4940 manus
3074 4882 3512 4955 impositionem
3562 4896 3705 4951 pur-

2050 4973 2177 5045 gari
2210 4971 2398 5028 debet.
2449 4973 2617 5042 Nam,
2647 4972 3016 5031 sanctissime
3064 4971 3263 5040 frater,
3296 4970 3347 5025 si
3391 4970 3473 5024 ita
3522 4974 3614 5024 est
3644 4972 3710 5023 ut

2051 5061 2222 5117 nobis
2268 5060 2515 5116 relatum
2548 5075 2673 5129 est;
2707 5079 2822 5116 non
2874 5060 3128 5132 amplius
3161 5063 3278 5115 ate
3315 5057 3464 5113 illud
3497 5056 3711 5129 praedi-

2052 5155 2239 5221 cetur,
2272 5167 2374 5205 nec
2423 5149 2646 5220 aliquid
2692 5149 3065 5220 hujusmodi,
3097 5149 3197 5204 sed
3247 5152 3313 5203 ut
3352 5146 3542 5203 sancti
3596 5150 3711 5202 Pa-

2052 5244 2173 5297 tres
2202 5241 2413 5295 docent
2452 5244 2510 5294 et
2560 5238 2903 5309 praedicant,
2936 5243 3040 5295 tua
3089 5236 3428 5294 fraternitas
3476 5235 3717 5290 studeat

2055 5344 2305 5385 servare.

2057 5418 2186 5475 CAP.
2214 5415 2341 5489 238.
2376 5445 2444 5489 -—5
2475 5416 2548 5471 De
2575 5414 2690 5471 illis
2715 5416 2813 5489 qui
2859 5415 3113 5488 aliquam
3158 5415 3357 5489 habent
3403 5413 3714 5489 dubitatio-

2129 5503 2253 5546 nem
2284 5487 2629 5561 baptismatis
2657 5486 3181 5563 utrebaptizentur.
3214 5489 3299 5544 Ex
3322 5487 3557 5545 decretis
3581 5486 3715 5543 Leo-
