3982 6060
277 278 377 331 117

1336 287 1649 343 DECRETI
1688 289 1872 344 PARS
1908 293 1954 343 Ι.
1986 315 2052 327 -
2089 291 2184 343 DE
2225 293 2415 359 FIDE,
2456 295 2612 349 ETC.

3584 291 3688 346 118

343 404 433 456 nis
481 417 637 486 papae
685 402 762 486 ad
810 404 1109 486 {iusticum-
1127 406 1548 486 _1_Varbonensem
1595 413 1927 482 episcopum,
1958 415 2012 480 Α
2043 414 2247 483 terque
2278 413 2454 469 etiam
2485 414 2704 471 habens
2736 413 2937 470 senilis
2959 414 3148 470 astatis
3171 415 3476 482 intuitum,
3502 417 3560 470 et
3590 431 3691 486 pe-

341 489 464 546 cap.
497 474 567 528 28
599 475 778 546 (epist.
812 474 902 542 90,
935 493 1052 548 cap.
1089 476 1199 548 15).

339 563 441 635 (De
471 580 643 631 cons.,
674 564 803 620 dist.
859 565 909 632 4,
956 583 1002 621 c.
1038 567 1098 622 Si
1125 567 1331 638 nulla).
1383 569 1440 624 Si
1491 569 1652 626 nulla
1698 575 1930 627 exstant

268 652 491 708 indicia
523 653 674 710 inter
705 655 1067 728 propinquos
1117 661 1173 713 et
1213 658 1552 725 familiares,
1588 660 1749 714 nulla
1778 661 1930 715 inter

268 741 513 798 clericos
545 747 646 798 aut
677 744 898 801 vicinos
931 747 1168 818 quibus,
1205 747 1263 802 hi
1297 749 1368 804 de
1401 749 1616 820 quibus
1647 751 1929 822 queritur

268 832 549 903 baptizati
585 834 766 890 fuisse
805 835 1145 903 doceantur,
1181 839 1470 910 agendum
1505 844 1594 894 est
1627 844 1688 894 ut
1719 855 1924 894 renas-

267 927 478 977 cantur
506 941 578 978 ne
609 923 920 980 manifeste
970 930 1228 997 pereant,
1261 926 1320 981 in
1372 928 1586 998 quibus
1626 929 1778 999 quod
1807 946 1921 983 non

266 1012 598 1068 ostenditur
631 1017 888 1085 gestum,
933 1014 1082 1069 ratio
1133 1031 1247 1070 non
1294 1016 1436 1072 sinit
1484 1017 1780 1072 iteratum.
1815 1017 1923 1081 Qui

265 1104 464 1156 autem
499 1107 748 1173 possunt
782 1103 1125 1160 meminisse
1174 1105 1330 1176 quod
1377 1106 1448 1160 ad
1481 1105 1793 1161 Ecclesiam
1825 1123 1923 1161 ve-

261 1189 508 1246 niebant
539 1207 671 1246 cum
703 1191 1047 1263 parentibus
1074 1194 1220 1260 suis,
1248 1199 1498 1266 possunt
1527 1195 1818 1250 recordari
1847 1213 1919 1250 an

259 1279 419 1350 quod
452 1281 790 1351 parentibus
821 1298 1024 1337 eorum
1049 1282 1316 1351 dabatur,
1339 1285 1690 1356 acceperint.
1726 1285 1838 1338 Sed
1871 1285 1921 1339 si

259 1368 371 1423 hoc
407 1370 582 1425 etiam
611 1371 683 1426 ab
718 1371 846 1442 ipsa
879 1373 1164 1427 memoria
1193 1372 1448 1428 alienum
1483 1377 1593 1442 est,
1624 1374 1920 1429 conferen-

261 1457 408 1512 dum
439 1459 525 1513 eis
556 1459 785 1514 videtur
811 1462 963 1531 quod
997 1460 1275 1516 collatum
1307 1478 1434 1518 esse
1469 1463 1744 1530 nescitur,
1779 1463 1918 1533 quia

259 1563 380 1601 non
410 1547 709 1603 temeritas
730 1548 1038 1604 intervenit
1062 1551 1556 1622 praesumptionis,
1579 1552 1678 1606 ubi
1709 1556 1800 1607 est
1829 1552 1915 1606 di-

259 1635 509 1707 ligentia
539 1637 796 1708 pietatis.

255 1727 392 1800 CAP.
424 1726 550 1780 239.
583 1757 651 1767 —-
684 1726 822 1794 Quid
851 1727 1128 1797 agendum
1160 1731 1234 1783 sit
1260 1728 1326 1783 de
1356 1730 1667 1799 infantibus
1695 1730 1760 1783 de
1789 1731 1910 1800 qui-

333 1797 430 1851 bus
459 1813 568 1852 non
599 1785 970 1853 inccniuntvur
999 1803 1300 1855 certissimi
1326 1785 1484 1856 testes
1514 1809 1699 1856 utrum
1731 1785 1913 1870 ba‘pti-
1943 1785 1990 1850 B

329 1871 443 1945 sati
469 1873 599 1945 sint.
650 1871 732 1925 Ea:
779 1872 1012 1926 concilio
1058 1873 1348 1945 Africano,
1397 1890 1517 1944 cap.
1563 1873 1632 1927 39
1684 1872 1909 1944 (concit.

330 1940 594 2011 Carthag.
636 1959 692 2009 ν,
724 1957 847 2009 cap.
879 1945 932 1996 6.

330 2029 423 2096 (De
449 2045 622 2094 cons.,
655 2030 782 2084 dist.
817 2031 870 2096 4,
903 2048 950 2086 c.
987 2033 1254 2102 Placuit).
1291 2033 1435 2087 Item
1471 2033 1691 2103 placuit
1721 2034 1790 2088 de
1822 2033 1910 2088 in-

249 2117 520 2174 fantibus
551 2119 782 2190 quoties
813 2137 929 2174 non
952 2121 1334 2176 inveniuntur
1364 2122 1675 2177 certissimi
1709 2127 1910 2190 testes,

250 2207 351 2277 qui
385 2221 487 2262 eos
520 2208 841 2278 baptizatos
874 2225 1003 2264 esse
1045 2210 1171 2265 sine
1201 2211 1568 2266 dubitatione
1600 2216 1908 2278 testentur,

250 2311 447 2367 neque
495 2297 607 2367 ipsi
638 2303 780 2353 sunt
811 2315 913 2370 per
942 2304 1174 2354 aetatem
1209 2300 1277 2354 de
1309 2300 1542 2356 traditis
1572 2301 1685 2356 sibi
1714 2318 1910 2356 sacra-

256 2385 480 2441 mentis
529 2387 722 2441 idonei
775 2389 1144 2459 respondere,
1197 2389 1420 2459 absque
1469 2389 1588 2444 ullo
1633 2389 1911 2461 scrupulo

251 2489 387 2528 esse
418 2474 827 2545 baptizandos,
864 2492 934 2531 ne
979 2476 1092 2532 ista
1137 2477 1450 2548 trepidatio
1482 2493 1582 2532 eos
1613 2478 1787 2533 faciat
1819 2495 1910 2533 sa-

253 2566 691 2618 cramentorum
724 2565 1072 2636 purgatione
1102 2565 1339 2636 privari.
1380 2567 1520 2621 Hinc
1551 2567 1706 2621 enim
1740 2567 1912 2639 legati

250 2655 586 2707 vestrorum
629 2653 1032 2726 [Maurorum],
1068 2655 1273 2710 fratres
1330 2661 1562 2710 nostros
1611 2655 1912 2710 consulue-

250 2745 415 2805 runt,
449 2741 549 2810 qui
579 2741 724 2796 tales
756 2742 973 2797 multos
1007 2759 1039 2796 a
1072 2743 1332 2798 barbaris
1358 2744 1674 2799 redimunt.

246 2829 390 2903 CAP.
423 2830 549 2903 240.
583 2859 652 2869 -—-
682 2831 754 2886 De
779 2832 1109 2902 presbyteris
1127 2848 1227 2902 per
1248 2849 1482 2903 quorum
1511 2833 1910 2902 negligentiam

321 2900 737 2974 sinerbaptismo
780 2900 992 2974 aliquis
1044 2900 1294 2959 mortuus
1339 2906 1532 2974 fuerit.
1575 2900 1910 2960 Ere—decretis

322 2972 465 3026 Xiin
489 2989 667 3042 papae,
700 2990 827 3044 cap.
860 2972 914 3029 5.

321 3059 694 3131 Perpendant
748 3063 1093 3135 presbyteri,
1145 3064 1352 3136 quanti
1404 3064 1765 3120 discriminis
1831 3066 1908 3120 sit

245 3148 481 3205 animas
526 3149 925 3206 innocentium
977 3168 1080 3222 per
1109 3169 1309 3208 eorum
1362 3153 1778 3225 negligentiam
1811 3170 1909 3224 pe-
1940 3148 1983 3214 C

247 3233 387 3304 rire,
432 3235 763 3308 januasque
813 3237 1070 3308 paradisi
1121 3239 1535 3296 innocentibus
1583 3241 1795 3296 claudi.
1844 3242 1913 3296 Et

248 3322 384 3377 ideo
418 3325 739 3396 presbyteri
771 3342 1005 3380 summa
1052 3327 1360 3398 diligentia
1390 3337 1652 3399 caveant,
1689 3347 1760 3386 ne
1792 3330 1910 3385 ani-

254 3428 385 3466 mas
419 3429 522 3484 pro
573 3414 792 3484 quibus
843 3417 1085 3487 sanguis
1136 3417 1347 3473 Christi
1398 3419 1619 3474 effusus
1667 3423 1775 3485 est,
1811 3436 1912 3490 per

252 3517 425 3554 suam
458 3501 748 3558 incuriam
783 3521 815 3558 a
845 3504 1065 3559 caelesti
1117 3506 1482 3562 beatitudine
1518 3513 1808 3576 separent.
1843 3513 1910 3564 Et

251 3589 326 3658 si,
361 3591 514 3660 quod
563 3591 751 3647 absit!
802 3593 1076 3664 evenerit,
1130 3596 1290 3666 gravi
1341 3597 1695 3667 pmnitentiie
1727 3597 1908 3652 luctui

249 3678 465 3734 diebus
515 3680 642 3734 vita:
674 3697 792 3735 sua
842 3698 904 3737 se
953 3684 1266 3739 submittat
1315 3701 1415 3756 per
1444 3686 1614 3755 cujus
1654 3686 1911 3742 evenerit

249 3767 610 3839 neglectum.

248 3858 387 3911 CAP.
422 3856 546 3933 241.
581 3888 647 3896 —
681 3860 743 3933 Ut
771 3860 961 3914 nullus
989 3861 1282 3932 presbyter
1310 3863 1569 3933 cuiquam
1597 3864 1818 3932 inﬁrmo
1849 3867 1909 3918 in

321 3930 555 3998 propria
584 3932 871 4004 provincia
904 3930 998 3986 vel
1019 3930 1228 3987 alicubi
1258 3930 1596 4002 baptismum
1640 3930 1910 4004 denegare

323 4010 640 4069 praesumat.
675 4007 761 4057 Ba:
789 4003 1018 4058 decretis
1047 4007 1323 4060 Martiani
1350 4023 1524 4076 papas,
1556 4022 1675 4076 cap.
1709 4007 1762 4061 3.

325 4088 671 4161 Quicunque
703 4093 1004 4164 presbyter
1024 4093 1082 4147 in
1116 4094 1412 4165 provincia
1435 4095 1690 4166 propria,
1716 4099 1816 4150 aut
1848 4095 1905 4150 in

251 4176 390 4241 alia,
424 4180 512 4234 vel
547 4180 880 4251 ubicunque
910 4181 1182 4238 inventus
1203 4182 1398 4249 fuerit,
1430 4184 1906 4239 commendatum

251 4266 369 4320 sibi
401 4267 702 4323 infirmum
734 4269 1027 4339 baptizare
1051 4269 1323 4338 noluerit,
1345 4271 1435 4326 vel
1466 4271 1521 4326 in
1557 4271 1910 4343 profectione

251 4354 484 4411 itineris
515 4357 584 4411 de
615 4356 816 4428 aliqua
835 4358 1230 4430 excusatione,
1254 4363 1312 4415 et
1342 4361 1425 4415 sic
1457 4359 1584 4416 sine
1615 4362 1907 4432 baptismo

251 4445 526 4511 moritur,
560 4446 905 4516 deponatur.

249 4534 390 4589 CAP.
422 4534 549 4588 242.
591 4537 754 4610 -γοε
783 4536 872 4610 liis
902 4538 999 4607 qui
1027 4536 1097 4592 ad
1121 4538 1433 4610 iterandum
1468 4538 1795 4610 baptismum
1826 4539 1908 4594 vel
1937 4517 1985 4582 Β

325 4610 472 4659 metu
500 4609 672 4661 coacti
720 4609 802 4662 vel
847 4624 1033 4663 errore
1079 4609 1319 4664 traducti
1363 4618 1507 4665 sunt.
1538 4609 1640 4664 Ἐκ
1677 4611 1906 4666 decretis

325 4677 713 4802 Leon2s7papee
739 4679 808 4734 ad
851 4681 1092 4735 Nicetam
1139 4684 1452 4751 episcopum
1481 4683 1903 4753 Aquileiensem.

327 4763 448 4802 can.
554 4791 566 4801 .

357 4765 448 4818 ap.
480 4765 566 4802 at.

325 4835 429 4890 His
461 4853 590 4892 vero
621 4839 690 4893 de
723 4839 936 4909 quibus
969 4840 1244 4896 similiter
1266 4841 1498 4896 dilectio
1518 4846 1619 4896 tua
1649 4859 1754 4897 nos
1786 4858 1908 4897 cre-

253 4923 342 4977 dit
371 4926 787 4996 consulendos,
830 4929 929 4998 qui
980 4929 1050 4983 ad
1097 4929 1431 4983 iterandum
1482 4930 1775 5000 baptisma
1821 4929 1909 4984 vel

255 5020 413 5066 melu
450 5014 632 5068 coacti
679 5015 765 5070 vel
814 5031 1006 5071 errore
1053 5017 1312 5071 traducti
1343 5023 1501 5084 sunt,
1555 5025 1610 5072 et
1655 5036 1810 5073 nunc
1847 5036 1910 5073 se

255 5107 459 5155 contra
490 5103 792 5159 catholica:
829 5105 962 5160 fidei
1012 5112 1443 5161 sacramentum
1475 5107 1664 5176 egisse
1695 5123 1906 5177 cogno-

254 5194 450 5259 scunt,
481 5208 549 5246 ea
579 5197 667 5247 est
697 5193 1082 5249 custodienda
1105 5195 1443 5262 moderatio,
1479 5195 1618 5264 quia
1639 5195 1697 5249 in
1722 5195 1908 5250 socie-

253 5284 438 5334 tatem
474 5285 759 5350 nostram,
791 5298 908 5336 non
932 5283 1046 5336 nisi
1072 5299 1172 5353 per
1195 5283 1547 5354 pmnitentiaa
1580 5285 1906 5339 remedium

253 5371 312 5422 et
342 5385 444 5437 per
463 5368 897 5439 impositionem
921 5371 1270 5443 episcopalis
1303 5389 1515 5428 manus
1539 5375 1906 5427 communio-

253 5457 968 5528 nisrecipiantunitatem.
985 5460 1283 5531 Temporis
1307 5467 1503 5516 autem
1528 5461 1908 5533 pmnitudinis

254 5545 462 5600 habita
492 5547 893 5602 moderatione
920 5552 1022 5603 tuo
1075 5549 1460 5604 custodienda
1482 5551 1704 5620 judicio
1735 5555 1908 5622 prout

255 5651 673 5691 conversorum
706 5637 932 5693 animos
962 5638 1286 5708 inspexeris
1307 5655 1434 5694 esse
1465 5639 1723 5705 devotos,
1757 5640 1905 5710 pari-

2041 501 2358 556 riculorum
2391 520 2878 574 quorumcumque
2929 509 3125 560 autem
3159 503 3576 575 aagritudinum
3603 504 3690 558 di-

2039 591 2365 661 spicientur
2406 592 2804 648 necessitates.
2857 595 2918 648 In
2965 593 3184 663 quibus
3211 592 3259 647 si
3292 591 3424 661 quis
3456 592 3537 646 ita
3565 608 3694 663 gra-

2037 680 2184 734 viter
2214 685 2513 751 urgeatur,
2568 686 2632 735 ut
2662 683 2800 736 dum
2855 681 3047 736 adhuc
3095 682 3339 753 pcenitet
3387 682 3456 736 de
3502 681 3692 737 salute

2035 768 2224 840 ipsius
2257 771 2622 840 desperatur,
2657 774 2882 841 oportet
2913 771 2964 826 ei
2991 786 3093 841 per
3125 769 3548 826 sacerdotalem
3574 769 3689 825 sol-

2033 856 2399 913 licitudinem
2435 860 2734 914 communi
2767 860 2957 930 gratia
2986 860 3320 915 subvenire.

2033 956 2167 1010 CAP.
2199 957 2326 1011 243.
2361 987 2430 996 -
2459 961 2582 1010 Non
2625 972 2738 1011 esse
2783 956 3092 1026 negandum
3141 957 3479 1027 baptismum
3509 972 3686 1026 parvo

2102 1037 2333 1098 aegroto,
2365 1030 2529 1082 etiam
2562 1028 2627 1082 de
2675 1029 2912 1083 alterius
2960 1029 3220 1099 parochia
3251 1029 3443 1084 altato.
3476 1029 3559 1083 Ea:
3586 1027 3685 1083 de-

2103 1101 2262 1154 cretis
2293 1101 2529 1170 Eugenii
2549 1114 2731 1171 papae,
2763 1116 2882 1170 cap.
2916 1100 2970 1153 6.

2100 1189 2158 1243 Si
2189 1205 2404 1260 parvus
2453 1192 2742 1260 aegrotans
2791 1189 2858 1243 ad
2911 1187 3231 1260 quemlibet
3279 1188 3684 1260 presbyterum

2029 1276 2311 1348 baptismi
2345 1277 2536 1348 gratia
2567 1277 2636 1331 de
2668 1276 2982 1347 cujuslibet
3013 1276 3290 1348 parocbia
3317 1275 3530 1331 allatus
3561 1277 3683 1333 fue-

2028 1366 2122 1432 rit,
2155 1367 2206 1420 ei
2238 1365 2515 1435 baptismi
2558 1371 2992 1421 sacramentum
3027 1365 3189 1420 nullo
3236 1365 3408 1419 modo
3441 1366 3683 1437 denege-

2026 1457 2140 1508 tur.
2174 1455 2226 1507 Si
2262 1455 2395 1524 quis
2430 1454 2538 1509 hoc
2573 1471 2787 1508 munus
2820 1454 3035 1526 petenti
3059 1456 3377 1510 concedere
3405 1454 3683 1509 detrecta-

2026 1543 2192 1613 verit,
2227 1543 2452 1598 noverit
2481 1559 2543 1598 se
2575 1542 2671 1597 ille
2694 1543 2793 1614 qui
2825 1560 2958 1598 eum
2993 1560 3108 1598 non
3139 1542 3541 1614 baptizaverit,
3573 1559 3675 1614 pro

2025 1633 2152 1702 ejus
2173 1632 2368 1687 anima
2392 1632 2679 1687 rationem
2703 1633 3097 1700 redditurum,
3125 1636 3181 1687 et
3198 1633 3352 1703 apud
3384 1633 3674 1705 synodum

2025 1720 2309 1776 acerrime
2342 1720 2776 1792 corrigendum.

2021 1808 2152 1864 CAP.
2189 1810 2315 1863 244.
2350 1842 2416 1851 —-
2447 1811 2566 1865 Non
2597 1826 2710 1864 esse
2733 1810 3040 1866 iterandam
3070 1811 3570 1880 conﬁrmationem.
3594 1811 3679 1866 Ex

2395 1883 2629 1937 concilio
2666 1884 3053 1949 Taraconensi,
3082 1899 3202 1955 cap.
3238 1883 3292 1936 6.

2095 1972 2185 2037 (De
2214 1987 2386 2036 cons.,
2421 1971 2549 2025 dist.
2583 1972 2636 2038 5,
2672 1987 2718 2026 c.
2753 1972 2966 2026 Dictum
3000 1975 3121 2040 est).
3176 1970 3401 2026 Dictum
3453 1974 3544 2026 est
3575 1987 3677 2026 no-

2020 2059 2110 2114 bis
2142 2061 2295 2130 quod
2330 2060 2570 2130 quidam
2623 2061 2692 2115 de
2741 2059 2908 2131 plebe
2941 2059 3032 2115 bis
3086 2059 3171 2114 vel
3203 2065 3291 2115 ter
3321 2063 3423 2115 aut
3451 2075 3516 2114 eo
3549 2077 3673 2114 am-

2021 2149 2174 2218 plius
2203 2150 2274 2203 ab
2305 2149 2600 2221 episcopis
2633 2150 3073 2204 conﬁrmantur.
3099 2149 3265 2204 Unde
3298 2148 3466 2204 nobis
3485 2149 3674 2204 visum

2021 2241 2108 2291 est
2139 2239 2404 2293 eamdem
2437 2237 2968 2305 confirmationem,
2993 2238 3147 2292 sicut
3178 2253 3282 2292 nec
3312 2238 3674 2309 baptismum

2022 2326 2220 2380 iterari
2255 2327 2502 2381 minime
2535 2327 2782 2394 debere;
2831 2327 2971 2398 quia
3001 2327 3092 2381 bis
3123 2326 3211 2381 vel
3244 2326 3500 2397 amplius
3530 2327 3676 2398 bap-

2021 2415 2226 2470 tizatos
2275 2420 2376 2470 aut
2428 2415 2808 2470 confirmatos
2852 2432 2966 2470 non
3018 2415 3252 2480 szeculo,
3289 2416 3388 2471 sed
3421 2415 3530 2470 soli
3563 2415 3678 2471 Deo

2021 2505 2131 2559 sub
2163 2503 2368 2558 habitu
2403 2503 2654 2574 regulari
2689 2503 2775 2559 vel
2830 2503 3082 2558 clericali
3117 2503 3560 2576 religiosissime
3591 2506 3678 2560 fa-

2023 2591 2236 2646 mulari
2272 2592 2570 2647 decretum
2605 2595 2712 2645 est.

2020 2691 2152 2745 CAP.
2205 2690 2332 2742 245.
2385 2720 2454 2729 -—
2502 2689 2649 2755 Quod
2704 2690 3031 2761 ignoranter
3090 2691 3421 2760 rebaptizati
3477 2691 3677 2761 absque

2089 2778 2288 2831 magna
2320 2763 2646 2834 necessitate
2689 2760 2945 2834 ordinari
2975 2777 3085 2816 non
3112 2771 3358 2832 possunt.
3391 2764 3474 2816 Ea:
3497 2760 3674 2834 pazni-

2088 2838 2226 2888 tent.
2263 2833 2489 2887 Theodo.
2522 2849 2644 2903 cap.
2681 2833 2768 2886 14.

2089 2923 2185 2992 (De
2214 2937 2387 2990 cons.,
2420 2921 2546 2976 dist.
2600 2921 2654 2989 4,
2702 2937 2751 2976 c.
2787 2921 2894 2988 Qui
2924 2921 3046 2992 bis).
3080 2923 3188 2987 Qui
3220 2921 3310 2977 bis
3340 2922 3677 2993 ignoranter

2015 3009 2295 3080 baptizati
2329 3015 2469 3064 sunt
2515 3026 2629 3064 non
2661 3009 2929 3080 indigent
2977 3025 3081 3080 pro
3129 3025 3194 3065 eo
3228 3011 3527 3079 paenitere,
3562 3009 3675 3065 nisi

2021 3100 2175 3168 quod
2206 3099 2533 3154 secundum
2567 3114 2820 3153 canones
2845 3098 3103 3153 ordinari
3136 3116 3248 3153 non
3282 3104 3550 3170 possunt,
3585 3100 3674 3154 ni-

2022 3188 2071 3242 si
2105 3204 2320 3259 magna
2364 3187 2563 3258 aliqua
2614 3186 2934 3242 necessitas
2966 3191 3156 3258 cogat.
3191 3189 3298 3254 Qui
3332 3192 3527 3244 autem
3560 3205 3675 3243 non

2021 3277 2207 3347 ignari
2243 3276 2520 3347 baptizati
2553 3280 2716 3344 sunt,
2765 3276 2933 3347 quasi
2965 3275 3178 3331 iterum
3212 3276 3507 3331 Christum
3540 3293 3675 3330 cru-

2021 3365 2346 3433 ciﬁxerunt,
2382 3381 2484 3435 per
2515 3381 2698 3419 annos
2729 3368 2951 3435 septem
3007 3364 3325 3436 pmniteant
3354 3369 3563 3433 quarta
3592 3365 3674 3419 fe-

2019 3453 2106 3508 ria
2135 3458 2190 3507 et
2222 3457 2403 3521 sexta,
2437 3457 2494 3508 et
2546 3457 2664 3507 tres
2716 3454 3201 3524 quadragesimas
3246 3453 3585 3523 poeniteant.
3620 3453 3673 3507 Si

2019 3559 2122 3613 pro
2151 3543 2288 3598 vitio
2320 3542 2515 3613 aliquo
2565 3543 2740 3596 fuerit
2790 3542 3053 3612 fecerint,
3102 3541 3394 3598 similiter.
3447 3542 3509 3598 Si
3563 3558 3666 3612 pro

2019 3631 2312 3686 munditia
2343 3631 2696 3702 putaverint,
2731 3631 2923 3686 tribus
2955 3631 3125 3686 annis
3173 3631 3447 3687 similiter
3485 3630 3671 3704 pceni-

2016 3723 2197 3775 teant.

2017 3813 2147 3863 CAP.
2179 3809 2303 3864 246.
2341 3837 2410 3848 -
2443 3809 2514 3862 De
2540 3807 2913 3878 parvulorum
2961 3809 3252 3863 animabus
3298 3809 3397 3879 qui
3425 3810 3544 3864 sine
3576 3810 3667 3864 ba-

2088 3883 2296 3952 ptismo
2335 3882 2684 3936 moriuntur.
2726 3883 2808 3934 Ex
2855 3881 3087 3950 epistola
3140 3881 3387 3952 Gregorii
3410 3896 3573 3952 papze
3601 3881 3671 3936 ad

2089 3951 2463 4007 Secundinum
2486 3967 2704 4007 servum
2734 3951 2832 4006 Dei
2863 3952 3164 4007 inclusum.

2089 4044 2171 4112 (In
2202 4043 2455 4112 registro,
2491 4042 2586 4096 lib.
2619 4059 2720 4106 vn,
2769 4043 2925 4111 epist.
2971 4042 3083 4108 53).
3138 4043 3200 4095 In
3251 4046 3505 4096 extremo
3536 4057 3669 4095 vero

2015 4130 2273 4202 epistolae
2307 4129 2605 4201 requisisti
2651 4130 2790 4200 quid
2843 4129 2926 4183 eis
2958 4129 3430 4199 respondendum
3463 4129 3540 4182 sit
3570 4127 3672 4198 qui

2019 4219 2386 4276 dilectionem
2447 4223 2610 4273 tuam
2665 4219 2736 4272 de
2785 4216 3163 4288 parvulorum
3219 4215 3531 4272 animabus
3580 4234 3670 4271 re-

2020 4309 2283 4380 quirunt,
2301 4307 2400 4377 qui
2433 4307 2560 4362 sine
2585 4306 2775 4377 gratia
2800 4306 3173 4377 baptismatis
3205 4305 3558 4374 moriuntur,
3583 4306 3669 4362 di-

2018 4402 2214 4453 centes
2245 4397 2292 4452 si
2317 4412 2530 4467 corpus
2548 4395 2818 4467 originali
2835 4394 3006 4467 culpa
3024 4399 3277 4463 tenetur,
3302 4395 3456 4450 unde
3474 4395 3672 4451 anima

2017 4503 2145 4557 quae
2177 4502 2210 4540 a
2238 4485 2353 4540 Deo
2381 4484 2555 4539 datur
2585 4500 2683 4538 rea
2714 4485 2845 4550 erit,
2879 4500 3005 4554 quas
3035 4484 3227 4539 adhuc
3248 4484 3306 4538 in
3331 4484 3543 4540 actuali
3565 4485 3668 4539 de-

2015 4575 2152 4629 licto
2173 4591 2284 4628 non
2305 4574 2596 4628 consentit
2612 4572 2859 4643 corpori.
2883 4573 2993 4627 Sed
3017 4573 3085 4626 de
3109 4573 3216 4628 hac
3240 4589 3300 4627 re
3325 4572 3668 4628 dulcissima

2017 4663 2354 4719 fraternitas
2383 4662 2548 4730 sciat,
2581 4661 2717 4732 quia
2756 4662 2827 4716 de
2858 4661 3081 4732 origine
3112 4661 3319 4716 animae
3352 4663 3502 4717 inter
3531 4678 3666 4717 san-

2019 4762 2141 4810 ctos
2193 4755 2389 4808 Patres
2441 4750 2748 4823 requisitio
2798 4769 2912 4807 non
2963 4769 3135 4823 parva
3164 4756 3392 4807 versata
3421 4756 3528 4806 est.
3557 4751 3664 4806 Sed

2019 4850 2218 4899 utrum
2243 4843 2314 4897 ab
2337 4842 2520 4896 Adam
2545 4841 3016 4908 descenderit,an
3045 4845 3196 4894 recte
3218 4840 3472 4911 singulis
3494 4841 3668 4894 detur

2017 4932 2327 4994 incertum,
2350 4929 2919 5000 remansit,eamque
2941 4929 2999 4982 in
3027 4928 3134 4982 hac
3153 4928 3269 4983 vita
3289 4927 3665 4983 insolubilem

2018 5020 2158 5074 fassi
2183 5023 2320 5074 sunt
2340 5034 2469 5073 esse
2488 5018 2893 5088 quaestionem.
2910 5017 3112 5072 Gravis
3135 5022 3223 5072 est
3245 5017 3398 5072 enim
3422 5018 3668 5089 quaestio

2018 5124 2124 5162 nec
2152 5107 2300 5161 valet
2321 5107 2392 5160 ab
2417 5105 2650 5160 homine
2673 5103 3109 5175 comprehendi,
3131 5103 3268 5175 quia
3289 5105 3432 5160 side
3464 5105 3667 5160 eadem

2019 5194 2349 5252 substantia
2381 5194 2578 5249 anima
2629 5210 2762 5248 cum
2814 5210 2988 5248 carne
3038 5195 3322 5261 nascitur,
3357 5211 3461 5249 cur
3491 5195 3668 5249 etiam

2018 5299 2134 5337 non
2166 5297 2298 5336 cum
2337 5295 2509 5334 carne
2559 5280 2854 5334 moritur?
2905 5278 2961 5332 Si
2991 5295 3127 5335 vero
3160 5296 3292 5335 cum
3337 5297 3508 5336 carne
3540 5297 3668 5350 qua":

2018 5374 2089 5427 ab
2119 5371 2303 5425 Adam
2337 5367 2561 5440 prolata
2591 5373 2680 5423 est
2727 5367 2983 5440 obligata
3015 5375 3271 5440 peccato,
3308 5369 3559 5439 peccatis
3590 5374 3667 5423 te-

2018 5467 2206 5516 netur.
2243 5459 2377 5526 Sed,
2409 5475 2543 5513 cum
2594 5459 2700 5512 hoc
2746 5458 2842 5524 sit,
2891 5458 3176 5511 incertum
3224 5473 3338 5510 non
3383 5461 3495 5521 est,
3527 5459 3668 5528 quia

2016 5551 2130 5604 nisi
2165 5565 2330 5604 sacra
2361 5546 2734 5617 baptismatis
2767 5545 2955 5616 gratia
2977 5547 3171 5609 fuerit,
3205 5549 3442 5600 renatus
3465 5546 3662 5616 homo,

2016 5637 2208 5694 omnis
2240 5636 2438 5692 anima
2468 5634 2769 5706 originalis
2797 5633 3017 5707 peccati
3051 5637 3139 5710 est
3169 5634 3420 5692 vinculis
3451 5636 3662 5692 obstri-
