3970 6058
250 224 355 278 119

1339 219 1407 268 D.
1448 209 1690 266 IVONIS
1728 205 2222 262 CARNOTENSIS
2259 201 2584 258 EPISCOPI

3569 200 3677 254 120

249 354 358 406 cta.
391 347 533 402 Hinc
563 343 720 401 enim
751 342 1038 413 scriptum
1091 344 1181 396 est
1215 356 1229 395 ε
1262 339 1388 394 Non
1421 341 1510 392 est
1553 333 1812 390 mundus
1843 331 1902 386 in
1933 330 1987 396 Α
2015 345 2218 385 eorum
2253 345 2360 384 suo
2405 324 2735 382 ministerio
2781 323 3019 396 penitus
3069 322 3365 396 applicare
3394 340 3522 397 qua
3555 325 3680 398 pri-

258 440 575 508 conspectu
607 435 757 504 ejus,
791 447 898 486 nec
922 430 1100 486 unius
1121 428 1236 484 diei
1266 426 1461 481 infans
1487 439 1665 494 super
1694 426 1910 476 terram

257 525 397 592 (Job.
429 540 545 594 xlv,
567 523 733 594 juxta
755 521 880 575 LXX
907 518 1158 590 interp.).
1186 517 1331 570 Hinc
1362 513 1542 568 David
1565 512 1680 566 ait:
1705 511 1768 564 In
1797 510 1910 563 ini-

255 613 558 685 quitatibus
603 617 887 680 conceptus
934 624 1076 671 sum,
1107 614 1158 661 et
1204 607 1267 659 in
1312 603 1526 658 delictis
1570 601 1785 673 peperit
1824 612 1912 651 me

255 711 443 759 mater
468 717 591 757 mea
623 699 797 769 (Psat.
832 698 902 767 l.).
939 696 1081 750 Hinc
1135 695 1262 765 ipsa
1309 692 1538 747 Veritas
1569 690 1712 744 dicit
1743 703 1755 741 :
1790 687 1913 744 Nisi

258 793 381 864 quis
397 798 627 846 renatus
647 789 820 859 fuerit
842 802 912 840 ex
930 800 1081 855 aqua
1110 788 1161 838 et
1189 783 1433 852 Spiritu,
1459 795 1569 834 non
1599 777 1831 832 intrabit
1853 777 1915 829 in

256 897 488 952 regnum
516 879 774 933 caelorum
807 875 984 944 (Joan.
1026 875 1137 940 ιιι).
1189 871 1335 926 Hinc
1369 868 1584 925 Paulus
1615 865 1914 938 apostolus

259 971 376 1025 ait:
405 970 564 1024 Sicut
583 968 646 1020 in
667 964 842 1019 Adam
864 977 1052 1018 omnes
1078 961 1424 1028 moriuntur,
1450 960 1522 1012 ita
1546 965 1599 1011 et
1618 958 1679 1011 in
1703 955 1916 1008 Christo

257 1073 445 1114 omnes
466 1054 891 1123 viviﬁcabuntur
920 1052 968 1118 (1
990 1051 1111 1105 Cor.
1136 1051 1247 1119 xv).
1283 1047 1400 1102 Cur
1428 1061 1566 1116 ergo
1586 1045 1781 1099 infans
1812 1041 1915 1112 qui

254 1145 400 1203 nihil
435 1142 696 1217 peccavit
724 1142 783 1195 in
813 1143 1128 1212 conspectu
1162 1137 1265 1192 Dei
1309 1133 1752 1204 omnipotentis,
1785 1147 1916 1187 esse

253 1234 515 1292 mundus
548 1248 664 1287 non
690 1228 890 1286 valet?
916 1233 1029 1282 Cur
1062 1225 1374 1283 Psalmista
1393 1241 1461 1279 ex
1480 1222 1742 1295 legitimo
1775 1237 1916 1275 con-

249 1323 418 1397 jugio
437 1321 699 1394 prolatus
723 1319 781 1373 in
807 1317 1121 1388 iniquitate
1143 1318 1461 1385 conceptus
1483 1318 1572 1367 est
1586 1311 1614 1365 ?
1632 1310 1748 1365 Cur
1766 1309 1918 1364 haec?

260 1413 376 1468 nisi
409 1410 549 1482 quia
570 1407 702 1480 quis
723 1423 878 1478 aqua
906 1405 1280 1477 baptismatis
1299 1402 1620 1458 mundatus
1643 1416 1757 1454 non
1792 1400 1915 1453 fue-

2023 417 2136 472 mis
2167 417 2475 472 ordinibus
2510 415 2742 487 proprie
2788 412 3045 468 decrevit
3076 413 3422 485 antiquitas,
3452 416 3681 488 absque

2021 506 2294 577 episcopo
2323 511 2381 561 et
2410 505 2750 576 presbytero
2777 501 3073 574 baptizare
3101 517 3218 557 non
3251 502 3526 571 audeant,
3559 505 3681 558 nisi

2023 595 2314 666 praedictis
2347 593 2617 649 fortassis
2650 590 2861 646 ofﬁciis
2914 589 3150 661 longius
3200 592 3537 648 constitutis
3572 609 3682 647 ne-

2023 683 2267 739 cessitas
2297 688 2559 738 extrema
2575 679 2909 752 compellat,
2933 680 3088 750 quod
3120 685 3178 736 et
3207 680 3372 736 laicis
3401 681 3681 736 Christia-

2027 773 2120 828 nis
2153 773 2338 828 facere
2370 771 2717 844 plerumque
2748 769 3109 825 conceditur.

2024 878 2160 934 CAP.
2191 879 2317 933 253.
2347 909 2415 919 —
2468 879 2532 934 Ut
2561 877 2879 949 presbyteri
2918 874 3183 947 populum
3232 876 3589 946 admoneant,
3619 882 3686 932 ut

2095 966 2222 1005 suos
2250 951 2556 1020 infantulos
2601 948 2675 1004 ad
2717 949 3193 1017 confirmationem
3238 952 3480 1020 episcopo
3525 964 3685 1020 pra:-

2095 1027 2325 1077 sentent.
2358 1023 2442 1076 Ea:
2469 1021 2702 1076 concilio
2741 1021 3147 1087 Wormatiensi,
3179 1036 3302 1092 cap.
3329 1021 3382 1076 2.

2095 1109 2458 1164 Annuntient
2500 1107 2824 1180 presbyteri
2879 1107 3136 1179 populis,
3182 1113 3246 1163 ut
3292 1124 3470 1179 quam
3503 1108 3685 1164 citius

2027 1199 2324 1270 potuerint
2371 1214 2512 1253 suos
2559 1195 2881 1252 infantulos
2924 1197 2997 1251 ad
3051 1196 3523 1252 conﬁrmandum
3571 1213 3684 1252 suo

2026 1287 2299 1359 episc0po
2342 1286 2682 1358 praesentari
2727 1285 2966 1339 faciant.
3019 1286 3180 1350 Quod
3213 1285 3264 1340 si
3297 1284 3684 1358 neglexerint,

2026 1381 2083 1430 et
2113 1375 2415 1448 presbyter
2442 1380 2501 1431 et
2543 1374 2796 1447 populus
2847 1373 3147 1429 canonicis
3179 1373 3509 1446 disciplinis
3539 1375 3685 1430 sub-

261 1502 358 1566 rit,
409 1468 671 1555 mundus
720 1513 837 1551 non
870 1500 979 1551 est.
1031 1494 1147 1549 Cur
1190 1494 1249 1548 in
1281 1492 1467 1547 Adam
1517 1488 1711 1545 omnis
1743 1489 1916 1543 homo
2020 1468 2277 1566 iace“:-

264 1592 538 1658 moritur,
570 1587 620 1642 si
651 1583 956 1657 originalis
986 1582 1211 1654 peccati
1241 1579 1493 1636 vinculis
1517 1594 1630 1633 non
1663 1580 1914 1632 tenetur.

262 1678 374 1734 Sed
407 1675 545 1748 quia
576 1689 762 1747 genus
792 1673 1117 1727 humanum
1164 1671 1224 1725 in
1260 1673 1498 1768 parente
1547 1665 1736 1765 primo
1764 1664 1922 1764 velut
1952 1702 1999 1768 Β

260 1767 321 1821 in
353 1764 548 1820 radice
579 1767 812 1834 patrum
844 1761 1182 1816 ariditatem
1211 1759 1395 1814 erexit
1421 1757 1483 1811 in
1515 1755 1719 1823 ramis,
1753 1759 1810 1809 et
1838 1752 1923 1808 in-

2028 1553 2162 1608 CAP.
2211 1553 2336 1607 254.
2389 1585 2453 1594 —-
2515 1555 2582 1610 Ut
2630 1568 2814 1608 omnes
2860 1556 3115 1624 perfectae
3161 1554 3343 1608 aetatis
3380 1554 3566 1624 jejuni
3606 1553 3689 1609 ad

2098 1626 2578 1766 σοηβᾝηιὶοηὲὗη
2608 1627 2854 1681 veniant.
2902 1629 2986 1681 Ba:
3011 1625 3245 1681 concilio
3273 1625 3686 1693 Aurelianensi,

2100 1712 2222 1767 cap.
2342 1713 2460 1768 cap.
2557 1738 2568 1750 .

2103 1785 2199 1854 (De
2225 1801 2395 1851 cons.,
2426 1786 2561 1841 dist.
2593 1785 2650 1853 5,
2681 1802 2728 1841 c.
2768 1787 2832 1842 Ut
2853 1785 3083 1856 jejuni).
3118 1784 3190 1840 Ut
3219 1784 3412 1857 jejuni
3441 1786 3514 1841 ad
3546 1802 3690 1841 con-

261 1855 332 1945 ξίθ
357 1852 552 1908 omnis
574 1852 748 1906 homo
780 1852 1193 1945 cum_p‘_3_°°_at‘3
1218 1843 1673 1945 Πδδθξωνζξωξίξδ
1694 1858 1920 1945 manus
2030 1873 2422 1930 ﬁrmationem
2452 1874 2693 1929 veniant
2715 1843 2985 1945 perfecta;
3007 1843 3315 1944 sitatis,'u't
3336 1881 3694 1930 moneantur

258 1941 436 1996 homo
465 1954 807 2012 permanere
836 1937 1020 1992 voluit
1065 1935 1124 1989 in
1178 1939 1436 2008 peccato.
1489 1933 1570 1988 De
1601 1933 1694 1986 his
1725 1935 1921 1986 autem

2032 1961 2431 2018 confessiones
2462 1963 2650 2018 facere
2683 1962 2868 2034 prius,
2897 1966 2962 2017 ut
2993 1961 3196 2018 mundi
3247 1963 3466 2018 donum
3497 1962 3693 2020 sancti

260 2027 540 2086 summus
591 2044 657 2082 ⁸ο
706 2025 888 2124 “ibi”
934 2023 1096 2124 109‘}?
1146 2025 1462 2124 df’buemm
1498 2038 1511 2076 ³
1547 2020 1647 2124 ⁵ἵέ
1694 2020 1925 2124 δυξῖξθῐ
2031 2051 2287 2123 Spiritus
2330 2053 2562 2108 valeant
2610 2020 2894 2123 accipere,
2947 2054 3004 2107 et
3053 2051 3191 2123 quia
3235 2068 3538 2124 nunquam
3579 2052 3695 2108 erit

262 2133 538 2174 curarum
568 2117 843 2172 cumulus
874 2113 1109 2186 premit,
1148 2116 1205 2168 et
1234 2127 1436 2166 earum
1469 2109 1714 2182 portitor
1740 2113 1805 2162 ut
1834 2107 1924 2163 la-

262 2211 500 2262 xaretur
553 2207 925 2276 importunus
978 2201 1218 2270 exstitit,
1279 2200 1433 2255 unde
1483 2196 1672 2252 multa
1724 2195 1924 2264 debui,

264 2312 454 2368 pauca
482 2293 718 2350 locutus
751 2309 905 2348 sum.

303 2393 437 2449 CAP.
469 2393 597 2448 247.
626 2422 692 2433 —
724 2392 799 2446 De
825 2390 1212 2460 energumenis
1244 2385 1613 2460 baptizandis.
1647 2386 1729 2439 Ea:
1757 2400 1890 2439 con-

552 2464 688 2518 cilio
716 2457 1075 2530 Arausicano,
1108 2477 1227 2531 cap.
1266 2460 1330 2513 13
1361 2459 1498 2529 (cap.
1532 2457 1639 2528 14).

339 2550 731 2625 Energumeni
781 2551 910 2620 jam
969 2549 1247 2621 baptizati
1295 2547 1367 2603 de
1418 2545 1763 2618 purgatione
1820 2560 1928 2600 sua

267 2644 568 2707 curantes,
615 2637 667 2693 si
713 2653 776 2692 se
823 2634 1210 2692 sollicitudini
1260 2633 1606 2689 clericorum
1659 2633 1922 2696 tradunt,

269 2728 631 2798 monitisque
651 2722 1448 2796 obtemperans,omnimodis
1466 2720 1926 2784 communicent,

2032 2139 2424 2212 Christianus,
2458 2140 2569 2196 nisi
2603 2141 2659 2197 in
2685 2141 3134 2197 confirmatione
3165 2141 3483 2214 episcopali
3517 2140 3696 2197 fuerit

2033 2228 2415 2286 chrismatus.

2033 2323 2166 2373 CAP.
2198 2320 2325 2375 255.
2353 2350 2422 2362 —-
2447 2314 2523 2376 De
2549 2329 2904 2376 sacramento
2937 2321 3278 2392 baptismatis
3307 2328 3356 2377 et
3383 2321 3694 2377 conﬁrma-

2104 2392 2272 2446 tionis
2305 2395 2496 2446 utrum
2525 2395 2710 2464 majus
2753 2395 2845 2459 sit,
2879 2394 3206 2449 Melchiades
3249 2410 3396 2466 papa
3426 2395 3692 2465 Hispano-

2107 2479 2236 2517 rum
2265 2465 2557 2535 episcopis,
2589 2480 2710 2536 eap.
2743 2466 2796 2518 6.

2106 2551 2201 2621 (De
2228 2568 2404 2621 cons.,
2455 2553 2586 2609 dist.
2621 2555 2674 2617 4,
2707 2570 2753 2609 c.
2792 2558 2872 2608 De
2902 2553 3034 2624 his).
3086 2554 3166 2609 De
3210 2553 3306 2608 his
3335 2570 3468 2609 vero
3513 2570 3695 2625 super

2035 2640 2256 2710 quibus
2287 2642 2508 2713 rogatis
2535 2659 2635 2697 vos
2668 2642 2997 2709 informari,
3033 2643 3088 2698 id
3121 2647 3232 2708 est,
3264 2646 3462 2697 utrum
3495 2643 3694 2712 majus

2037 2729 2114 2784 sit
2144 2736 2580 2786 sacramentum
2599 2747 2812 2786 manus
2831 2729 3229 2802 impositionis
3258 2731 3694 2802 episcoporum,

271 2813 626 2872 sacramenti
656 2813 844 2884 ipsius
875 2813 1112 2878 virtute,
1134 2815 1221 2866 vel
1245 2810 1550 2866 muniendi
1581 2809 1653 2864 ab
1685 2808 1926 2864 incursu
2036 2823 2139 2873 aut
2169 2818 2524 2890 baptism“,
2547 2821 2760 2875 εοίιοιθ
2780 2824 3098 2891 utrumque
3130 2836 3413 2891 magnum
3440 2836 3567 2875 esse
3598 2837 3697 2874 sa-

269 2903 574 2972 daemonis,
607 2917 724 2972 quo
775 2901 1151 2966 infestantur.
1191 2898 1279 2954 νει
1331 2899 1623 2970 purgandi
1674 2913 1928 2969 quorum
2038 2896 2430 2977 crameutum,
2461 2911 2518 2963 et
2547 2908 2702 2963 sicut
2734 2925 2918 2963 unum
2954 2925 2986 2962 a
3017 2908 3344 2978 maioribus
3373 2913 3483 2977 est,
3519 2908 3574 2962 id
3607 2911 3702 2963 est

259 2992 392 3064 jam
425 2989 756 3047 ostenditur
787 2989 904 3044 vita
934 2988 1260 3060 purgatior.

409 3087 544 3142 CAP.
577 3087 704 3142 248.
751 3118 821 3127 —
850 3087 924 3142 De
948 3085 1270 3229 (egflfmisglx
1298 3083 1482 3140 eodem
1511 3085 1689 3156 capite
1715 3084 1786 3137 22

352 3251 414 3305 In
467 3246 884 3321 energumenis
937 3243 1394 3310 catechumenis,
1438 3243 1496 3298 in
1530 3247 1815 3315 quantum
1840 3239 1930 3296 vel

2037 2997 2290 3053 summis
2322 2997 2727 3068 pontificibus,
2753 2999 2910 3070 quod
2933 3015 2967 3054 a
2998 2998 3325 3055 minoribus
3357 2999 3554 3070 perfici
3577 3014 3695 3053 non

1957 3069 2001 3135 C
2038 3091 2262 3156 potest;
2297 3086 2380 3140 ita
2411 3091 2468 3142 et
2499 3087 2708 3158 majori
2725 3069 3096 3143 veneratione
3118 3069 3514 3143 venerandum
3539 3093 3596 3142 et
3615 3092 3701 3143 te-

2038 3175 2299 3228 nendum
2322 3180 2432 3230 est.
2459 3175 2568 3230 Sed
2599 3176 2680 3230 ita
2701 3177 3018 3246 conjuncta
3044 3179 3184 3230 sunt
3212 3174 3334 3230 haec
3361 3175 3477 3229 duo
3501 3190 3700 3230 sacra-

2041 3268 2258 3327 menta,
2292 3267 2356 3317 ut
2387 3263 2459 3318 ab
2490 3263 2742 3319 invicem
2777 3264 2892 3318 nisi
2931 3268 3119 3318 morte
3150 3261 3541 3335 praeveniente
3573 3261 3704 3316 nul-

279 3337 600 3396 necessitas
630 3335 884 3408 exegerit
923 3334 1010 3390 vel
1057 3332 1468 3405 opportunitas
1499 3331 1828 3404 permiserit
1860 3331 1905 3386 di

2107 3357 2273 3407 tenus
2306 3352 2536 3424 possint
2566 3353 2883 3424 segregari,
2914 3357 2971 3408 et
3001 3331 3185 3408 unum
3219 3351 3347 3407 sine
3377 3350 3558 3407 altero
3589 3351 3700 3406 rite

277 3427 634 3500 baptismate
659 3424 1113 3480 consulendum.

280 3536 415 3589 CAP.
444 3533 572 3590 249.
604 3562 670 3573 —

549 3603 697 3658 dum.
726 3601 818 3659 Es:
845 3601 1076 3658 concilio
1106 3601 1391 3669 lterdensi,
1425 3618 1546 3673 cap.
1581 3601 1669 3656 l4.

353 3693 468 3748 Cur
495 3691 872 3764 rebaptizatis
900 3691 1100 3747 ﬁdeles
1131 3690 1385 3763 religiosi
1419 3689 1772 3762 participent
1799 3693 1821 3744 Ρ

701 3531 862 3602 Quod
881 3531 1372 3602 rebaptizatisnon
1403 3531 1477 3583 sit
1505 3529 1932 3584 communican-

2043 3440 2243 3512 perﬁci
2276 3457 2391 3495 non
2423 3445 2633 3512 potest.

2042 3542 2176 3595 CAP.
2207 3539 2332 3594 256.
2361 3570 2430 3579 —
2464 3541 2527 3596 Ut
2554 3555 2739 3595 omnes
2767 3540 3079 3596 Christiani
3105 3539 3178 3594 ad
3219 3539 3703 3609 conﬁrmationem

2220 3611 2464 3667 veniant.
2501 3615 2585 3666 Ea:
2627 3613 2864 3668 concilio
2899 3613 3288 3667 Wormatiensi
3313 3628 3435 3682 cap.
3470 3611 3521 3664 3.

2116 3700 2201 3755 Ad
2235 3700 2712 3771 praedicationem
2747 3706 2805 3756 et
2835 3701 2904 3756 ad
2939 3700 3446 3757 confirmationem
3479 3698 3705 3771 episco-

283 3802 419 3857 CAP.
462 3800 590 3856 250.
638 3830 710 3839 —
763 3800 836 3853 De
873 3800 1195 3869 presbytero
1252 3799 1349 3867 qui
1396 3805 1536 3869 recte
1595 3798 1940 3867 baptizatum
2048 3788 2128 3860 pi,
2163 3804 2366 3845 omnes
2395 3791 2596 3846 devote
2637 3790 3007 3860 conveniant,
3041 3790 3212 3862 eique
3245 3789 3500 3845 ﬁdeliter
3529 3787 3706 3843 mini-

353 3873 536 3928 denuo
581 3868 975 3941 baptizauerit,
1029 3873 1078 3924 et
1126 3885 1238 3923 non
1285 3877 1430 3922 recte
1458 3868 1822 3941 baptizatum
1866 3869 1940 3923 ab
2049 3881 2235 3932 stt-ent
2265 3884 2322 3933 et
2353 3879 2656 3935 obediant,

359 3945 633 3999 hwreticis
646 3939 761 3998 non
783 3941 1160 4014 baptizauerit.
1185 3942 1281 3994 Ea:
1308 3939 1546 3994 concilio
1564 3939 1938 4008 Lugdunensi,

359 4032 481 4088 cap.
515 4016 605 4070 47.

354 4105 679 4176 Episcopus
711 4107 903 4159 autem
947 4100 1034 4158 vel
1085 4100 1391 4174 presbyter
1434 4099 1482 4155 si
1533 4115 1666 4155 eum
1717 4099 1817 4172 qui
1849 4116 1939 4156 se-

283 4194 540 4249 cundum
564 4193 870 4248 veritatem
894 4190 1168 4247 habuerit
1192 4190 1512 4262 baptisma,
1536 4191 1727 4246 denuo
1760 4189 1942 4261 bapti-

2048 3969 2179 4024 CAP.
2210 3967 2339 4022 257.
2366 3933 2723 4024 i—rltemide
2768 3985 2968 4024 manus
3018 3969 3392 4040 impositione.
3437 3933 3711 4022 Eusebius

2116 4055 2261 4110 papa
2291 4040 2564 4110 fratribus
2587 4057 2690 4111 per
2719 4040 3082 4112 Campaniam
3102 4039 3105 4040 ⁷
3125 4049 3177 4095 et
3219 4041 3464 4095 Tusciam
3493 4039 3710 4094 consti-

2121 4113 2276 4178 tutis,
2306 4127 2424 4178 cap.
2459 4112 2535 4164 22
2564 4113 2743 4183 (epist.
2771 4113 2848 4182 3).

2119 4200 2217 4270 (De
2244 4215 2421 4268 cons.,
2453 4198 2580 4256 dist.
2603 4200 2658 4270 5,
2681 4215 2728 4256 c.
2759 4200 2990 4271 Manus).
3023 4203 3230 4256 Manus
3257 4215 3492 4272 quoque
3515 4198 3704 4270 impo-

282 4281 519 4349 zaverit,
571 4285 674 4336 aut
708 4281 756 4336 si
808 4280 1098 4352 pollutum
1150 4281 1221 4336 ab
1270 4279 1472 4351 impiis
1516 4285 1574 4334 et
1622 4295 1736 4334 non
1785 4284 1905 4334 rect

2107 4287 2280 4344 tionis
2301 4293 2736 4344 sacramentum
2757 4305 2968 4361 magna
2982 4289 3356 4344 veneratione
3385 4287 3708 4343 tenendum

283 4369 644 4440 baptizatum
674 4385 787 4424 non
834 4369 1238 4440 baptizaverit,
1270 4369 1619 4438 deponatur,
1652 4371 1938 4439 tanquam
1969 4435 2009 4449 ἢ
2047 4380 2137 4431 est
2168 4377 2320 4447 quod
2355 4377 2427 4432 ab
2461 4376 2591 4432 aliis
2625 4378 2824 4449 perfici
2852 4395 2964 4434 non
3001 4382 3212 4449 potest,
3247 4377 3358 4432 nisi
3391 4392 3424 4430 a
3455 4375 3708 4430 summis

283 4456 559 4513 άθνίάθῠε
590 4473 822 4512 crucem
851 4461 907 4511 et
947 4462 1199 4514 mortem
1251 4456 1500 4526 Domini,
1533 4474 1639 4512 nec
1663 4457 1938 4513 sacerdo-
1967 4435 2014 4500 D
2045 4465 2582 4534 sacerdotibus,nec
2600 4472 2861 4538 tempore
2876 4467 3275 4538 apostolorum
3293 4465 3365 4521 ab
3381 4464 3514 4521 aliis
3529 4479 3709 4535 quam

280 4550 372 4601 tes
400 4562 566 4602 veros
595 4562 627 4600 a
661 4545 820 4602 falsis
850 4545 1254 4602 sacerdotibus
1297 4563 1432 4603 vere
1463 4547 1826 4603 discernens.

2046 4555 2118 4610 ab
2150 4553 2295 4625 ipsis
2327 4553 2611 4626 apostolis
2639 4553 2854 4628 legitur
2885 4562 2989 4613 aut
3011 4555 3198 4612 scitur
3229 4559 3530 4628 peractum
3555 4568 3709 4620 esse,

283 4653 419 4708 CAP.
450 4653 576 4708 251.
607 4682 678 4694 -
710 4653 774 4710 Ut
803 4669 911 4708 non
944 4653 1231 4708 ordinatus
1270 4656 1470 4707 temere
1519 4652 1796 4722 baptizare
1820 4668 1935 4710 ηοη
2046 4658 2153 4699 nec
2170 4643 2240 4698 ab
2264 4641 2395 4699 aliis
2421 4661 2591 4716 quam
2613 4644 2716 4716 qui
2744 4661 2946 4701 eorum
2975 4645 3166 4700 locum
3193 4648 3416 4712 tenent,
3443 4657 3710 4714 unquam

351 4729 681 4796 praesumat.
713 4726 796 4779 Ea:
826 4725 1062 4780 decretis
1093 4723 1394 4779 Hormisdse
1437 4738 1619 4795 papw,
1650 4739 1772 4795 cap.
1809 4724 1860 4779 4.

356 4813 417 4868 Si
448 4811 579 4884 quis
611 4812 888 4884 baptizat,
923 4817 1024 4868 aut
1055 4811 1271 4883 aliquid
1323 4812 1587 4868 divinum
1623 4829 1724 4884 per
1753 4816 1937 4869 teme-

2048 4732 2246 4805 perfici
2282 4737 2471 4805 potest
2518 4737 2619 4789 aut
2663 4733 2786 4788 fieri
2821 4735 3011 4790 debet.
3064 4734 3234 4800 Nam,
3267 4731 3316 4788 si
3359 4731 3528 4787 aliter
3559 4747 3710 4803 prie-

2049 4827 2351 4894 sumptum
2381 4823 2574 4891 fuerit,
2609 4823 2848 4878 irritum
2891 4823 3178 4878 habeatur
3207 4825 3264 4877 et
3305 4837 3579 4885 vacuum,
3602 4835 3711 4874 nec

284 4900 520 4956 ritatem
550 4901 1018 4960 exercueritnon
1051 4901 1382 4971 ordinatus,
1407 4901 1719 4972 abjiciatur
1743 4901 1814 4958 ab
1844 4917 1939 4958 ec-
2049 4911 2199 4967 inter
2229 4913 2628 4969 ecclesiastica
2645 4928 2908 4984 unquam
2930 4910 3300 4983 reputabitur
3318 4911 3709 4966 sacramenta,

287 4989 468 5046 clesia
496 4993 555 5046 et
584 5007 887 5062 nunquam
921 4991 1244 5047 ordinetur.

287 5096 421 5154 CAP.
453 5097 580 5152 252.
619 5127 688 5137 -—
737 5097 886 5165 Quod
931 5097 1152 5153 diaconi
1197 5098 1445 5169 ofﬁcium
1492 5097 1938 5169 presbyterorum

360 5185 468 5225 non
499 5177 784 5238 usurpent.
819 5171 904 5224 Ex
931 5170 1163 5224 decretis
1209 5167 1419 5224 Gelasii
1445 5167 1627 5240 papae,
1659 5167 1778 5241 cap.
1811 5172 1866 5226 6.

360 5259 531 5332 (Part.
566 5275 606 5324 ι,
655 5257 780 5313 dist.
830 5258 919 5325 93,
971 5257 1226 5314 diaconos
1279 5275 1332 5329 p.
1379 5258 1606 5329 prima).
1660 5259 1941 5315 Diaconos

290 5365 522 5420 quoque
564 5348 861 5420 propriam
911 5346 1331 5403 constituimus
1362 5347 1672 5403 observare
1704 5362 1942 5402 mensu-

291 5452 437 5505 ram,
457 5454 561 5492 nec
594 5436 750 5494 ultra
769 5441 1030 5493 tenorem
1056 5435 1312 5509 paternis
1345 5435 1670 5492 canonibus
1699 5436 1943 5507 deputa-

2143 5011 2274 5066 ΟΑΡ.
2309 5011 2436 5066 258.
2469 5043 2538 5051 —
2566 5012 2699 5066 Item
2732 5012 2798 5066 de
2825 5010 3268 5080 conﬁrmatione.
3302 5011 3387 5063 Ea:
3413 5005 3612 5064 concil.

2569 5083 2949 5152 Mogontiensi,
2981 5098 3102 5152 cap.
3135 5082 3188 5137 3.

2123 5170 2503 5243 Praecipimus
2536 5177 2600 5226 ut
2638 5174 2710 5227 ad
2760 5171 3169 5243 accipiendum
3201 5183 3306 5241 per
3349 5183 3564 5223 manus
3594 5164 3710 5220 im-

2053 5260 2403 5330 positionem
2437 5259 2756 5332 pontificis,
2788 5260 3043 5332 Spiritus
3073 5258 3262 5315 sancti
3293 5257 3512 5313 donum
3547 5251 3709 5310 solli-

2053 5348 2164 5404 cite
2193 5354 2250 5404 et
2280 5350 2482 5407 devote
2511 5366 2713 5406 omnes
2765 5353 3140 5418 concurrant,
3172 5351 3229 5403 et
3275 5355 3547 5418 episcopo
3578 5359 3710 5415 quas

2056 5439 2386 5495 necessaria
2415 5443 2557 5496 sunt
2595 5439 2845 5496 ﬁdeliter
2891 5439 3252 5506 ministrent,
3284 5436 3454 5508 eique
3485 5434 3546 5490 in
3576 5448 3711 5490 om-

292 5530 445 5593 tum,
506 5527 806 5600 quidpiam
866 5530 1152 5584 attentare
1200 5524 1624 5601 permittimus,
1679 5524 1944 5600 nihilque
2055 5526 2231 5583 nibus
2257 5531 2314 5584 et
2345 5545 2446 5602 per
2475 5528 2674 5586 omnia
2705 5528 3000 5588 obedient.
