3982 6060
345 175 449 229 123

1424 185 1492 235 D.
1534 180 1779 236 IVONIS
1815 182 2311 238 CARNOTENBIS
2346 185 2670 240 EPISCOPI

3649 180 3763 235 124

344 298 620 355 siasticus
652 300 886 372 propter
915 316 1147 357 sacrum
1184 301 1440 359 chrisma
1479 302 1703 374 aliquid
1754 302 1987 361 muneri
2016 305 2071 373 Α
2099 305 2464 380 impellendi.
2498 308 2606 373 Qui
2638 312 2833 364 autem
2855 305 3215 378 jampridem
3258 303 3761 362 adcbristianita-

346 388 596 461 accipiat
625 389 954 462 denarium,
987 391 1075 447 vel
1107 391 1379 464 quaslibet
1424 393 1800 463 munuscula,
1862 411 1990 466 quae

346 497 453 552 per
482 480 785 539 ministros
816 483 1225 555 episcoporum
1249 501 1283 539 a
1304 484 1659 557 presbyteris
1698 485 1993 543 inordina-

349 569 545 626 biliter
574 572 904 643 exiguntur.

346 682 481 734 CAP.
512 678 638 734 272.
672 710 739 721 ——
768 680 901 737 Item
929 680 995 736 de
1042 679 1271 807 eodeni.O
1306 682 1391 737 Ex
1444 684 1680 739 concilio
1742 683 1988 750 Vasensi,

1047 768 1168 807 cap.
1278 792 1290 805 .

1047 768 1168 823 cap.
1208 768 1290 807 1U.

418 840 526 895 Per
555 839 787 911 singula
813 840 1108 896 territoria
1138 842 1463 916 presbyteri
1504 843 1594 898 vel
1627 842 1883 899 ministri
1917 843 1988 899 ab

344 929 655 1001 episcopis,
689 946 805 985 non
838 934 1012 1001 prout
1042 931 1277 987 libitum
1308 932 1483 988 fuerit
1514 950 1546 988 a
1578 932 1983 1001 vicinioribus,

346 1019 449 1075 sed
483 1036 515 1074 a
546 1018 671 1074 suis
689 1019 947 1092 propriis
975 1038 1076 1092 per
1097 1039 1283 1077 annos
1309 1022 1576 1095 singulos
1604 1027 1805 1095 petant
1831 1023 1987 1078 chri-

346 1120 494 1173 sma,
525 1104 1033 1176 appropinquante
1063 1105 1433 1163 solemnitate
1462 1106 1854 1179 paschali,nec
1890 1123 1991 1178 per

346 1208 707 1264 quemquam
740 1194 922 1250 alium
942 1212 1119 1266 quam
1144 1213 1247 1268 per
1260 1196 1486 1267 seipsos
1500 1200 1603 1252 aut
1622 1212 1722 1267 per
1743 1195 1989 1252 vicarius

343 1282 609 1352 ejusdem
643 1282 890 1354 ordinis,
924 1284 1059 1355 quia
1083 1284 1436 1340 inhonorum
1498 1289 1587 1341 est
1608 1285 1989 1341 inferioribus

344 1386 580 1426 summa
610 1371 1227 1445 committi.0ptimum
1261 1378 1351 1430 est
1380 1378 1578 1430 autem
1603 1378 1668 1429 ut
1693 1372 1988 1446 ipseacci-

342 1457 466 1529 piat
497 1459 595 1532 qui
627 1460 687 1516 in
718 1461 1003 1518 tradendo
1040 1479 1258 1519 usurus
1286 1468 1396 1519 est.

347 1564 482 1621 CAP.
515 1567 639 1623 273.
675 1599 743 1642 τ-
766 1570 848 1642 οι
874 1572 1208 1641 presbyteris
1239 1574 1336 1641 qui
1359 1587 1462 1642 pro
1490 1570 1807 1639 accipiendo
1836 1569 1986 1625 chri-

2101 400 2220 451 tem
2253 398 2438 453 coacti
2470 401 2629 465 sunt,
2663 397 2816 453 sicut
2848 396 3064 452 factum
3082 399 3172 451 est
3204 394 3569 467 temporibus
3613 395 3759 450 reli-

2100 485 2423 557 giosissimi
2460 487 2745 559 principis
2776 485 3110 554 Sisenandi,
3147 485 3287 557 quia
3328 485 3455 555 jam
3515 489 3759 539 constat

2100 590 2199 629 eos
2252 576 2639 631 sacramentis
2699 575 2915 630 divinis
2967 573 3314 641 associatos,
3346 577 3405 630 et
3461 572 3752 644 baptismi

2099 664 2345 735 gratiam
2380 664 2733 736 suscepisse,
2767 668 2823 719 et
2861 663 3179 719 chrismate
3223 666 3430 718 unctos
3488 679 3637 732 esse,
3693 663 3755 718 et

2099 754 2360 824 corporis
2390 760 2447 809 et
2477 752 2785 826 sanguinis
2817 752 3043 808 Domini
3077 751 3373 808 exstitisse
3406 750 3756 823 participes,

2099 845 2327 912 oportet
2355 846 2418 896 ut
2448 842 2624 897 ﬁdem
2672 842 2850 898 etiam
2913 858 3090 913 quam
3148 840 3203 896 vi
3258 840 3346 897 vel
3396 840 3754 897 necessitate

2098 937 2487 1002 susceperunt
2515 935 2711 988 tenere
2760 934 3068 1003 cogantur,
3120 947 3191 986 ne
3253 945 3465 986 nomen
3510 928 3753 985 Domini

2094 1016 2561 1091 blasphematur,
2592 1020 2855 1091 fidesque
2885 1035 3060 1092 quam
3083 1022 3469 1090 susceperunt
3519 1016 3655 1074 vilis
3688 1021 3759 1073 et

2098 1108 2564 1180 contemptibilis
2595 1109 2904 1165 habeatur.

2097 1219 2227 1271 CAP.
2262 1216 2421 1271 1277.
2456 1248 2526 1258 —
2560 1219 2623 1274 Ut
2650 1217 2972 1273 Judzrorum
3004 1218 3114 1290 ﬁlii
3145 1218 3420 1290 baptizati
3448 1216 3515 1271 ab
3560 1231 3756 1290 eorum

2168 1291 2439 1345 consortio
2468 1291 2720 1357 separari
2747 1288 3010 1345 debeant.
3050 1292 3133 1345 Ex
3185 1288 3370 1346 eodem
3414 1288 3646 1345 concilio
3686 1304 3746 1357 v,

2168 1306 2439 1345 consortio
2468 1306 2717 1416 siparum
2747 1306 2997 1345 aeneam.
3050 1306 3072 1345 ι

2167 1375 2286 1431 cap.
2322 1361 2389 1415 40
2415 1363 2495 1433 (co
2540 1400 2552 1413 .
2576 1377 2726 1417 conc.
2760 1378 2836 1431 Iv,
2875 1379 2924 1416 c.
2957 1362 3072 1433 59).

2170 1467 2259 1536 (28
2288 1484 2339 1538 q.
2373 1468 2424 1535 1,
2455 1483 2501 1523 c.
2535 1468 3257 1539 Judaeorum.).ludaeerum
3298 1467 3452 1523 ﬁlios
3473 1466 3560 1522 vel
3592 1466 3749 1522 ﬁlias

2097 1555 2523 1625 baptizatos,ne
2544 1562 2853 1629 parentum
2868 1558 3023 1613 ultra
3038 1556 3747 1627 involvanturerroribus,

417 1647 599 1747 $12113
627 1640 971 1747 ficigitates
1002 1640 1189 1700 venire
1217 1640 1412 1699 solent.
1468 1645 1549 1698 Ea:
1576 1644 1811 1700 concilio
1867 1642 1987 1698 Mel-
2017 1682 2065 1747 Β
2096 1645 2390 1747 ab‘earum
2414 1646 2709 1747 consertio
2745 1647 3005 1747 separari
3043 1646 3440 1747 decernimus,
3473 1646 3749 1747 tradique

418 1709 592 1766 densi.
626 1727 743 1784 cap.
777 1714 831 1767 6.

416 1816 497 1872 De
526 1819 883 1892 presbyteris
915 1820 1012 1893 qui
1045 1820 1366 1893 accipiendi
1400 1821 1739 1878 chrismatis
1800 1820 1988 1894 gratia

348 1906 420 1962 ad
445 1905 703 1965 civitates
725 1909 785 1965 in
806 1909 980 1967 Cmna
999 1911 1225 1967 Domini
1246 1911 1442 1968 venire
1467 1910 1993 1981 solitisunt,sanci-

351 2000 478 2051 tum
497 2002 587 2053 est
620 2004 683 2055 ut
704 2000 775 2055 de
795 2000 887 2056 his
913 2003 1013 2072 qui
1035 2000 1206 2073 longe
1233 2002 1408 2072 positi
1437 2006 1575 2058 sunt
1596 2003 1667 2058 de
1716 2007 1845 2059 octo
1902 2000 1993 2057 vel

349 2086 551 2142 decem
575 2086 858 2156 millibus,
893 2107 1047 2146 unus
1070 2092 1142 2146 ab
1170 2091 1579 2148 archidiacono
1611 2089 1997 2164 eligatur,qui

334 2176 661 2249 ‘acceptum
683 2178 944 2236 chrisma
965 2181 1076 2236 sibi
1100 2186 1157 2236 et
1183 2181 1358 2237 sociis
1381 2181 1696 2253 diligenter
1724 2180 1995 2254 perferat.

353 2265 426 2321 Hi
454 2282 590 2324 vero
621 2268 719 2340 qui
750 2285 865 2325 non
900 2268 1136 2342 longius
1167 2288 1200 2326 a
1238 2270 1473 2326 civitate
1516 2286 1695 2342 quam
1747 2275 2000 2342 quatuor

355 2359 459 2411 aut
490 2356 751 2429 quinque
780 2358 1044 2415 millibus
1065 2359 1524 2427 habitant,more
1554 2358 1726 2415 solito
1751 2359 1822 2414 ad
1855 2358 2000 2414 acci-

354 2444 631 2517 piendum
655 2446 915 2502 chrisma
935 2464 1038 2519 per
1060 2464 1122 2504 se
1144 2448 1687 2504 veniant.Discendi
1712 2464 1843 2504 vero
1862 2464 1994 2519 gra-

349 2534 433 2590 tia
449 2534 562 2592 alio
586 2552 704 2592 non
726 2537 1220 2610 quadragesimali
1272 2542 1534 2609 tempore
1588 2538 1660 2592 ad
1700 2537 1997 2592 civitatem

353 2630 762 2694 convocentur,
789 2631 1025 2699 propter
1052 2626 1253 2698 plebes
1278 2628 1389 2683 sibi
1412 2626 1785 2683 commissas.

355 2731 488 2787 CAP.
515 2732 640 2806 274,
673 2763 743 2806 _-—-
772 2738 851 2789 De
879 2734 1175 2790 chrismate
1201 2733 1342 2806 quod
1370 2750 1582 2805 semper
1606 2733 1704 2788 sub
1741 2750 1864 2790 sera
1893 2748 2004 2790 esse

595 2803 806 2860 debeat.
839 2806 923 2860 Ea:
941 2807 1173 2861 concilio
1209 2803 1532 2875 Turonensi,
1564 2822 1682 2877 cap.
1715 2806 1768 2859 3.

430 2909 714 2966 Praeterea
742 2915 800 2967 et
830 2910 975 2966 illud
990 2911 1349 2967 omnimodis
1367 2911 1798 2967 observandum
1819 2914 1910 2966 est
1937 2914 2001 2965 ut

357 3014 593 3053 sacrum
624 2999 884 3055 chrisma
905 3004 961 3055 et
990 2999 1182 3055 oleum
1207 3003 1614 3056 consecratum
1637 3016 1869 3071 semper
1890 2999 2001 3056 sub

2098 1738 2199 1789 aut
2231 1736 2629 1806 monasteriis,
2656 1740 2757 1792 aut
2778 1736 3127 1793 Christianis
3151 1736 3314 1803 viris,
3337 1740 3439 1790 aut
3489 1732 3752 1790 mulieri-

2100 1824 2212 1879 bus
2236 1824 2549 1880 Dominum
2594 1826 2964 1894 timentibus,
3010 1830 3074 1881 ut
3117 1826 3229 1882 sub
3268 1840 3475 1881 eorum
3509 1839 3651 1879 cura
3694 1826 3757 1879 et

2103 1915 2542 1971 conversatione
2562 1914 2790 1971 cultum
2816 1915 2950 1971 fidei
2978 1914 3412 1986 discant,atque
3434 1913 3494 1969 in
3538 1912 3753 1969 melius

2104 2002 2569 2074 constituti,tam
2597 2005 2654 2059 in
2677 2004 2944 2059 moribus
2981 2020 3159 2076 quam
3191 2004 3248 2059 in
3274 2003 3387 2059 fide
3418 2002 3751 2075 proﬁciant.

2104 2121 2239 2177 CAP.
2268 2120 2394 2173 278-
2418 2150 2484 2160 α-
2518 2122 2579 2177 Ut
2598 2121 2759 2175 nulla
2781 2122 3091 2175 communio
3117 2121 3193 2174 sit
3222 2120 3469 2175 Hebrwis
3498 2116 3569 2172 ad
3589 2117 3753 2185 ﬁdem

2181 2191 2552 2247 Christianam
2594 2190 2916 2259 translatis,
2947 2208 3074 2247 cum
3118 2192 3252 2247 aliis
3282 2192 3535 2246 nondum
3567 2190 3755 2260 bapti-

2178 2266 2320 2318 zati:
2376 2266 2467 2319 Ea:
2508 2264 2693 2320 eodem
2739 2278 2891 2319 conc.
2929 2280 2986 2332 v,
3017 2278 3138 2335 cap.
3172 2264 3243 2317 62
3265 2264 3441 2335 (conc.
3474 2262 3634 2318 Tolet.
3669 2276 3751 2330 1v,

2178 2350 2303 2404 cap.
2321 2335 2434 2405 61).

2181 2451 2272 2520 (28
2300 2468 2352 2523 q.
2380 2453 2430 2520 1,
2462 2468 2508 2507 c.
2543 2451 2700 2523 Szpe
2730 2451 3055 2523 malorum).
3088 2452 3251 2523 Saepe
3279 2450 3571 2506 malorum
3604 2464 3749 2504 con-

2110 2540 2294 2597 sortia
2322 2541 2498 2597 etiam
2532 2542 2715 2597 bonos
2744 2545 3151 2613 corrumpunt,
3185 2545 3403 2612 quanto
3434 2538 3621 2611 magis
3651 2554 3753 2593 eos

2112 2630 2213 2703 qui
2245 2632 2317 2687 ad
2347 2631 2487 2686 vitia
2518 2631 2687 2702 proni
2727 2630 2914 2687 sunt?
2958 2628 3130 2685 Nulla
3160 2630 3363 2701 ,igitur
3412 2626 3754 2684 communio

2112 2718 2269 2775 ultra
2298 2720 2378 2775 sit
2410 2719 2664 2775 Hebraeis
2694 2721 2768 2776 ad
2807 2719 2981 2775 ﬁdem
3013 2718 3406 2776 Christianam
3439 2715 3753 2772 translatis

2113 2825 2249 2865 cum
2280 2808 2371 2864 his
2404 2808 2503 2880 qui
2549 2808 2742 2864 adhuc
2799 2807 2858 2863 in
2907 2807 3087 2863 veteri
3144 2807 3257 2863 ritu
3298 2806 3649 2871 consistunt,
3684 2821 3758 2860 ne

2114 2899 2259 2954 forte
2280 2914 2480 2953 eorum
2506 2896 2956 2969 participatione
2969 2894 3761 2964 subvertantur.0uicunque

2114 2987 2297 3059 igitur
2325 2986 2537 3041 amodo
2563 3002 2631 3040 ex
2660 2985 2755 3042 his
2786 2985 2887 3057 qui
2919 2984 3194 3057 baptizati
3241 2987 3400 3050 sunt,
3432 2980 3759 3038 inﬁdelium

360 3102 491 3143 sera
521 3087 619 3158 sit,
658 3104 731 3143 ne
762 3087 907 3144 illud
937 3090 1091 3145 unde
1120 3089 1354 3145 Christo
1413 3052 1881 3161 ίηοοι-ροι-αηξωι,
1943 3093 2000 3144 et
2032 3052 2075 3121 (ἶ
2114 3052 2409 3131 cbnsortia
2430 3091 2545 3130 non
2576 3074 2866 3142 vitaverit,
2890 3078 2948 3130 et
2975 3073 3034 3128 hi
3066 3073 3413 3130 Christianis
3436 3072 3751 3137 donentur,

360 3177 517 3232 unde
538 3193 745 3233 omnes
775 3176 977 3234 fideles
1010 3178 1475 3246 sanctificantur,
1529 3178 1682 3232 unde
1722 3193 1888 3250 reges
1945 3182 2002 3233 et

361 3266 695 3322 sacerdotes
720 3265 775 3320 in
789 3266 1333 3337 unguntur,aliquis
1355 3265 1610 3322 infidelis
1632 3266 2004 3322 autimmun-

364 3357 475 3411 dus
498 3360 833 3428 tangat,aut
854 3354 1072 3427 aliquis
1090 3357 1350 3428 perﬁdus
1362 3357 1433 3412 ad
1452 3356 1853 3426 Deijudicium
1869 3357 2004 3411 sub-

359 3445 707 3500 vertendum
731 3445 1205 3516 subripiat,quod
1230 3444 1626 3516 experimento
1660 3444 2001 3501 didicimus.

363 3550 497 3607 CAP.
530 3552 656 3606 275.
693 3583 756 3592 —
787 3553 862 3607 De
888 3552 1098 3609 Iudaeis
1127 3551 1389 3624 quomodo
1420 3552 1740 3624 examinari
1776 3550 2006 3624 debeant

434 3631 560 3679 ante
584 3624 875 3695 baptisma.
914 3626 997 3679 Ex
1023 3623 1255 3680 concilio
1270 3623 1595 3693 Agathensi,
1618 3639 1738 3694 cap.
1770 3623 1861 3677 35.

438 3733 537 3799 (De
568 3746 718 3787 cons.
750 3731 877 3787 dist.
912 3732 965 3798 4,
987 3748 1036 3791 c.
1065 3730 1281 3802 Judaei).
1334 3730 1522 3785 Judaii
1554 3729 1829 3801 (quorum
1885 3746 2009 3800 per-

369 3819 510 3875 ﬂdia
569 3820 906 3890 frequenter
965 3821 1038 3875 ad
1090 3820 1376 3875 vomitum
1437 3818 1630 3891 redit),
1664 3818 1713 3874 si
1746 3819 1816 3874 ad
1849 3819 2007 3891 leges

368 3908 689 3965 catholicas
719 3910 918 3965 venire
946 3908 1255 3975 voluerint,
1298 3913 1521 3980 septem
1565 3924 1800 3963 menses
1856 3908 2008 3963 inter

367 3999 818 4055 catechumenos
839 3998 1098 4054 ecclesias
1129 3997 1310 4053 limen
1342 3998 1657 4064 introeant,
1689 4000 1748 4051 et
1772 3996 1821 4052 si
1863 4013 2011 4067 pura

367 4087 484 4143 ﬁde
518 4086 716 4143 venire
747 4092 1095 4154 noscuntur,
1126 4092 1269 4141 tunc
1343 4085 1583 4141 demum
1641 4085 2010 4154 baptismatis

366 4178 618 4250 gratiam
652 4177 1177 4242 mereantur.Quod
1201 4174 1401 4231 sicasu
1424 4173 1656 4244 aliquod
1683 4173 2005 4244 periculum

366 4266 732 4322 inﬁrmitatis
754 4266 909 4322 intra
938 4266 1227 4337 scriptum
1272 4269 1512 4335 tempus
1551 4262 1934 4331 incurrerint,
1956 4269 2012 4319 et

369 4357 663 4429 desperati
698 4356 935 4424 fuerint,
965 4355 1361 4427 baptizentur.

370 4467 506 4518 CAP.
538 4464 666 4518 276.
698 4494 767 4505 --
800 4464 873 4518 De
901 4461 1133 4530 Judeis,
1160 4461 1301 4531 quod
1328 4461 1519 4515 nulla:
1540 4461 1620 4516 eis
1647 4467 1759 4516 vim
1795 4462 1866 4517 ad
1894 4477 2013 4517 cre-

440 4536 685 4591 dendum
732 4537 939 4606 inferre
985 4533 1337 4606 debeat.qu
1371 4531 1610 4588 concilio
1664 4534 1911 4590 Toletano
1953 4550 2011 4600 v,

439 4623 559 4678 cap.
590 4607 624 4661 8
655 4603 825 4679 (conc.
851 4606 957 4661 Tol.
994 4622 1071 4675 1v,
1101 4620 1151 4661 e.
1186 4603 1265 4675 5).

441 4715 605 4785 (Dist.
665 4714 755 4781 45,
813 4729 859 4768 e.
902 4713 976 4767 De
1019 4709 1283 4780 lamis.)
1313 4709 1393 4765 De
1412 4709 1632 4766 Judais
1663 4714 1858 4767 autem
1890 4711 2013 4768 haec

368 4804 646 4876 praecepit
676 4806 882 4858 saneta
912 4816 1170 4872 synoous
1198 4797 1419 4854 nemini
1450 4798 1726 4872 deinceps
1751 4800 1865 4856 vim
1887 4816 2012 4856 cre—

371 4890 765 4947 dendiinferri
794 4906 807 4945 :
841 4892 936 4944 cui
964 4890 1115 4945 enim
1132 4888 1247 4943 vult
1278 4887 1417 4942 Deus
1441 4888 1752 4955 miseretur,
1787 4893 1839 4945 el
1855 4906 2014 4961 quem

368 4982 486 5036 vult
510 4980 744 5036 indurat
775 4981 956 5046 (Rom.
986 4978 1085 5048 ιχ).
1110 4977 1232 5031 Non
1284 4976 1442 5031 enim
1492 4978 1657 5032 inviti
1705 4977 1851 5035 tales
1899 4980 2015 5035 sal-

369 5069 548 5126 vandi
604 5074 767 5139 sunt,
826 5069 927 5125 sed
984 5066 1264 5137 volentes,
1327 5070 1389 5121 ut
1438 5065 1666 5139 intégra
1723 5068 1800 5123 sit
1828 5069 2014 5125 forma

364 5161 635 5233 justitiw.
683 5160 847 5217 Sicut
905 5160 1080 5215 homo
1140 5157 1375 5230 prepria
1430 5156 1730 5214 voluntate
1787 5159 2017 5215 arbitrii

370 5250 628 5324 serpenti
660 5250 942 5306 obediens
962 5247 1132 5319 periit
1156 5266 1169 5316 ;
1197 5245 1304 5314 sic,
1326 5250 1571 5302 vocante
1592 5264 1653 5302 se
1674 5248 1865 5319 gratia
1887 5247 2011 5315 Dei,

371 5342 626 5414 preprias
648 5340 865 5395 mentis
886 5337 1261 5393 conversione
1284 5335 1460 5390 homo
1483 5336 1733 5406 quisque
1756 5336 2017 5391 salvatur

377 5430 686 5486 credendo.
720 5428 867 5501 Ergo
900 5444 1016 5483 non
1046 5426 1122 5493 vi,
1145 5424 1449 5481 sedlibéra
1466 5423 1692 5479 arbitrii
1715 5423 2013 5494 facultate,

376 5524 441 5574 ut
484 5523 899 5577 convertantur
942 5518 1041 5589 qui
1098 5514 1359 5572 salvandi
1418 5516 1581 5581 sunt,
1642 5530 1757 5568 non
1819 5514 2016 5586 potius

2110 3170 2163 3220 et
2197 3164 2281 3219 illi
2310 3163 2561 3237 publicis
2593 3164 2835 3220 sedibus
2866 3164 3244 3236 deputentur.

2110 3272 2243 3328 CAP.
2275 3271 2403 3325 2'79.
2438 3301 2504 3312 —
2543 3271 2618 3325 De
2647 3270 2852 3327 Judwis
2883 3272 2981 3341 qui
3008 3269 3466 3339 apostataverint.
3497 3269 3580 3323 Ea:
3621 3268 3743 3323 eod.

2181 3359 2329 3398 conc.
2356 3360 2408 3413 v,
2440 3359 2559 3414 cap.
2583 3343 2652 3396 69
2673 3343 2844 3413 (conc.
2883 3344 3048 3397 Tolet.
3077 3359 3155 3409 iv,
3177 3357 3224 3395 c.
3254 3342 3367 3412 58).

2188 3432 2286 3503 (De
2305 3448 2536 3498 consec.,
2567 3431 2695 3487 dist.
2722 3432 2775 3498 4,
2805 3447 2852 3486 c.
2903 3430 3204 3501 Plerique.)
3256 3427 3524 3501 Plerique
3555 3426 3657 3499 qui
3687 3443 3753 3483 ex

2111 3520 2329 3576 Judaeis
2357 3521 2580 3575 dudum
2614 3520 2685 3575 ad
2713 3518 3099 3576 Christianam
3124 3518 3299 3575 ﬁdem
3322 3518 3573 3589 promoti
3595 3520 3756 3584 sunt,

2116 3627 2272 3665 nunc
2294 3609 2773 3680 blasphemantes
2795 3608 3243 3677 Christum,non
3266 3606 3459 3663 solum
3478 3606 3758 3661 Judaicos

2117 3699 2269 3754 ritus
2291 3702 2655 3769 perpetrasse
2687 3700 3032 3763 noscuntur,
3063 3696 3165 3752 sed
3207 3696 3382 3751 etiam
3416 3694 3758 3751 abominan-

2119 3788 2224 3843 das
2256 3786 2730 3842 circumcisiones
2753 3802 3036 3842 exercere.
3064 3790 3141 3841 De
3164 3785 3381 3856 quibus
3422 3781 3756 3840 consultum

2118 3876 2370 3949 piissimi
2404 3892 2469 3931 ac
2501 3874 2929 3946 religiosissimi
2953 3874 3177 3929 domini
3219 3872 3405 3929 nostri
3450 3869 3756 3928 Sisenandi

2120 3965 2296 4037 regis,
2320 3964 2428 4020 hoc
2460 3969 2726 4020 sanctum
2760 3964 3017 4019 decrevit
3062 3961 3401 4029 concilium,
3443 3964 3508 4017 ut
3554 3959 3762 4029 hujus-

2120 4053 2278 4110 modi
2301 4058 2767 4125 transgressores
2784 4051 3105 4124 pontificali
3128 4051 3474 4107 auctoritate
3495 4048 3757 4114 correcti,

2121 4145 2193 4199 ad
2224 4142 2450 4199 cultum
2473 4142 2790 4199 Christiani
2821 4140 3114 4214 dogmatis
3145 4146 3507 4207 revocentur,
3530 4142 3594 4195 ut
3615 4153 3761 4210 quos

2117 4232 2388 4288 voluntas
2411 4230 2648 4304 propria
2666 4248 2781 4286 non
2809 4228 3540 4299 emendat,animadversio
3570 4242 3762 4282 sacer-

2120 4320 2334 4377 dotalis
2365 4325 2651 4377 coerceat.
2667 4321 2777 4377 Eos
2804 4323 2998 4376 autem
3021 4335 3169 4392 quos
3191 4316 3760 4383 circumciderunt,si

2044 4425 2091 4490 D
2123 4408 2226 4464 filii
2253 4425 2455 4465 eorum
2485 4412 2647 4476 sunt,
2670 4425 2704 4464 a
2728 4408 3068 4481 parentibus
3092 4414 3473 4478 separentur;
3506 4405 3555 4461 si
3588 4404 3759 4471 servi,

2121 4517 2227 4572 pro
2258 4499 2480 4571 injuria
2508 4498 2769 4571 corporis
2792 4498 2906 4571 sui,
2931 4498 3187 4555 libertati
3215 4498 3544 4553 tradantur.

2122 4612 2251 4663 CAP.
2281 4606 2408 4661 280.
2433 4638 2500 4648 —
2525 4607 2600 4662 De
2628 4606 2940 4663 Judaei-um
2959 4608 3155 4661 servis.
3186 4609 3271 4661 Bx
3300 4603 3504 4673 eodem,
3536 4618 3661 4673 cap.
3701 4600 3758 4658 9.

2193 4714 2351 4785 (Dist.
2374 4713 2467 4777 54,
2489 4730 2536 4769 c.
2569 4713 2728 4785 Etsi.)
2752 4714 2898 4769 Item
2929 4717 2997 4767 ut
3026 4711 3073 4768 si
3097 4711 3435 4767 Judmorum
3456 4709 3605 4765 servi
3636 4722 3767 4762 nec-

2122 4805 2265 4860 dum
2296 4803 2583 4870 conversi,
2612 4804 2683 4858 ad
2735 4802 2948 4858 Christi
2999 4800 3250 4872 gratiam
3307 4796 3762 4863 convolaverint,

2122 4893 2380 4949 libertati
2412 4893 2728 4948 donentur.

2122 5001 2259 5056 CAP.
2290 5000 2416 5054 281.
2448 5030 2516 5040 -—-
2546 4999 2619 5054 De
2645 4998 2963 5055 Iudaeorum
2999 4997 3302 5068 mancipiis
3334 4995 3433 5066 qui
3472 4993 3551 5050 ad
3591 4994 3763 5065 bapti-

2193 5088 2372 5197 sBrgum
2400 5073 2750 5142 confugiunt.
2782 5071 2867 5125 Ex
2895 5071 3128 5125 concilio
3159 5067 3308 5140 apud
3337 5069 3605 5133 Avernas,
3645 5080 3761 5136 cap.

2200 5246 2374 5309 Licet,
2405 5247 2700 5317 prioribus
2721 5245 3048 5302 canonibus
3077 5246 3199 5315 jam
3236 5243 3417 5299 fuerit
3438 5241 3768 5306 deﬁnitum,

2126 5339 2192 5391 ut
2221 5336 2291 5390 de
2322 5335 2633 5407 mancipiis
2667 5336 2915 5408 paganis
2937 5351 3067 5407 quae
3087 5335 3240 5403 apud
3273 5332 3511 5389 Judaeos
3530 5336 3689 5400 sunt,
3720 5330 3769 5386 si

2126 5425 2199 5480 ad
2230 5424 2539 5479 ecclesiam
2567 5425 2960 5497 confugerint,
2986 5428 3045 5480 et
3079 5423 3444 5494 baptismum
3479 5420 3770 5493 petierint,

2126 5514 2303 5571 etiam
2362 5513 2433 5569 ad
2493 5529 2879 5586 quoscunque
2946 5514 3313 5570 Christianos
3378 5508 3763 5580 confugerint,
