3982 6060
172 250 285 303 125

1246 249 1559 303 DECRETI
1599 252 1782 303 PARS
1819 251 1864 303 Ι.
1905 276 1973 286 —
2008 252 2104 303 DE
2143 251 2326 315 FIDE,
2369 252 2520 304 ETC.

3488 234 3588 290 126

167 353 369 427 taxato
402 373 461 426 et
493 368 690 426 oblato
722 387 754 424 a
785 369 1059 425 ﬁdelibus
1098 372 1261 441 justo
1292 371 1478 442 pretio
1507 371 1577 425 ab
1627 385 1827 426 eorum
1858 368 1910 436 Α
1942 368 2067 426 CAP.
2099 372 2224 426 286.
2260 404 2325 410 —
2356 371 2429 426 De
2455 372 2573 425 illis
2602 370 2701 440 qui
2742 382 2841 438 pro
2863 361 3369 442 _periculo___mo:tis
3395 374 3428 413 a
3457 358 3586 441 dia.-

173 463 417 518 domino
477 462 819 518 liberentur.
853 463 984 518 Ideo
1039 462 1362 517 statuimus
1423 464 1540 518 haec
1598 467 1660 518 ut
1707 467 1827 518 tam

167 554 333 623 justa
363 553 706 609 constitutio
739 555 809 608 ab
859 551 1136 608 omnibus
1184 552 1494 608 Catholicis
1527 569 1826 609 conserve-

175 649 292 699 tur.

173 751 306 806 CAP.
339 753 464 806 282.
493 783 560 791 ——
591 756 726 806 Item
755 751 820 805 de
848 753 1146 821 mancipiis
1176 751 1497 806 Iudaeorum
1535 754 1631 805 aut
1665 748 1825 803 Chri-

243 825 445 878 stianis
477 832 571 878 aut
617 828 684 877 ad
730 823 889 891 fidem
945 823 1334 878 Christianam
1380 823 1568 876 venire
1612 821 1823 875 deside-

243 897 521 950 rantibus.
556 897 637 948 Ea:
666 893 910 948 concilio
942 895 1338 960 Matisconensi,
1371 910 1490 964 cap.
1525 895 1610 946 16.

243 990 528 1060 (Πι’.ςε.54,
587 1003 632 1044 c.
677 987 993 1056 Praesenti).
1053 986 1328 1041 Praesenti
1385 984 1655 1051 concilio,
1716 985 1824 1038 Deo

171 1082 430 1144 auctore,
466 1077 786 1145 sancimus,
821 1079 886 1129 ut
917 1073 1144 1129 nullum
1178 1075 1569 1130 Christianum
1604 1073 1823 1127 manci-

169 1168 334 1238 pium
367 1167 567 1223 Judeo
598 1165 871 1237 deinceps
904 1164 1136 1234 serviat,
1169 1165 1266 1218 sed
1317 1164 1469 1218 datis
1501 1180 1604 1235 pro
1638 1161 1822 1234 quoli-

170 1257 263 1311 bet
295 1257 451 1313 bono
509 1255 826 1327 mancipio,
859 1271 936 1309 xu
969 1253 1177 1310 solidis
1209 1254 1404 1324 ipsum
1457 1252 1820 1323 mancipium

170 1345 507 1418 quicunque
537 1363 639 1401 seu
672 1345 743 1399 ad
774 1344 1218 1416 ingenuitatem,
1271 1358 1372 1398 seu
1406 1343 1474 1396 ad
1519 1342 1820 1397 servitium

169 1434 467 1490 licentiam
502 1435 714 1490 habeat
743 1432 1070 1488 redimendi
1097 1453 1109 1499 ;
1134 1437 1190 1487 et
1219 1432 1265 1487 si
1297 1430 1666 1487 Christianus
1698 1430 1818 1484 ﬁeri

169 1524 484 1591 desiderat,
518 1528 575 1579 et
605 1540 720 1578 non
755 1521 1135 1594 permittitur,
1171 1520 1448 1576 similiter
1478 1518 1822 1590 faciat,quia

169 1613 334 1668 nefas
368 1616 457 1668 est
506 1628 680 1682 quem
733 1611 1004 1667 Christus
1055 1609 1338 1664 Dominus
1389 1609 1697 1680 sanguinis
1730 1608 1820 1662 sui

165 1701 454 1757 effusione
513 1700 780 1768 redemit,
813 1699 1228 1770 blasphemum
1288 1698 1632 1753 Christianae
1685 1697 1820 1753 reli-

163 1786 359 1858 gionis
391 1789 448 1842 in
479 1787 729 1842 vinculis
771 1790 987 1842 tenere.
1041 1787 1201 1849 Quod
1237 1785 1284 1840 si
1328 1786 1696 1856 acquiescere
1727 1784 1820 1839 his

162 1894 296 1948 quae
327 1877 649 1933 statuimus
682 1876 1014 1948 quicunque
1045 1876 1282 1931 Judaeus
1325 1875 1603 1940 noluerit,
1636 1892 1821 1947 quan-

163 1967 262 2020 diu
302 1967 376 2023 ad
409 1966 716 2038 pecuniam
750 1970 1031 2022 statutam
1073 1964 1270 2019 venire
1302 1963 1621 2031 distulerit,
1653 1963 1820 2019 liceat

165 2056 530 2128 mancipium
563 2056 759 2128 ipsum
795 2071 927 2110 cum
958 2053 1313 2110 Christianis
1353 2053 1690 2124 ubicunque
1720 2070 1818 2109 vo-

161 2144 338 2200 luerit
369 2145 658 2201 habitare.

164 2252 289 2308 CAP.
316 2251 445 2306 283.
480 2283 548 2292 -—
580 2252 651 2307 De
700 2251 820 2305 illis
863 2251 961 2321 qui
1007 2249 1078 2305 ad
1125 2249 1285 2319 ﬁdem
1338 2248 1723 2305 Christianam
1753 2249 1818 2305 de

233 2324 445 2380 haeresi
485 2326 676 2378 venire
720 2323 1053 2378 desiderant.
1089 2323 1171 2376 Ea:
1215 2323 1448 2378 concilio
1486 2322 1813 2389 Arelatensi,

232 2413 357 2465 cap.
387 2395 442 2451 9.

231 2485 288 2538 Si
323 2485 397 2539 ad
429 2483 734 2540 ecclesiam
769 2483 982 2554 aliquis
1013 2484 1084 2537 de
1127 2482 1334 2538 haeresi
1366 2482 1606 2551 venerit,
1639 2483 1818 2536 inter-

163 2578 370 2644 rogent
420 2589 553 2629 eum
606 2573 676 2628 de
726 2571 1024 2643 Symbolo,
1075 2575 1131 2626 et
1179 2570 1227 2625 si
1276 2570 1525 2625 viderint
1573 2587 1706 2624 eum
1756 2569 1816 2622 in

163 2666 332 2717 Patre
365 2667 422 2716 et
473 2661 616 2717 Filio
643 2666 700 2716 et
748 2661 967 2733 Spiritu
1003 2665 1205 2715 sancto
1255 2675 1384 2715 esse
1433 2658 1814 2729 baptizatum,

161 2767 378 2805 manus
411 2750 461 2805 ei
490 2751 828 2821 imponatur
876 2753 1107 2804 tantum
1142 2753 1205 2804 ut
1255 2748 1506 2820 accipiat
1535 2747 1816 2818 Spiritum

166 2843 458 2893 sanctum.

160 2947 294 3001 CAP.
326 2945 454 2998 284.
488 2972 548 2984 -
581 2945 652 2999 De
696 2944 923 3002 Iudaeis
962 2945 1013 2998 si
1065 2944 1412 3014 mancipium
1460 2943 1816 2998 circumcide-

229 3019 368 3071 rint.
391 3017 494 3142 4152:
540 3018 774 3072 concilio
823 3017 976 3087 apud
1025 3014 1318 3071 Theodonis
1368 3017 1560 3070 villam
1609 3014 1814 3082 habito,

232 3106 356 3158 cap.
431 3129 445 3143 .

2009 445 2237 498 canibus
2271 445 2535 515 baptizati
2585 433 2818 512 fuerint.
2853 433 2938 492 Ex
2981 433 3213 491 concilio
3263 433 3581 498 Turonensi,

2009 531 2124 570 cap.
2159 517 2212 570 3.

2006 531 2124 586 cap.
2159 531 2212 571 ὅ.

2008 613 2066 667 Si
2101 614 2233 684 quis
2284 614 2565 668 diaconus
2614 626 2820 681 regens
2870 607 3098 679 plebem
3139 603 3265 659 sine
3311 600 3583 672 episcopo

1933 701 2021 754 vel
2057 703 2395 774 presbytero
2444 702 2672 771 aliquos
2705 715 2807 770 pro
2859 695 3066 750 mortis
3097 708 3343 748 occursu
3395 688 3583 760 bapti-

1933 790 2165 855 zaverit,
2216 792 2526 862 episcopus
2557 807 2655 844 eos
2715 803 2816 858 per
2861 781 3322 838 benedictionem
3358 784 3415 832 et
3445 793 3583 832 con-

1937 879 2330 933 ﬁrmationem
2365 879 2640 949 perﬁcere
2671 875 2924 936 debebit,
2958 871 3068 926 sub
3097 870 3228 935 ﬁde,
3276 885 3393 938 qua
3421 866 3582 936 quis-

1932 984 2043 1037 que
2075 969 2364 1022 credendo
2396 967 2606 1038 poterit
2635 980 2763 1020 esse
2788 965 3006 1034 justus.

1933 1075 2064 1130 CAP.
2097 1076 2223 1130 287.
2258 1105 2324 1114 —
2358 1075 2431 1129 De
2461 1073 2547 1128 his
2577 1072 2672 1143 qui
2701 1079 2902 1143 cogunt
2938 1066 3283 1143 presbyteros
3323 1062 3583 1143 denarios

1999 1162 2099 1216 pro
2131 1147 2374 1201 balsamo
2402 1147 2560 1202 dare.
2582 1137 2676 1199 Ἐκ
2704 1137 2951 1199 concilio
2982 1137 3363 1203 Cabilonensi,
3395 1151 3514 1203 cap.
3541 1150 3581 1200 ι,

2002 1218 2085 1287 (ιι,
2117 1235 2234 1289 cap.
2271 1221 2378 1288 16).

2000 1315 2246 1377 Quidam
2284 1318 2490 1372 fratres
2541 1316 2813 1370 dixerunt
2846 1307 3292 1366 consuetudinis
3323 1304 3577 1374 antiquas

1930 1404 2111 1460 fuisse
2143 1407 2200 1459 in
2232 1421 2428 1460 eorum
2481 1404 2765 1471 ecclesiis,
2799 1407 2865 1456 ut
2909 1415 3012 1470 pro
3037 1397 3301 1451 balsamo
3333 1393 3577 1448 emendo

1929 1493 2002 1547 ad
2036 1494 2293 1548 chrisma
2336 1494 2694 1559 faciendum,
2726 1493 2846 1546 sive
2897 1505 2998 1560 pro
3046 1483 3443 1541 luminaribus
3485 1496 3577 1534 ec-

1930 1581 2118 1637 clesias
2150 1583 2597 1646 concinnandis,
2630 1581 2798 1635 binos
2843 1577 2928 1633 vel
2957 1581 3274 1648 quaternos
3305 1571 3575 1626 denarios

1929 1672 2252 1742 presbyteri
2304 1674 2511 1726 darent
2537 1676 2584 1738 (l
2622 1687 2673 1740 q.
2718 1674 2763 1738 1,
2796 1685 2843 1724 c.
2875 1667 3226 1731 Statuimus).
3262 1660 3423 1716 Unde
3449 1677 3574 1715 om-

1851 1743 1897 1807 Β
1931 1776 2033 1816 nes
2065 1778 2180 1816 uno
2233 1777 2526 1816 consensu
2577 1759 2915 1823 statuimus,
2956 1761 3022 1810 ut
3064 1753 3217 1810 sicut
3266 1767 3369 1823 pro
3417 1749 3575 1805 dedi-

1929 1851 2130 1906 candis
2164 1849 2510 1914 basilicis,et
2539 1849 2749 1904 dandis
2779 1845 3086 1901 ordinibus
3117 1840 3263 1897 nihil
3293 1837 3577 1910 accipien-

1928 1940 2069 1994 dum
2103 1944 2210 2005 est,
2245 1939 2327 1993 ita
2371 1938 2546 1994 etiam
2579 1953 2679 2008 pro
2727 1934 2990 1990 basalmo
3040 1933 3158 1988 sive
3189 1947 3292 2002 pro
3325 1927 3575 1984 lumina-

1926 2028 2092 2083 ribus
2122 2029 2409 2094 emendis,
2443 2027 2585 2082 nihil
2636 2024 2955 2097 presbyteri
2986 2021 3244 2077 chrisma
3282 2015 3575 2088 accepturi

1927 2118 2088 2172 dent.
2140 2117 2409 2189 Episcopi
2469 2117 2667 2186 itaque
2723 2111 3136 2170 ecclesiasticis
3193 2107 3574 2164 facultatibus

1923 2207 2260 2262 balsamum
2291 2210 2508 2271 emant,
2543 2210 2600 2259 et
2626 2202 2944 2260 luminaria
2969 2199 3188 2271 singuli
3221 2199 3280 2253 in
3310 2195 3573 2253 ecclesiis

1923 2296 2070 2352 suis.

1924 2395 2058 2450 CAP.
2091 2395 2216 2451 288.
2245 2427 2311 2436 —
2348 2400 2426 2452 De
2454 2397 2764 2450 chrismatis
2794 2409 2995 2464 panno.
3033 2392 3112 2445 Ea:
3159 2385 3400 2445 concilio
3427 2386 3575 2456 apud

2467 2469 2785 2531 Bclvacum,
2814 2482 2933 2536 cap.
2965 2465 3018 2520 8.

1998 2558 2090 2622 (De
2119 2573 2266 2612 cons.
2298 2556 2429 2612 dist.
2465 2557 2516 2622 4,
2547 2572 2594 2612 c.
2626 2555 2685 2610 Si
2713 2557 2877 2626 quis).
2903 2554 2962 2608 Si
2988 2551 3121 2621 quis
3149 2549 3398 2606 voluerit
3424 2547 3573 2603 chri-

1924 2645 2132 2701 smatis
2165 2662 2426 2717 pannum
2461 2645 2671 2699 iterum
2703 2644 2896 2708 linire,
2930 2646 2987 2697 et
3019 2657 3196 2710 super
3223 2640 3404 2693 alium
3441 2637 3572 2708 bap-

1923 2735 2165 2790 tizatum
2203 2734 2450 2800 mittere,
2485 2750 2598 2789 non
2626 2737 2716 2789 est
2744 2731 3092 2787 absurdum.

1923 2842 2058 2897 CAP.
2091 2842 2216 2898 289.
2250 2873 2317 2882 —
2349 2841 2500 2908 Quod
2527 2840 2910 2895 cathecumeni
2937 2855 3061 2893 cum
3094 2836 3382 2907 baptizalis
3416 2849 3574 2888 man-

1994 2913 2194 2968 ducare
2247 2930 2364 2970 non
2415 2913 2663 2968 debeant.
2727 2913 2806 2965 Ex
2861 2911 3093 2966 concilio
3148 2908 3577 2978 Magontinensi,

1994 3001 2117 3054 cap.
2148 2987 2203 3042 5.

1851 3112 1894 3179 C
1994 3092 2410 3148 Cathecumeni
2444 3091 2800 3147 manducare
2834 3107 2947 3146 non
2981 3088 3194 3144 debent
3222 3103 3356 3142 cum
3391 3085 3581 3157 bapti-

231 3178 293 3233 Si
325 3178 462 3250 quis
501 3176 838 3232 Judaaorum
870 3176 1272 3232 Christianum
1315 3175 1698 3247 mancipium,
1730 3173 1818 3229 vel
1859 3173 1894 3179 ⁷
1927 3183 2095 3253 mus,
2129 3199 2318 3254 neque
2348 3182 2433 3238 eis
2459 3181 2729 3238 osculum
2760 3181 2915 3247 dare,
2959 3183 3180 3251 quanto
3213 3177 3401 3249 magis
3434 3193 3574 3248 gen-

158 3265 480 3336 cuiuslibet
512 3271 683 3321 sectas
716 3265 962 3321 alterius
1012 3265 1241 3330 emerit,
1273 3270 1330 3320 et
1360 3264 1816 3328 circumciderit,

157 3372 190 3410 ιι
211 3355 404 3410 Judaei
439 3354 630 3424 ipsius
661 3358 943 3426 potestate
975 3353 1268 3424 sublatus,
1303 3355 1362 3408 in
1396 3353 1665 3409 libertate
1696 3370 1821 3424 per-

160 3447 423 3498 maneat.

158 3553 291 3606 CAP.
325 3550 454 3605 285.
485 3579 554 3590 —
586 3550 728 3616 Quid
755 3555 976 3605 sanctus
1009 3552 1299 3620 Gregorius
1333 3550 1398 3604 de
1427 3551 1632 3607 Judaais
1662 3566 1820 3621 prse-

229 3622 428 3691 cipiat.
461 3622 546 3674 Ea:
575 3624 804 3690 registro
846 3623 1094 3692 Gregorii
1146 3622 1215 3677 ad
1261 3623 1528 3678 Joannem
1575 3625 1820 3680 Terraci-

234 3709 465 3748 nensem
495 3695 810 3764 episc0pum
841 3695 900 3762 (ι.
935 3712 973 3758 ι,
1006 3710 1090 3765 ep.
1123 3695 1236 3764 24).

228 3782 456 3852 Joseph
488 3782 863 3853 praesentium
897 3782 1067 3848 lator,
1097 3782 1692 3852 Judaeus,insinuavit
1723 3801 1822 3840 no-

157 3870 249 3925 bis
287 3871 360 3925 de
389 3869 515 3924 loco
565 3871 818 3941 quodam
852 3887 967 3941 quo
1000 3871 1071 3926 ad
1121 3869 1503 3926 celebrandas
1535 3872 1821 3928 festivita-

157 3967 245 4015 tes
280 3976 424 4014 suas
454 3959 645 4014 Judaei
679 3957 737 4012 in
770 3959 1168 4015 Terracinensi
1218 3965 1405 4016 castro
1436 3961 1820 4018 consistentes

159 4048 478 4104 convenire
529 4053 971 4115 consueverant,
1005 4049 1159 4119 quod
1209 4052 1310 4104 tua
1340 4065 1439 4104 eos
1485 4051 1818 4106 fraternitas

157 4136 570 4208 expulisset,et
600 4137 656 4190 in
690 4135 870 4191 alium
900 4136 1094 4193 locum
1127 4154 1230 4208 pro
1254 4137 1514 4194 colendis
1546 4139 1821 4195 similiter

156 4225 582 4281 festivitatibus
631 4225 776 4292 suis,
810 4235 864 4280 te
891 4242 1126 4297 quoque
1179 4231 1452 4283 noscente
1484 4232 1541 4284 et
1569 4246 1820 4284 consen-

156 4316 362 4379 tiente,
397 4314 800 4386 migraverint,
831 4319 888 4370 et
941 4331 1094 4370 nunc
1127 4315 1198 4370 de
1247 4316 1450 4372 eodem
1484 4316 1608 4373 loco
1641 4320 1815 4374 etiam

155 4405 463 4477 expulisse
513 4405 704 4460 denuo
753 4411 1212 4476 conqueruntur.
1268 4408 1430 4472 Quod
1479 4409 1528 4464 si
1580 4407 1660 4464 ita
1705 4413 1813 4478 est,

1927 3271 2061 3327 tiles
2083 3273 2110 3326 ?

1927 3372 2059 3426 CAP.
2091 3370 2217 3426 290.
2251 3401 2319 3412 —
2348 3371 2424 3425 De
2451 3369 2721 3424 scrutinio
2748 3368 3019 3440 faciendo.
3067 3372 3150 3424 Ex
3194 3367 3426 3421 concilio
3477 3366 3575 3419 Ro-

2522 3457 2711 3507 mano,
2743 3458 2860 3511 cap.
2902 3441 2982 3495 15.

1999 3531 2080 3587 De
2111 3531 2394 3587 scrutinio
2445 3531 2711 3586 faciendo
2743 3529 3130 3594 decrevimus,
3165 3532 3229 3582 ut
3267 3526 3577 3597 episcopus

1929 3626 1986 3676 et
2015 3621 2114 3677 ubi
2145 3624 2465 3676 conventus
2495 3626 2584 3675 est
2615 3619 2816 3690 populi
2847 3624 2904 3674 et
2933 3617 3093 3684 cleri,
3125 3622 3180 3672 et
3210 3615 3576 3689 possibilitas

1928 3710 2218 3782 permittit
2249 3709 2326 3764 ibi
2359 3707 2707 3764 celebretur.

1928 3819 2061 3873 CAP.
2093 3817 2294 3873 291.-—
2322 3818 2396 3871 De
2427 3815 2856 3940 baptisteriaE;
2881 3815 3118 3869 concilio
3147 3815 3574 3886 Mogontinensi,

2646 3903 2764 3940 can.
2840 3929 2852 3940 .

2646 3903 2764 3942 can.
2798 3903 2852 3941 υ.

2646 3904 2710 3942 ca
2752 3930 2764 3942 .
2798 3904 2852 3941 υ.

2000 3977 2334 4049 Baptisterii
2367 3981 2424 4032 et
2453 3904 3010 4034 catechurﬁxenorum
3062 3974 3344 4030 ventilata
3372 3980 3460 4030 est
3491 3993 3577 4030 ra-

1925 4069 2028 4138 tio,
2060 4075 2124 4124 ut
2153 4068 2481 4124 sacerdotes
2511 4068 2743 4137 plenius
2775 4065 3126 4137 intelligant,
3161 4064 3414 4135 qualiter
3441 4081 3575 4119 cum

1928 4157 2125 4230 dignis
2154 4157 2462 4214 ordinibus
2493 4155 2753 4211 efﬁciant
2781 4154 3199 4211 Christianum.

1927 4265 2054 4320 CAP.
2085 4265 2211 4320 292.
2243 4296 2313 4305 —
2345 4263 2493 4331 Quod
2543 4263 2792 4330 bigamus
2820 4265 3039 4316 vocetur
3067 4262 3163 4331 qui
3207 4265 3339 4316 ante
3369 4260 3573 4330 baptis-

1998 4353 2148 4391 mum
2177 4351 2411 4391 υτον-εφη
2463 4351 2634 4388 unam
2663 4340 2712 4388 et
2741 4339 2859 4404 post
2907 4335 3238 4403 baptismum
3266 4333 3441 4387 aliam
3471 4331 3574 4386 ha-

2000 4409 2200 4463 buerit.
2234 4409 2314 4462 Ea:
2343 4407 2552 4462 decreto
2600 4406 2908 4460 Innocentii
2953 4420 3127 4476 papae,
3173 4421 3289 4476 cap.
3322 4405 3356 4458 2
3385 4405 3572 4474 (epist.

155 4495 437 4550 volumus
471 4498 534 4548 ut
564 4497 664 4548 tua
712 4494 1044 4550 fraternitas
1098 4496 1169 4551 ab
1214 4496 1557 4567 hujusmodi
1591 4515 1652 4553 se
1683 4477 1816 4570 que-

1997 4481 2118 4534 Ιηη.
2151 4481 2240 4546 22,
2274 4480 2342 4534 ad
2373 4479 2644 4549 episcopos
2675 4477 3042 4548 Macedoniw).

158 4584 283 4639 rela
311 4583 660 4653 suspendat,
693 4588 750 4638 et
795 4582 918 4639 loco
969 4600 1167 4656 quem,
1221 4585 1374 4642 sicut
1422 4586 1822 4657 praediximus,

2004 4587 2162 4658 (Dist.
2195 4587 2284 4652 26,
2332 4601 2378 4640 ε.
2409 4583 2615 4639 Deinde
2670 4584 3004 4655 opponitur).
3065 4582 3283 4638 Deinde
3339 4581 3578 4654 ponitur

160 4690 297 4728 cum
332 4677 437 4728 tua
468 4672 829 4728 conscientia
855 4690 970 4744 quo
1002 4680 1434 4746 congregentur
1458 4677 1652 4748 adepti
1685 4682 1824 4733 sunt
1932 4695 2044 4733 non
2078 4675 2190 4731 dici
2221 4675 2523 4746 digamum
2547 4678 2814 4745 oportere
2839 4671 3576 4744 eum,quicathecumenus

160 4762 447 4827 eos,sicut
480 4777 605 4816 mos
639 4760 767 4830 fuit,
796 4760 970 4816 liceat
1013 4761 1344 4818 convenire.
1381 4763 1494 4819 Hos
1527 4766 1684 4820 enim
1719 4761 1822 4838 qui
1930 4765 2203 4822 habuerit
2228 4769 2404 4836 atque
2426 4762 2692 4819 amiserit
2717 4762 3040 4829 uxorem,si
3063 4765 3192 4832 post
3213 4762 3573 4833 baptismum

159 4868 193 4905 a
223 4849 560 4906 Christiana
608 4849 887 4921 religione
932 4851 1290 4921 discordant,
1345 4856 1818 4924 mansuetudine,

158 4939 548 5009 benignitate,
584 4939 973 5007 admonendo,
1026 4941 1354 5010 suadendo,
1407 4942 1477 4996 ad
1529 4944 1818 5000 unitatem

155 5028 295 5082 ﬁdei
358 5043 596 5082 necesse
652 5032 741 5082 est
799 5044 1176 5099 congregare,
1240 5046 1310 5084 ne
1369 5046 1515 5101 quos
1573 5031 1816 5087 dulcedo

153 5116 613 5187 praedicationis,
648 5121 706 5171 et
754 5122 1080 5187 praeventus
1135 5117 1317 5172 futuri
1357 5119 1579 5188 judicis
1631 5125 1818 5176 terror

155 5207 226 5260 ad
261 5206 618 5260 credendum
666 5205 916 5260 invitare
961 5211 1211 5278 poterat,
1248 5207 1425 5262 minis
1474 5213 1530 5264 et
1579 5212 1815 5265 terrori-

154 5295 270 5350 bus
323 5293 701 5365 repellantur.
750 5294 991 5365 Oportet
1046 5313 1180 5367 ergo
1222 5301 1287 5351 ut
1334 5298 1404 5351 ad
1455 5297 1814 5356 audiendum

155 5385 228 5438 de
288 5387 346 5438 te
409 5383 652 5438 Verbum
713 5383 811 5438 Dei
879 5384 1131 5456 benigne
1206 5387 1572 5455 conveniant,
1635 5406 1812 5459 quam

153 5471 508 5528 auctoritate
539 5487 666 5544 quae
700 5474 1126 5549 supramodum
1159 5475 1507 5546 extenditur,
1543 5493 1815 5551 expaves-

155 5566 313 5618 cant.

1931 4857 2106 4911 aliam
2138 4855 2381 4910 sortitus
2413 4858 2520 4921 est,
2554 4853 2693 4923 quia
2721 4851 2868 4907 illud
2915 4851 3252 4922 conjugium
3301 4868 3402 4922 per
3431 4852 3574 4922 bap-

1927 4945 2089 5000 tismi
2136 4946 2574 4998 sacramentum
2633 4957 2766 4996 cum
2827 4941 3051 4996 caeteris
3107 4939 3454 4996 criminibus
3497 4940 3577 4996 sit

1929 5033 2386 5096 ablutum.0uod
2422 5047 2552 5086 cum
2585 5032 2654 5086 de
2687 5047 2804 5086 una
2834 5030 3039 5101 utique
3070 5030 3304 5097 dicitur,
3338 5035 3491 5085 certe
3524 5030 3573 5084 si

1927 5129 2044 5179 tres
2074 5120 2348 5177 habuerit
2377 5122 2435 5174 in
2467 5119 2644 5175 veteri
2680 5120 2907 5191 positus
2940 5119 3176 5175 homine
3203 5136 3432 5184 uxores,
3465 5121 3576 5174 erit

1926 5229 1992 5267 ea
2023 5227 2152 5283 quae
2183 5214 2314 5281 post
2341 5207 2697 5279 baptismum
2725 5213 2935 5279 quarta
2957 5208 3157 5277 est,sic
3188 5207 3571 5279 interpretan-

1923 5301 2104 5366 tibus,
2137 5299 2346 5371 prima.
2378 5297 2636 5370 Virginis
2666 5314 2829 5368 teque
2881 5314 3093 5353 nomen
3146 5298 3412 5368 accipiet,
3444 5313 3569 5367 qua:

1924 5394 2136 5461 quarto
2167 5389 2344 5443 ducta
2374 5391 2462 5442 est
2492 5386 2638 5442 loco.
2674 5386 2839 5456 Quis,
2871 5404 2991 5455 oro,
3024 5388 3178 5442 istud
3216 5404 3330 5442 non
3380 5385 3572 5439 videat

1923 5483 2121 5536 contra
2147 5476 2410 5550 Apostoli
2429 5493 2555 5533 esse
2578 5478 3062 5549 praeceptum,qui
3084 5478 3356 5540 ait,unius
3378 5475 3570 5530 uxoris

1919 5571 2103 5626 virum
2162 5571 2428 5639 oportere
2487 5565 2609 5621 ﬁeri
2666 5563 3095 5623 sacerdotem?
3152 5565 3199 5637 (Ι
3256 5566 3391 5622 Tim.
3455 5565 3560 5638 ιιι).
