3970 6058
384 207 490 263 127

1468 209 1535 259 D.
1579 203 1821 259 IVONIS
1857 200 2356 258 CARNOTENSIS
2393 203 2713 259 EPISCOPI

3705 204 3815 258 128

388 330 502 387 Sed
535 328 833 399 objicitur,
865 329 1019 399 quod
1064 327 1124 383 in
1172 328 1465 400 baptismo
1514 330 1699 382 totum
1749 324 2036 396 quidquid
2067 325 2122 391 Α
2152 325 2308 381 intra
2351 327 2610 382 Africam
2668 324 3063 396 rebaptizatos
3122 324 3299 380 etiam
3352 325 3662 399 episcopos
3720 328 3814 385 vel

393 420 453 473 in
487 418 668 473 veteri
714 417 951 472 homine
997 423 1230 489 gestum
1283 422 1373 472 est
1419 416 1496 471 sit
1544 415 1821 470 solutum.
1856 411 2042 467 Dicite

391 508 539 562 mihi
570 507 727 577 (cum
760 524 898 577 pace
926 512 1122 562 vestra
1172 506 1397 576 loquar)
1428 504 1678 559 crimina
1720 507 1950 558 tantum
1982 501 2039 555 in

389 597 685 667 baptismo
732 594 1131 663 dimittuntur,
1164 611 1236 648 an
1287 598 1341 649 et
1389 591 1491 647 illa
1539 609 1666 663 quae
1714 592 2040 647 secundum

386 685 621 741 Domini
653 688 936 755 praecepta
963 700 1029 737 ac
1065 682 1290 737 Domini
1324 683 1596 737 instituta
1626 680 2044 752 complentur?

387 774 635 829 Uxorem
670 773 883 827 ducere
913 772 1134 826 crimen
1166 776 1275 841 est,
1308 788 1380 826 an
1418 788 1532 826 non
1566 777 1655 826 est
1686 769 1951 825 crimen?
1982 768 2041 823 Si

392 865 617 920 crimen
649 869 759 932 est,
794 878 928 933 ergo
978 867 1184 917 auctor
1231 864 1343 918 erit
1373 862 1429 916 in
1481 862 1676 933 culpa,
1706 860 1805 932 qui
1835 864 1899 914 ut
1928 859 2042 913 cri-

391 953 554 1009 mina
601 952 1134 1020 committerentur,
1167 952 1226 1006 in
1277 952 1549 1024 paradiso
1598 968 1732 1006 cum
1778 951 1899 1020 ipse
1944 964 2045 1004 eos

380 1044 677 1113 jungeret,
710 1039 1008 1095 benedixit
1053 1039 1205 1110 (Gen.
1238 1044 1322 1108 ιι).
1355 1040 1413 1095 8i
1456 1057 1591 1096 vero
1623 1057 1738 1095 non
1788 1043 1877 1094 est
1928 1036 2045 1092 cri-

392 1147 548 1197 men,
582 1127 723 1200 quia
752 1128 907 1197 quod
942 1129 1095 1183 Deus
1136 1129 1336 1199 junxit
1363 1128 1571 1198 (Matth.
1603 1128 1742 1198 xix),
1776 1127 1941 1181 nefas
1970 1126 2047 1180 sit

388 1218 605 1273 crimen
659 1216 967 1288 appellari,
1015 1224 1072 1273 et
1120 1216 1395 1273 Salomon
1442 1218 1717 1283 addidit;
1764 1215 1979 1271 etenim
2012 1231 2046 1268 a

387 1307 505 1362 Deo
548 1311 910 1377 praeparatur
961 1308 1082 1361 viro
1134 1323 1280 1362 uxor
1327 1309 1523 1379 (Prov.
1551 1310 1669 1374 xix)
1704 1324 1716 1361 :
1750 1305 2044 1377 quomodo

388 1396 647 1451 creditur
689 1396 842 1449 inter
894 1394 1143 1450 crimina
1181 1412 1310 1451 esse
1344 1397 1683 1461 dimissum,
1718 1394 1874 1466 quod
1928 1392 2043 1447 Deo

389 1489 625 1539 auctore
671 1482 888 1555 legitur
937 1488 1416 1539 consummatum
1444 1487 1465 1539 P
1489 1484 1637 1549 Quid
1687 1484 1758 1537 de
1790 1481 1927 1536 ﬁliis
1959 1486 2044 1535 ta-

387 1573 537 1627 lium
574 1573 998 1644 percensetur?
1030 1572 1307 1644 Nunquid
1341 1590 1455 1628 non
1488 1576 1663 1628 erunt
1692 1568 2044 1627 admittendi

2149 415 2540 485 presbyteros,
2596 415 2994 485 diaconosque
3053 414 3476 485 cognovimus;
3528 432 3654 487 quae
3714 435 3818 473 res

2150 503 2276 558 sine
2325 504 2503 559 dubio
2560 504 2631 559 ad
2692 507 2901 559 vestrae
2931 518 3161 573 quoque
3218 504 3480 574 pervenit
3533 506 3812 561 notitiam

2151 593 2773 665 sanctitatis.qualiter
2800 594 2860 649 in
2891 594 3185 648 Africanis
3216 595 3558 665 regionibus
3588 596 3817 651 astutia

2151 682 2366 737 diaboli
2395 684 2647 738 saevierit
2679 684 2735 737 in
2770 682 3051 754 populum
3087 683 3511 753 Christianum,
3537 689 3717 755 atque
3752 684 3814 739 in

2152 771 2210 826 id
2244 771 2555 843 multiplici
2605 772 2944 843 deceptione
2993 772 3346 843 proruperit,
3380 778 3445 828 ut
3474 790 3589 829 non
3632 774 3815 829 modo

2150 860 2365 931 vulgus
2397 861 2723 927 incautum,
2756 861 2855 915 sed
2890 860 3065 915 etiam
3100 861 3260 932 ipsos
3306 862 3363 915 in
3412 864 3620 918 mortis
3672 879 3817 934 pro-

2152 949 2336 1004 funda
2380 949 2726 1005 demerserit
2774 950 3131 1015 sacerdotes,
3163 954 3229 1003 ut
3269 950 3469 1006 nullus
3499 952 3664 1007 orbis
3696 967 3820 1005 non

2153 1038 2526 1109 ingemuerit,
2559 1038 2722 1093 nulla
2765 1044 2919 1093 terra
2948 1038 3275 1094 nesciverit.
3312 1039 3476 1095 Unde
3507 1041 3565 1094 in
3598 1040 3822 1111 grandi

2154 1144 2400 1183 mcerore
2432 1127 2626 1199 positi,
2659 1126 3038 1182 dissimulare
3073 1144 3185 1182 non
3220 1144 3538 1198 possumus
3568 1144 3824 1200 pereun-

2152 1217 2325 1285 tium,
2357 1222 2534 1287 atque
2564 1216 2735 1271 nobis
2765 1216 3185 1288 exigendarum
3228 1216 3544 1273 discrimen
3578 1218 3823 1274 anima-

2154 1321 2306 1359 rum.
2341 1307 2709 1375 Quapropter
2736 1309 3075 1375 competens
3106 1304 3438 1360 adhibenda
3467 1311 3557 1361 est
3586 1305 3821 1362 talibus

2154 1393 2381 1449 medela
2412 1392 2775 1461 vulneribus,
2810 1409 2881 1447 ne
2911 1392 3154 1448 curandi
3186 1394 3506 1450 immatura
3536 1394 3823 1461 facilitas,

2155 1482 2455 1537 mortifera
2506 1483 2697 1554 captis
2744 1486 2909 1553 peste
2959 1481 3107 1537 nihil
3157 1483 3389 1554 prosit:
3424 1485 3524 1539 sed
3570 1484 3826 1556 segnius

2153 1577 2341 1627 tracta
2369 1572 2657 1644 pernicies
2692 1576 2854 1627 reatu
2892 1587 3011 1626 non
3062 1571 3337 1643 legitima:
3363 1573 3690 1629 curationis
3722 1574 3818 1628 in-

390 1662 451 1718 in
483 1660 843 1717 hereditatis
874 1662 1373 1733 consortium,qui
1401 1679 1466 1717 ex
1497 1678 1565 1717 ea
1595 1659 1855 1732 suscepti
1883 1661 2042 1725 sunt,
2072 1697 2122 1761 B
2152 1661 2345 1716 volvat
2365 1661 2655 1716 sauciatos
2689 1660 2909 1731 pariter
2939 1665 2996 1715 et
3028 1662 3346 1717 medentes.
3366 1665 3429 1717 In
3464 1662 3676 1734 primis
3708 1664 3823 1718 ita-

389 1767 518 1822 que:
543 1755 683 1805 ante
706 1750 1069 1821 baptismum
1093 1750 1202 1805 fuit
1226 1768 1370 1805 uxor
1388 1751 1415 1805 ?
1436 1754 1730 1821 eruntque
1753 1747 2047 1821 appellan-

393 1840 474 1910 di,
507 1839 589 1895 vel
641 1838 961 1909 naturales,
990 1839 1081 1895 vel
1133 1840 1340 1911 spurii,
1374 1840 1514 1912 quia
1562 1856 1677 1894 non
1725 1844 1816 1894 est
1862 1837 2050 1908 legiti-

392 1944 558 1983 mum
592 1928 1059 1995 matrimonium,
1095 1929 1209 1983 nisi
1264 1928 1434 1996 illud,
1472 1934 1537 1983 ut
1581 1928 1746 1983 vobis
1800 1927 2049 1995 videtur,

394 2018 546 2089 quod
584 2024 713 2088 post
762 2018 1121 2087 baptismum
1176 2018 1546 2073 assumitur?
1591 2018 1720 2089 Ipse
1766 2016 2049 2071 Dominus

398 2122 534 2161 cum
592 2106 1051 2177 interrogaretur
1080 2125 1113 2161 a
1158 2105 1400 2176 Judaeis,
1434 2106 1482 2161 si
1530 2106 1729 2161 liceret
1778 2105 2053 2159 dimittere

398 2210 633 2250 uxorem
663 2194 872 2264 (Matth.
904 2196 1047 2267 nx),
1082 2200 1253 2266 atque
1304 2199 1615 2267 exponeret
1643 2194 1767 2249 ﬁeri
1803 2211 1918 2249 non
1951 2193 2050 2247 de-

404 2283 561 2353 bere,
594 2283 822 2338 addidit
856 2302 868 2339 :
901 2283 1057 2353 Quod
1086 2299 1219 2339 vero
1251 2285 1389 2339 Deus
1418 2284 1729 2354 conjunxit,
1760 2283 1915 2337 homo
1944 2297 2051 2336 non

404 2376 623 2443 separet
649 2372 856 2443 (ibid).
890 2379 971 2428 Ac
1022 2389 1092 2428 ne
1122 2373 1193 2427 de
1222 2372 1315 2428 his
1365 2372 1597 2428 locutus
1626 2388 1755 2427 esse
1786 2372 2056 2426 credatur

407 2479 539 2534 quae
587 2466 722 2533 post
766 2462 1129 2533 baptismum
1180 2462 1530 2532 sortiuntur,
1564 2461 1900 2516 meminerit
1949 2460 2057 2514 hoc

401 2566 536 2606 vere
566 2556 624 2606 et
652 2568 687 2606 a
714 2549 932 2605 Judaais
964 2550 1389 2622 interrogatum
1411 2566 1560 2619 esse,
1593 2554 1649 2605 et
1676 2550 1899 2605 Judaeis
1930 2565 2058 2604 esse

402 2655 777 2712 responsum.
811 2640 1011 2705 Quaero
1043 2656 1199 2709 vero,
1233 2648 1287 2695 et
1318 2639 1610 2695 sollicitus
1639 2639 1910 2710 quaera,si
1943 2655 2059 2693 una

400 2730 727 2800 eademque
777 2728 853 2783 sit
884 2746 1029 2783 uxor
1074 2729 1204 2799 ejus
1252 2729 1351 2799 qui
1399 2734 1533 2783 ante
1582 2729 2055 2794 cathecumenus,

406 2820 609 2887 postea
639 2816 831 2871 ﬁdelis
872 2816 969 2887 sit,
1005 2816 1276 2887 ﬁliosque
1322 2833 1392 2873 ex
1421 2834 1487 2872 ea
1518 2833 1651 2872 cum
1684 2821 1839 2873 esset
1869 2817 2060 2872 cathe-

406 2920 694 2959 cumenus
743 2905 1088 2976 susceperit,
1130 2922 1197 2960 ac
1229 2910 1430 2977 postea
1473 2906 1617 2961 alios
1668 2922 1797 2961 cum
1846 2904 2057 2975 ﬁdelis,

410 3000 611 3048 utrum
672 2991 787 3048 sint
840 2994 1055 3048 fratres
1110 2993 1465 3065 appellandi,
1500 3010 1716 3049 annon.
1752 2994 2061 3049 Habebunt

2157 1768 2271 1822 que
2300 1750 2587 1805 venientis
2618 1751 2690 1805 ad
2724 1766 2831 1805 nos
2861 1755 2920 1805 et
2950 1750 3276 1805 remedium
3312 1750 3827 1822 postulantis,sol-

2158 1840 2316 1897 licite
2347 1839 2715 1895 discutienda
2746 1844 2836 1895 est
2886 1840 3171 1910 professio
3204 1846 3261 1894 et
3293 1857 3541 1911 persona
3568 1840 3826 1912 decepti,

2160 1934 2224 1985 ut
2256 1928 2481 1984 medela
2513 1929 2698 1999 possit
2728 1943 3059 1999 congruens
3104 1928 3385 1997 exhiberi,
3418 1935 3475 1984 et
3506 1930 3605 2000 qui
3639 1930 3829 1985 satis-

2160 2019 2424 2074 facturus
2456 2017 2570 2072 Deo
2604 2033 2707 2088 per
2735 2016 3142 2087 paenitentiam
3194 2017 3619 2089 rebaptizatum
3653 2034 3717 2073 se
3746 2017 3834 2072 le-

2161 2107 2367 2179 gitime
2398 2105 2670 2173 doluerit,
2704 2110 2902 2159 utrum
2932 2105 3003 2159 ad
3037 2104 3145 2159 hoc
3177 2106 3406 2161 facinus
3438 2108 3830 2176 concurrerit,

2164 2213 2234 2251 an
2269 2194 2563 2265 impulsus
2593 2194 2903 2249 accesserit
2950 2194 3304 2265 requiratur,
3342 2195 3535 2251 sciens
3570 2197 3725 2268 quod
3764 2213 3833 2251 se

2163 2284 2415 2355 decipiat
2443 2284 2568 2355 ipse
2599 2284 2697 2355 qui
2733 2282 2903 2353 fallit,
2934 2282 3198 2353 nihilque
3248 2301 3352 2355 per
3383 2290 3644 2340 nostram
3681 2284 3831 2340 faci-

2164 2374 2387 2430 litatem
2432 2371 2741 2428 tribunalis
2787 2369 3251 2443 excelsijudicio
3301 2374 3567 2445 derogari
3596 2373 3687 2429 cui
3720 2372 3833 2429 illa

2166 2470 2299 2519 sunt
2330 2467 2475 2528 rata,
2509 2478 2635 2532 quae
2686 2460 2803 2532 pia,
2836 2477 2964 2531 quae
3014 2477 3169 2527 vera,
3202 2478 3328 2532 quas
3354 2462 3521 2533 justa
3551 2467 3733 2533 sunt;
3767 2467 3834 2519 et

2166 2553 2335 2608 aliter
2365 2550 2704 2618 necessitas,
2725 2549 2895 2605 aliter
2926 2551 3234 2606 tractanda
3255 2558 3344 2607 est
3375 2552 3522 2607 ratio
3553 2554 3833 2607 volunta-

2166 2642 2243 2697 tis
2278 2658 2291 2696 :
2326 2638 2579 2695 deterior
2607 2643 2696 2694 est
2718 2643 2913 2693 autem
2947 2654 3127 2693 causa
3156 2637 3605 2710 illius,quil‘orte
3636 2640 3833 2712 pretio

2167 2730 2516 2786 sollicitatus
2547 2732 2638 2783 est
2668 2734 2732 2782 ut
2782 2727 3017 2796 periret.
3048 2727 3206 2782 Nihil
3252 2728 3605 2784 intentatum
3654 2729 3826 2785 enim

2168 2820 2404 2890 reliquit
2426 2816 2723 2883 inimicus,
2757 2816 2849 2871 cui
2873 2832 2945 2870 ne
2976 2816 3047 2872 de
3077 2832 3185 2871 sua
3214 2815 3386 2871 liceat
3405 2817 3658 2888 gaudere
3689 2833 3832 2888 cap-

2168 2914 2321 2975 tura,
2355 2906 2820 2963 succurrendum
2875 2908 2965 2959 est
3019 2904 3284 2971 irretitis,
3314 2910 3373 2961 et
3432 2907 3834 2962 conterendus

2169 3002 2258 3053 est
2288 2996 2554 3052 venantis
2608 2994 2879 3065 laqueus,
2912 2997 2977 3048 ut
3024 2992 3352 3049 infucatum
3385 2994 3511 3050 sine
3561 2994 3694 3049 dolo
3746 2993 3835 3049 la-

405 3085 611 3153 postea
636 3081 910 3137 defuncto
929 3086 1093 3153 patre
1123 3061 1255 3137 cum
1288 3083 1515 3138 caeteris
1546 3082 1902 3138 hereditatis
1933 3082 2061 3138 her-
2088 3061 2131 3129 (ἶ
2173 3085 2571 3143 mentantibus
2628 3061 2862 3155 lapsum
2922 3088 3044 3138 tam
3102 3083 3343 3153 iustitiae
3408 3083 3832 3150 moderatione,

402 3170 697 3226 ciscundaa
728 3171 1335 3243 consortium,quibus
1367 3171 1624 3227 ﬁliorum
1657 3188 1866 3228 nomen
1902 3188 2059 3244 rege-

404 3260 630 3316 neratio
680 3260 1006 3332 spiritualis
1055 3262 1313 3316 creditur
1362 3261 1698 3318 abstulisse.
1730 3261 1891 3326 Quod
1924 3277 2058 3317 cum

409 3350 492 3405 ita
520 3350 735 3405 sentire
780 3354 955 3421 atque
978 3350 1246 3420 judicare
1294 3350 1619 3406 absurdum
1664 3356 1772 3419 est,
1808 3368 1934 3422 qum
1967 3368 2059 3406 ra-

408 3440 491 3494 tio
524 3444 633 3505 est,
665 3439 775 3495 hoc
807 3439 1029 3495 malum
1059 3440 1377 3507 defendi,et
1408 3456 1587 3495 vacua
1618 3441 1805 3513 magis
1836 3441 2060 3512 opinio-

409 3543 481 3581 ne
503 3526 738 3597 jactari,
772 3544 949 3600 quam
980 3528 1181 3600 aliqua
1208 3529 1554 3584 auctoritate
1585 3528 1844 3585 roborari
1868 3529 1895 3583 ?
1926 3546 2061 3584 cum

414 3630 533 3670 non
567 3616 753 3686 possit
795 3616 950 3672 inter
978 3623 1217 3690 peccata
1266 3619 1557 3690 deputari,
1590 3619 1747 3690 quod
1796 3617 1886 3673 lex
1912 3635 2062 3690 prae-

412 3704 566 3775 cepit
597 3709 652 3760 et
687 3706 835 3762 Deus
870 3707 1187 3778 conjunxit.
1234 3707 1510 3779 Nunquid
1545 3708 1593 3764 si
1627 3708 1760 3779 quis
1790 3706 2063 3763 catechu-

414 3810 626 3850 menus
660 3795 979 3851 virtutibus
1027 3796 1341 3864 studuerit,
1374 3796 1765 3852 humilitatem
1826 3800 2063 3852 secutus

415 3883 611 3951 fuerit,
664 3884 1003 3954 patientiam
1062 3887 1342 3949 tenuerit,
1389 3885 1785 3957 eleemosynas
1843 3886 2062 3956 fecerit,

416 3972 593 4027 morti
624 3972 951 4028 destinatos
980 3972 1240 4043 qualibet
1266 3972 1489 4028 ratione
1518 3974 1816 4045 eripuerit,
1837 3975 2065 4029 castita-

2170 3192 2348 3246 quam
2381 3171 2831 3244 compunctione
2863 3171 3096 3243 pietatis
3143 3172 3214 3227 ad
3247 3171 3443 3228 aulam
3478 3188 3651 3242 quam
3683 3172 3833 3227 reli-

2171 3268 2440 3337 querant,
2476 3262 2553 3318 sit
2598 3261 2923 3333 ingressus.
2966 3261 3081 3317 Nec
3140 3262 3361 3334 pudeat
3416 3262 3663 3317 forsitan
3722 3266 3833 3318 aut

2170 3352 2447 3425 pigeat,in
2481 3350 2654 3405 dictis
2677 3350 3040 3419 jejuniorum
3071 3350 3521 3421 gemituumque
3548 3350 3833 3421 tempori-

2170 3444 2282 3499 bus
2302 3442 2669 3507 obedire,aut
2687 3438 2820 3494 aliis
2839 3440 3219 3495 observantiae
3237 3439 3583 3495 salubrioris
3603 3440 3834 3495 obtem-

2172 3547 2373 3604 perare
2406 3528 2876 3601 praeceptis,quia
2906 3528 3236 3584 humilibus
3268 3529 3442 3583 datur
3472 3530 3681 3601 gratia,
3706 3546 3830 3584 non

2172 3619 2446 3692 superbis
2506 3619 2550 3689 (l
2579 3620 2726 3673 Petr.
2761 3618 2837 3689 v).
2870 3616 2958 3672 Sit
3007 3633 3145 3689 ergo
3204 3617 3391 3673 ruinae
3447 3634 3564 3673 suae
3623 3617 3832 3673 dolore

2172 3706 2801 3783 prostratus,quisquis
2832 3706 2891 3761 in
2922 3706 3150 3763 Christo
3185 3707 3305 3762 ﬁeri
3338 3708 3544 3778 quaerit
3572 3706 3832 3774 electus;

2172 3805 2229 3857 et
2258 3817 2359 3872 per
2389 3795 2848 3869 dispensationis
2886 3800 3100 3852 nostra:
3123 3796 3516 3852 ministerium
3546 3796 3699 3866 quod
3731 3811 3836 3851 ve-

2175 3896 2357 3945 stram
2392 3885 2557 3958 sequi
2590 3884 2863 3940 convenit
2893 3885 3381 3954 charitatem,nec
3412 3884 3589 3940 alicui
3621 3886 3705 3940 fas
3739 3890 3838 3940 est

2172 3978 2259 4033 vel
2295 3976 2461 4041 velle,
2491 3974 2578 4029 vel
2610 3990 2779 4045 posse
2811 3976 3222 4030 transcendere
3271 3990 3510 4031 causam
3541 3974 3692 4044 ejus,
3726 3974 3835 4044 qui

416 4064 535 4117 tem
578 4062 915 4129 servaverit,
964 4079 1161 4134 quaero
1195 4063 1244 4118 si
1294 4062 1414 4117 hac
1464 4076 1622 4133 (cum
1674 4064 1861 4117 factus
1893 4064 2069 4118 fuerit
2175 4071 2377 4123 contra
2409 4063 2791 4136 apostolicam
2852 4064 3205 4133 doctrinam,
3236 4063 3603 4119 iterationem
3638 4062 3837 4118 infau-

417 4152 632 4223 ﬁdelis)
664 4152 903 4221 amittit,
953 4152 1093 4224 quia
1136 4168 1238 4225 per
1268 4152 1629 4225 baptismum
1679 4156 1866 4207 totum
1909 4152 2066 4224 quod
2175 4161 2328 4212 stam
2363 4151 2739 4225 baptismatis
2770 4152 2972 4221 dedit;
3006 4155 3095 4208 vel
3128 4153 3259 4224 ejus
3288 4152 3387 4224 qui
3417 4151 3709 4223 aliquibus
3738 4168 3837 4206 ar-

416 4245 583 4296 vetus
629 4241 799 4297 homo
831 4240 1079 4313 gesserit
1123 4245 1364 4313 putatur
1408 4240 1669 4296 auferri?
1698 4240 2067 4312 Aspiciamus
2176 4243 2477 4317 gementis
2510 4242 2910 4297 excusandum
2944 4241 3154 4297 callide
3204 4241 3506 4313 proprium
3540 4241 3842 4313 putaverit

416 4327 693 4398 gentilem
728 4329 1027 4385 hominem
1061 4329 1395 4387 Cornelium
1446 4330 1811 4385 orationibus
1842 4335 1897 4385 et
1918 4330 2065 4386 elee-
2177 4350 2305 4391 esse
2338 4348 2731 4398 consensum;
2766 4331 3117 4387 sacerdotali
3150 4330 3346 4403 vigore
3376 4336 3434 4386 et
3463 4330 3841 4385 humanitate

416 4416 678 4488 mosynis
710 4417 943 4474 Petrum
975 4418 1171 4490 ipsum
1205 4419 1555 4476 revelatione
1588 4418 1803 4475 vidisse
1834 4419 2061 4490 (Λαίδι).
2097 4435 2145 4500 D
2175 4426 2519 4491 tractemus,
2554 4425 2618 4476 ut
2647 4421 2775 4490 ejus
2808 4420 2973 4486 ﬁdes,
3008 4437 3133 4491 quae
3185 4420 3299 4475 nisi
3352 4436 3489 4486 una,
3523 4418 3687 4474 nulla
3717 4421 3836 4486 est,

412 4506 689 4578 Nunquid
725 4525 825 4579 per
854 4508 1215 4580 baptismum
1249 4510 1367 4566 haac
1401 4509 1484 4565 illi
1516 4509 1709 4566 ablata
1740 4513 1901 4579 sunt,
1934 4526 2066 4581 pro-

412 4601 542 4667 pter
571 4613 699 4667 quas
731 4597 781 4652 ei
812 4598 1111 4670 baptisma
1142 4615 1487 4655 concessum
1541 4616 1670 4655 esse
1697 4599 1974 4655 videtur?
2006 4598 2064 4653 Si

416 4684 497 4739 ita
527 4684 802 4753 creditur,
855 4686 999 4741 mihi
1034 4688 1252 4743 credite
1302 4704 1417 4743 non
1452 4688 1750 4743 modicum
1796 4692 2063 4755 erratur;

419 4772 559 4842 quia
602 4773 891 4845 quidquid
943 4775 1087 4830 bene
1118 4781 1349 4847 gestum
1403 4774 1600 4846 fuerit,
1632 4780 1689 4829 et
1740 4777 2067 4831 secundum

418 4868 709 4933 praecepta
738 4862 948 4934 legalia
994 4864 1380 4932 custoditum,
1415 4881 1530 4919 non
1581 4869 1773 4935 potest
1804 4863 2067 4920 facienti-

418 4948 530 5005 bus
587 4951 869 5022 deperire.
904 4952 1255 5024 Nuptiarum
1316 4969 1451 5024 ergo
1511 4953 1721 5025 ecpula
1777 4954 1916 5024 quia
1973 4953 2069 5007 Dei

418 5040 696 5095 mandato
748 5042 1067 5113 perﬁcitur,
1100 5060 1215 5098 non
1270 5046 1459 5115 potest
1490 5042 1603 5097 dici
1654 5048 1983 5114 peccatum,
2015 5047 2071 5097 et

418 5128 572 5199 quod
634 5135 937 5200 peccatum
998 5147 1111 5186 non
1171 5136 1282 5202 est,
1332 5132 1483 5187 inter
1544 5135 1778 5203 peccata
1830 5132 2069 5187 omnino

418 5217 575 5273 credi
606 5235 721 5273 non
755 5219 928 5275 debet
948 5219 1286 5276 dimissum.

416 5326 545 5382 CAP.
576 5325 701 5381 293.
736 5356 804 5365 ——
834 5327 907 5381 De
948 5328 1212 5398 episcopis
1241 5332 1295 5382 et
1338 5326 1677 5398 presbyteris
1724 5329 1773 5381 et
1805 5327 2073 5381 diaconi~

494 5399 591 5540 (ius:
621 5400 995 5541 reb‘azg;zatis.
1029 5400 1110 5454 Ex
1138 5398 1366 5455 decretis
1394 5399 1593 5454 Felicis
1637 5412 1799 5469 papa
1826 5398 1919 5465 Ill,
1951 5414 2069 5470 cap.

577 5487 691 5541 epis
725 5515 737 5527 .
833 5514 846 5528 .

490 5574 833 5637 Communis
866 5577 1030 5637 dolor
1071 5582 1127 5635 et
1168 5577 1459 5651 generalis
1490 5579 1579 5633 est
1605 5574 1887 5649 gemitus,
1920 5577 2071 5648 quod

2177 4510 2467 4582 adjutorio
2518 4508 2747 4564 Domini
2773 4508 3013 4579 judicis,
3049 4509 3120 4564 ad
3171 4509 3425 4564 salutem
3458 4507 3587 4563 sine
3618 4510 3837 4562 nostra

2175 4598 2603 4673 properationis
2627 4598 3278 4669 oﬁ‘ensione,reparetur
3305 4615 3319 4664 ;
3352 4597 3515 4668 quia,
3533 4612 3665 4652 cum
3701 4611 3840 4667 pec-

2177 4688 2392 4744 catoris
2425 4704 2457 4741 a
2486 4686 2657 4741 nobis
2686 4686 3010 4742 satisfactio
3061 4686 3442 4758 protrahitur,
3477 4701 3593 4740 non
3625 4689 3842 4755 praeter

2179 4782 2444 4832 nostram
2476 4775 2710 4830 laudem
2744 4779 2921 4846 atque
2951 4774 3213 4829 laatitiam
3266 4791 3434 4829 mens
3465 4775 3595 4844 ejus
3626 4773 3696 4828 ad
3731 4789 3837 4827 ve-

2179 4866 2339 4921 niam
2373 4864 2674 4936 purgatior
2704 4863 3021 4930 invenitur,
3042 4868 3098 4918 et
3119 4863 3248 4918 ideo
3270 4861 3657 4917 memineritis
3683 4859 3842 4916 hanc

2181 4970 2359 5026 super
2382 4954 2474 5008 his
2499 4970 2603 5007 nos
2637 4952 2851 5007 habere
2883 4952 3333 5019 sententiam,ut
3362 4955 3590 5006 servata
3619 4950 3842 5004 discre-

2178 5046 2336 5098 tione
2367 5042 2735 5114 peccantium
2769 5058 2884 5096 non
2917 5041 3116 5096 eadem
3152 5040 3344 5095 cuncti
3382 5039 3481 5109 qui
3514 5038 3661 5109 lapsi
3696 5042 3845 5092 sunt

2179 5132 2347 5187 lance
2378 5136 2701 5203 pensantur
2728 5148 2740 5187 :
2772 5131 2925 5201 quod
2946 5131 3152 5200 majori
3185 5128 3578 5200 castigatione
3611 5131 3701 5183 est
3720 5126 3843 5182 exi-

2181 5222 2436 5293 gendum
2465 5224 2697 5288 ;nostra
2719 5220 2811 5274 cui
2850 5221 2908 5274 in
2935 5219 3176 5275 Domino
3202 5218 3523 5274 commissa
3544 5215 3717 5271 fuerit
3746 5216 3843 5270 di-

2183 5309 2453 5381 sciplina.
2491 5314 2567 5365 De
2591 5325 2763 5378 con:.,
2795 5308 2924 5364 dist.
2959 5310 3013 5374 4,
3045 5325 3091 5363 c.
3126 5312 3239 5363 Eos
3290 5308 3465 5378 quos).
3499 5309 3573 5362 Ut
3602 5321 3738 5377 ergo
3771 5304 3849 5361 ab

2182 5398 2439 5455 ecclesias
2464 5398 2911 5455 summitatibus
2942 5397 3417 5463 inchoemus,eos
3439 5412 3589 5468 quos
3612 5394 3851 5466 episco-

2183 5488 2404 5559 pos,vel
2431 5488 2932 5560 presbyteros,aut
2960 5487 3240 5543 diaconos
3274 5485 3460 5541 fuisse
3488 5483 3846 5554 constiterit,

2184 5583 2239 5631 et
2270 5593 2372 5632 seu
2404 5580 2676 5649 optantes
2716 5575 2987 5648 forsitan,
3020 5592 3121 5632 seu
3156 5579 3385 5631 coactos
3434 5572 3645 5630 lavacri
3676 5571 3841 5632 illius
