3982 6060
120 340 231 398 129

1202 328 1512 383 DECRETI
1550 327 1736 381 PARS
1770 328 1816 379 1.
1850 352 1918 364 —
1945 327 2042 379 DE
2080 325 2271 392 FIDE,
2311 324 2469 377 aro.

3436 317 3538 374 130

118 467 281 524 unici
302 455 1603 534 salutarisqucclarusritfecissejacturam,et
1617 449 1777 507 Chri-
1806 451 1862 519 Α
1890 448 2145 505 diximus
2173 466 2186 504 :
2220 452 2480 513 caeteros,
2507 446 2563 502 id
2611 450 2701 502 est
2729 445 2849 504 sive
2887 445 3152 516 clericos,
3183 446 3302 500 sive
3330 443 3536 517 laicos,

121 562 307 625 stum,
332 570 511 627 quem
532 569 649 608 non
675 549 867 606 solum
890 549 1043 603 dono
1068 541 1549 617 regenerationis,
1573 555 1775 595 verum

123 648 302 703 etiam
357 643 549 716 gratia
581 640 837 712 percepti
882 636 1123 692 honoris
1155 634 1489 698 induerant,
1514 629 1774 685 exuisse:

126 752 261 792 cum
292 737 523 790 constet
548 730 843 785 neminem
876 728 942 781 ad
972 724 1289 781 secundam
1323 720 1668 776 tinctiouem
1690 732 1781 770 ve-

128 826 255 881 nire
282 838 475 894 posse,
499 819 615 875 nisi
640 834 701 873 se
728 816 924 889 palam
944 813 1345 870 Christianum
1376 806 1695 879 negaverit,
1726 807 1784 858 et

130 893 435 985 professus
466 907 643 963 fuerit
663 921 793 961 esse
818 917 1136 975 paganum,
1163 900 1317 972 quod
1343 914 1476 953 cum
1501 893 1784 967 generali-

129 1010 219 1059 ter
246 1004 309 1056 in
343 998 621 1056 omnibus
655 996 733 1051 sit
770 994 1220 1059 exsecrandum,
1271 986 1457 1043 multo
1505 983 1694 1055 magis
1722 981 1785 1035 in

132 1091 455 1164 BpiSOOpls,
489 1083 845 1159 presbyteris
875 1086 934 1138 et
948 1079 1297 1136 diaconibus
1323 1074 1527 1130 auditu
1552 1072 1785 1138 saltem,

134 1189 418 1258 dictuque
450 1184 733 1255 probatur
761 1178 1145 1235 horrendum.
1176 1173 1288 1230 Sed
1322 1171 1462 1243 quia
1494 1170 1651 1224 idem
1675 1168 1786 1222 Do-

134 1256 339 1332 minus
370 1279 545 1345 atque
577 1270 843 1326 Salvator
872 1263 1373 1322 clementissimus
1396 1265 1508 1326 est,
1533 1262 1590 1313 et
1613 1256 1792 1312 nemi-

136 1381 270 1421 nem
301 1362 431 1418 vult
452 1344 662 1433 perire,
698 1373 887 1428 usque
909 1356 981 1411 ad
1005 1354 1197 1409 exitus
1217 1350 1308 1407 sui
1337 1350 1496 1404 diem
1519 1348 1579 1402 in
1612 1344 1792 1418 paeni-

137 1455 321 1511 tentia
346 1451 417 1521 (si
444 1446 820 1521 resipiscant)
837 1446 1031 1516 jacere
1053 1439 1390 1505 conveniet;
1421 1453 1526 1493 nec
1546 1432 1794 1491 orationi

138 1561 254 1600 non
289 1540 467 1597 modo
500 1538 785 1602 fidelium,
819 1534 921 1589 sed
948 1548 1054 1587 nec
1084 1529 1645 1585 catechumenorum
1668 1522 1796 1592 qui-

138 1634 272 1687 dem
306 1625 668 1685 omnimodis
700 1625 1007 1679 interesse.
1040 1620 1266 1683 Quibus
1288 1615 1625 1671 communio
1650 1611 1799 1666 laica

140 1724 200 1777 in
223 1723 413 1777 morte
438 1714 737 1772 reddenda
757 1714 1058 1777 est.Quam
1082 1724 1207 1764 rem
1233 1706 1577 1778 diligentius
1606 1701 1801 1773 explo-

142 1826 274 1866 rare
301 1807 393 1863 vel
426 1809 633 1872 tacere,
666 1799 1063 1875 probatissimi
1098 1796 1420 1853 sacerdotis
1452 1810 1594 1847 cura
1623 1792 1800 1846 debe-

143 1901 257 1955 bit.
290 1898 373 1952 De
405 1892 712 1950 monachis
742 1896 940 1946 autem
974 1892 1031 1943 et
1061 1886 1315 1955 clericis,
1358 1888 1415 1939 et
1448 1881 1660 1954 puellis
1706 1878 1807 1934 Dei

148 1994 257 2044 aut
275 1983 658 2042 saecularibus
686 1979 903 2035 servari
936 1974 1310 2049 praecipimus
1334 1974 1491 2027 hunc
1520 1976 1811 2034 tenorem,

156 2092 336 2149 quem
360 2074 593 2128 Nicaana
623 2069 886 2141 synodus
917 2066 1072 2121 circa
1102 2081 1202 2119 eos
1233 2063 1331 2134 qui
1367 2061 1516 2133 lapsi
1546 2062 1704 2123 sunt,
1726 2056 1812 2111 vel

159 2164 383 2221 fuerint
411 2160 765 2217 servandum
799 2172 929 2211 esse
962 2151 1291 2217 constituit,
1324 2155 1391 2205 ut
1439 2147 1664 2204 scilicet
1713 2145 1813 2217 qui

159 2253 323 2310 nulla
346 2248 721 2314 necessitate,
746 2245 972 2300 nullius
996 2243 1076 2297 rei
1104 2242 1317 2296 timore
1338 2242 1513 2311 atque
1536 2233 1813 2307 periculo,

162 2370 221 2409 se
250 2348 544 2406 haereticis
575 2352 638 2401 ut
667 2343 1108 2414 rebaptizentur
1140 2339 1318 2410 impio
1357 2336 1730 2397 dediderunt,
1766 2331 1817 2387 si

162 2446 358 2497 tamen
390 2453 487 2492 eos
511 2453 579 2491 ex
601 2434 775 2489 corde
799 2431 1101 2503 pceniteat,
1124 2428 1316 2483 tribus
1348 2426 1517 2481 annis
1542 2424 1692 2477 inter
1712 2438 1819 2476 au-

165 2532 396 2585 dientes
417 2525 559 2591 sint,
578 2526 799 2594 septem
825 2536 956 2575 vero
973 2518 1147 2573 annis
1170 2516 1515 2585 subjaceant
1536 2513 1689 2566 inter
1702 2526 1819 2581 ρω-

163 2618 420 2674 nitentes
445 2612 721 2669 manibus
752 2609 1149 2677 sacerdotum,
1180 2605 1411 2660 duobus
1442 2604 1617 2658 etiam
1651 2598 1822 2654 annis

165 2706 492 2763 oblationes
522 2700 799 2756 omnibus
821 2697 1012 2751 modis
1038 2710 1151 2751 non
1174 2694 1450 2748 sinantur
1469 2689 1693 2752 oil‘erre,
1719 2686 1822 2741 sed

161 2793 579 2853 tantummodo
599 2807 631 2845 a
650 2780 1466 2861 popularibus[saecularibus]
1485 2779 1543 2832 in
1563 2776 1825 2833 oratione

169 2885 509 2948 socientur;
541 2896 647 2934 nec
685 2876 1081 2933 confundatur
1111 2873 1229 2927 Deo
1273 2869 1421 2925 colla
1452 2866 1828 2942 submittere,

166 2984 272 3058 qui
296 2998 431 3038 eum
452 2995 571 3034 non
598 2976 799 3033 timuit
835 2976 1145 3045 abnegare.
1170 2970 1332 3036 Quod
1367 2968 1414 3023 si
1438 2970 1640 3038 utpote
1671 2980 1824 3019 mor-

166 3052 319 3128 tales
349 3071 505 3125 inter
538 3070 722 3122 metas
758 3061 1083 3136 przescripti
1115 3057 1398 3129 temporis
1425 3054 1666 3126 cmperit
1695 3052 1825 3106 vitae

172 3162 307 3217 ﬁnis
339 3173 569 3231 urgere,
598 3152 1061 3211 subveniendum
1093 3154 1182 3205 est
1230 3144 1596 3217 imploranti,
1627 3147 1685 3198 et
1716 3158 1818 3197 seu

170 3252 240 3307 ab
272 3228 547 3321 episcbpo
580 3244 678 3317 qui
713 3240 1115 3316 ptenitentiam
1167 3236 1412 3305 dederit,
1456 3249 1558 3289 seu
1592 3232 1663 3287 ab
1704 3228 1819 3286 alio

173 3341 272 3412 qui
306 3345 503 3393 tamen
528 3336 724 3390 datam
749 3348 878 3388 esse
900 3327 1251 3402 probaverit,
1277 3328 1379 3381 aut
1398 3322 1673 3379 similiter
1695 3334 1823 3392 pre-

170 3432 429 3502 sbytero,
462 3424 740 3479 viaticum
774 3419 1009 3476 abeunti
1042 3419 1112 3472 de
1139 3413 1351 3471 saeculo
1395 3429 1511 3467 non
1554 3414 1821 3482 negetur.

172 3526 380 3583 Pueris
418 3528 615 3579 autem
650 3520 869 3593 quibus
903 3517 1055 3590 quod
1088 3515 1282 3571 adhuc
1315 3512 1373 3566 in
1422 3512 1580 3566 veste
1624 3511 1765 3564 sunt
1795 3523 1828 3561 a

174 3616 435 3690 puritate
455 3609 803 3668 vocabulum
829 3612 939 3673 est,
973 3622 1077 3662 seu
1106 3602 1355 3666 clericis,
1380 3616 1483 3655 seu
1508 3598 1696 3667 laicis,
1730 3599 1831 3651 aut

177 3707 361 3762 etiam
388 3702 685 3758 similibus
707 3696 939 3771 puellis,
967 3695 1183 3767 quibus
1204 3689 1534 3762 ignorantia
1550 3687 1832 3757 suifraga-

177 3801 277 3851 tur
300 3788 865 3862 etatis,aliquandiu
882 3787 990 3841 sub
1017 3779 1622 3852 manusimpositione
1639 3778 1835 3832 deten-

178 3887 277 3951 tis,
300 3881 602 3939 reddenda
622 3876 956 3935 communio
970 3882 1078 3938 est,
1104 3889 1207 3927 nec
1226 3887 1428 3926 eorum
1448 3866 1835 3939 exspectanda

179 3970 706 4046 pmnitentia,quos
727 3965 989 4036 excipite
1005 3960 1356 4018 coercitione
1378 3974 1647 4013 censura.
1672 3956 1836 4018 Quod

181 4044 267 4118 est
301 4078 335 4116 a
366 4058 539 4114 nobis
589 4054 826 4129 provide
876 4051 1289 4113 constitutum,
1322 4064 1392 4103 ne
1423 4047 1482 4100 hi
1528 4045 1745 4117 quibus
1776 4044 1837 4097 in

178 4150 404 4207 terreni
438 4148 565 4203 labe
599 4143 852 4214 contagii
890 4142 1024 4213 plus
1043 4141 1311 4195 minusve
1334 4141 1518 4191 restat
1541 4136 1613 4189 ad
1638 4133 1836 4199 vitam,

181 4252 326 4306 dum
356 4245 551 4301 adhuc
583 4244 642 4298 in
677 4240 1021 4314 poenitentia
1049 4242 1209 4302 sunt,
1242 4232 1647 4306 paenitentiam
1682 4245 1839 4284 com-

184 4339 451 4394 mittant.
484 4334 646 4398 Quod
680 4332 728 4386 si
761 4334 897 4384 ante
919 4326 1273 4399 prmﬁnitum
1301 4332 1529 4392 tempus
1553 4319 1838 4392 pmniten-

183 4426 277 4482 tiae
292 4427 643 4496 desperatus
665 4438 699 4477 a
725 4417 967 4474 medicis
982 4418 1053 4471 ob
1071 4412 1363 4470 evidentia
1382 4411 1585 4465 mortis
1604 4408 1840 4477 indicia,

1890 538 1979 594 vel
2012 538 2333 593 monachos
2366 552 2540 591 sexus
2564 537 2874 607 utriusque
2901 551 3202 608 personas,
3236 550 3384 605 quos
3415 534 3535 591 vio-

1886 627 2069 683 lentia
2101 631 2159 682 et
2190 626 2447 697 periculo
2475 628 2705 680 coactos
2749 624 3113 680 iterationem
3160 624 3537 694 baptismatis

1889 716 2121 772 subisse
2143 716 2488 785 constiterit,
2511 714 2596 769 vel
2619 713 2716 784 qui
2738 713 2935 784 aliquo
2959 714 3133 768 modo
3153 713 3533 784 [commento]

1890 806 2071 875 hujus
2100 822 2163 860 se
2194 804 2470 859 facinoris
2503 801 2749 875 piaculis
2783 802 3034 857 dixerint
3066 818 3184 856 non
3231 802 3439 868 teneri,
3475 801 3535 855 in

1893 894 2232 967 poenitentia
2259 910 2363 965 per
2380 892 2701 947 triennium
2726 891 2938 946 durare
2958 891 3413 958 decernimus,et
3434 906 3538 963 per

1896 1001 2107 1039 manus
2138 982 2576 1054 impositionem
2610 983 2680 1035 ad
2714 981 3054 1036 societatem
3113 979 3293 1051 recipi
3342 996 3541 1034 sacra-

1896 1073 2101 1141 menti,
2135 1072 2234 1127 illo
2266 1089 2369 1144 per
2397 1070 2590 1126 omnia
2620 1069 2934 1136 custodito,
2970 1086 3041 1124 ne
3070 1085 3138 1124 ex
3162 1069 3255 1125 his
3279 1084 3541 1138 unquam

1897 1164 1948 1235 (l
1983 1180 2035 1234 q.
2067 1163 2122 1232 7,
2154 1178 2199 1216 c.
2235 1162 2342 1229 Qui
2370 1163 2431 1216 in
2482 1160 2729 1231 qualibet
2784 1159 2966 1229 etate)
3016 1158 3116 1228 qui
3165 1156 3226 1212 in
3286 1156 3550 1228 qualibet

1900 1256 2068 1307 astate
2096 1250 2233 1305 alibi
2267 1266 2442 1321 quam
2478 1250 2536 1303 in
2569 1247 2812 1303 ecclesia
2842 1246 3125 1302 catholica
3152 1245 3425 1316 baptizati
3449 1248 3551 1299 aut

1902 1340 2243 1411 rebaptizati
2264 1339 2501 1403 sunt,ad
2526 1336 2981 1392 ecclesiasticam
3007 1333 3277 1389 militiam
3309 1350 3552 1405 prorsus

1904 1427 2320 1501 permittontur
2343 1427 2628 1481 accedere.
2654 1424 2878 1489 Quibus
2900 1422 3046 1479 satis
3078 1438 3206 1477 esse
3242 1439 3353 1477 non
3383 1422 3557 1476 debet

1907 1517 2061 1590 quod
2095 1516 2153 1570 in
2186 1514 2619 1570 Catholicorum
2648 1527 2896 1568 numero
2929 1516 3070 1568 sunt
3102 1512 3353 1583 recepti:
3412 1526 3557 1583 quo-

1908 1607 2081 1661 modo
2116 1606 2186 1660 de
2217 1622 2323 1659 suo
2356 1603 2558 1659 ordine
2585 1607 2640 1657 et
2662 1602 3076 1657 communione
3100 1600 3393 1655 videbitur
3415 1600 3564 1655 ferre

1902 1694 2222 1765 judicium,
2257 1691 2526 1764 quisquis
2558 1691 2679 1745 haec
2709 1689 3012 1745 violaverit
3046 1688 3379 1744 antistitum
3412 1708 3428 1757 ;
3473 1692 3562 1747 vel

1912 1784 2011 1854 qui
2038 1799 2151 1837 non
2171 1781 2478 1837 removerit
2494 1797 2650 1849 eum,
2675 1795 2850 1849 quem
2873 1795 2941 1834 ex
2966 1779 3059 1833 his
3077 1780 3148 1833 ad
3169 1778 3567 1834 ministerium

1920 1870 2187 1927 olericale
2217 1870 2550 1941 Obrepsisse
2572 1868 3265 1940 cognoverit.Curandum
3284 1884 3417 1921 vero
3444 1882 3567 1920 ma-

1920 1961 2096 2028 xime,
2122 1964 2179 2015 et
2211 1959 2370 2014 omni
2405 1957 2635 2013 cautela
2690 1962 2780 2012 est
2828 1956 3280 2028 providendum,
3316 1972 3386 2010 ne
3437 1954 3570 2027 quis

1924 2051 2171 2104 fratrum
2225 2047 2822 2118 coepiscoporumque
2869 2051 3228 2111 nostrorum,
3262 2048 3365 2099 aut
3394 2042 3570 2099 etiam

1927 2138 2395 2209 presbyterorum
2430 2134 2487 2189 in
2521 2133 2765 2189 alterius
2797 2134 3047 2203 civitate,
3077 2132 3165 2187 vel
3190 2131 3423 2187 dioecesi
3450 2148 3570 2202 pos-

1926 2224 2327 2291 nitentem,vel
2350 2225 2460 2279 sub
2488 2240 2663 2279 manu
2691 2223 2948 2294 positum
2977 2222 3576 2287 sacerdotis,auteum

1929 2316 2026 2387 qui
2058 2313 2499 2369 reconciliatum
2533 2329 2595 2367 se
2626 2328 2755 2367 esse
2787 2311 3020 2378 dixerit,
3044 2310 3175 2365 sine
3204 2307 3580 2381 episcopi,vel

1929 2403 2252 2476 presbyteri
2282 2400 2621 2457 testimonio
2652 2404 2711 2455 et
2758 2399 2990 2465 litteris,
3048 2403 3150 2453 aut
3196 2398 3253 2452 in
3301 2396 3581 2469 parochia

1933 2492 2255 2565 presbyteri
2282 2494 2383 2546 aut
2404 2490 2716 2561 episcopus
2739 2487 2799 2541 in
2822 2487 3056 2542 civitate
3078 2486 3383 2558 suscipiat.
3417 2485 3581 2549 Quod

1931 2581 2129 2651 aliqua
2159 2578 2536 2635 simulatione
2563 2577 2915 2647 neglectum,
2941 2575 3174 2646 culpam
3199 2575 3387 2645 tangit
3408 2573 3583 2629 etiam

1934 2670 2301 2737 clericorum,
2337 2667 2438 2740 qui
2460 2667 2519 2720 in
2541 2666 2685 2721 locis
2706 2664 2765 2718 in
2799 2664 3017 2735 quibus
3045 2664 3147 2718 hoc
3174 2663 3370 2717 minus
3402 2678 3576 2716 cura-

1936 2764 2062 2814 tum
2085 2758 2277 2823 fuerit,
2300 2755 2872 2811 commorantur.His
2891 2754 3090 2823 itaque
3114 2754 3222 2807 rite
3245 2751 3579 2824 dispositis,

1936 2854 1994 2903 et
2025 2849 2095 2902 ad
2127 2846 2508 2902 ecclesiarum
2539 2849 2874 2899 nostrarum
2906 2842 3173 2896 notitiam
3206 2846 3409 2897 nostra
3438 2838 3586 2894 deli-

1936 2937 2238 2994 beratione
2269 2933 2509 3007 perlatis
2542 2948 2742 3003 parere
2759 2948 2860 2987 vos
2886 2931 3174 2987 convenit.
3202 2929 3425 2993 Quibus
3446 2928 3584 2983 licet

1934 3028 2006 3083 ad
2039 3026 2369 3082 animarum
2401 3023 2830 3094 reparationem
2862 3020 3009 3075 nihil
3042 3020 3245 3075 deesse
3288 3018 3577 3085 videatur,

1934 3122 2132 3172 tamen
2164 3115 2211 3169 si
2236 3113 2325 3168 cui
2354 3112 2575 3183 aliquid
2605 3111 2733 3167 novi
2761 3115 2817 3165 et
2837 3111 2994 3181 quod
3023 3108 3317 3181 praeterire
3339 3124 3444 3163 nos
3477 3126 3581 3180 po-

1852 3188 1895 3255 C
1934 3204 2066 3273 tuit,
2100 3202 2416 3258 revelatum
2450 3200 2643 3263 fuerit,
2676 3198 3002 3254 secundum
3035 3196 3274 3251 beatum
3330 3194 3577 3250 Paulum

1933 3292 2264 3365 apostolum
2295 3292 2525 3344 tacente
2557 3287 2747 3359 priore
2780 3288 2821 3356 (l
2854 3286 2972 3340 Cor.
2999 3283 3112 3355 xw)
3146 3282 3399 3338 ﬁdeliter
3433 3284 3584 3338 insi—

1934 3386 2092 3448 nuet,
2127 3380 2267 3451 quia
2287 3379 2529 3449 Spiritus
2551 3376 2647 3431 ubi
2670 3376 2786 3430 vult
2805 3376 2988 3446 spirat
3019 3373 3197 3440 (Joan.
3232 3371 3580 3441 vm),maxi-

1936 3488 2030 3526 me
2059 3486 2192 3525 cum
2224 3469 2352 3539 ejus
2383 3482 2563 3521 causa
2595 3469 2920 3530 tractatur;
2956 3479 3060 3517 nec
3093 3478 3199 3517 nos
3229 3461 3451 3533 pigebit
3478 3477 3583 3516 au-

1939 3561 2084 3628 dire,
2102 3563 2158 3614 et
2178 3558 2228 3613 si
2251 3574 2366 3628 qua
2392 3553 2766 3610 suntomissa
2792 3568 2906 3606 non
2932 3554 3279 3623 arroganter
3299 3551 3580 3617 abnuere,

1941 3649 2041 3705 sed
2076 3644 2500 3703 rationabiliter
2529 3642 2819 3696 ordinare.
2851 3645 2991 3695 Data
3011 3646 3099 3695 est
3124 3642 3330 3694 Iduum
3351 3639 3590 3695 Martia-

1941 3755 2075 3794 rum
2107 3736 2223 3803 die,
2256 3732 2546 3800 Dinanuo,
2579 3736 2635 3786 et
2662 3729 2883 3784 Sihidio
2918 3746 2971 3783 IV
3002 3745 3155 3784 coss.

1944 3837 2078 3892 CAP.
2107 3834 2233 3889 294.
2266 3862 2334 3872 ——
2366 3833 2437 3886 De
2450 3845 2509 3884 eo
2540 3830 2637 3900 qui
2663 3844 2760 3899 per
2780 3827 3158 3900 ignorantiam
3177 3824 3476 3881 ordinatur
3490 3842 3590 3879 an-

2069 3917 2284 3976 (equam
2315 3899 2640 3972 baptizatur.
2679 3901 2758 3954 Ex
2785 3899 2947 3953 dictis
2980 3899 3182 3953 Isidori
3210 3899 3467 3969 episcopi.

2016 3996 2061 4064 (I
2104 4012 2154 4067 q.
2191 3995 2242 4060 1,
2274 4009 2320 4047 c.
2356 3991 2415 4046 Si
2442 3991 2561 4063 quis
2580 4006 2679 4062 per
2699 3990 3096 4059 ignorantiam;
3121 3986 3243 4041 vide
3263 3987 3331 4040 ib.
3364 3991 3595 4041 adnota-

1947 4086 2194 4151 tionem.)
2212 4082 2266 4137 Si
2292 4081 2426 4152 quis
2441 4077 2942 4151 perignorantiam
2963 4075 3268 4130 ordinatur
3281 4078 3593 4144 antequam

1951 4175 2300 4246 baptizatur,
2332 4173 2548 4227 debent
2579 4172 2648 4224 ab
2682 4186 2748 4224 eo
2782 4165 3057 4237 baptizati
3119 4163 3493 4234 rebaptizari,
3543 4167 3599 4216 et

1950 4267 2075 4336 ipse
2106 4280 2221 4317 non
2254 4261 2577 4328 ordinetur,
2632 4259 2732 4313 sed
2785 4258 2944 4328 (Item
2991 4256 3065 4309 De
3092 4270 3268 4317 c0723.,
3300 4253 3425 4307 dist.
3463 4253 3516 4320 4,
3548 4268 3595 4306 c.

1956 4355 2274 4418 Romanus.)
2300 4350 2602 4404 Romanus
2625 4345 2882 4418 pontifex
2905 4361 3019 4398 non
3048 4343 3347 4397 hominem
3372 4342 3603 4411 judicat

1956 4446 2057 4515 qui
2088 4442 2364 4511 baptizat,
2400 4439 2499 4493 sed
2532 4436 2816 4508 Spiritum
2853 4433 2948 4489 Dei
2982 4432 3439 4488 subministrare
3468 4446 3605 4502 gra-

186 4519 427 4585 recepm
457 4512 773 4613 (“mquam
805 4502 1240 4613 θίῖίὲξηυηῑοηίδ
1259 4500 1441 4573 gratia
1470 4497 1842 4613 cfnvalesmf’
1876 4548 1924 4613 D
2130 4497 2315 4583 credit
2343 4497 2641 4599 baptismi,
2677 4524 2809 4579 licet
2842 4539 3105 4595 paganus
3137 4523 3215 4576 sit
3258 4522 3357 4592 qui
3411 4497 3604 4591 bapti-

189 4627 498 4669 servemus
531 4608 589 4661 in
620 4623 685 4661 eo
710 4603 864 4676 quod
889 4600 1106 4657 Nicmni
1130 4614 1383 4655 canones
1407 4596 1845 4664 ordinaverunt,

192 4708 258 4757 ut
290 4700 584 4755 habeatur
614 4695 765 4749 inter
793 4691 928 4747 illos
960 4690 1059 4761 qui
1090 4689 1354 4744 oratione
1371 4686 1496 4742 sola
1522 4683 1849 4741 communi-

194 4794 352 4853 cant,
370 4788 559 4841 donec
580 4781 896 4854 impleatur
911 4777 1168 4849 spatium
1192 4774 1472 4845 temporis
1499 4774 1684 4829 eidem
1712 4789 1851 4844 pras-

195 4879 498 4935 stitutum.
532 4878 649 4929 Nec
704 4870 1155 4926 catechumenos
1208 4869 1443 4919 nostros
1475 4862 1577 4933 qui
1608 4862 1718 4916 sub
1750 4860 1852 4915 tali

196 4963 571 5023 confessione
593 4958 872 5030 baptizati
894 4960 1033 5013 sunt
1052 4953 1418 5027 praeterimus
1438 4968 1451 5015 ;
1468 4951 1604 5023 quia
1626 4967 1740 5004 non
1764 4953 1855 5004 est

196 5071 386 5113 causa
412 5048 747 5115 dissimilis,
784 5047 939 5103 sicut
970 5044 1144 5099 iidem
1178 5041 1368 5097 sancti
1400 5054 1653 5095 canones
1698 5038 1853 5092 ordi-

199 5148 447 5209 narunt,
479 5141 606 5212 ejus
639 5138 739 5209 qui
790 5134 1049 5206 quolibet
1098 5132 1271 5187 modo
1329 5129 1647 5194 Christum,
1681 5143 1854 5198 quem

199 5230 389 5291 semel
416 5229 727 5286 confessus
760 5230 850 5280 est
883 5222 1189 5293 abjurarit.
1223 5219 1436 5275 Tribus
1484 5217 1657 5272 annis
1707 5216 1857 5271 inter

199 5320 517 5379 audientes
538 5316 741 5382 sint,et
764 5316 968 5385 postea
994 5327 1126 5367 cum
1152 5306 1588 5367 catechumenis
1617 5305 1857 5379 permit-

203 5414 413 5467 tuntur
440 5422 630 5473 orare,
663 5421 763 5476 per
792 5418 1008 5457 manus
1030 5398 1467 5471 impositionem
1491 5395 1858 5452 communio-

202 5498 301 5557 nis
332 5494 635 5555 catholica
661 5491 915 5567 gratiam
945 5488 1260 5560 recepturi,
1292 5486 1546 5558 exceptis
1593 5490 1859 5540 tantum-

209 5587 389 5645 modo
446 5583 762 5663 episcopis,
817 5577 1173 5652 presbyteris
1204 5582 1262 5633 et
1294 5576 1663 5641 diaconibus,
1714 5591 1861 5645 quos

209 5676 337 5735 solo
372 5673 585 5733 mortis
617 5689 738 5731 suae
771 5673 1033 5741 tempore
1068 5665 1530 5723 reconciliandos
1558 5678 1708 5732 esse,
1735 5663 1862 5733 jam

1961 4624 2071 4675 zat.

1959 4718 2091 4773 CAP.
2120 4715 2247 4769 295.
2282 4744 2347 4754 -
2384 4714 2459 4768 De
2485 4712 2600 4767 illis
2630 4712 2727 4782 qui
2754 4712 2991 4780 gratiam
3013 4708 3191 4763 sancti
3205 4707 3609 4782 ASpirituAs‘venj

2031 4790 2160 4843 dere
2198 4796 2487 4842 conantur.
2520 4785 2603 4838 Ea:
2629 4777 2862 4838 conc—ilio
2893 4780 3232 4847 Triburensi,
3264 4794 3384 4847 cap.
3416 4778 3488 4831 22
3517 4777 3612 4831 cui

2033 4861 2285 4929 inter/uit
2312 4856 2583 4926 Arnulfus
2613 4871 2734 4909 rex.

2032 4950 2108 5020 (1,
2136 4965 2169 5018 q
2202 4948 2253 5016 1,
2275 4964 2321 5001 c.
2344 4947 2563 5000 Dictum
2581 4942 2709 5013 est.)
2735 4942 2960 4997 Dictum
2985 4946 3075 4997 est
3095 4937 3613 5009 solereinquibus—

1964 5038 2100 5093 dam
2124 5036 2267 5092 locis
2292 5051 2393 5107 pro
2412 5033 2783 5105 perceptione
2805 5029 3141 5087 chrismatis
3162 5044 3438 5084 nummos
3462 5026 3612 5097 dari,

1968 5144 2070 5199 pro
2114 5125 2409 5196 baptismo
2459 5138 2693 5193 quoque
2725 5125 2783 5175 et
2811 5118 3244 5184 communione,
3278 5117 3387 5172 hoc
3430 5116 3614 5171 Simo-

1968 5217 2145 5271 niacas
2175 5212 2414 5268 haeresis
2444 5227 2644 5267 semen
2676 5215 2766 5266 est
2796 5209 3085 5264 detestata
3107 5212 3310 5263 sancta
3330 5205 3612 5277 synodus,

1968 5312 2026 5361 et
2049 5301 2588 5367 anathematizavit,
2622 5303 2699 5365 et,
2722 5303 2786 5353 ut
2807 5300 2877 5353 de
2894 5301 3098 5353 cretero
3128 5313 3231 5352 nec
3255 5312 3356 5366 pro
3381 5293 3615 5348 ordina-

1968 5395 2147 5458 tione,
2183 5409 2286 5448 uec
2312 5408 2415 5462 pro
2447 5389 2782 5454 chrismate,
2846 5386 2930 5442 vel
2989 5386 3304 5457 baptismo,
3360 5381 3449 5435 vel
3512 5395 3616 5449 pro

1970 5483 2255 5551 balsamo,
2291 5497 2395 5535 nec
2428 5496 2527 5551 pro
2561 5477 2866 5550 sepultura
2897 5475 2981 5530 vel
3014 5471 3421 5529 communione
3450 5467 3620 5539 quid-

1973 5589 2149 5645 quam
2183 5571 2466 5641 exigatur,
2500 5569 2599 5622 sed
2636 5565 2821 5638 gratis
2877 5566 3033 5620 dona
3087 5558 3303 5618 Christi
3355 5556 3620 5631 gratuita

1973 5660 2410 5733 dispensatione
2441 5659 2753 5713 donentur.
