3970 6058
425 281 521 338 131
1505 279 1572 331 D.
1614 275 1857 332 IVONIS
1890 273 2388 332 CARNOTENSIS
2421 276 2744 332 EPISCOPI

3735 288 3845 345 132

417 406 549 466 Car.
741 433 809 446 —
838 404 880 460 Α
908 402 1110 476 quibus
1126 400 1627 486 manus’ignpositio
1643 399 1840 472 perﬁci
1855 399 2064 486 debeat.
2097 399 2152 469 Α
2185 399 2478 486 Cag_..30.2.
2509 431 2579 442 —
2607 400 2682 456 Ab
2714 417 2889 486 uxore
2914 418 3019 486 sua
3047 406 3298 486 separari
3324 405 3537 486 debere
3560 426 3689 468 eum
3734 418 3841 486 qui

585 477 836 535 Urbanus
861 473 1016 549 papa
1047 474 1302 532 omnibus
1324 473 1674 543 Christianis,
1706 487 1828 540 cap.
1858 473 1913 526 7.

490 585 708 641 Omnes
721 583 926 640 ﬁdeles
947 598 1051 654 per
1073 597 1285 638 manus
1308 578 1746 652 impositionem
1770 577 2067 650 episcopo-

416 692 573 744 rum,
608 673 890 746 Spiritum
925 674 1198 728 sanctum
1230 673 1364 742 post
1391 667 1757 740 baptismum
1801 667 2064 740 accipere

415 765 648 835 debent,
680 766 744 818 ut
772 761 929 834 pleni
960 757 1275 816 Christiani
1307 757 1703 814 inveniantur.

2251 472 2548 560 ﬁliastrum
2578 476 2887 560 suumhcel
2915 472 3410 560 ﬁliastramnsugm
3432 485 3569 560 ante
3614 472 3832 556 episcoé

2239 546 2978 673 ppznvadcgongrmationem
3008 552 3272 606 tenuerit.
3303 546 3722 624 Capilularium
3752 560 3834 614 li-

2409 660 2422 684 ,
2521 635 2574 690 ρ·
2649 658 2662 672 ο

2241 705 2300 760 Si
2330 707 2460 777 quis
2491 706 2808 763 ﬁliastrum
2839 707 2924 764 vel
2959 708 3265 766 ﬁliastram
3298 728 3469 768 suam
3524 719 3658 772 ante
3700 719 3830 790 epi-

2171 811 2415 867 scopum
2447 797 2518 852 ad
2549 797 3055 854 conﬁrmationem
3086 801 3362 871 tenuerit,
3397 805 3469 859 ab
3503 821 3682 862 uxore
3711 823 3828 864 sua

412 890 545 944 Cas.
578 887 704 960 3297.
739 886 908 960 -ίοα
931 883 1134 960 eode_m,
1171 883 1432 960 Eusebius
1461 898 1605 960 papa
1651 882 1920 960 episcopis
1960 896 2063 952 per
2169 889 2494 957 separetur,
2528 890 2587 942 et
2616 885 2856 942 alteram
2889 903 3006 942 non
3038 887 3155 944 aoci
3162 889 3308 960 piat.

558 959 928 1030 Campaniam
955 964 1006 1012 et
1039 956 1312 1021 Tusciam,
1353 971 1473 1025 cap.
1505 956 1560 1022 9,
1593 952 1830 1025 epistola
1859 953 1911 1007 3.

483 1085 557 1139 De
583 1098 734 1138 cons.
763 1079 893 1135 dist.
925 1079 980 1148 5,
1011 1094 1058 1134 c.
1101 1079 1338 1145 Manus.)
1395 1077 1602 1132 Manus
1660 1076 2057 1148 impositionis

409 1180 845 1233 sacramentum
904 1187 1118 1244 magna
1177 1169 1524 1226 auctoritate
1578 1170 1897 1226 tenendum
1943 1175 2052 1240 est,

405 1267 562 1337 quod
593 1265 665 1320 ab
696 1262 825 1318 aliis
856 1260 1057 1334 perﬁci
1087 1276 1203 1314 non
1239 1263 1446 1330 potest,
1481 1257 1592 1314 nisi
1626 1275 1657 1314 a
1681 1257 1933 1313 summis
1966 1275 2054 1314 sa-

404 1353 740 1409 cerdotibus
764 1369 777 1406 :
809 1367 914 1406 nec
938 1354 1199 1419 tempore
1211 1347 1607 1419 apostolorum
1632 1348 1704 1401 ab
1730 1346 1860 1402 aliis
1872 1363 2052 1418 quam

405 1444 478 1498 ab
511 1441 655 1514 ipsis
687 1438 970 1511 apostolis
1004 1435 1217 1508 legitur
1247 1452 1311 1490 ac
1342 1436 1526 1490 scitur
1545 1440 1845 1507 peractum
1883 1451 2047 1503 esse;

404 1548 510 1588 nec
540 1531 612 1585 ab
642 1528 792 1598 aliis,
826 1527 1119 1595 sicutjam
1151 1525 1372 1580 dictum
1406 1529 1516 1592 est,
1560 1539 1738 1596 quam
1789 1525 1861 1579 ab
1908 1524 2050 1597 ipsis

404 1620 506 1692 qui
537 1634 738 1674 eorum
771 1616 964 1670 locum
998 1618 1218 1682 tenent,
1269 1628 1530 1684 unquam
1582 1613 1780 1685 perﬁci
1832 1617 2046 1685 potest,

401 1713 504 1764 aut
534 1706 659 1762 ﬁeri
689 1706 877 1761 debet.
910 1703 1056 1758 Nam
1093 1702 1140 1758 si
1174 1701 1342 1758 aliter
1381 1705 1806 1773 pmsumptum
1847 1702 2046 1774 fuerit,

2168 991 2302 1048 CAP.
2333 993 2457 1047 303.
2490 1024 2558 1033 —
2588 994 2706 1070 Non
2737 993 2864 1070 licet
2879 995 3270 1070 conﬁrmatum
3291 996 3469 1055 denuo
3492 1001 3826 1070 conﬁrmari

2630 1065 2918 1136 Gregorius
2950 1066 3003 1122 ll
3041 1069 3349 1138 Bonifacio.

2235 1153 2469 1209 Homini
2500 1153 2600 1226 qui
2632 1170 2666 1208 a
2695 1155 2970 1225 pontiﬁce
2990 1157 3374 1216 confirmatus
3397 1159 3596 1232 fuerit,
3619 1163 3825 1222 denuo

2163 1240 2297 1298 talis
2326 1243 2408 1298 rei
2437 1243 2666 1299 iteratio
2698 1242 3066 1315 prohibenda
3096 1251 3208 1302 est.

2161 1359 2447 1440 CAP:.30_~’1.
2484 1388 2550 1399 —
2584 1357 2779 1415 Utrum
2799 1360 3138 1440 separandus
3167 1363 3241 1417 sit
3270 1363 3337 1418 ab
3367 1380 3539 1420 uxore
3563 1382 3665 1422 sua
3717 1386 3818 1440 qui

2228 1431 2736 1510 ﬁliastrumsuun},
2768 1431 2854 1486 vel
2883 1431 3182 1510 ﬁliastram
3209 1449 3366 1490 suam
3393 1452 3578 1492 coram
3601 1431 3817 1510 episco-

2223 1501 2292 1574 po
2323 1501 2392 1558 ad
2420 1503 2887 1574 conﬁrmationem
2922 1505 3216 1560 inscienter
3245 1510 3504 1564 tenuerit.
3551 1501 3818 1569 Nicolaus

2223 1573 2368 1647 papa
2400 1573 2682 1646 Rudolpho
2714 1575 2997 1630 Biturensi
3025 1578 3296 1650 episcopo.

2227 1691 2337 1764 (30,
2369 1708 2422 1763 q.
2458 1690 2507 1759 1,
2539 1705 2586 1745 c.
2621 1690 2694 1745 De
2723 1691 2812 1746 his
2843 1691 2984 1763 qui.)
3014 1691 3095 1747 De
3119 1692 3212 1749 his
3235 1693 3334 1765 qui
3358 1694 3638 1754 ﬁliastros
3661 1715 3812 1758 suos

399 1795 631 1852 irritum
654 1795 939 1851 habeatur
969 1808 1034 1848 ac
1059 1807 1332 1858 vacuum,
1358 1807 1463 1847 nec
1483 1790 1636 1847 inter
1651 1790 2028 1849 ecclesiastici

2223 1832 2224 1835 η
2267 1779 2774 1837 conﬁrmationem
2805 1795 3000 1835 coram
3040 1780 3314 1855 episcOpo
3366 1788 3587 1854 tenent,
3620 1786 3679 1843 id
3711 1795 3810 1846 est

398 1902 664 1958 unquam
697 1882 1066 1954 reputabitur
1085 1885 1476 1936 sacramenta.

400 2011 530 2068 ΟΑΡ.
561 2009 688 2066 298.
721 2039 788 2050 —
817 2009 949 2063 Item
977 2005 1042 2062 de
1070 2005 1277 2132 eoldem.
1302 2004 1447 2061 Beda
1468 2020 1632 2076 super
1651 2005 1812 2060 Actus
1829 2011 2049 2076 aposto-

1145 2093 1325 2132 orum.

1145 2093 1325 2132 orum.

470 2189 558 2261 (In
584 2202 705 2258 cap.
737 2188 769 2242 8
799 2185 816 2257 )
846 2183 1156 2255 Philippus
1200 2182 1298 2252 qui
1341 2181 1619 2236 Samaria
1667 2181 2044 2254 Evangelium

397 2276 774 2352 praedicabat,
807 2289 962 2330 unus
1008 2273 1079 2327 de
1137 2274 1361 2343 septem
1413 2269 1762 2326 diaconibus
1821 2271 1950 2326 fuit.
1982 2271 2043 2327 Si

395 2366 553 2424 enim
577 2363 881 2437 apostolus
903 2365 1078 2426 esset,
1097 2361 1224 2431 ipse
1245 2359 1450 2429 utique
1474 2375 1718 2414 manum
1738 2359 2043 2432 imponere

397 2454 708 2530 potuisset,
751 2457 819 2508 ut
878 2450 1209 2521 acciperent
1250 2447 1536 2520 Spiritum
1581 2452 1876 2504 sanctum.
1923 2449 2042 2506 Hoc

394 2545 551 2601 enim
584 2542 724 2599 solis
754 2539 1133 2613 pontificibus
1183 2537 1447 2592 debetur.
1495 2536 1640 2592 Nam
1688 2538 2042 2611 presbyteris

392 2635 516 2688 sive
547 2636 710 2688 extra
738 2629 1102 2702 episOOpum,
1135 2643 1235 2682 seu
1269 2630 1555 2698 praesente
1585 2627 1883 2698 episcopo,
1905 2644 2040 2684 cum

393 2722 708 2779 chrismate
744 2717 1076 2790 baptizatos
1131 2730 1349 2788 ungere
1406 2713 1564 2782 licet,
1623 2717 1723 2771 sed
1781 2717 1938 2787 quod
1970 2716 2041 2772 ab

391 2811 670 2883 episcopo
704 2807 881 2862 fuerit
910 2812 1355 2869 consecratum;
1406 2820 1523 2858 non
1575 2807 1770 2860 tamen
1820 2805 2040 2861 frontes

392 2917 463 2955 ex
491 2899 696 2954 eodem
729 2895 855 2950 oleo
885 2894 1141 2967 signare,
1171 2892 1327 2962 quod
1360 2891 1502 2948 solis
1533 2893 1824 2964 episcopis
1862 2894 2042 2950 debe-

396 2996 512 3059 tur,
543 3002 680 3042 cum
719 2984 964 3039 tradunt
1008 2981 1294 3053 Spiritum
1345 2983 1620 3036 sanctum
1680 2981 2040 3052 paracletum

391 3074 725 3148 baptizatis.

390 3205 522 3257 CAP.
552 3197 678 3253 299.
709 3227 777 3237 —
807 3199 884 3252 De
916 3192 1107 3250 eodem
1139 3193 1378 3250 Isidorus
1409 3191 1886 3266 Etymologiarum
1925 3195 2026 3251 lib.

1024 3281 1124 3331 vn,
1154 3281 1275 3336 cap.
1306 3266 1398 3319 2D.

463 3375 788 3450 Presbyteri
819 3373 954 3430 licet
978 3372 1097 3429 sint
1125 3373 1477 3439 sacerdotes,
1510 3375 1703 3427 tamen
1721 3371 2027 3444 pontiﬁca-

387 3474 484 3525 tus
516 3468 744 3538 apicem
776 3481 891 3519 non
923 3463 1180 3529 habent;
1213 3461 1354 3534 quia
1385 3478 1488 3517 nec
1519 3459 1838 3516 chrismate
1867 3461 2028 3516 fron-

383 3559 502 3611 tem
531 3555 788 3626 signant,
833 3567 939 3607 nec
982 3550 1270 3622 Spiritum
1314 3553 1582 3606 sanctum
1639 3549 1817 3605 dant:
1870 3551 2025 3620 quod

385 3645 526 3703 solis
559 3641 849 3715 episcopis
878 3640 1076 3696 deberi
1106 3640 1277 3697 lectio
1309 3643 1487 3696 Actus
1511 3638 1906 3711 apostolorum
1935 3637 2026 3696 in-

385 3734 559 3789 dicat.

382 3859 518 3915 CAP.
551 3858 675 3912 300.
705 3886 775 3898 —-
804 3857 936 3912 Item
964 3853 1029 3910 de
1058 3853 1242 3910 eodem
1267 3870 1280 3908 :
1340 3853 1615 3920 Rabanus,
1656 3853 1732 3907 De
1779 3851 2021 3907 institut.

863 3927 1073 3990 cleric.,
1110 3925 1204 3978 lib.
1229 3941 1267 3993 ι,
1300 3941 1420 3995 cap.
1452 3924 1541 3979 30.

449 4037 548 4109 (De
591 4051 740 4091 cons.
787 4033 843 4101 5,
874 4049 922 4088 c.
968 4029 1314 4102 Novissime.)
1369 4029 1694 4086 Novissime
1725 4046 1758 4084 a
1788 4045 2021 4085 summo

377 4126 677 4183 sacerdote
708 4139 811 4196 per
841 4119 1274 4194 impositionem
1308 4136 1520 4175 manus
1552 4119 1883 4175 Paracletus
1905 4122 2020 4173 tra-

377 4216 537 4271 ditur
565 4212 898 4284 baptizatie,
932 4215 999 4266 ut
1030 4210 1380 4265 roborentur
1418 4224 1520 4279 per
1570 4206 1853 4279 Spiritum
1885 4223 2021 4262 san-

373 4306 533 4356 ctum
557 4301 629 4355 ad
654 4299 1088 4372 praedicandum
1102 4297 1254 4360 aliis,
1279 4297 1435 4352 idem
1458 4297 1700 4364 donum,
1723 4295 1877 4367 quod
1906 4293 2020 4367 ipsi

374 4391 433 4445 in
468 4389 823 4460 baptismate
855 4387 1157 4442 consecuti
1190 4391 1328 4440 sunt
1350 4401 1454 4456 per
1478 4383 1894 4456 gratiam,vitae
1915 4385 2018 4438 do-

372 4477 496 4532 nati
527 4480 774 4531 mternw.
807 4474 1081 4544 Signatur
1105 4475 1261 4529 enim
1293 4491 1423 4529 cum
1451 4473 1770 4529 chrismate
1824 4473 2016 4544 bapti-

370 4570 538 4621 zatus
568 4580 672 4635 per
699 4562 1066 4619 sacerdotem
1121 4563 1180 4616 in
1233 4563 1443 4632 capitis
1488 4562 1867 4629 summitate;
1916 4578 2015 4632 per

370 4653 707 4726 pontiﬁcem
739 4669 872 4706 vero
905 4651 965 4705 in
997 4651 1208 4717 fronte,
1243 4656 1309 4706 ut
1339 4652 1397 4705 in
1428 4651 1606 4722 priori
1629 4651 1901 4706 unctione
1931 4651 2015 4705 si-

2155 1869 2258 1942 qui
2291 1869 2441 1924 ﬁlios
2475 1867 2673 1924 uxoris
2703 1883 2823 1923 suis
2852 1869 2926 1924 de
2958 1869 3138 1940 priori
3170 1872 3383 1929 marito
3415 1875 3558 1931 dum
3611 1877 3809 1934 chris-

2156 1967 2392 2016 manlur
2419 1957 2490 2014 ab
2523 1957 2815 2029 episcopis
2837 1973 3017 2029 super
3037 1975 3100 2015 se
3123 1960 3437 2029 sustinent,
3472 1965 3520 2020 si
3553 1964 3812 2023 inscien-

2153 2053 2262 2115 ter,
2296 2053 2361 2104 ut
2387 2047 2692 2116 asseritur,
2726 2046 2812 2115 ﬁt,
2844 2046 2982 2102 licet
3012 2049 3088 2103 sit
3109 2055 3434 2121 peccatum,
3456 2057 3654 2111 tamen
3683 2073 3808 2114 non

2155 2155 2343 2210 usque
2371 2137 2445 2192 ad
2471 2134 2906 2206 separationem
2946 2137 3206 2209 conjugii
3260 2140 3628 2211 puniendum
3686 2151 3805 2202 est.

2156 2229 2420 2300 Lugeant
2445 2229 2643 2280 tamen
2673 2228 2732 2279 et
2758 2223 2938 2296 digna
2967 2227 3311 2296 pcsnitentia
3351 2228 3462 2286 hoc
3507 2230 3805 2290 dilueutes

2152 2317 2401 2374 Domino
2432 2314 2630 2370 dicant
2660 2337 2674 2369 .-
2708 2313 2929 2369 Delicta
2956 2313 3300 2386 ignorantia:
3332 2323 3545 2377 nostra:
3578 2337 3651 2377 ne
3675 2339 3804 2379 me-

2153 2406 2396 2463 mineris
2409 2444 2422 2461 .

2151 2522 2287 2579 CAP.
2319 2521 2442 2577 305.
2476 2551 2544 2560 —
2579 2520 2768 2577 Utrum
2814 2522 3081 2588 separari
3132 2521 3364 2579 debeant
3411 2525 3476 2580 ab
3525 2528 3801 2584 uxoribus

2221 2593 2482 2668 suis,_qui
2508 2591 2658 2668 ﬁlias
2685 2607 2808 2668 suos
2837 2609 2906 2668 ea
2956 2592 3415 2668 tavacroisanctor
3459 2600 3796 2668 suscipiunt.

2225 2673 2307 2723 Ea:
2346 2663 2554 2721 decreto
2605 2663 2880 2720 Desiderii
2928 2681 3118 2737 papas,
3176 2667 3467 2724 Deusdedit
3521 2663 3799 2728 Gordiano

2219 2752 2487 2811 epucopo.

2221 2858 2310 2923 38,
2344 2872 2394 2927 q.
2427 2869 2477 2911 c.
2507 2853 2762 2909 Pervenit
2790 2851 2861 2907 ad
2887 2852 3036 2922 nos.)
3065 2852 3386 2911 Deusdedit
3422 2861 3635 2914 sanctae
3685 2859 3802 2914 Ro-

2151 2962 2339 3003 manas
2369 2941 2640 2997 Ecclesia:
2668 2944 2725 2996 et
2753 2939 3087 3011 apostolicis
3119 2942 3279 2998 sedis
3309 2943 3625 3017 episcopus
3651 2950 3798 3003 Gor-

2151 3036 2326 3092 diano
2350 3028 2711 3102 Hispalensis
2733 3027 3002 3086 Ecclesia
3024 3031 3370 3104 coepiscopo
3388 3038 3444 3090 et
3465 3034 3628 3090 fratri
3657 3036 3800 3092 cha-

2072 3127 2117 3198 α
2154 3123 2405 3181 rissimo.
2434 3119 2701 3176 Pervenit
2727 3118 2799 3173 ad
2833 3134 2961 3186 nos,
2995 3119 3277 3176 diaconus
3307 3123 3639 3180 sanctitatis
3668 3141 3797 3181 ves-

2140 3218 2244 3270 tre
2274 3209 2582 3283 epistolam
2613 3207 2905 3276 deferens,
2929 3207 3085 3278 quod
3109 3207 3350 3280 quidam
3378 3211 3484 3266 viri
3499 3216 3559 3268 et
3579 3211 3795 3269 mulie—

2141 3317 2233 3360 res
2264 3297 2556 3374 praeterito
2585 3295 2842 3352 Sabbato
2875 3296 3133 3365 paschali
3167 3296 3260 3352 die
3292 3315 3407 3370 pra:
3438 3315 3650 3372 magno
3681 3319 3795 3374 po-

2139 3391 2413 3464 pulorum
2435 3388 2676 3442 incursu
2699 3384 3028 3440 nescientes
3052 3384 3203 3442 ﬁlios
3224 3402 3364 3442 suos
3389 3389 3799 3462 suscepissent

2138 3497 2207 3538 ex
2238 3480 2469 3535 lavacro
2499 3479 2721 3530 sancto.
2755 3472 2930 3544 Cupis
2959 3489 3096 3545 ergo
3145 3474 3293 3530 scire
3323 3475 3373 3530 si
3405 3493 3509 3547 pro
3535 3478 3638 3533 tali
3689 3497 3792 3535 ra-

2136 3570 2296 3626 tione
2315 3562 2602 3622 accidenti
2625 3560 3076 3618 debeantviriac
3099 3561 3375 3620 mulieres
3388 3565 3460 3620 ad
3481 3568 3791 3638 proprium

2135 3674 2312 3715 usum
2344 3654 2555 3724 redire,
2587 3668 2660 3707 an
2695 3667 2832 3706 non.
2865 3650 2984 3708 Nos
3026 3667 3161 3707 vero
3193 3668 3262 3708 ex
3292 3652 3401 3710 hac
3456 3671 3517 3710 re
3567 3656 3786 3726 maesti,

2133 3745 2552 3818 inquisivimus
2579 3740 2840 3811 priorum
2872 3739 3048 3794 dicta.
3107 3738 3446 3797 Invenimus
3497 3746 3695 3799 autem
3727 3745 3791 3801 in

2133 3833 2386 3892 archivis
2409 3831 2590 3901 hujus
2613 3826 2945 3899 apostolica
2972 3827 3130 3883 sedis
3151 3828 3276 3898 jam
3305 3829 3447 3885 talia
3467 3831 3794 3902 contigisse

2132 3923 2192 3979 in
2222 3919 2482 3979 Ecclesia
2503 3915 2807 3982 Hisauriaa,
2831 3915 3242 3987 Ephesiorum,
3268 3916 3562 3990 simulque
3583 3919 3791 3976 Hiero-

2131 4011 2392 4085 solymis,
2423 4007 2670 4064 aliarum
2702 4004 2881 4061 etiam
2932 4002 3330 4060 Ecclesiarum
3382 4007 3696 4080 episcopis,
3727 4014 3792 4066 et

2130 4117 2332 4158 earum
2356 4096 2680 4158 civitatum,
2714 4092 2786 4148 ab
2813 4092 2922 4147 hac
2949 4092 3274 4164 apostolica
3305 4095 3441 4149 sede
3473 4095 3624 4152 scire
3679 4115 3786 4153 vo-

2131 4188 2412 4257 lentibus,
2447 4193 2642 4241 utrum
2673 4182 2777 4236 viri
2810 4197 2878 4237 ac
2911 4179 3190 4237 mulieres
3221 4182 3483 4239 redirent
3519 4185 3592 4240 ad
3645 4202 3788 4258 pro-

2131 4277 2323 4350 prium
2355 4280 2573 4330 torum.
2606 4273 2793 4326 Beataa
2825 4269 3120 4324 memoriae
3174 4271 3533 4328 sanctissimi
3585 4273 3790 4330 Patres

2125 4365 2342 4431 Julius,
2379 4359 2780 4422 Innocentius,
2807 4361 2864 4414 et
2891 4357 3240 4414 leestinus
3285 4376 3420 4415 cum
3476 4361 3786 4432 episcopo-

2128 4471 2258 4509 rum
2282 4450 2670 4524 plurimorum
2696 4451 2754 4502 et
2766 4448 3139 4502 sacerdotum
3157 4463 3447 4504 consensu
3463 4449 3520 4504 in
3536 4450 3790 4508 ecclesia

2124 4543 2279 4600 beati
2309 4537 2709 4613 apostolorum
2746 4535 3050 4608 principis,
3085 4535 3465 4607 prohibentes
3487 4538 3629 4594 talia
3650 4557 3784 4611 per-

2125 4631 2488 4701 scripserunt
2507 4630 2564 4682 et
2593 4625 3114 4691 conﬁrmaverunt,
3149 4629 3215 4680 ut
3244 4624 3406 4681 nullo
3439 4628 3612 4684 modo
3645 4644 3786 4684 con-

369 4712 678 4814 gniﬁcetur
697 4757 876 4811 super
892 4740 1091 4812 ipsum
1112 4712 1365 4809 Spiritus
1384 4712 1570 4794 sancti
1593 4738 1916 4805 descensio,
1941 4738 2014 4793 ad

2223 4720 2283 4775 io
2314 4735 2377 4775 se
2407 4715 2732 4788 reciperent
2763 4712 3041 4768 mulieres.l
3072 4729 3140 4768 ac
3168 4713 3277 4768 viri
3305 4715 3645 4788 quicunque
3665 4717 3783 4773 ali-

370 4828 792 4884 habitationem
823 4828 940 4882 Deo
972 4827 1452 4883 consecrandam.
1488 4829 1551 4882 In
1583 4827 1840 4897 secunda
1869 4843 2014 4898 quo-

369 4933 482 4990 que
513 4920 578 4972 ut
608 4918 875 4986 ejusdem
905 4915 1160 4987 Spiritus
1190 4915 1380 4971 sancti
1412 4915 1773 4986 septiformis
1802 4914 2011 4987 gratia,

367 5023 500 5062 cum
533 5005 695 5061 omni
744 5004 1111 5077 plenitudine
1159 5003 1515 5070 sanctitatis,
1545 5009 1603 5060 et
1633 5004 1915 5072 scientiae,
1957 5008 2014 5060 et

361 5094 599 5150 virtutis
628 5094 824 5150 venire
853 5093 912 5147 in
943 5092 1244 5148 hominem
1277 5091 1627 5148 declaretur.

363 5240 496 5297 CAP.
531 5236 656 5294 301.
687 5267 754 5277 -—-
787 5236 932 5304 Quid
956 5235 1120 5291 liceat
1149 5236 1394 5306 episcOpo
1447 5234 1683 5289 alterius
1726 5235 2010 5290 ecclesiam

576 5311 844 5378 ingresso.
869 5307 1067 5363 Haimo
1093 5323 1258 5379 super
1294 5307 1793 5362 Deuteronomium.

433 5434 743 5505 Ingressus
772 5430 1084 5503 episcopus
1134 5429 1388 5501 alicujus
1437 5427 1770 5497 ecclesiam,
1818 5433 2010 5499 potest

357 5519 439 5575 ibi
469 5521 698 5593 aliquos
729 5520 1043 5594 corrigere,
1075 5519 1163 5576 vel
1207 5518 1384 5575 etiam
1417 5517 1784 5588 conﬁrmare,
1819 5521 2002 5576 totam

357 5611 553 5665 autem
583 5609 816 5682 plebem
848 5627 963 5669 non
995 5609 1130 5668 licet
1152 5608 1202 5668 ei
1235 5607 1564 5682 disponere.

2125 4825 2242 4883 qua
2263 4807 2487 4863 ratione
2509 4802 2876 4876 susceperint
2902 4804 3069 4857 natos
3100 4817 3264 4871 suos,
3303 4804 3406 4859 sed
3438 4810 3782 4875 separarent

2123 4915 2206 4966 se,
2240 4913 2332 4966 ne,
2367 4894 2650 4952 suadente
2681 4889 2934 4956 diabolo,
2967 4889 3086 4946 tale
3112 4889 3327 4947 vitium
3360 4891 3646 4950 inolescat
3676 4911 3782 4966 per

2122 4987 2434 5043 mundum.
2468 4981 2644 5038 Scitis
2674 4981 2813 5051 quia
2853 4979 3148 5050 quomodo
3182 4985 3323 5034 sunt
3354 4985 3580 5051 septem
3622 4983 3781 5039 dona

2122 5075 2375 5148 Spiritus
2407 5071 2634 5128 sancti:
2667 5069 2751 5124 ita
2781 5071 2923 5124 sunt
2951 5071 3176 5140 septem
3209 5069 3366 5124 dona
3387 5069 3687 5141 baptismi.
3725 5075 3774 5125 Δ

2121 5165 2308 5239 primo
2331 5177 2468 5236 ergo
2491 5159 2706 5234 pabulo
2730 5157 2874 5214 salis
2899 5156 3254 5213 sacramenti
3276 5161 3333 5214 et
3373 5157 3643 5230 ingressu
3672 5160 3778 5217 Ec-

2119 5253 2332 5324 clesiae,
2364 5265 2545 5320 usque
2575 5249 2646 5304 ad
2679 5245 3186 5302 conﬁrmationem
3222 5263 3321 5318 per
3348 5246 3629 5318 chrisma,
3661 5249 3776 5307 hoc

2118 5345 2208 5398 est
2233 5357 2266 5396 a
2291 5340 2480 5413 primo
2507 5352 2690 5409 usque
2714 5335 2786 5391 ad
2811 5333 3152 5406 septimum,
3177 5333 3380 5390 nullus
3401 5335 3772 5394 Christianus

2117 5446 2288 5487 suam
2317 5430 2698 5484 commatrem
2733 5424 2792 5479 in
2835 5420 3180 5494 conjugium
3231 5423 3533 5496 suscipere
3569 5426 3767 5494 debet,

2116 5525 2175 5578 et
2204 5518 2305 5593 qui
2337 5513 2798 5591 prasumpserit,
2829 5511 3038 5570 tandiu
3088 5511 3485 5571 anathematis
3532 5515 3771 5575 vinculo

2115 5607 2417 5682 religetur,
2451 5605 2634 5663 donec
2662 5601 3069 5676 pmnitentiam
3102 5601 3279 5676 digne
3307 5603 3513 5677 egerit.
