3982 6060
120 281 229 334 133

1198 283 1508 336 DECRETI
1546 281 1731 336 PARS
1769 284 1812 336 Ι.
1850 309 1915 320 -
1953 286 2041 339 DE
2082 287 2268 358 FIDE,
2312 291 2464 345 ETC.

3437 303 3537 358 134

117 407 252 462 CAP.
287 405 414 461 306.
446 407 715 500 -ψιξεηξ
732 404 1371 500 Μαί-ςιιῖίξςριωζρᾳζιρςε
1393 403 1647 462 Anselmo
1676 408 1777 461 Le-
1811 406 1865 474 Α
1895 410 2242 469 temeritatis
2274 414 2479 471 animae
2511 434 2626 473 suae
2656 418 2909 476 salutem
2941 422 3330 494 despicisntes
3354 428 3535 500 impio

532 478 774 532 maxine
804 477 1054 532 Ecclesiae
1081 478 1351 548 episcopo.

186 621 273 677 Ad
302 619 516 675 limina
551 619 859 674 beatorum
893 619 1048 674 Petri
1088 623 1144 674 et
1172 618 1339 674 Pauli
1379 619 1782 690 apostolorum

122 711 483 784 principum,
518 710 613 764 hic
663 725 922 780 praesens
972 709 1141 764 homo
1176 709 1413 764 nomine
1445 709 1782 780 Stephanus

125 799 414 855 orationis
451 813 630 853 causa
659 796 919 863 veniens,
954 800 1154 852 nostro
1189 794 1526 868 praesulatui
1576 811 1783 866 sugge-

126 890 308 944 rendo
343 888 602 942 innotuit
635 886 828 955 :quod
858 885 1045 939 filium
1078 902 1252 939 suum
1286 886 1344 939 in
1376 890 1634 939 extremo
1657 888 1786 938 vita:

125 979 527 1050 positum,nec
561 974 933 1047 baptismatis
957 975 1112 1029 unda
1141 974 1348 1040 lotum,
1383 974 1648 1028 absentia
1671 973 1786 1027 sci-

126 1068 262 1123 licet
312 1069 687 1121 sacerdotum
746 1063 1097 1119 necessitate
1137 1070 1375 1134 cogente
1409 1063 1784 1133 baptizasset,

124 1173 384 1228 eumque
426 1156 677 1226 propriis
710 1153 983 1208 manibus
1043 1152 1346 1207 retinendo
1404 1151 1783 1219 suscepisset.

122 1249 311 1316 Atque
345 1261 449 1315 pro
482 1243 663 1314 hujus
696 1241 776 1297 rei
808 1242 1040 1312 negotio
1093 1240 1309 1295 notitia:
1354 1244 1467 1294 tua)
1501 1240 1786 1310 patefacto

123 1334 451 1390 reverentia
465 1338 567 1386 tua
585 1332 755 1404 quasi
778 1330 899 1386 zelo
915 1329 1288 1386 rectitudinis
1309 1329 1565 1400 ﬂagrans
1590 1329 1788 1398 praefa-

123 1428 245 1476 tum
281 1419 585 1476 hominem
621 1436 654 1474 a
686 1435 794 1473 sua
817 1417 1175 1488 judicaverit
1213 1419 1460 1487 conjuge
1504 1433 1786 1487 separan-

127 1512 288 1577 dum,
325 1510 485 1580 quod
523 1509 646 1564 fieri
680 1506 1017 1562 nullatenus
1039 1507 1230 1575 debet,
1264 1507 1492 1562 dicente
1523 1506 1792 1576 Scriptu-

128 1617 221 1655 ra:
259 1617 293 1655 a
323 1599 442 1655 Deo
465 1599 736 1668 junctam
768 1612 897 1651 esse
929 1595 1053 1651 viro
1102 1611 1342 1650 uxorem
1374 1600 1430 1650 et
1460 1596 1613 1666 quod
1639 1594 1794 1649 Deus

121 1689 343 1760 junxit,
377 1687 556 1742 homo
591 1703 704 1741 non
737 1690 967 1756 separet
998 1686 1210 1756 (Matth.
1245 1684 1383 1754 xxx).
1423 1684 1582 1739 Unde
1606 1689 1662 1738 et
1686 1683 1790 1738 Do-

1893 515 1954 554 se
1987 500 2352 558 miscuerunt
2376 506 2772 575 matrimonio,
2799 525 2898 580 per
2927 511 3126 566 omnia
3152 517 3253 568 tua
3275 514 3537 572 fraterni-

1892 594 1982 644 tas
1997 593 2232 647 studeat
2249 600 2602 665 separare,et
2616 598 2968 666 pmnitentiae
2983 601 3155 673 digne
3169 603 3537 675 submittere,

1894 686 2185 749 quatenus
2207 683 2280 737 ab
2303 690 2516 739 aeterna
2529 687 3071 745 erutidamnatione
3094 692 3321 747 animas
3334 709 3537 749 eorum

1893 768 2134 826 lucretis
2162 777 2471 842 praastante
2490 775 2845 831 Domino.De
2869 778 3004 832 filiis
3027 785 3220 835 autem
3246 784 3342 851 qui
3367 799 3436 837 ex
3455 785 3541 840 eis

1897 860 2017 914 nati
2049 876 2176 916 esse
2210 865 2530 932 probantur
2560 865 2811 920 retulisti
2845 867 2892 920 si
2923 866 3093 923 liceat
3130 885 3227 925 eos
3267 873 3540 944 conjugio

1896 948 2176 1019 copulari.
2211 951 2319 1005 Sed
2355 951 2413 1006 hi
2437 969 2540 1007 cur
2589 954 3008 1024 prohibeantur
3054 975 3086 1011 a
3117 960 3410 1031 conjugio,
3443 966 3544 1017 aut

1897 1055 2000 1108 pro
2029 1038 2373 1110 hujusmodi
2421 1042 2821 1111 paenitentiam
2878 1061 3049 1116 agere
3090 1049 3542 1118 compellantur,

1898 1127 2038 1180 dum
2074 1144 2138 1181 ex
2173 1129 2278 1182 hoc
2310 1130 2531 1199 absque
2563 1130 2938 1188 damnatione
2969 1151 3096 1189 esse
3123 1137 3541 1205 perhibentur:

1898 1215 2036 1284 quia
2069 1233 2182 1270 non
2217 1223 2382 1287 pater
2401 1235 2502 1288 pro
2528 1220 2665 1286 filio,
2700 1237 2888 1292 neque
2916 1222 3072 1277 ﬁlius
3104 1241 3204 1294 pro
3236 1231 3397 1296 patre
3421 1245 3549 1283 sus-

1899 1304 2108 1358 tinebit
2141 1310 2450 1374 tormenta,
2486 1308 2712 1363 dicente
2743 1310 2991 1366 Domino
3039 1329 3139 1382 per
3178 1315 3542 1385 prophetam.

1899 1394 2106 1449 Anima
2135 1398 2312 1465 patris
2344 1411 2466 1451 mea
2495 1405 2593 1462 est,
2624 1407 2677 1452 et
2699 1400 2908 1454 animae
2937 1401 3047 1468 ﬁlii
3077 1418 3200 1457 mea
3224 1409 3325 1473 est,
3357 1408 3548 1461 anima

1899 1499 2018 1554 qua:
2044 1487 2354 1554 peccaverit
2390 1487 2508 1557 ipsa
2563 1488 2830 1542 morietur
2860 1489 3072 1559 (Ezech.
3105 1497 3288 1559 xvm).
3325 1494 3434 1548 Sed
3469 1503 3546 1563 et,

1902 1574 2079 1628 frater
2109 1573 2474 1644 charissime,
2508 1577 2579 1631 de
2611 1576 2702 1631 his
2734 1577 2948 1633 dixisse
2979 1579 3252 1636 sufﬁciat.
3287 1582 3430 1638 Cave
3453 1602 3548 1639 au-

1903 1666 2016 1717 tem
2037 1679 2108 1717 ne
2135 1661 2302 1718 aliter
2332 1680 2501 1735 agere
2533 1666 2817 1734 subjectis
2849 1669 3157 1740 concedas,
3188 1687 3258 1726 ne
3315 1688 3348 1727 a
3392 1679 3547 1729 recto

129 1780 330 1834 minus
361 1779 419 1832 in
453 1774 762 1848 Evangelio
782 1776 862 1830 ait
885 1793 896 1830 :
923 1779 1106 1830 Nemo
1121 1774 1414 1830 dimittere
1438 1779 1628 1845 potest
1653 1790 1786 1828 uxo-
1820 1804 1867 1868 B
1903 1751 2136 1807 tramite
2169 1752 2484 1809 inveniatis
2517 1755 2764 1810 deViare-

129 1885 253 1923 rem
288 1883 486 1936 suam,
519 1866 634 1921 nisi
659 1881 839 1920 causa
871 1864 1280 1919 fornicationis
1313 1864 1492 1932 (ibid.)
1523 1867 1789 1934 Quapro-

131 1963 260 2028 pter
291 1963 350 2011 et
391 1972 498 2011 nos
531 1960 706 2009 tantae
769 1954 1134 2010 auctoritatis
1185 1953 1455 2024 jussione
1506 1953 1795 2024 praecipue

133 2046 286 2112 freti,
321 2045 574 2099 dicimus
601 2043 992 2099 omittendum
1018 2059 1146 2098 esse
1178 2049 1234 2097 et
1267 2041 1793 2113 inculpabilejudi,

131 2136 412 2204 candum,
440 2135 592 2204 quod
640 2133 962 2187 necessitas
996 2131 1217 2186 intulit.
1279 2132 1425 2186 Nam
1458 2131 1794 2201 baptizandi

129 2225 235 2278 hoc
268 2240 421 2294 opus
441 2222 616 2277 etiam
636 2220 1269 2290 laicisfidelibusjuxta
1299 2221 1639 2276 canonicam
1656 2237 1794 2275 san-

133 2315 410 2380 ctionem,
447 2311 498 2365 si
529 2327 766 2366 necesse
798 2310 973 2364 l'uerit
1003 2311 1192 2364 facere
1223 2310 1404 2364 libere
1435 2309 1790 2364 conceditur.

140 2402 300 2457 Unde
333 2401 384 2455 si
417 2400 796 2471 supradictus
826 2401 1057 2470 genitor
1088 2399 1276 2453 filium
1335 2415 1511 2454 suum
1556 2414 1796 2469 corpore

137 2492 489 2546 morientem
540 2488 850 2559 aspiciens,
910 2504 982 2542 ne
1012 2488 1272 2543 animam
1305 2494 1488 2542 morte
1517 2491 1796 2557 perpetua

139 2583 482 2649 pereuntem
505 2577 846 2644 dimitteret,
865 2576 1016 2631 sacri
1051 2577 1210 2630 unda
1240 2574 1792 2647 baptismatislavit,

138 2674 195 2722 et
226 2683 365 2722 eum
401 2667 471 2720 de
502 2670 790 2737 potestate
812 2665 1068 2721 auctoris
1101 2665 1306 2720 mortis
1335 2671 1392 2719 et
1423 2665 1794 2720 tenebrarum

143 2756 384 2828 eripuit,
419 2760 476 2810 et
507 2757 565 2809 in
599 2771 843 2827 regnum
870 2753 1086 2810 Christi
1111 2755 1238 2824 jam
1273 2758 1678 2824 regeneratum
1705 2753 1793 2806 in-

140 2845 482 2900 dubitanter
513 2844 695 2909 misit,
721 2845 867 2899 bene
896 2843 1103 2898 fecisse
1134 2843 1447 2898 laudatur:
1485 2847 1541 2896 et
1579 2840 1794 2898 idcirco

138 2951 308 2989 suam
344 2949 582 2987 uxorem
623 2933 735 2987 sibi
766 2934 891 3002 jam
923 2931 1061 2986 olim
1095 2933 1314 3003 optime
1345 2931 1649 2997 sociatam,
1685 2930 1793 2983 im-

137 3040 295 3093 pune
325 3023 587 3092 quandiu
618 3021 866 3076 vixerint
887 3021 1230 3091 judicamus
1262 3037 1499 3075 manere
1547 3020 1794 3089 conjun-

139 3118 329 3166 ctam:
365 3126 553 3180 neque
584 3111 657 3164 ob
689 3109 797 3164 hoc
828 3116 1032 3164 contra
1089 3109 1360 3180 praefatas
1415 3110 1792 3163 auctoritates

144 3201 374 3255 divinas
408 3200 781 3270 aliquatenus
819 3197 1078 3269 separari
1110 3200 1432 3254 debuisset.

139 3390 270 3443 ΟΑΡ.
306 3386 434 3441 307.
477 3389 694 3442 —Non
744 3385 910 3439 licere
967 3383 1208 3454 aliquem
1258 3384 1565 3452 ﬁliastram
1622 3384 1796 3452 patris

212 3461 307 3515 sui
338 3461 401 3514 in
430 3459 849 3513 matrimonium
875 3457 1092 3524 ducere,
1125 3460 1174 3510 et
1200 3459 1250 3510 si
1277 3455 1496 3510 duxerit
1545 3457 1799 3525 separari

213 3531 436 3586 debere.
469 3530 768 3585 Zacharias
818 3545 967 3600 papa
1006 3527 1276 3584 Illeodoro
1337 3529 1609 3583 Ticinensi
1649 3529 1796 3598 epis-

213 3617 363 3674 copo.

212 3754 532 3810 Zacharias
561 3753 871 3824 episcopus
903 3767 1106 3806 servus
1139 3766 1439 3806 servorum
1473 3749 1595 3818 Dei,
1641 3765 1796 3805 reve-

147 3841 505 3897 rendissimo
536 3846 590 3894 et
621 3838 992 3894 sanctissimo
1022 3837 1499 3892 fratriTheodoro
1521 3835 1796 3906 episcopo

144 3931 420 3986 Ecclesiae
452 3929 910 3999 Ticiniensi.(30,
932 3945 982 3999 ᾳ.
1015 3927 1121 3993 3,c.
1157 3925 1796 3996 Pytacium.)Pytacium

143 4021 315 4075 nobis
345 4025 452 4073 tua
472 4016 1132 4072 reverendafraternitas
1153 4013 1496 4084 obtulit,per
1513 4013 1666 4084 quod
1692 4030 1796 4067 nos

142 4107 437 4163 sciscitari
467 4108 706 4175 curasti,
740 4106 786 4160 si
822 4107 994 4160 liceat
1021 4103 1232 4169 ﬁlium,
1266 4103 1435 4172 cujus
1471 4107 1633 4173 pater
1655 4102 1796 4156 alte-

139 4197 266 4252 rius
303 4196 488 4251 liliam
515 4212 580 4250 ex
609 4211 774 4271 sacro
799 4193 956 4248 fonte
975 4191 1397 4263 susceptam,id
1414 4196 1500 4245 est
1521 4190 1798 4261 spiritua-

138 4286 254 4340 lem
290 4287 561 4354 eiusdem
606 4284 786 4355 patris
820 4282 996 4337 filiam
1041 4281 1217 4352 (quod
1249 4280 1363 4335 dici
1405 4279 1642 4334 crudele
1663 4281 1796 4347 est),

137 4374 194 4428 in
229 4373 608 4428 matrimonio
641 4371 922 4441 accipere,
959 4371 1113 4440 quod
1166 4369 1320 4438 apud
1379 4373 1434 4423 te
1484 4368 1801 4422 enormiter

138 4462 458 4517 asseruisti
490 4461 824 4530 contigisse.
860 4459 971 4514 Sed
998 4460 1143 4513 bene
1173 4465 1275 4512 tua
1306 4463 1506 4512 sancta
1529 4458 1798 4511 fraterni-

1901 1860 2287 1940 CAP.‘308.-—
2320 1861 2467 1940 Quod
2507 1862 2889 1940 ianaptismo
2938 1881 3055 1940 non
3103 1883 3250 1936 aqua
3299 1870 3546 1940 mundat,

1973 1931 2065 2012 sed
2097 1932 2333 2012 verbum.
2369 1931 2703 2003 Augustinus
2731 1951 2895 2006 super
2922 1931 3188 1993 Joannem
3236 1940 3420 2011 (tract.
3457 1931 3546 2012 80)

1974 2004 2201 2058 homilia
2233 2021 2379 2060 xxv1.

1975 2109 2258 2166 Dominus
2289 2111 2436 2166 dixit
2467 2112 2775 2184 discipulis
2807 2115 2934 2170 suis
2968 2132 2980 2170 :
3042 2119 3165 2173 Jam
3223 2136 3310 2176 vos
3358 2122 3556 2178 mundi

1904 2201 2057 2265 estis,
2086 2209 2306 2270 propter
2335 2200 2564 2256 verbum
2594 2204 2737 2272 quod
2779 2203 2992 2260 locutus
3033 2223 3157 2262 sum
3183 2211 3332 2265 vobis
3363 2212 3548 2281 (Joan.

1902 2290 2254 2356 xvu).Quare
2287 2307 2398 2344 non
2415 2291 2498 2345 ait
2529 2293 2732 2346 mundi
2764 2295 2908 2348 estis
2932 2301 3166 2367 propter
3187 2298 3552 2369 baptismum

1906 2394 2020 2448 quo
2047 2378 2232 2432 abluti
2255 2379 2419 2448 estis,
2443 2381 2542 2434 sed
2576 2381 2658 2435 ait
2689 2386 2926 2452 prepter
2955 2386 3109 2454 quod
3160 2386 3391 2445 locutus
3417 2407 3551 2446 sum

1903 2467 2088 2534 vobis,
2122 2467 2235 2522 nisi
2266 2469 2404 2538 quia
2436 2473 2492 2523 et
2523 2469 2582 2523 in
2614 2487 2767 2541 aqua
2801 2472 3041 2527 verbum
3071 2476 3374 2531 mundat?

1903 2577 2038 2631 CAP.
2073 2576 2208 2654 309..
2229 2603 2297 2617 -
2332 2576 2609 2654 Apostolos
2641 2577 2949 2654 baptizatos
2977 2582 3173 2654 fuisse.
3209 2588 3551 2654 Augustinus

2187 2649 2247 2701 in
2277 2647 2510 2717 epistola
2539 2648 2608 2702 ad
2649 2647 3094 2722 Seleuciumi(ep.
3134 2655 3282 2724 308).

1977 2755 2068 2820 (De
2089 2769 2233 2808 cons.
2269 2753 2394 2808 dist.
2429 2754 2482 2819 4,
2514 2770 2563 2809 c.
2599 2755 2868 2827 Quando.)
2901 2757 3141 2820 Quando
3173 2761 3245 2815 ab
3285 2761 3554 2819 Hieroso-

1901 2842 2077 2914 lymis
2109 2843 2247 2897 exiit
2276 2843 2560 2898 Dominus
2589 2844 2785 2911 Jesus,
2831 2862 2962 2900 cum
2997 2848 3304 2920 discipulis
3336 2852 3460 2906 suis
3494 2856 3554 2908 in

1901 2933 2159 2986 Judaeum
2192 2935 2431 2999 terram,
2465 2937 2521 2986 et
2551 2931 2631 2986 ibi
2655 2935 2994 2989 morabatur
3021 2953 3153 2991 cum
3186 2937 3554 3011 eis,baptiza-

1904 3021 2001 3074 bat
2032 3037 2146 3074 non
2178 3037 2280 3088 per
2308 3021 2590 3090 seipsum,
2626 3022 2726 3075 sed
2761 3038 2862 3092 per
2882 3023 3205 3095 discipulos
3235 3044 3553 3099 suos,quos

1905 3107 2294 3178 intelligimus
2320 3109 2442 3179 jam
2476 3109 2654 3164 fuisse
2705 3111 3051 3180 baptizatos,
3101 3115 3222 3170 sive
3260 3116 3555 3188 baptismo

1825 3171 1866 3238 (ἶ
1903 3171 2149 3251 Joannis
2181 3171 2621 3251 sicutnonnulli
2653 3171 3050 3254 arbitrantur
3077 3203 3195 3257 sive
3227 3171 3402 3274 (quod

1906 3287 1996 3357 gis
2025 3286 2302 3340 credibile
2332 3287 2440 3357 est)
2471 3287 2764 3357 baptismo
2794 3288 3030 3344 Christi.
3067 3295 3209 3346 Item
3253 3298 3557 3365 respondit

1908 3375 2194 3430 Dominus
2227 3376 2393 3430 Petro
2429 3393 2440 3429 :
2470 3376 2573 3442 Qui
2603 3379 2741 3431 lotus
2796 3383 2896 3444 est,
2953 3396 3061 3434 non
3095 3381 3308 3451 indiget
3353 3386 3469 3438 nisi
3495 3389 3555 3438 ut

1907 3464 2066 3534 pedes
2098 3465 2267 3532 lavet,
2297 3464 2388 3517 sed
2417 3473 2494 3518 est
2523 3465 2763 3520 mundus
2813 3470 2957 3522 totus
2984 3470 3159 3536 (Joan.
3200 3481 3341 3539 xm).
3392 3472 3554 3530 Unde

1908 3552 2258 3624 intelligitur
2289 3554 2444 3624 quod
2467 3554 2590 3623 jam
2625 3554 2798 3609 fuerit
2840 3556 3164 3628 baptizatus
3196 3561 3420 3616 Petrus.

1906 3660 2040 3713 CAP.
2075 3659 2198 3712 310.
2232 3690 2299 3731 έ
2332 3661 2402 3712 De
2445 3660 2629 3714 eodem
2682 3661 3022 3731 Augustinus
3082 3666 3152 3719 ad
3215 3669 3556 3725 Vincentium

1943 3733 2199 3786 victorem
2218 3730 2339 3799 (lib.
2377 3747 2440 3785 ιιι
2471 3733 2548 3786 De
2573 3730 2775 3786 anima
2793 3741 2844 3788 et
2869 3735 2987 3800 eius
3017 3739 3248 3806 origine,
3281 3756 3398 3810 cap.
3427 3742 3504 3810 9).

1978 3839 2073 3906 (De
2101 3853 2273 3900 con-s.,
2305 3835 2431 3890 dist.
2466 3838 2518 3906 4,
2550 3854 2598 3893 c.
2649 3839 2710 3892 Si
2759 3843 2897 3907 eos.)
2949 3841 3007 3896 Si
3067 3859 3165 3897 eos
3223 3844 3292 3898 de
3341 3847 3556 3915 quibus

1909 3928 2194 3995 scriptum
2229 3941 2342 3979 non
2377 3931 2466 3980 est
2499 3931 2694 3980 utrum
2730 3928 2945 3983 fuerint
2988 3931 3259 4001 baptizati
3291 3934 3415 3988 sine
3453 3935 3555 3988 ba-

1908 4015 2122 4086 ptismo
2146 4015 2215 4068 de
2248 4014 2356 4068 hac
2386 4015 2500 4068 vita
2519 4017 2829 4071 recessisse
2856 4020 3437 4092 contendimus,ipsis
3461 4039 3560 4076 ca-

1909 4104 2276 4157 lumniamur
2305 4102 2623 4174 apostolis:
2668 4107 2762 4172 qui
2802 4111 3007 4175 praeter
3034 4107 3279 4162 Paulum
3321 4115 3560 4178 aposto-

1908 4191 2056 4252 lum.
2089 4192 2322 4260 quando
2347 4192 2620 4261 baptizati
2649 4193 2863 4246 fuerint
2886 4194 3245 4264 ignoramus.
3267 4196 3375 4250 Sed
3399 4197 3558 4266 ipsos

1909 4281 2232 4350 baptizatos
2265 4297 2391 4335 esse
2426 4297 2525 4350 per
2556 4282 2664 4335 hoc
2707 4282 2875 4336 nobis
2933 4282 3298 4339 innotescere
3349 4287 3556 4356 potuit,

1910 4369 2063 4439 quod
2100 4369 2267 4422 beato
2301 4368 2463 4422 Petro
2525 4369 2804 4422 Dominus
2825 4370 2941 4425 ait:
2989 4373 3100 4440 Qui
3132 4373 3272 4427 lotus
3319 4380 3417 4444 est,
3451 4391 3560 4431 non

1910 4457 2118 4527 indiget
2148 4458 2262 4510 nisi
2286 4462 2344 4510 ut
2374 4456 2536 4526 pedes
2569 4459 2710 4511 lavet
2741 4460 2919 4527 (Joan.
2946 4461 3091 4529 xm).

138 4559 226 4606 ἴδε
261 4556 636 4620 compertum
670 4549 868 4615 habet,
895 4547 1050 4617 (Ιυοά
1080 4548 1369 4601 Dominus
1405 4547 1576 4614 MOYSi
1596 4562 1802 4636 Prece'
1829 4536 1877 4599 D
1910 4563 2043 4618 CAP.
2079 4564 2200 4616 3H.
2237 4593 2302 4602 —
2335 4564 2539 4636 Divites
2561 4564 2862 4636 baptizatos
2887 4582 2995 4621 non
3011 4569 3225 4636 privari
3252 4584 3420 4636 regno
3441 4570 3557 4625 Dei.

139 4641 223 4710 pit
254 4641 502 4693 dicens:
544 4637 954 4708 Turpitudinem
979 4637 1158 4706 patris
1209 4640 1292 4689 tui
1347 4652 1417 4688 ne
1473 4635 1710 4688 reveles:
1746 4642 1796 4688 et

139 4729 556 4799 turpitudinem
583 4729 780 4781 matris
812 4735 918 4782 tum
973 4741 1082 4780 non
1131 4724 1401 4779 revelabis
1435 4741 1452 4776 :
1496 4723 1801 4792 turpitudi-

139 4833 264 4870 nem
295 4818 506 4871 sororis
526 4819 640 4871 tuae
659 4831 772 4869 non
806 4813 1093 4880 reuelabis,
1123 4811 1404 4882 turpitudo
1435 4813 1580 4864 enim
1605 4806 1837 4865 tuaest‘

140 4906 286 4972 (Lev.
325 4909 508 4969 xvm).
539 4902 989 4974 Turpitudinem
1022 4900 1177 4956 enim
1213 4916 1326 4954 non
1365 4899 1618 4954 revelare
1657 4899 1798 4952 dici-

141 4993 439 5057 tur.dum
475 5010 509 5048 a
567 4994 801 5064 propria
861 4989 1367 5060 consanguinitate
1426 4987 1802 5058 praecipimur

143 5083 445 5138 abstinere
481 5099 495 5136 :
531 5081 718 5136 multo
749 5081 940 5150 magis
972 5096 1006 5134 a
1057 5078 1352 5149 spirituali
1387 5076 1571 5146 patris
1617 5079 1801 5132 nostri

145 5170 262 5225 tilia
291 5169 455 5223 omni
487 5170 816 5236 occasione,
847 5173 950 5222 aut
981 5171 1328 5238 argumento
1382 5167 1640 5234 seposito
1689 5169 1800 5220 sub

146 5255 329 5309 nimia
359 5254 725 5308 districtione
747 5269 850 5307 nos
882 5269 1082 5308 cavere
1113 5251 1410 5316 convenit,
1443 5268 1514 5306 ne
1535 5252 1680 5308 iram
1707 5254 1796 5307 di-

144 5344 256 5396 vini
289 5343 582 5398 examinis
615 5342 858 5407 incidat,
894 5341 943 5395 si
977 5341 1111 5411 quis
1154 5340 1257 5394 tali
1311 5339 1552 5394 facinori
1586 5341 1798 5396 mistus

147 5432 390 5487 minime
423 5430 796 5486 restrinxerit
827 5430 992 5484 frena
1021 5428 1285 5482 luxuriae.
1322 5426 1482 5481 Unde
1503 5433 1558 5481 et
1595 5445 1798 5486 omnes

148 5521 388 5576 omnino
413 5521 655 5576 cavendi
673 5518 1008 5575 suntatalis
1025 5516 1263 5573 sceleris
1287 5516 1799 5586 commistione,ne

149 5608 202 5663 in
232 5615 523 5666 sternam
557 5612 815 5680 pereant.
849 5607 959 5663 Sed
992 5622 1090 5664 eos
1123 5604 1224 5677 qui
1245 5604 1425 5675 hujus
1458 5608 1798 5677 perniciosas

1981 4634 2422 4710 dugustinus‘ad
2473 4635 2782 4710 Paulinum
2828 4634 3098 4692 Nolanum
3147 4634 3459 4710 episcopum
3490 4643 3559 4696 de

1979 4706 2204 4776 Pelagio
2236 4706 2416 4776 (epist.
2454 4708 2598 4776 106).

1978 4812 2332 4867 Confiteatur
2375 4811 2645 4882 Pelagius
2694 4813 2900 4869 divites
2934 4815 3275 4885 baptizatos,
3328 4818 3559 4874 etiamsi

1909 4900 2125 4954 divitiis
2149 4900 2273 4955 suis
2308 4917 2420 4954 non
2455 4905 2774 4966 careant,et
2803 4903 2924 4956 sint
2955 4903 3122 4968 tales,
3148 4906 3350 4976 quales
3374 4910 3441 4962 ad
3465 4909 3560 4963 Ti-

1909 4989 2210 5043 motheum
2240 4988 2444 5042 scribit
2484 4989 2799 5058 Apostolus
2827 4991 3024 5046 dicens
3051 5008 3062 5046 :
3089 4994 3341 5066 Prmcipe
3363 4996 3563 5050 diviti-

1908 5078 2018 5131 bus
2050 5077 2226 5147 bujus
2259 5078 2455 5132 seculi
2489 5095 2604 5132 non
2651 5079 2902 5149 superbe
2934 5095 3161 5152 sapere,
3210 5100 3400 5154 neque
3431 5103 3560 5155 spe-

1907 5184 2033 5221 rare
2061 5167 2116 5220 in
2155 5165 2373 5220 incerto
2397 5165 2861 5231 divitiarum,sed
2894 5168 2951 5222 in
2987 5170 3230 5226 Domino
3270 5171 3419 5241 vivo,
3459 5173 3557 5244 qui

1907 5259 2144 5324 praestat
2175 5255 2343 5308 nobis
2374 5257 2574 5308 omnia
2604 5255 2974 5311 abundanter
3013 5260 3081 5312 ad
3119 5259 3427 5316 fruendum
3453 5280 3465 5316 :
3491 5267 3557 5315 ut

1906 5346 2025 5399 sint
2054 5345 2264 5398 divites
2287 5343 2344 5395 in
2377 5345 2650 5412 operibus
2676 5345 3046 5408 bonis,facile
3077 5349 3362 5415 tribuant,
3397 5366 3557 5403 com-

1907 5431 2635 5496 municent,thesaurizent
2657 5433 2765 5487 sibi
2794 5434 3242 5491 fundamentum
3267 5437 3556 5491 bonumin

1905 5524 2125 5590 futuro,
2150 5525 2214 5575 ut
2244 5521 2689 5592 apprehendant
2711 5522 2882 5576 vitam
2926 5528 3197 5579 mternam
3231 5525 3275 5594 (l
3299 5525 3427 5580 Tim.
3454 5525 3555 5598 v1),

1908 5628 2013 5668 nec
2045 5628 2144 5666 eos
2177 5627 2356 5682 regno
2393 5611 2489 5666 Dei
2523 5627 2695 5684 posse
2718 5611 2952 5682 privari.
