3970 6058
432 295 538 349 135
1509 289 1579 339 ι).
1616 281 1858 340 morus
1891 277 2393 336 CARNOTENSIS
2435 277 2758 333 spiscom
3749 283 3856 338 136

440 442 3858 476 ——_—._————————————'——————-——-

1303 619 1862 718 DECRETI
1945 618 2282 714 PARS
2377 618 2520 713 SE
2535 617 2786 714 CUN
2792 619 2969 714 DA

431 827 520 888 De
550 826 944 886 sacramento
975 815 1255 899 corporis
1285 821 1348 877 et
1377 811 1700 899 sanguinis
1730 810 1981 871 Domini
2029 813 2090 871 et
2131 808 2212 899 de
2267 808 2680 899 perceptione
2729 815 2792 870 et
2847 809 3285 872 observatione
3322 829 3335 884 ;
3395 813 3472 874 de
3531 815 3729 878 missa
3788 824 3856 879 et

1507 894 1775 955 aliorum
1807 895 2349 952 sacramentorum
2390 892 2748 950 sanctitate.

429 1224 562 1278 CAP.
602 1224 651 1273 1.
685 1249 752 1258 -
773 1216 923 1286 Quod
951 1216 1117 1287 panis
1140 1214 1495 1287 etcatixgnon
1517 1211 1786 1287 qualibet,
1807 1207 1900 1287 sed
1929 1215 2074 1287 certa
2103 1207 2158 1274 Α
2191 1206 2416 1262 unitate
2447 1206 2708 1279 corporis
2765 1206 2980 1264 Christi
3038 1208 3418 1264 constitutus.
3483 1210 3860 1268 Sacramenti

501 1281 912 1371 consecratione
1032 1303 1222 1371 corpus
1241 1285 1460 1341 Christi.
1490 1281 1826 1371 Augustinus
1847 1283 1907 1337 in
1930 1281 2069 1371 libra

2290 1311 2401 1366 ppe
2434 1294 2594 1349 illius
2618 1295 3069 1368 participatione
3097 1314 3163 1352 ac
3195 1297 3476 1353 beneﬁcio
3509 1315 3626 1354 non
3652 1300 3855 1371 priva-

501 1366 577 1418 De
611 1353 1014 1416 catechimndis
1068 1353 1319 1422 rudibus,
1377 1372 1497 1427 cap.
1555 1353 1585 1408 1⁷
1633 1353 1692 1424 (ι.
1756 1370 1830 1408 xx
1886 1359 2069 1407 contra

501 1436 780 1484 Faustum.
813 1448 858 1484 c.
895 1431 1000 1484 13l.

2293 1353 2560 1456 :quando
2592 1353 2652 1439 in
2685 1401 2748 1441 se
2779 1353 2888 1442 hoc
2915 1387 3068 1458 quod
3103 1386 3250 1443 illud
3301 1353 3861 1446 sacramentumsi-

500 1436 780 1501 “mm’
813 1448 858 1486 ⁶’
895 1435 1000 1499 ¹³)·
2187 1435 3080 1546 έςᾘίὸέἑῐξῐένὲὲίῐιῖτῗ⁷ιὶὧῖἓὲ
3104 1435 3255 1533 ᾖὧῷ
3283 1435 3859 1546 ᾖξ’ἆιῐῖιξιῖέᾎῖίέ,

499 1580 676 1650 (Grat.
735 1581 814 1631 De
833 1588 1077 1630 consecr.
1111 1571 1240 1626 dist.
1273 1573 1328 1640 2,
1377 1586 1499 1641 cap.
1563 1569 1733 1624 Panis
1779 1572 1834 1622 et
1872 1564 2075 1637 calix.)
2187 1563 2456 1650 (cap.20).
2488 1563 2549 1618 In
2572 1563 2760 1621 forma
2780 1565 2934 1620 servi
2966 1564 3178 1622 maluit
3198 1566 3484 1622 Dominus
3513 1584 3640 1624 esse
3664 1569 3854 1624 sacri-

423 1649 600 1724 Panis
629 1670 686 1720 et
713 1663 1004 1733 calix,non
1029 1658 1293 1732 qualibet
1314 1659 1415 1714 sed
1439 1653 2076 1724 certaconsecratione,
2188 1649 2386 1707 ﬁcium
2418 1669 2600 1724 quam
2633 1670 2889 1724 sumere,
2921 1671 2993 1710 ne
3039 1655 3127 1710 vel
3177 1655 3288 1711 hac
3345 1655 3654 1712 occasione
3687 1658 3854 1730 quis-

427 1756 712 1829 mystieus
743 1754 808 1808 ﬁt
839 1750 1030 1815 nobis,
1055 1766 1171 1804 non
1203 1748 1484 1804 nascitur.
1517 1745 1766 1801 Proinde
1787 1744 1938 1816 quod
1963 1758 2076 1797 non
2188 1757 2366 1812 quam
2400 1742 2764 1798 existimaret
2793 1742 3031 1799 cuilibet
3061 1743 3512 1801 sacriﬁcandum
3536 1762 3667 1802 esse
3685 1763 3852 1802 crea-

425 1845 508 1901 ita
539 1845 603 1899 ﬁt
632 1842 822 1910 nobis,
851 1838 1118 1912 quamvis
1149 1837 1225 1894 sit
1257 1836 1425 1908 panis
1455 1839 1512 1890 et
1541 1833 1713 1896 calix,
1729 1833 2076 1889 alimentum
2187 1834 2354 1895 turis,
2390 1848 2493 1902 per
2521 1830 2631 1887 hoc
2663 1838 2720 1887 et
2748 1833 3023 1889 sacerdos
3053 1840 3144 1889 est
3166 1834 3293 1906 ipse
3322 1835 3598 1900 oﬁ‘erens,
3633 1836 3764 1908 ipse
3794 1840 3854 1893 et

428 1940 520 1990 est
548 1929 902 1997 reiectionis,
961 1943 1076 1982 non
1135 1929 1572 1981 sacramentum
1606 1922 1931 1994 religionis,
1963 1922 2076 1977 nisi
2187 1918 2618 1992 oblatio.Cujus
2650 1921 2731 1976 rei
2761 1928 3198 1978 sacramentum
3232 1923 3644 1995 quotidianum
3663 1924 3857 1981 voluit

429 2023 585 2095 quod
627 2019 1030 2076 benedicimus
1063 2015 1401 2086 gratiasque
1449 2013 1683 2085 agimus
1715 2012 1982 2079 Domino,
2017 2011 2075 2066 in
2187 2008 2455 2065 Ecclesiae
2486 2026 2616 2066 esse
2646 2010 3020 2082 sacriﬁcium,
3053 2028 3181 2083 qua;
3230 2029 3363 2068 cum
3396 2014 3609 2084 capitis
3658 2013 3857 2086 ipsius

427 2110 588 2168 omni
618 2110 746 2180 ejus
793 2122 1060 2171 munere,
1104 2121 1218 2159 non
1265 2107 1498 2158 tantum
1549 2100 1823 2173 spiritali,
1874 2116 2075 2155 verum
2189 2097 2267 2153 sit
2294 2114 2529 2169 corpus,
2561 2099 2820 2170 seipsam
2851 2116 2953 2171 per
2983 2101 3181 2171 ipsum
3212 2101 3386 2157 discit
3407 2102 3634 2158 offerre.

424 2202 602 2258 etiam
634 2195 941 2268 corporali.
989 2197 1122 2251 Item
1169 2210 1238 2249 ea:
1273 2208 1526 2248 sermone
1573 2191 1638 2246 de
1696 2191 2076 2286 sacramentis.
2189 2215 2322 2268 CAP.
2353 2214 2408 2267 2,
2442 2245 2510 2254 __
2544 2214 2699 2282 Quod
2725 2231 2934 2270 ,ηαηηα
2963 2233 2995 2270 α
3033 2217 3287 2286 patribus
3314 2221 3605 2285 sumptum
3635 2234 3748 2274 ηοη
3784 2221 3862 2274 li,

425 2296 528 2359 (De
550 2305 698 2345 cons.
729 2287 858 2342 dist.
889 2285 945 2351 2,
975 2301 1024 2339 c-
1057 2285 1208 2356 Quia
1269 2298 1462 2354 Ραεϐυδ
1517 2281 1636 2350 εδει)
1695 2280 1836 2346 Ουίᾶ
1869 2295 2078 2350 Ραεευε
2263 2285 2477 2340 beravit
2505 2303 2538 2339 a
2565 2280 2764 2353 morte,
2797 2287 2890 2342 sed
2918 2289 3021 2358 qui
3033 2280 3388 2358 'ﬁgurabatur
3407 2280 3467 2344 in
3503 2306 3721 2346 manna
3741 2308 3760 2346 :
3795 2294 3861 2347 in

433 2384 523 2437 est
537 2395 640 2452 pro
656 2376 826 2432 nobis
855 2371 1289 2431 commendavit
1311 2370 1480 2426 nobis
1504 2371 1560 2424 in
1580 2370 1693 2425 isto
1711 2373 2078 2424 sacramento
2259 2372 2508 2412 δεννηοηε
2533 2359 2605 2412 De
2635 2359 2879 2414 utilitate
2907 2360 3130 2430 agenda
3159 2361 3524 2432 paenitentia.

431 2467 782 2538 sanguinem
809 2479 984 2519 suum
1023 2466 1081 2517 et
1110 2477 1346 2532 corpus,
1379 2459 1536 2530 quod
1570 2458 1748 2513 etiam
1781 2458 1916 2512 fecit
1947 2473 2077 2512 nos-
2261 2454 2476 2510 Manna
2523 2455 2594 2510 de
2643 2455 2811 2526 ccslo,
2845 2457 3060 2528 inquit,
3092 2463 3296 2530 aperte
3328 2459 3402 2514 ab
3434 2459 3562 2530 ipso
3593 2459 3853 2516 Domino

431 2557 735 2628 metipsos.
767 2553 914 2608 Nam
945 2555 1005 2608 et
1051 2567 1158 2606 nos
1188 2566 1402 2620 corpus
1434 2548 1622 2620 ipsius
1675 2547 1808 2602 facti
1842 2563 2076 2610 sumus,
2109 2579 2159 2644 B
2187 2542 2718 2614 exponitur.Patres
2741 2545 3452 2617 vestri,inquit,mannam
3471 2549 3854 2605 manducave-

429 2650 487 2702 et
516 2661 618 2716 per
646 2639 1113 2698 misericordiam
1146 2636 1356 2708 ipsius,
1409 2635 1566 2706 quod
1611 2633 1944 2704 accepimus
1973 2649 2079 2688 nos
2112 2633 2157 2644 "
2189 2635 2316 2687 runt
2349 2633 2405 2687 in
2437 2633 2653 2689 deserto
2681 2638 2732 2689 et
2760 2636 2969 2689 mortui
2994 2647 3123 2690 sunt
3145 2636 3324 2706 (Joan.
3360 2655 3453 2704 v1;
3490 2637 3656 2692 Exod.
3694 2654 3794 2692 xvr
3836 2659 3851 2707 ;

429 2749 660 2791 sumus.
687 2726 1118 2792 Recordamini,
1169 2731 1225 2780 et
1279 2741 1380 2779 vos
1413 2741 1527 2778 non
1572 2722 1786 2788 fuistis,
1816 2727 1874 2777 et
1903 2721 2080 2777 creati
2189 2721 2350 2776 Num.
2386 2723 2471 2792 ιι).
2529 2724 2772 2788 Quando
2821 2724 2974 2780 enim
3025 2724 3306 2792 viverent,
3345 2727 3537 2798 ﬁgura
3567 2744 3854 2798 praenun-

428 2824 596 2887 estis,
629 2821 700 2876 ad
731 2833 928 2875 aream
955 2814 1310 2870 Dominicam
1344 2813 1694 2884 comportati
1722 2811 1886 2881 estis,
1917 2811 2079 2866 lubo-
2189 2810 2336 2866 tiare
2368 2812 2543 2866 vitam
2576 2816 2792 2882 posset,
2823 2814 2940 2869 vita
2987 2830 3116 2870 esse
3149 2831 3262 2870 non
3289 2821 3507 2887 posset.
3537 2816 3851 2871 Manduca-

431 2910 596 2968 ribus
629 2909 830 2973 boum,
859 2904 916 2958 id
950 2909 1042 2958 est
1070 2901 1548 2956 annuntiantium
1581 2899 1958 2971 Evangelium
1983 2900 2080 2954 tri-
2187 2908 2401 2966 verunt,
2426 2901 2638 2971 inquit,
2669 2918 2880 2957 manna
2906 2911 2957 2958 et
2985 2905 3190 2958 mortui
3217 2907 3364 2972 sunt,
3399 2904 3457 2959 id
3487 2910 3594 2971 est,
3624 2921 3854 2961 manna

430 2995 612 3052 turati
644 2993 806 3050 estis.
827 2993 1071 3056 Quando
1104 2989 1514 3046 catechumeni
1545 2988 1988 3057 dei‘erebamini,
2021 2988 2078 3044 in
2189 2989 2341 3059 quod
2375 2989 2904 3058 manducaverunt,
2951 3009 3066 3047 non
3100 3009 3200 3048 eos
3231 2993 3425 3064 potuit
3454 2993 3525 3049 de
3563 2998 3752 3050 morte
3777 2994 3851 3049 li-

429 3086 640 3140 horreo
657 3078 1322 3148 servabamini,nomina
1341 3081 1532 3132 vestra
1553 3076 2082 3147 dedistis,ccepistis
2187 3076 2411 3146 berare,
2445 3095 2561 3134 non
2583 3079 2721 3150 quia
2751 3097 2971 3136 manna
2992 3081 3190 3153 ipsum
3242 3098 3398 3137 mors
3420 3081 3540 3138 illis
3571 3083 3704 3146 fuit.
3733 3085 3850 3139 sed

435 3171 574 3230 moli
595 3169 913 3244 jejuniiset
933 3167 1274 3224 exorcismis
1299 3183 1312 3222 :
1341 3171 1536 3238 postea
1557 3166 1630 3221 ad
1660 3182 1868 3237 aquam
1889 3165 2081 3221 venis-
2188 3167 2327 3238 quia
2356 3183 2389 3221 a
2421 3171 2608 3224 morte
2636 3185 2734 3225 eos
2765 3186 2880 3225 non
2903 3169 3193 3226 liberavit.
3229 3170 3330 3226 Ille
3360 3176 3558 3226 autem
3581 3188 3614 3226 a
3649 3178 3845 3227 morte

434 3263 596 3332 tis,et
625 3258 927 3332 conspersi
951 3257 1180 3323 estis,et
1211 3255 1380 3327 panis
1402 3254 1740 3311 Dominicus
1760 3255 1893 3310 facti
1911 3255 2074 3310 estis.
2185 3271 2285 3310 eos
2317 3253 2672 3312 liberaturus
2701 3263 2846 3325 erat,
2908 3260 3012 3330 qui
3069 3275 3171 3330 per
3201 3277 3418 3316 manna
3451 3260 3848 3332 ligurabatur.

432 3355 574 3408 Ecce
595 3349 748 3422 quod
779 3345 1106 3418 accepistis.
1130 3346 1430 3412 Quomodo
1479 3361 1617 3416 ergo
1649 3361 1830 3401 unum
1868 3344 2078 3401 videtis
2184 3343 2438 3400 Breviter
2467 3361 2599 3414 ergo
2629 3346 2898 3416 dixerim,
2930 3348 3270 3419 quicunque
3334 3349 3392 3404 in
3425 3365 3643 3404 manna
3679 3348 3848 3404 Chri-

429 3457 558 3497 esse
588 3439 745 3511 quod
775 3437 993 3492 factum
1023 3439 1135 3503 est,
1166 3434 1252 3489 sic
1298 3440 1356 3490 et
1397 3451 1497 3490 vos
1532 3451 1711 3490 unum
1735 3439 1919 3490 estote
1949 3433 2077 3489 dili-
2183 3437 2342 3488 stum
2375 3431 3086 3500 intellexerunt,eumdem
3111 3452 3284 3507 quem
3318 3453 3425 3492 nos
3447 3437 3642 3493 cibum
3665 3437 3848 3509 spiri-

426 3532 631 3600 gentes
654 3524 1036 3596 vos,tenendo
1060 3539 1236 3578 unam
1260 3524 1642 3589 ﬁdem,unam
1665 3524 2076 3594 spem,indivi-
2181 3520 2401 3576 tualem
2437 3521 2955 3579 manducaverunt.

428 3618 606 3673 duam
643 3613 1008 3670 charitatem.
1041 3612 1304 3668 Haeretici
1337 3613 1572 3684 quando
1613 3612 1720 3668 hoc
1751 3612 2070 3684 accipiunt,
2181 3635 2314 3692 CAP.
2338 3638 2391 3692 3.
2426 3668 2494 3678 _
2515 3639 2775 3706 Quamvis
2812 3656 2898 3694 res
2950 3641 3194 3696 visibiles
3219 3649 3688 3697 sacramentorum
3712 3657 3845 3697 σω.-

425 3707 832 3764 testimonium
855 3709 1058 3761 contra
1078 3721 1141 3760 se
1162 3705 1460 3776 accipiunt
1488 3721 1502 3760 :
1529 3705 1666 3777 quia
1697 3704 1779 3759 illi
1804 3709 2074 3776 quaerunt
2250 3704 2614 3780 rumpantur,
2645 3720 2967 3783 nontamen
2991 3712 3046 3767 id
3075 3713 3220 3783 quod
3245 3729 3351 3783 per
3378 3730 3472 3768 eas
3499 3715 3827 3782 agitur,cor

425 3795 936 3860 divisionem,cum
969 3795 1136 3866 panis
1167 3793 1280 3849 iste
1309 3793 1527 3849 indicet
1558 3794 1864 3850 unitatem.
1892 3795 1986 3850 Sic

1959 3811 1986 3850 ο
2016 3800 2074 3850 ει
2251 3784 2442 3852 rumpi
2461 3797 2634 3848 posse.
2669 3783 2731 3837 In
2753 3782 2894 3838 libro
2927 3785 2999 3839 De
3027 3782 3192 3840 unico
3226 3782 3516 3856 baptismo.

422 3885 695 3942 vinumin
729 3883 934 3940 multis
964 3883 1213 3938 racemis
1241 3881 1371 3952 fuit,
1403 3887 1460 3937 et
1517 3883 1690 3938 modo
1740 3900 1926 3939 unum
1957 3888 2066 3941 est.
2116 3950 2140 3952 μ
2247 3880 2334 3933 An
2365 3895 2518 3947 vero,
2578 3879 2792 3952 inquit,
2848 3880 3012 3949 solis,
3071 3881 3160 3938 vel
3217 3882 3394 3938 etiam
3427 3881 3676 3938 lucernas
3730 3881 3838 3938 lux

422 3975 618 4031 Unum
647 3976 737 4029 est
764 3971 825 4026 in
857 3987 966 4026 sua
993 3969 1316 4038 nativitate,
1349 3950 1496 4025 calix
1554 3975 1686 4042 post
1732 3988 2067 4042 pressuram
2100 3950 2143 4019 C
2181 3983 2314 4022 cum
2349 3983 2449 4038 per
2476 3950 2707 4024 ccenosa
2738 3969 3110 4040 diﬁ‘unditur,
3169 3970 3312 4025 nihil
3346 3971 3482 4026 inde
3522 3970 3834 4026 sordidum

417 4063 733 4121 toreularia
755 4065 843 4130 ;et
871 4063 1114 4130 vospost
1146 4057 1247 4114 illa
1269 4058 1498 4129 jejunis
1527 4065 1659 4130 post
1683 4059 2072 4132 lahores,post
2180 4055 2444 4125 attrahit,
2503 4061 2560 4111 et
2616 4057 2948 4130 haptnsmus
2981 4059 3197 4116 Christi
3230 4065 3422 4132 potest
3475 4061 3836 4132 cujusquam

423 4153 818 4210 humilitatem
841 4153 900 4206 et
927 4147 1566 4220 contritionemjamin
1598 4149 1833 4204 nomine
1853 4149 2070 4205 Christi
2178 4143 2496 4200 sceleribus
2529 4145 2872 4218 inquinari?
2894 4149 2951 4203 Si
2975 4149 3128 4204 enim
3159 4150 3228 4204 ad
3265 4165 3355 4204 res
3388 4149 3548 4222 ipsas
3570 4147 3837 4205 visibiles

423 4247 707 4313 tanquam
739 4240 811 4296 ad
843 4237 1086 4294 calicem
1116 4237 1380 4307 venistis,
1438 4242 1496 4292 et
1553 4237 1631 4293 ibi
1664 4255 1764 4294 vos
1815 4240 1960 4295 estis
2010 4239 2068 4294 in
2179 4233 2397 4304 quibus
2420 4233 2548 4306 ipsa
2580 4242 2950 4292 sacramenta
2981 4241 3314 4293 tractantur
3344 4239 3608 4293 animum
3638 4237 3837 4293 confe-

427 4346 650 4396 mensa,
671 4334 727 4382 et
755 4327 814 4382 in
847 4326 1023 4381 calice
1050 4325 1358 4382 nobiscum
1390 4343 1490 4381 vos
1514 4328 1678 4391 estis,
1711 4327 1887 4383 simul
1910 4328 2068 4384 enim
2179 4339 2404 4389 ramus,
2437 4322 2569 4395 quis
2602 4325 2825 4380 nesciat
2853 4343 2951 4380 eas
2984 4342 3116 4382 esse
3138 4325 3556 4398 corruptibiles
3577 4327 3604 4381 ‘I
3634 4325 3690 4380 Si
3725 4343 3834 4381 au-

425 4419 535 4474 hoc
567 4416 881 4484 sumimus,
906 4413 1083 4470 simul
1113 4415 1393 4484 bibimus,
1419 4416 1558 4488 quia
1587 4416 1766 4472 simul
1794 4417 2067 4474 vivimus.
2178 4414 2296 4465 tem
2329 4412 2399 4466 ad
2431 4410 2488 4465 id
2519 4415 2671 4483 quod
2704 4431 2802 4484 per
2831 4432 2934 4470 eas
2965 4415 3182 4488 agitur,
3206 4416 3340 4488 quis
3359 4433 3470 4472 non
3494 4416 3684 4471 videat
3715 4432 3839 4471 non

423 4508 558 4563 Item
588 4509 646 4562 in
676 4520 922 4562 sermone
953 4509 1030 4559 De
1059 4504 1388 4575 infantibus.
1437 4506 1686 4575 (Ibidem,
1731 4507 2070 4575 Gratianus.)
2180 4516 2354 4571 posse
2387 4503 2682 4575 corrumpi
2706 4503 3017 4576 ?quamvis
3041 4504 3312 4561 homines
3329 4522 3432 4577 per
3451 4522 3597 4576 quos
3615 4504 3836 4577 agitur,

424 4600 513 4654 Ita
546 4597 826 4653 Dominus
857 4598 1054 4650 noster
1079 4593 1251 4650 Jesus
1273 4595 1538 4652 Christus
1561 4614 1665 4652 nos
1697 4597 2069 4670 signiﬁcavit,
2181 4605 2283 4658 PFO
2315 4590 2441 4646 aliis
2473 4590 2738 4648 moribus
2766 4592 2854 4648 vel
2887 4593 3127 4666 praemia
3161 4593 3488 4667 percipiant
3515 4593 3601 4650 vel
3627 4611 3839 4666 pinnas

424 4703 531 4742 nos
553 4687 622 4741 ad
655 4701 716 4742 se
749 4684 1036 4756 pertinere
1057 4682 1257 4738 voluit.
1286 4685 1627 4756 Mysterium
1664 4689 1822 4758 pacis
1853 4693 1908 4744 et
1941 4690 2068 4744 uni-
2179 4677 2369 4734 illaut-

423 4775 561 4830 tatis
585 4778 795 4830 nostrae
825 4771 1124 4862 inmensa
1170 4787 1278 4826 sua
1307 4775 1688 4830 consecravit.
1723 4775 1829 4840 Qui
1861 4777 2073 4850 accipit
2180 4784 2315 4841 CAp.
2349 4786 2502 4862 4a.:
2531 4788 2644 4845 Νοη
2673 4792 2906 4846 mentiri
2949 4807 3078 4848 eum
3105 4794 3205 4862 qui
3231 4791 3375 4848 dicit
3407 4792 3690 4849 οιινίδιαηι
3727 4792 3845 4847 ειη..

424 4863 771 4933 mysterium
806 4860 1074 4926 unitatis,
1103 4864 1158 4914 et
1189 4876 1305 4915 non
1337 4865 1496 4917 tenet
1538 4862 1837 4920 vinculum
1889 4867 2069 4938 pacis,
2251 4857 2575 4928 Passil‘ilem
2607 4865 2660 4916 σι
2689 4863 3058 4918 immortalem
3088 4857 3334 4988 ἵὶιοιίάίε
3389 4865 3452 4919 in
3497 4867 3846 4920 sacramento

425 4968 538 4988 ηηη
585 4949 926 4988 Μυριανῑιπη
983 4947 1192 4988 αρηίηίί
1236 4965 1338 4988 nm
1397 4966 1458 4988 ιιρ
1517 4953 1614 4988 ,οτι
1668 4954 2065 4988 ηιαηηηηηςηηι
2254 4931 2559 4988 immolari.
2593 4939 2647 4987 et
2678 4934 2940 4988 quomodo
2971 4935 3083 4988 inte
3111 4936 3392 4988 tiaendum
3423 4937 3496 4988 sit
3524 4950 3844 4988 sacramen-

425 4931 542 5007 non
585 4949 930 5023 mysterium
982 4947 1194 5018 accipit
1236 4965 1338 5020 pro
1397 4966 1478 5015 se,
1516 4953 1616 5007 sed
1668 4931 1993 5010 testimonii

2275 4931 2559 5000 mmolari,
2593 4939 2647 5016 et
2672 4934 2940 5023 quomodo
2971 4931 3392 5023 intelligendum
3423 4937 3496 4989 sit
3524 4950 3843 5023 sacramen-

2250 5009 2371 5077 tum
2399 5006 2644 5073 corporis
2669 5005 2899 5071 Christi,
2929 5022 3124 5077 corpus
3156 5007 3356 5061 Christi
3388 5021 3521 5062 esse.
3557 5007 3618 5060 In
3637 5007 3846 5076 episto-

423 5046 629 5095 contra
659 5057 739 5095 se.
773 5038 946 5110 (Petr.
981 5038 1131 5091 Lom.
1165 5037 1261 5092 lib.
1296 5054 1368 5105 1v,
1397 5040 1527 5094 dist.
1551 5041 1606 5108 9,
1636 5043 1664 5110 §
1693 5047 1773 5110 a.)
1803 5044 1991 5100 Nullit

2279 5037 2371 5055 ωηο
2399 5037 2477 5057 ιιυι
2492 5037 2581 5073 PU!
2600 5037 2642 5058 ιο
2669 5037 2765 5060 υιιι
2783 5037 2899 5071 ιδιι,
2929 5037 3122 5077 corpus
3156 5037 3250 5061 um
3267 5037 3354 5061 ωιι
3388 5037 3521 5062 σῦὒτι
3557 5037 3618 5060 Ιη
3637 5037 3846 5076 σμιοιυ·

2279 5089 2315 5150 τε
2329 5077 2636 5150 ﬂugustini
2690 5077 2760 5131 ad
2817 5079 3176 5148 Bonifacium
3213 5081 3526 5150 episcopum
3578 5077 3847 5150 (epistola

423 5128 844 5202 ambigendum
877 5125 1272 5198 aliquatenus,
1308 5133 2068 5204 unumquemqueﬁdelium
2250 5125 2365 5207 23):

423 5217 684 5290 corporis
715 5215 1457 5310 sanguinisque-Cominici
1504 5223 1643 5274 tunc
1682 5238 1810 5277 esse
1834 5223 2069 5294 partici-
2248 5233 2345 5301 (De
2373 5249 2520 5290 com,
2554 5235 2682 5291 ἀίει,
2743 5237 2796 5304 4,
2858 5254 2905 5293 ε,
2941 5240 3184 5306 Queri”
3215 5241 3314 5294 sub
3335 5240 3549 5310 ﬁnem.)
3579 5238 3722 5294 Ecce
3755 5238 3846 5294 fa-

423 5306 865 5402 ξέφυᾼίῖυθοάο
1025 5303 1390 5402 “Pi-“Pais.
1435 5310 1764 5402 membrum
1818 5311 2070 5402 efficitur
2101 5325 2144 5391 ι)
2174 5319 2284 5387 cio,
2308 5321 2504 5393 inquit
2536 5331 2668 5396 post
2699 5303 2904 5398 multa,
2927 5303 3218 5398 quantum
3250 5303 3848 5400 possumsDominus

422 5395 675 5492 Christi,‘
711 5409 841 5492 nec.
876 5391 1123 5492 alienari
1177 5391 1250 5445 ab
1310 5391 1471 5448 illius
1528 5397 1720 5492 panis,
1755 5399 2068 5473 calicisque
2180 5391 2435 5480 adjuvet,
2471 5391 2721 5485 ut-quod
2745 5391 3010 5487 postulas
3041 5391 3284 5488 possim.
3317 5417 3539 5489 Nempe
3570 5432 3726 5487 saepe
3755 5416 3850 5474 ita

423 5483 743 5578 οοξξεονῐίοι
768 5483 998 5578 θῑξίξξηὲί
1029 5484 1350 5578 τιξηθῌυεω
1375 5499 1584 5578 Ρειυςω
1617 5485 1782 5578 illum
1815 5493 2068 5548 comedat
2176 5498 2496 5570 loquimur,
2523 5483 2596 5559 ut
2618 5483 2839 5561 Pascha
2859 5483 3372 5578 appropinquante
3406 5483 3675 5563 dicamus
3706 5521 3848 5563 ora-

423 5572 784 5646 calicemque
824 5572 1008 5642 bibat,
1059 5570 1129 5628 de
1187 5569 1296 5627 hoc
1357 5572 1566 5631 saeculo
1617 5576 1971 5652 migraverit,
2006 5583 2066 5640 in
2179 5587 2400 5646 stinam
2459 5569 2547 5648 vel
2605 5569 2984 5666 perendinum
3041 5569 3275 5654 homini
3314 5595 3844 5670 esse,passionem,
