1991 3030
105 141 157 168 137

476 141 632 169 DECRETI
651 142 746 170 PARS
763 143 799 168 ΙΙ.
815 155 849 160 -
864 141 912 168 DE
932 141 1034 168 CORP.
1055 142 1102 168 ET
1118 143 1225 170 SANG.
1246 142 1345 175 DOM.,
1365 143 1443 170 ETC.

1760 143 1812 171 138

101 210 171 230 cum
184 201 234 230 ille
249 203 317 230 ante
333 201 443 230 multos
458 210 551 230 annos
565 211 673 239 passus
688 203 737 237 sit,
747 210 801 231 nec
812 202 931 231 omnino
945 202 973 237 Α
987 204 1042 231 tem
1055 207 1116 231 erat
1131 203 1255 232 Christus
1282 204 1375 239 (Num.
1405 212 1454 236 1x;
1477 203 1562 232 Exod.
1589 212 1650 238 xm,
1676 213 1736 241 xiv,
1751 214 1810 239 xvr,

99 247 160 275 nisi
176 246 268 275 semel
280 246 330 275 illa
345 247 443 283 passio
459 247 535 275 facta
550 246 599 275 sit!
609 247 718 283 Nempe
732 248 797 284 ipso
813 247 859 275 die
874 248 930 276 Do-

98 292 210 320 minico
228 292 369 326 dicimus,
385 291 530 320 Dominus
550 292 638 320 hodie
652 292 790 327 surrexit,
807 300 874 320 cum
896 300 931 321 ex

99 345 158 373 quo
174 337 335 365 resurrexit
350 338 393 365 tot
407 337 478 365 anni
492 337 675 365 transierint.
692 339 749 365 Cur
769 345 855 365 nemo
868 339 930 365 tam

100 382 223 417 ineptus
238 383 293 416 est,
306 383 339 409 ut
351 390 405 410 nos
416 381 458 409 ita
467 381 624 417 loquentes
635 384 741 418 arguat
751 390 815 410 esse
826 382 930 410 menti-

99 429 147 454 tos
157 426 172 454 ?
187 426 244 454 nisi
257 426 328 462 quia
343 426 405 454 dies
421 426 495 454 istos
506 427 671 455 secundum
688 427 806 455 illorum
821 427 929 463 quibus

99 471 164 499 haec
178 473 261 507 gesta
276 472 346 499 sunt
359 470 588 499 similitudinem
601 480 821 507 nuncupamus,
836 473 868 499 ut
883 471 928 498 di-

100 517 185 543 catur
198 515 263 551 ipse
277 517 324 543 est
338 515 412 550 dies,
423 515 473 551 qui
483 523 542 543 non
553 517 599 544 est
610 516 736 552 ipse,sed
748 515 928 544 revolutione

98 559 243 595 temporis
256 559 364 588 similis
374 559 412 596 ei,
429 562 462 588 ut
477 560 594 588 dicatur
607 560 658 588 illo
673 561 719 589 die
735 560 797 589 ﬁeri
809 561 929 596 propter

98 608 277 636 sacramenti
293 608 532 642 celebrationem,
549 609 626 645 quod
652 617 710 637 non
734 608 785 637 illo
801 609 858 643 die,
874 609 925 637 sed

97 651 169 680 olim
185 652 297 681 factum
312 656 367 681 est.
383 655 485 682 Nonne
496 653 586 682 semel
594 653 766 682 immolatus
777 655 822 682 est
831 653 925 681 Chris-

97 701 145 725 tus
160 697 190 724 in
206 698 376 733 semetipso,
393 701 422 726 et
439 701 537 726 tamen
554 699 583 726 in
604 702 784 726 sacramento
802 707 859 726 non
877 707 924 725 so-

96 741 159 770 lum
171 750 223 778 per
239 751 340 771 omnes
356 743 471 778 paschae
486 743 695 778 solemnitates,
708 744 757 770 sed
775 743 855 770 omni
879 743 925 770 die

96 787 206 823 populo
221 786 402 821 immolatur,
421 796 474 816 nec
490 789 592 823 utique
610 788 761 823 mentitur,
773 788 823 823 qui
836 788 925 815 inter-

96 834 219 867 rogatus
234 840 301 859 eum
313 833 471 868 respondet
490 832 649 860 immolari.
675 833 703 860 Si
734 832 811 860 enim
828 841 924 859 sacra-

97 878 199 903 menta
211 877 371 912 quamdam
389 877 609 905 similitudinem
622 885 723 904 earum
736 885 834 904 rerum
851 885 924 912 qua-
940 890 964 924 Β

98 928 165 948 rum
181 923 364 949 sacramenta
374 925 514 955 sunt,uon
527 922 678 954 haberent,
691 922 925 957 omninoxsacra-

98 967 200 993 menta
211 974 267 993 non
284 969 394 994 essent.
411 967 451 994 Ex
466 966 521 995 hac
536 969 632 994 autem
649 966 840 994 similitudine
862 966 922 1001 ple-

96 1018 224 1046 rumque
236 1011 299 1046 jam
315 1014 500 1038 sacramenta
523 1011 655 1047 ipsarum
681 1019 779 1038 rerum
805 1011 925 1038 nomina

96 1055 308 1090 accipiunt.Sic
320 1064 388 1091 ergo
401 1057 562 1084 secundum
575 1056 733 1092 quemdam
746 1056 865 1083 modum
878 1064 924 1082 sa-

96 1102 282 1128 cramentum
298 1100 429 1136 corporis
445 1101 553 1128 Christi
574 1109 677 1136 corpus
689 1100 794 1127 Christi
806 1103 860 1134 est,
875 1108 923 1127 sa-

96 1147 281 1172 cramentum
297 1145 451 1181 sanguinis
468 1145 575 1172 Christi
596 1146 718 1181 sanguis
738 1144 846 1171 Christi
869 1147 922 1177 est,

95 1193 137 1220 ita
150 1196 370 1221 sacramentum
386 1194 450 1221 fidei
464 1194 536 1222 fides
550 1195 637 1222 estJn
655 1194 724 1221 libro
741 1194 777 1221 De
791 1198 924 1229 pwmten-

95 1239 141 1265 tiae
160 1238 284 1266 remedio
301 1238 371 1274 (cap.
387 1239 424 1271 7).
442 1239 510 1273 Hoc,
527 1238 638 1274 inquit,
654 1239 745 1266 altare
758 1239 834 1274 quod
846 1246 923 1265 nunc

95 1283 125 1310 in
136 1282 267 1310 Ecclesia
279 1285 325 1311 est
339 1283 370 1310 in
384 1285 462 1310 terra
473 1284 615 1319 positum,
628 1283 752 1310 terrenis
769 1283 860 1310 oculis
875 1292 923 1310 ex-

95 1328 240 1363 positum,
256 1328 291 1355 ad
305 1327 512 1364 mysteriorum
530 1328 695 1356 divinorum
713 1328 864 1364 signacula
877 1335 922 1355 ce-

95 1371 249 1407 lebranda,
267 1372 302 1399 ad
318 1372 371 1399 hoc
389 1372 472 1399 multi
488 1372 576 1400 etiam
590 1372 722 1400 scelerati
734 1374 858 1408 possunt
874 1380 922 1399 ac:

96 1417 210 1448 cedere,
227 1425 295 1444 cum
311 1416 388 1444 Deus
403 1418 591 1445 commendat
607 1419 636 1444 in
658 1417 712 1444 hoc
730 1420 859 1452 tempore
872 1426 921 1452 pa-

95 1461 231 1489 tientium
254 1469 350 1495 suam,
374 1463 405 1489 ut
430 1462 459 1489 in
486 1462 585 1489 futuro
608 1465 706 1489 exerat
736 1461 921 1489 severitatem

95 1513 193 1533 suam.
212 1505 258 1540 (De
272 1513 359 1540 cons.,
376 1505 438 1533 dist.
467 1506 495 1540 2,
511 1514 535 1533 ε.
566 1507 597 1534 Ut
627 1506 692 1541 quid
714 1514 808 1542 paras,
837 1510 862 1533 et
889 1506 920 1533 P.

96 1550 183 1582 Lean,
201 1549 249 1578 lib.
266 1558 305 1584 iv,
325 1550 388 1578 dist.
416 1551 444 1586 9,
475 1551 489 1586 §
518 1551 555 1585 α.)
572 1553 609 1578 Ut
625 1550 694 1585 quid
709 1559 806 1586 paras,
824 1550 920 1586 inquit

94 1594 200 1622 beatus
227 1595 411 1631 Augustinus
440 1595 470 1622 in
513 1595 695 1631 expositione
731 1595 919 1630 Evangelistze

94 1639 438 1675 (Tracl.26inJoannem),
448 1640 550 1667 dentes
567 1642 593 1667 et
608 1642 753 1667 ventrem:
768 1639 920 1667 crederein

92 1683 230 1717 eum,hoc
246 1685 291 1711 est
306 1684 484 1711 manducare
495 1692 601 1719 panem
612 1685 773 1718 vivum,qui
788 1684 880 1711 credit
891 1684 919 1710 in

93 1729 338 1761 eum,manducat
357 1736 436 1756 eum.
462 1728 649 1756 Invisibiliter
671 1729 834 1764 saginatur,
852 1728 921 1764 quia

93 1772 285 1800 invisibiliter
295 1773 470 1801 renascitur.
488 1773 589 1801 Infans
607 1773 688 1801 intus
698 1776 752 1806 est,
769 1782 861 1801 novus
877 1775 921 1801 est

95 1822 188 1856 intus,
207 1822 258 1850 ubi
269 1822 442 1855 novellatur,
465 1822 505 1850 ibi
531 1823 731 1850 satiatur.Non
754 1823 832 1850 enim
850 1823 921 1850 buc-

97 1866 172 1895 cella
186 1867 302 1895 Domini
318 1867 414 1903 (Joan.
430 1867 491 1902 xm)
502 1875 647 1895 venenum
659 1868 714 1895 fuit
727 1868 820 1900 Judm,
833 1876 921 1903 quam

95 1920 166 1940 cum
182 1911 446 1947 accepit,inimicus
457 1911 486 1938 in
500 1920 567 1939 eum
583 1911 772 1947 intravit,n0n
785 1912 854 1946 quia
866 1920 923 1939 ma-

95 1957 159 1985 lum
170 1956 293 1992 accepit,
306 1957 357 1984 sed
369 1956 437 1992 quia
452 1957 562 1984 bonum
584 1957 680 1984 malus
707 1957 782 1984 male
802 1957 921 1992 accepit.

95 2001 202 2029 Videte
213 2009 280 2037 ergo
292 2001 397 2029 fratres
425 2009 531 2037 panem
552 2002 709 2036 cmlestem,
729 2002 924 2036 spiritualiter

95 2045 285 2079 manducata,
301 2045 499 2073 innocentiam
513 2046 549 2073 ad
565 2046 655 2073 altare
670 2048 840 2081 apportata:
858 2054 923 2081 pec-

94 2093 162 2118 cata
175 2092 206 2119 et
219 2090 245 2118 si
260 2092 330 2118 sunt
341 2090 523 2126 quotidiana,
539 2099 598 2118 non
614 2090 674 2118 sint
691 2090 850 2118 mortifera.
868 2094 923 2118 An-

94 2137 217 2171 tequam
233 2135 268 2162 ad
284 2134 374 2162 altare
386 2134 530 2162 accedatis
546 2135 688 2162 attendite
704 2134 774 2169 quid
801 2134 904 2161 dicatis
915 2143 925 2162 :

94 2184 212 2212 Dimitte
226 2183 306 2212 nobis
327 2183 417 2211 debita
431 2186 536 2216 nostra,
561 2184 632 2211 sicut
659 2188 685 2211 ct
700 2191 748 2211 nos
761 2183 925 2211 dimittimus

94 2228 271 2257 debitoribus
281 2230 381 2256 nostris
396 2228 503 2264 (Matth.
520 2229 570 2263 vr).
595 2228 744 2263 Dimittas,
762 2228 927 2256 dimittetur

94 2273 162 2302 tibi.
179 2273 309 2301 Securus
323 2273 441 2307 accede,
458 2273 542 2308 panis
558 2275 602 2300 est
619 2281 676 2301 non
696 2282 852 2301 venenum.
874 2275 926 2301 Hic
942 2264 964 2296 Π

93 2318 179 2355 panis
195 2319 246 2351 est,
270 2318 318 2354 qui
336 2317 479 2346 descendit
503 2317 535 2345 de
547 2317 612 2345 caelo
646 2319 736 2353 (Joan.
763 2320 813 2354 vx).
844 2318 926 2345 Hune

95 2370 205 2399 panem
221 2361 368 2398 signiﬁcat
385 2370 504 2395 manna,
520 2362 600 2390 hunc
612 2371 717 2399 panem
729 2363 876 2398 signiﬁcat
888 2362 926 2390 al-

936 1576 957 1610 (Ξ

95 2410 161 2435 tare
172 2406 302 2435 Domini.
313 2409 504 2434 Sacramenta
515 2407 566 2434 illa
578 2407 708 2440 fuerunt,
729 2407 758 2434 in
775 2407 868 2443 signis
883 2407 927 2434 di-

94 2459 183 2480 versa
193 2450 309 2483 sunt,in
317 2459 347 2479 re
358 2451 615 2488 quasigniﬁcatur
627 2452 708 2487 paria
724 2454 802 2479 sunt.
813 2454 926 2484 Omnes,

96 2495 209 2532 inquit,
224 2496 347 2524 eamdem
370 2504 460 2524 escam
481 2496 660 2532 spiritualem
679 2496 927 2529 manducaverunt,

96 2540 286 2578 spiritualem
298 2541 402 2578 utique
415 2542 626 2570 eamdem.Non
638 2541 820 2578 corporalem
830 2541 928 2576 aliam,

98 2585 173 2622 quia
181 2584 235 2613 illa
243 2593 420 2620 manna,nos
429 2585 710 2622 aliud,spiritualem
722 2593 787 2613 vero
795 2586 929 2613 eamdem

96 2638 191 2667 quam
207 2637 273 2666 nos,
284 2630 430 2667 adjungit.
456 2632 495 2659 Et
518 2639 611 2659 omnes
625 2631 747 2659 eumdem
763 2634 856 2666 polum
871 2631 928 2665 spi-

98 2675 234 2704 ritualem
249 2675 396 2704 biberunt:
413 2675 494 2704 aliud
506 2674 560 2709 illi,
577 2675 656 2703 aliud
674 2684 738 2709 nos,
757 2676 807 2703 sed
834 2675 931 2711 specie

97 2719 224 2754 visibili,
239 2720 318 2756 quod
333 2722 431 2748 tamen
448 2720 503 2748 hoc
519 2720 597 2747 idem
613 2722 658 2748 est
673 2720 778 2747 virtute
795 2719 933 2755 spiritua-

98 2763 289 2798 li.0aomodo
307 2764 387 2792 enim
412 2764 548 2793 eumdem
575 2764 702 2801 potum?
727 2765 869 2800 Bibcbant,
886 2765 930 2792 in-

101 2808 180 2846 quit,
194 2808 230 2838 de
255 2808 401 2846 spirituali
423 2810 602 2846 consequente
616 2817 659 2838 eos
674 2814 771 2846 petra,-
786 2814 864 2845 petra
879 2818 932 2838 au-

267 2871 399 2903 Paraoc.
422 2871 522 2903 CLXI.

985 255 1044 275 xvn
1056 260 1063 282 ;
1077 249 1159 276 Nam.
1176 257 1213 276 xx
1227 258 1234 283 ;
1250 250 1262 276 l
1277 248 1337 277 Cor.
1351 249 1399 285 x);
1417 249 1496 277 idem
1509 251 1606 285 potus,
1622 249 1700 278 idem
1712 251 1809 286 panis.

984 297 1069 325 Petra
1081 297 1215 325 Christus
1230 298 1259 325 in
1275 299 1371 334 signo,
1387 307 1474 326 verus
1489 298 1623 326 Christus
1639 299 1669 326 in
1685 307 1770 328 carne
1781 302 1810 328 et

983 342 1082 369 verbo.
1099 342 1148 370 Hic
1161 344 1202 370 est
1216 350 1283 379 ergo
1301 343 1384 378 panis
1398 343 1431 371 de
1449 344 1515 371 calo
1541 343 1703 372 descendens
1717 344 1808 380 (Joan.

983 386 1033 422 γι),
1044 388 1077 414 ut
1088 386 1112 414 si
1126 387 1193 423 quis
1207 395 1242 415 ex
1252 388 1316 423 ipso
1333 388 1557 416 manducaverit
1580 396 1638 416 non
1654 389 1809 424 moriatur,

983 431 1062 466 quod
1078 432 1205 467 pertinet
1221 432 1257 459 ad
1273 432 1410 460 virtutem
1435 433 1625 466 sacramenti,
1640 442 1698 461 non
1713 434 1807 470 [quod

983 475 1109 510 pertinet
1122 476 1158 503 ad
1168 476 1285 504 visibile
1293 479 1510 504 sacramentum
1520 485 1527 504 ε
1539 477 1590 512 qui
1597 478 1808 506 manducstin-

982 521 1103 555 tus,non
1116 520 1206 555 foris;
1220 521 1271 556 qui
1288 521 1447 548 manducat
1467 522 1565 555 corde,
1587 530 1646 549 non
1671 523 1721 558 qui
1738 531 1803 559 pre-

981 564 1037 592 mit
1051 565 1147 593 dente.
1173 566 1227 600 Qui
1246 561 1407 594 manducat
1434 574 1545 593 carnem
1565 574 1666 601 mam,
1695 569 1721 595 ei
1737 567 1807 602 bibi;

979 610 1144 646 sanguinem
1152 618 1252 645 meum,
1268 611 1349 638 habet
1364 610 1450 639 vitam
1466 613 1595 638 aeternam
1610 610 1699 646 (ibid).
1726 611 1807 639 Hanc

979 661 1047 689 ergo
1061 663 1118 682 non
1132 654 1219 683 habet
1235 655 1285 691 qui
1302 655 1392 683 istum
1422 663 1527 691 panem
1553 663 1610 683 non
1635 656 1806 690 manducat,

980 706 1032 725 nec
1048 698 1140 726 istum
1156 699 1330 735 sanguinem
1343 699 1426 727 bibit.
1436 699 1509 727 Nam
1517 699 1708 735 temporalem
1718 700 1807 728 vitam

979 743 1043 770 sine
1058 742 1109 771 illo
1124 743 1260 771 homines
1271 743 1379 771 habere
1390 745 1525 780 possunt.
1539 743 1592 777 Qui
1599 752 1668 780 ergo
1679 745 1807 780 eiusnon

979 788 1130 816 manducat
1144 796 1268 823 carnem,
1283 796 1333 816 nec
1341 788 1409 817 bibit
1424 788 1489 824 ejus
1500 789 1672 824 sanguinem,
1688 797 1743 818 non
1758 789 1806 817 ha-

980 833 1021 859 bet
1037 833 1066 860 in
1081 841 1113 860 se
1126 834 1234 861 vitam:
1250 835 1279 861 et
1306 834 1355 869 qui
1382 833 1530 861 manducat
1549 833 1615 869 ejus
1634 841 1758 867 carnem,
1780 840 1807 862 es

981 877 1047 904 bibit
1062 878 1126 913 ejus
1140 879 1319 913 sanguinem,
1347 878 1430 905 habet
1445 878 1529 906 vitam
1552 882 1687 906 aeternam
1701 878 1805 915 (ibid.).

980 923 1020 949 Ad
1035 924 1193 958 utrumque
1204 924 1302 950 autem
1310 923 1478 958 respondet,
1487 923 1564 958 quod
1572 922 1644 950 dixit
1654 925 1804 952 ister-nam.

980 973 1063 998 Hunc
1079 978 1148 1006 ergo
1163 970 1262 999 cibum
1275 973 1303 999 et
1319 973 1420 1007 potum
1436 971 1606 999 societatem
1618 971 1682 1000 vult
1696 972 1805 1000 intelli-

979 1015 1006 1051 gi
1024 1015 1155 1051 corporis
1171 1017 1200 1043 et
1211 1016 1411 1044 membrorum
1438 1024 1571 1050 suorum,
1592 1017 1669 1052 quod
1691 1018 1738 1045 est
1753 1017 1805 1045 Ec-

980 1060 1068 1087 clesia
1084 1062 1196 1088 sancta.
1210 1060 1304 1096 Hujus
1330 1060 1370 1089 rei
1393 1063 1622 1095 sacramentum,
1637 1060 1667 1088 id
1678 1063 1723 1089 est
1738 1061 1805 1089 uni-

979 1105 1058 1139 tatis,
1075 1105 1206 1141 corporis
1215 1105 1324 1134 Christi
1334 1108 1362 1134 et
1373 1106 1537 1142 sanguinis,
1552 1106 1660 1134 alicubi
1676 1106 1806 1142 quotidie

979 1149 1086 1177 alicubi
1099 1150 1187 1178 certis
1201 1150 1364 1178 intervallis
1374 1151 1500 1184 dierum,
1517 1151 1546 1178 in
1560 1150 1712 1179 Dominica
1723 1159 1806 1179 men-

980 1202 1013 1221 sa
1028 1196 1218 1230 praeparatur,
1235 1197 1263 1223 et
1289 1195 1327 1222 de
1354 1203 1457 1223 mensa
1476 1195 1627 1223 Dominica
1655 1195 1802 1223 sumitur:

979 1243 1129 1278 aliquibus
1145 1243 1182 1271 ad
1206 1243 1308 1276 vitam,
1339 1243 1488 1279 aliquibus
1515 1244 1550 1271 ad
1580 1243 1714 1273 exitium.
1748 1244 1804 1273 Res

978 1295 1044 1314 vero
1060 1287 1125 1323 ipsa
1140 1287 1226 1323 cujus
1255 1290 1485 1322 sacramentum,
1515 1287 1597 1315 omni
1625 1288 1737 1316 homini
1766 1289 1801 1316 ad

978 1332 1080 1365 vitam,
1095 1331 1170 1359 nulli
1197 1331 1310 1360 homini
1340 1332 1375 1359 ad
1404 1331 1537 1366 exitium,
1554 1331 1722 1368 quicunque
1737 1340 1803 1368 par-

978 1376 1081 1412 ticipes
1097 1377 1161 1412 ejus
1176 1376 1294 1404 fuerint.
1328 1377 1357 1404 In
1386 1376 1508 1412 symbolo
1537 1376 1673 1412 Ephesim'
1686 1377 1802 1405 concilii

978 1422 1023 1456 (ac
1037 1420 1156 1456 epistola
1169 1428 1246 1449 conc.
1262 1420 1394 1456 Ephesini
1415 1421 1454 1448 ad
1468 1421 1644 1457 Nestorium).
1660 1423 1800 1449 Necessa-

978 1465 1030 1498 rio,
1061 1465 1210 1500 inquiunt,
1249 1467 1278 1493 et
1308 1465 1361 1492 hoc
1389 1465 1558 1501 adjicimus,
1588 1465 1800 1494 annuutiantes

978 1509 1056 1537 enim
1071 1509 1235 1538 secundum
1260 1518 1378 1537 carnem
1408 1512 1534 1538 mortem
1565 1510 1710 1547 unigeniti
1739 1509 1802 1538 Filii

977 1554 1039 1588 Dei,
1056 1555 1085 1582 et
1099 1554 1354 1589 resurrectionem,
1367 1554 1549 1583 incruentam
1565 1555 1747 1583 celebremus
1756 1563 1805 1583 sa—

977 1598 1017 1626 cri
1033 1597 1121 1627 officii
1147 1598 1330 1626 servitutem.
1346 1598 1392 1626 Sic
1407 1599 1486 1627 enim
1502 1599 1538 1626 ad
1556 1600 1697 1635 mysticae
1712 1599 1804 1627 bene-

976 1643 1119 1671 dictiones
1135 1643 1315 1678 accedimus,
1333 1645 1362 1670 et
1390 1642 1619 1678 sanctiﬁcamur,
1645 1642 1802 1679 participes

976 1688 1069 1715 sancti
1077 1688 1208 1723 corporis
1217 1690 1246 1715 et
1251 1687 1371 1723 pretiosi
1382 1687 1536 1724 sanguinis
1545 1687 1802 1722 Christi,omnium

977 1734 1110 1760 nostrum
1126 1731 1320 1767 redemptoris
1340 1732 1446 1765 effecti,
1463 1740 1520 1760 non
1552 1734 1585 1759 ut
1612 1739 1800 1759 communem

977 1785 1095 1805 carnem
1111 1776 1317 1812 percipientes,
1329 1776 1406 1812 quod
1422 1776 1501 1804 absit
1514 1776 1520 1804 l
1534 1784 1586 1803 nec
1601 1776 1655 1804 viri
1671 1775 1801 1804 sanctiﬁ-

977 1821 1044 1855 cati,
1060 1823 1088 1848 et
1102 1821 1190 1848 verbo
1199 1820 1525 1856 conjuncti,seoundum
1537 1820 1691 1856 dignitatis
1702 1820 1800 1848 unita-

977 1868 1046 1899 tem,
1062 1867 1113 1893 aut
1127 1865 1204 1893 sicut
1232 1864 1362 1892 divinam
1383 1864 1563 1900 possidentis
1576 1864 1798 1899 habitationem,

979 1911 1028 1938 sed
1044 1918 1111 1937 vere
1131 1909 1362 1944 vivificatricem,
1378 1910 1407 1937 et
1432 1909 1527 1945 ipsius
1548 1908 1630 1936 verbi
1655 1909 1805 1945 propriam

979 1954 1163 1983 factam.Vita
1175 1955 1254 1982 enim
1268 1953 1444 1982 naturaliter
1454 1955 1487 1981 ut
1501 1954 1579 1982 Deus
1595 1954 1734 1986 existens.
1747 1962 1807 1990 qua

982 2000 1104 2036 proprias
1110 1999 1192 2027 carni
1203 1999 1349 2031 unitus,et
1357 1998 1576 2027 vivificatricem
1587 1999 1738 2034 professus
1749 2001 1805 2032 est,

979 2047 1007 2072 et
1022 2045 1086 2072 ideo
1101 2044 1237 2080 quamvis
1253 2044 1348 2071 dicat:
1370 2044 1431 2071 Nisi
1445 2043 1681 2071 manducaueritis
1694 2051 1808 2071 carnem

980 2090 1048 2117 Filii
1063 2089 1184 2117 hominis
1199 2088 1292 2124 (Joan.
1304 2096 1343 2121 v1,
1357 2087 1415 2121 54).
1431 2095 1490 2115 non
1507 2089 1603 2114 tamen
1621 2089 1652 2115 ut
1678 2086 1808 2115 hominis

980 2134 1158 2169 cujusquam
1174 2133 1343 2161 existimare
1367 2131 1520 2160 debemus.
1546 2132 1699 2164 Quomodo
1728 2131 1808 2159 enim

977 2179 1065 2213 juxta
1077 2180 1214 2205 naturam
1242 2185 1327 2205 suam
1352 2176 1526 2204 viviﬁcatrix
1540 2184 1605 2204 esse
1620 2177 1728 2212 poterit
1742 2185 1809 2204 caro

982 2221 1136 2250 hominis?
1150 2222 1207 2249 Sed
1223 2223 1255 2249 ut
1270 2229 1336 2249 vere
1363 2222 1427 2256 ejus
1456 2221 1606 2257 propriam
1621 2221 1741 2256 factam,
1758 2222 1809 2257 qui

980 2268 1098 2303 propter
1112 2274 1167 2294 nos
1182 2265 1262 2294 filius
1279 2265 1408 2294 hominis
1423 2266 1519 2294 factus
1535 2268 1591 2300 est,
1615 2268 1644 2294 et
1671 2268 1805 2294 vocatus.

982 2317 1061 2352 (Aug.
1072 2316 1102 2343 in
1118 2315 1289 2343 Enchiridio.
1303 2323 1362 2351 cap.
1374 2315 1410 2343 65
1422 2324 1430 2349 ς
1447 2315 1525 2343 Grai.
1536 2315 1568 2343 de
1580 2316 1688 2351 pauit,
1701 2315 1765 2343 dist.
1784 2315 1810 2348 1,

981 2369 1040 2397 cap.
1053 2361 1085 2388 1η
1098 2361 1272 2391 actione:P.
1288 2360 1383 2388 Lamb.
1400 2359 1421 2388 ι.
1433 2368 1472 2393 rv,
1488 2360 1552 2388 dist.
1564 2360 1613 2393 20,
1628 2361 1642 2394 §
1658 2361 1694 2393 c.)
1711 2360 1743 2387 In
1760 2367 1811 2387 ac-

982 2407 1060 2434 tione
1075 2404 1253 2442 pcenitentiaa
1268 2405 1318 2432 ubi
1348 2405 1405 2432 tale
1420 2404 1614 2433 commissum
1643 2407 1698 2438 est,
1723 2406 1756 2432 ut
1784 2404 1810 2432 is

982 2451 1032 2486 qui
1050 2450 1198 2477 commisit
1212 2458 1229 2477 a
1243 2448 1350 2477 Christi
1378 2450 1466 2477 etiam
1486 2457 1607 2485 corpore
1631 2451 1787 2485 separetur
1806 2457 1813 2476 :

984 2504 1042 2523 non
1058 2496 1118 2522 tam
1135 2493 1349 2522 consideranda
1357 2496 1402 2521 est
1413 2501 1553 2521 mensura
1569 2493 1814 2530 temporis,quam

984 2540 1105 2568 doloris.
1121 2540 1177 2568 Cor
1191 2539 1271 2567 enim
1300 2538 1459 2567 contritum
1483 2541 1513 2567 et
1538 2538 1728 2567 humiliatum
1756 2547 1814 2567 non

985 2584 1110 2620 despicit
1123 2584 1203 2611 Deus
1219 2584 1309 2619 (Psal.
1322 2584 1360 2619 1.).
1372 2584 1496 2612 Hilarius
1507 2584 1538 2611 in
1548 2583 1621 2612 libro
1635 2584 1669 2612 de
1687 2584 1815 2612 Trinita-

985 2632 1021 2657 te.
1039 2631 1093 2657 Eos
1110 2627 1249 2664 inquiens
1258 2628 1307 2664 qui
1324 2628 1401 2656 inter
1411 2628 1527 2656 Patrem
1552 2629 1581 2656 et
1601 2628 1707 2656 Filium
1715 2628 1815 2656 volun-

985 2673 1202 2709 tatisingerunt
1217 2672 1428 2708 uuitatem,nec
1439 2673 1588 2709 interrogo
1608 2675 1747 2701 utrumne
1764 2679 1815 2708 per

986 2721 1096 2747 natura!
1112 2718 1263 2746 veritatem
1279 2718 1366 2746 hodie
1376 2717 1509 2746 Christus
1520 2718 1550 2745 in
1560 2718 1646 2746 nobis
1657 2717 1696 2745 sit
1711 2725 1749 2744 an
1764 2724 1817 2753 per

987 2763 1173 2793 concordiam
1188 2762 1358 2791 voluntatis.
1378 2763 1408 2791 Si
1424 2762 1503 2791 enim
1519 2769 1586 2791 vere
1603 2761 1732 2790 Verbum
1748 2769 1816 2791 caro

989 2810 1099 2837 factum
1112 2809 1158 2837 est
1170 2808 1264 2843 (Joan.
1281 2808 1312 2844 ι),
1338 2810 1366 2836 et
1390 2815 1456 2837 vere
1469 2806 1599 2836 Verbum
1617 2814 1736 2836 carnem
1752 2807 1817 2836 cibo

1637 2870 1656 2900 5
