3982 6060
357 276 460 332 139

1431 275 1501 325 D.
1542 271 1786 327 IVONIS
1826 270 2321 326 CARNOTENSIS
2359 271 2678 326 EPISCOPI

3656 275 3758 331 140

355 398 655 455 Dominico
687 396 1020 454 sumimus:
1057 395 1350 468 quomodo
1382 410 1497 450 non
1555 390 1907 449 naturaliter
1933 392 1995 447 in
2027 394 2079 462 Α
2109 391 2426 450 invisibilis
2456 395 2727 451 sacerdos
2752 395 3015 453 visibiles
3048 398 3348 453 creaturas
3379 398 3437 453 in
3486 398 3761 457 substan-

353 488 524 544 nobis
557 502 792 543 manere
812 485 1244 542 existimandus
1296 487 1427 539 est:
1480 482 1580 555 qui
1639 486 1696 538 et
1726 486 1997 537 naturam

353 578 548 634 carnis
574 576 940 647 nostris,jam
983 571 1433 646 inseparabilem
1478 571 1589 627 sibi
1622 570 1794 627 homo
1826 573 1999 626 natus

354 666 702 738 assumpsit,
742 670 801 720 et
852 668 1121 718 naturam
1152 661 1348 717 carnis
1380 664 1591 717 nostrae
1623 661 1694 716 ad
1729 663 1996 715 naturam

354 756 717 825 aeternitatis,
750 754 860 809 sub
893 755 1259 808 sacramento
1292 750 1462 806 nobis
1495 749 1997 805 communicandas

351 845 545 901 carnis
576 842 937 901 admiscuit?
960 845 1047 897 Ita
1075 840 1231 895 enim
1282 855 1487 895 omnes
1528 856 1713 894 unum
1746 854 1993 893 sumus:

348 944 489 1016 quia
520 946 576 999 et
606 942 663 997 in
694 941 922 997 Christo
954 940 1121 995 Pater
1150 942 1258 1007 est,
1292 942 1348 993 et
1403 938 1671 994 Christus
1702 936 1759 992 in
1804 936 1996 1007 nobis,

349 1048 536 1089 unum
567 1032 626 1087 in
658 1030 751 1085 his
781 1044 911 1084 esse
934 1045 1040 1084 nos
1073 1027 1315 1083 faciunt.
1339 1027 1397 1084 Si
1430 1041 1559 1083 vere
1591 1042 1727 1098 ergo
1759 1042 1995 1082 carnem

346 1120 608 1192 corporis
635 1118 818 1175 nostri
850 1117 1122 1174 Christus
1162 1116 1519 1189 assumpsit:
1554 1120 1613 1171 et
1664 1132 1793 1172 vere
1823 1118 1995 1171 homo

344 1209 442 1265 ille
472 1208 571 1280 qui
604 1224 671 1264 ex
704 1207 887 1264 Maria
918 1211 1092 1263 natus
1139 1206 1269 1275 fuit,
1330 1206 1597 1261 Christus
1627 1209 1736 1274 est,
1770 1220 1994 1276 nosque

341 1314 475 1353 vere
496 1298 603 1352 sub
627 1296 903 1368 mysterio
917 1312 1151 1351 carnem
1176 1295 1436 1367 corporis
1459 1294 1775 1365 sumimus,
1808 1297 1863 1349 et
1893 1310 1996 1365 per

348 1386 460 1443 hoc
491 1402 677 1441 unum
708 1402 938 1456 sumus,
968 1384 1109 1456 quia
1138 1388 1309 1440 Pater
1338 1386 1395 1439 in
1427 1400 1493 1440 eo
1523 1388 1632 1450 est,
1687 1388 1743 1439 et
1790 1382 1890 1438 ille
1935 1383 1993 1437 in

346 1476 554 1532 nobis:
589 1476 884 1547 quomodo
916 1474 1240 1531 voluntatis
1272 1474 1471 1530 unitas
1501 1473 1809 1543 asseritur,
1857 1489 1993 1529 cum

298 1593 304 1599 ι
344 1564 634 1621 naturalis
665 1580 766 1636 per
796 1566 1228 1620 sacramentum
1262 1562 1607 1635 proprietas,
1616 1562 1882 1635 perfectas
1900 1579 1993 1618 sa-

346 1657 703 1711 cramentum
736 1654 813 1709 sit
841 1652 1084 1708 unitatis
1106 1656 1127 1709 Ρ
1149 1653 1274 1708 Non
1300 1652 1663 1709 esthumano
1680 1655 1782 1708 aut
1798 1650 1995 1707 saeculi

342 1760 521 1800 sensu
550 1743 610 1798 in
642 1743 742 1798 Dei
774 1742 951 1799 rebus
972 1743 1487 1814 agendum,neque
1510 1758 1612 1814 per
1630 1740 1991 1810 violentiam,

348 1836 525 1905 atque
556 1832 992 1903 imprudentem
1025 1830 1501 1902 pradicationem
1554 1828 1875 1886 caelestium
1908 1829 1996 1885 di-

347 1926 599 1991 ctorum,
625 1920 864 1977 sanitati
897 1919 1123 1985 alienas,
1155 1924 1331 1990 atque
1363 1918 1994 1991 impiaaintelligentise,

345 2012 736 2082 extorquenda
766 2010 1119 2081 perversitas
1140 2013 1247 2065 est.
1275 2009 1411 2074 Quae
1432 2009 1653 2081 scripta
1674 2012 1812 2064 sunt
1840 2009 1997 2080 lega-

352 2116 508 2171 mus,
553 2116 679 2171 qua
723 2098 977 2172 legimus
1021 2098 1456 2169 intelligamus:
1490 2102 1545 2155 et
1576 2102 1714 2153 tunc
1746 2098 1998 2170 perfecte

353 2188 487 2243 ﬁdei
519 2187 713 2243 ofﬁcio
746 2189 1077 2260 fungemur.
1134 2192 1208 2243 De
1238 2187 1490 2243 naturali
1532 2187 1689 2242 enim
1736 2187 1796 2241 in
1828 2188 1998 2243 nobis

350 2277 567 2332 Christi
597 2277 837 2332 veritate
863 2294 986 2348 quas
1014 2276 1410 2346 dicimus,nisi
1443 2277 1514 2332 ab
1557 2292 1623 2332 eo
1657 2276 1996 2347 didicimus,

348 2375 526 2431 stulte
539 2375 905 2447 atqueimpie
926 2374 1211 2431 dicemus.
1234 2377 1363 2447 Ipse
1381 2375 1538 2430 enim
1563 2374 1677 2429 ait:
1702 2378 1843 2429 Caro
1868 2390 1997 2430 mea

344 2480 469 2521 vere
483 2474 560 2520 est
579 2480 734 2533 esca,
779 2473 831 2521 et
860 2467 1087 2534 sanguis
1116 2481 1270 2520 meus
1311 2480 1430 2520 vere
1448 2474 1527 2520 est
1566 2468 1723 2535 potus
1752 2464 1858 2532 Qui
1878 2464 1998 2519 edit

347 2570 571 2609 carnem
606 2571 808 2626 meam,
865 2557 915 2609 et
973 2554 1108 2609 bibit
1165 2556 1490 2626 sanguinem
1557 2570 1761 2621 meum,
1806 2555 1862 2608 in
1913 2570 1996 2609 me

344 2653 559 2715 manet,
592 2648 645 2699 et
672 2659 769 2713 ego
808 2644 867 2699 in
897 2659 957 2699 eo
988 2644 1167 2715 (Joan.
1209 2646 1313 2714 v1).
1337 2648 1413 2699 De
1442 2643 1684 2698 veritate
1715 2643 1908 2697 carnis
1938 2647 1997 2698 et

346 2732 680 2804 sanguinis,
715 2750 829 2789 non
854 2737 942 2788 est
975 2732 1214 2788 relictus
1243 2731 1580 2804 ambigendi
1612 2730 1792 2787 locus.
1829 2731 1994 2789 Nunc

346 2820 501 2877 enim
532 2822 719 2893 ipsius
752 2821 982 2876 Domini
1013 2822 1396 2893 professione,
1420 2826 1475 2876 et
1498 2820 1611 2875 ﬁde
1634 2826 1994 2887 nostra,vere

347 2926 482 2966 caro
512 2917 622 2981 est,
647 2914 703 2966 et
737 2927 862 2967 vere
895 2911 1137 2982 sanguis
1159 2916 1269 2976 est,
1304 2914 1362 2966 et
1388 2911 1507 2965 haec
1541 2914 1778 2979 accepta
1816 2914 1995 2979 atque

346 2999 562 3056 hausta
591 2999 649 3055 id
682 2998 965 3067 efﬁciunt,
992 3003 1054 3055 ut
1075 3016 1182 3055 nos
1203 2998 1263 3054 in
1285 2999 1536 3066 Christo,
1560 3001 1617 3053 et
1644 2997 1909 3054 Christus
1931 2997 1990 3054 in

348 3088 517 3145 nobis
534 3087 628 3145 sit.
649 3089 813 3144 Anne
830 3087 953 3144 haec
972 3088 1183 3144 veritas
1205 3105 1319 3143 non
1341 3091 1429 3143 est
1448 3088 1475 3143 ?
1493 3087 1802 3158 Contingat
1819 3086 1991 3159 plane

2108 482 2251 538 tiam
2283 484 2544 555 corporis
2560 488 2617 540 et
2659 485 2966 557 sanguinis
3021 487 3139 557 sui,
3186 486 3363 544 verbo
3393 505 3500 545 suo
3532 494 3756 547 secreta

2109 576 2397 642 potestate
2420 575 2726 645 convertit,
2742 576 3029 632 itadioens
3046 593 3059 632 :
3077 577 3340 649 Accipite
3356 583 3414 634 et
3434 580 3751 648 comedite;

2106 661 2226 716 Hoc
2248 678 2346 718 ηδτ
2364 680 2585 720 coapus
2633 682 2803 721 usus:
2829 682 2841 720 :
2888 669 2946 721 et
2975 667 3441 723 sanctiﬁcatione
3465 670 3712 741 repetita
3735 686 3750 726 :

2106 750 2366 821 Accipite
2395 757 2452 807 et
2483 752 2700 821 bibite;
2737 754 2828 809 hic
2866 758 2956 809 est
3004 754 3250 826 sanguis
3287 771 3479 811 meus.
3515 756 3660 827 Ergo
3684 758 3755 813 ad

2107 843 2319 895 nutum
2353 840 2747 913 praecipientis
2768 842 3024 909 Domini,
3052 849 3289 915 repente
3311 860 3378 900 ex
3400 844 3583 901 nihilo
3612 846 3754 902 sub-

2104 928 2382 984 stiterunt
2400 930 2629 986 excelsa
2657 930 3257 1002 cmlorum,prol’unda
3278 933 3757 1004 ﬂuctuum,vasta

2102 1018 2645 1091 terrarum(Gen.1).
2669 1020 2795 1075 Pari
2828 1022 3088 1092 potentis
3113 1022 3170 1076 in
3211 1022 3620 1094 spiritualibus
3658 1041 3753 1080 sa-

2104 1107 2421 1163 cramentis
2445 1107 2545 1163 ubi
2568 1109 2833 1181 praecipit
2847 1111 3241 1181 virtus,servit
3256 1112 3756 1177 eﬂ‘ectus.Quanta

2102 1194 2381 1267 itaque,st
2402 1215 2579 1270 quam
2596 1198 2947 1257 celebranda
2967 1202 3249 1258 beneﬁcia
3287 1204 3372 1259 vis
3415 1204 3631 1260 divina;
3655 1204 3754 1259 be-

2103 1287 2454 1345 nedictionis
2475 1293 2783 1361 Operetur:
2809 1295 2865 1347 et
2888 1293 3180 1362 quomodo
3202 1292 3307 1348 tibi
3333 1310 3547 1349 novum
3570 1298 3626 1349 et
3647 1294 3755 1348 im-

2102 1376 2381 1448 possibile
2397 1394 2526 1433 esse
2540 1395 2654 1435 non
2668 1380 3055 1453 debeat,quod
3070 1380 3129 1435 in
3141 1382 3354 1438 Christi
3367 1384 3753 1444 substantiam

2101 1467 2407 1521 terrenaet
2428 1467 2699 1524 mortalia
2726 1473 3165 1537 convertuntur,
3210 1471 3467 1543 teipsum
3515 1475 3617 1545 qui
3667 1474 3759 1530 ini

2102 1554 2333 1611 Christo
2355 1571 2418 1611 es
2449 1562 2829 1628 regeneratus
2854 1558 3172 1631 interroga.
3200 1560 3433 1617 Dudum
3456 1562 3688 1621 alienus
3717 1582 3752 1619 a

2100 1645 2241 1714 vita,
2262 1646 2607 1717 peregrinus
2630 1664 2663 1701 a
2684 1648 3109 1714 misericordia,
3133 1666 3167 1705 a
3186 1650 3398 1707 salutis
3429 1652 3755 1723 via,intrin-

2104 1750 2275 1790 secus
2299 1737 2947 1804 mortuus,exsulahas;
2985 1738 3180 1794 subito
3230 1738 3499 1797 initiatus
3529 1742 3745 1799 Christi

2108 1824 2423 1895 legibus,et
2439 1823 2802 1881 salutaribus
2819 1828 3114 1898 mysteriis
3127 1828 3524 1897 innovatus,in
3538 1848 3751 1903 corpus

2105 1911 2374 1967 Ecclesiae
2395 1928 2509 1967 non
2530 1912 2799 1980 videndo,
2822 1915 2923 1969 sed
2947 1915 3236 1970 credendo
3257 1916 3525 1972 transisti
3548 1934 3561 1972 :
3595 1926 3654 1974 et
3678 1920 3751 1975 de

2110 2001 2227 2055 ﬁlio
2259 2000 2605 2071 perditionis
2636 2001 2943 2073 adoptivus
2970 2003 3066 2058 Dei
3091 2004 3213 2058 ﬁeri
3237 2004 3467 2062 occulta
3498 2008 3751 2078 puritate

2108 2089 2397 2145 meruisti.
2434 2090 2499 2145 In
2533 2107 2814 2148 mensura
2861 2091 3078 2147 visibili
3134 2109 3508 2164 permanens,
3562 2099 3753 2168 major

2108 2178 2294 2233 factus
2324 2195 2386 2233 es
2416 2183 2472 2234 te
2500 2178 2629 2250 ipso
2661 2179 3187 2250 invisibiliter,sine
3230 2183 3575 2252 quantitatis
3614 2203 3755 2257 aug-

2107 2269 2477 2324 mento.Cum
2495 2269 2651 2323 idem
2669 2274 2845 2339 atque
2868 2272 2994 2341 ipse
3008 2271 3388 2335 esses,multo
3411 2272 3582 2329 aliter
3602 2275 3747 2344 ﬁde;

2106 2356 2481 2428 processibus
2501 2357 2869 2414 exstitisti.In
2882 2360 3166 2414 exteriore
3186 2359 3331 2416 nihil
3354 2361 3620 2419 additum
3637 2370 3748 2431 est,

2105 2450 2162 2501 et
2189 2447 2463 2501 totumin
2494 2446 2767 2503 interiore
2812 2452 3107 2503 mutatum
3156 2454 3285 2505 est:
3345 2468 3409 2506 ac
3457 2451 3541 2507 sic
3570 2452 3747 2509 homo

2104 2533 2318 2591 Christi
2349 2534 2504 2590 ﬁlius
2523 2534 2848 2601 efi‘ectus,et
2870 2536 3135 2592 Christus
3170 2537 3228 2592 in
3274 2538 3531 2595 hominis
3553 2546 3748 2599 mente

2104 2624 2393 2679 formatus
2414 2630 2522 2680 est.
2547 2624 2708 2679 Sicut
2737 2641 2873 2697 ergo
2905 2625 3031 2681 sine
3061 2627 3347 2698 corporali
3389 2644 3564 2685 sensu
3598 2647 3746 2703 pra:-

2103 2713 2276 2768 terita
2304 2714 2528 2769 vilitate
2557 2714 2845 2785 deposita,
2900 2714 3097 2771 subito
3155 2733 3363 2772 novam
3411 2718 3655 2776 indutus
3683 2737 3745 2776 es

2103 2800 2480 2872 dignitatem:
2506 2807 2564 2856 et
2584 2805 2737 2858 sicut
2758 2801 2867 2858 hoc
2898 2804 3052 2875 quod
3075 2803 3232 2860 Deus
3252 2804 3389 2861 lassa
3411 2807 3536 2863 vitea
3572 2825 3745 2865 cura-

2100 2889 2423 2959 vit,infecta
2439 2891 2954 2959 duluit,maculata
2970 2893 3247 2963 detersit;
3265 2912 3376 2951 non
3401 2898 3585 2953 oculis
3604 2898 3771 2965 tuis,

2101 2980 2204 3034 sed
2226 2979 2499 3035 sensibus
2522 2979 2639 3036 tuis
2660 2985 2798 3035 sunt
2826 2981 3049 3036 credita
3073 3000 3085 3038 :
3115 2982 3198 3038 ita
3227 2992 3281 3038 et
3311 3001 3443 3040 cum
3476 3003 3746 3043 reveren-

2101 3067 2243 3122 dum
2275 3067 2457 3123 altare
2481 3068 2629 3124 cibis
2660 3068 3072 3140 spiritualibus
3111 3071 3421 3128 satiandus
3452 3077 3745 3147 ascendis,

344 3178 418 3234 iis
444 3194 644 3234 verum
667 3193 781 3233 non
803 3176 1367 3248 esse,quiChristum
1380 3176 1581 3231 Jesum
1595 3191 1793 3230 verum
1811 3180 1988 3231 Deum

2110 3172 2335 3211 sacrum
2366 3157 2470 3212 Dei
2496 3156 2586 3211 tui
2617 3173 2849 3229 corpus,
2889 3164 2945 3214 et
2991 3162 3335 3232 sanguinem
3367 3162 3481 3219 ﬁde
3501 3166 3746 3236 respice,

344 3281 473 3322 esse
506 3270 737 3336 negant.
773 3265 874 3321 Est
907 3281 1044 3336 ergo
1077 3265 1135 3321 in
1174 3264 1342 3320 nobis
1365 3264 1491 3336 ipse
1510 3280 1614 3335 per
1643 3280 1899 3331 carnem,
1935 3268 1991 3320 et

343 3372 553 3412 sumus
584 3355 643 3410 in
666 3355 904 3422 eo,dum
932 3354 1259 3411 secundum
1282 3352 1392 3410 hoc
1432 3354 1585 3425 quod
1622 3371 1727 3410 nos
1758 3370 1989 3421 sumus,

342 3454 402 3509 in
426 3454 543 3509 Deo
575 3457 823 3509 est.ch
845 3467 978 3522 ergo
1001 3451 1131 3510 vitea
1160 3456 1374 3508 nostra
1397 3468 1573 3507 causa
1595 3456 1707 3522 est,
1740 3453 1895 3523 quod
1928 3452 1989 3507 in

340 3542 512 3598 nobis
543 3540 881 3597 carnalibus
906 3547 1264 3608 manentem,
1292 3558 1395 3613 per
1424 3557 1659 3597 carnem
1690 3541 1987 3597 Christum

340 3630 904 3698 habemus,victuris
925 3631 1096 3687 nobis
1121 3648 1223 3703 per
1242 3647 1401 3698 eum,
1425 3647 1493 3686 ea
1519 3630 1854 3686 conditione
1874 3648 1992 3702 qua

338 3719 479 3774 vivit
498 3719 622 3791 ipse
654 3735 755 3791 per
782 3720 1090 3777 Patrem.8i
1116 3736 1253 3793 ergo
1276 3737 1383 3776 nos
1401 3718 1749 3775 naturaliter
1778 3736 1989 3775 secun-

341 3808 484 3864 dum
514 3824 747 3864 carnem
781 3825 885 3880 per
909 3826 1040 3865 eum
1066 3809 1403 3878 vivimus,id
1436 3815 1526 3865 est
1557 3814 1827 3865 naturam
1859 3824 1989 3864 car-

340 3897 434 3953 nis
464 3914 584 3953 sum
608 3898 1124 3971 adepti,quomodo
1155 3915 1271 3955 non
1298 3897 1642 3955 naturaliter
1662 3898 1987 3953 secundum

340 3986 615 4058 spiritum
671 3986 731 4041 in
788 4003 851 4042 se
903 3991 1138 4043 Patrem
1192 3987 1424 4056 habeat,
1476 4002 1609 4042 cum
1660 3986 1817 4041 vivat
1863 3986 1991 4058 ipse

338 4092 444 4147 per
498 4080 728 4131 Patrem
775 4076 803 4131 ?
858 4078 1122 4132 Eusebius
1199 4078 1509 4133 Emisenus.
1579 4077 1662 4129 Ea:
1736 4092 1991 4131 sermone

337 4164 402 4220 de
430 4180 661 4236 corpore
689 4173 741 4221 et
766 4169 1038 4237 sanguine
1068 4167 1319 4222 Domini.
1371 4166 1467 4237 (De
1522 4180 1693 4234 cons.,
1752 4164 1889 4221 dist.
1930 4166 1988 4232 2,

335 4270 386 4308 ο.
421 4255 560 4322 Quia
616 4270 834 4325 corpus,
891 4260 944 4311 el
1006 4254 1105 4310 lib.
1159 4272 1215 4312 Iv
1273 4254 1707 4310 Sententiarum.
1738 4254 1871 4308 dist.
1931 4256 1988 4320 8,

336 4342 475 4413 §b.)
506 4342 648 4408 Quia
682 4359 894 4413 corpus
948 4347 1323 4413 assumptum
1385 4342 1691 4398 ablaturus
1747 4347 1870 4398 erat
1915 4344 1988 4398 ab

333 4431 518 4487 oculis
549 4437 605 4487 et
637 4431 909 4488 illaturus
962 4431 1277 4502 sideribus,
1312 4432 1713 4487 necessarium
1743 4437 1869 4488 erat
1923 4436 1989 4487 ut

2097 3243 2343 3313 honora,
2374 3244 2609 3312 mirare,
2643 3251 2835 3302 mente
2866 3248 3154 3319 continge,
3187 3251 3379 3306 cordis
3412 3267 3588 3307 manu
3612 3270 3747 3310 sus-

2096 3335 2248 3405 cipe,
2279 3339 2337 3390 et
2365 3334 2614 3392 maxime
2643 3338 2829 3391 totum
2862 3336 3079 3393 haustu
3130 3338 3435 3396 interioris
3483 3341 3746 3398 hominis

2100 3440 2360 3479 assume.

2100 3563 2229 3641 CAP.
2262 3565 2630 3641 5.5—Panem
2661 3582 2823 3639 quem
2851 3568 3121 3641 Dominus
3149 3571 3341 3641 fregit,
3372 3575 3425 3627 cl
3456 3572 3601 3629 dedit
3623 3575 3746 3629 dis-

2170 3638 2373 3707 cipulis
2397 3639 2532 3701 suis,
2554 3638 2675 3693 esse
2694 3655 2887 3709 corpus
2909 3640 3133 3694 Domini
3150 3638 3487 3697 salvatoris:
3520 3650 3569 3699 et
3595 3646 3745 3700 cali-

2168 3725 2457 3788 cem‘quem
2472 3712 2724 3788 porremit
2746 3714 2845 3775 eis,
2868 3726 2983 3765 esse
3001 3716 3332 3788 sanguinem
3360 3716 3499 3788 eius,
3535 3722 3588 3771 et
3608 3732 3746 3788 quo-

2172 3780 2323 3835 modo
2355 3782 2594 3855 intelligi
2621 3782 2811 3855 debeat
2838 3798 2964 3838 caro
2994 3788 3046 3838 el
3074 3780 3302 3855 sanguis
3354 3780 3582 3843 Christi.
3616 3780 3757 3844 Ἠίθ-

2169 3868 2433 3923 ronymus
2465 3852 2534 3907 ad
2561 3852 2837 3908 Edibiam.

2168 3996 2400 4065 (Quaest.
2432 3997 2513 4064 2.)
2553 3996 2671 4052 Nos
2718 4000 2914 4052 autem
2956 3998 3269 4056 audiamus
3302 4017 3535 4073 panem,
3568 4018 3744 4074 quem

2098 4084 2271 4156 fregit
2286 4084 2879 4155 Dominus,deditque
2892 4086 3197 4159 discipulis
3211 4089 3335 4144 suis
3355 4091 3746 4165 (Matthxxvx),

2098 4189 2227 4229 esse
2245 4190 2455 4246 corpus
2474 4175 2699 4229 Domini
2732 4174 3064 4246 salvatoris,
3097 4177 3225 4249 ipso
3243 4178 3473 4235 dicente
3503 4181 3573 4235 ad
3600 4198 3698 4237 eos
3726 4200 3740 4237 :

2096 4264 2332 4333 Accipite
2351 4271 2402 4318 et
2432 4264 2738 4334 comedite,
2775 4266 2881 4319 Hoc
2929 4273 3008 4320 est
3063 4281 3262 4337 corpus
3292 4284 3496 4336 meum,
3519 4274 3574 4324 et
3596 4270 3742 4326 cali-

2099 4369 2223 4407 cem
2254 4352 2423 4407 illum
2455 4369 2604 4417 esse,
2638 4353 2708 4408 de
2755 4369 2872 4425 quo
2914 4353 3146 4410 locutus
3178 4357 3495 4413 estiterum
3523 4376 3534 4412 :
3561 4361 3745 4417 Bibite

2095 4455 2165 4495 ex
2192 4440 2289 4494 hoc
2320 4456 2537 4497 omnes:
2571 4442 2661 4496 hic
2688 4447 2767 4497 est
2801 4442 2955 4497 enim
2987 4459 3220 4512 sanguis
3250 4462 3403 4501 meus
3425 4450 3551 4503 novi
3578 4456 3745 4504 testa-

335 4522 430 4578 die
459 4539 634 4579 coenae
647 4525 1085 4578 sacramentum
1108 4522 1275 4577 nobis
1311 4522 1574 4594 corporis
1604 4528 1661 4579 et
1680 4523 1987 4595 sanguinis
2017 4517 2065 4581 D
2096 4531 2289 4597 menti,
2320 4531 2417 4600 qui
2442 4545 2541 4601 pro
2569 4531 2762 4585 multis
2791 4531 3102 4601 eﬂundelur
3137 4550 3194 4588 in
3217 4536 3603 4592 remissionem
3627 4555 3749 4609 pec-

332 4615 737 4668 consecraret:
768 4616 833 4665 ut
875 4609 1167 4667 coleretur
1198 4612 1424 4684 jugiter
1465 4629 1569 4684 per
1612 4613 1984 4684 mysterium,

334 4710 486 4779 quod
509 4706 691 4763 semel
716 4708 1070 4764 offerebatur
1109 4709 1169 4764 in
1202 4710 1482 4781 pretium,
1515 4714 1582 4765 ut
1616 4710 1755 4781 quia
1787 4711 1984 4780 quoti-

334 4796 512 4850 diana
542 4801 599 4851 et
626 4795 923 4852 indefessa
945 4797 1219 4853 currebat
1235 4815 1338 4869 pro
1362 4798 1667 4853 hominum
1690 4796 1878 4853 salute
1904 4814 1985 4853 re-

336 4884 617 4955 demptio,
632 4890 912 4956 perpetua
928 4890 1083 4942 esset
1105 4885 1529 4958 redemptionis
1552 4884 1855 4952 oblatio,et
1885 4901 1983 4957 pe-

334 4973 535 5029 rennis
559 4974 799 5029 victima
823 4974 925 5029 illa
953 4974 1165 5031 viveret
1196 4976 1255 5030 in
1289 4974 1597 5041 memoria,
1645 4978 1702 5029 et
1750 4991 1985 5046 semper

331 5078 587 5132 presens
637 5067 790 5119 esset
840 5064 899 5118 in
946 5064 1160 5135 gratia-
1207 5063 1354 5119 Vere
1402 5062 1577 5117 unica
1633 5068 1691 5118 et
1731 5063 1982 5134 perfecta

328 5151 524 5208 hostia
552 5152 665 5208 ﬁde
708 5152 1196 5221 aestimandamon
1229 5150 1444 5222 specie,
1494 5167 1686 5222 neque
1707 5154 1978 5208 exteriori

328 5241 622 5297 censenda
644 5241 792 5307 visu,
820 5242 921 5297 sed
956 5240 1217 5295 interiori
1246 5240 1475 5295 aﬁ'ectu.
1519 5240 1682 5296 Unde
1724 5243 1976 5298 cmlestis

326 5331 636 5386 conﬁrmat
659 5330 981 5385 auctoritas
1007 5346 1019 5384 :
1055 5330 1197 5399 quia
1219 5344 1347 5383 caro
1376 5344 1499 5384 mea
1518 5346 1640 5385 vere
1668 5334 1747 5386 est
1793 5331 1973 5398 cibus,

324 5422 374 5471 et
399 5422 629 5490 sanguis
657 5434 816 5473 meus
845 5432 970 5472 vere
989 5420 1067 5471 est
1107 5420 1285 5487 polus.
1341 5416 1594 5475 Recedat
1634 5435 1770 5490 ergo
1802 5436 1974 5475 omne

323 5504 691 5563 inﬁdelitatis
714 5504 1056 5577 ambiguum
1087 5522 1099 5559 :
1126 5506 1359 5577 quando
1386 5507 1625 5579 quidem
1646 5508 1746 5578 qui
1770 5512 1975 5563 auctor

326 5597 416 5649 est
445 5596 729 5664 muneris,
762 5594 887 5666 ipse
909 5592 1087 5650 etiam
1120 5594 1288 5651 testis
1321 5600 1411 5652 est
1430 5595 1715 5653 veritatis.
1744 5595 1891 5653 Nam
1912 5603 1970 5653 et

2094 4622 2339 4673 calorum
2369 4620 2565 4689 (Marc.
2598 4622 2734 4687 xiv).
2768 4618 2871 4675 Hic
2929 4625 3021 4675 est
3079 4621 3228 4678 calix
3258 4624 3329 4678 de
3362 4640 3478 4695 quo
3508 4625 3569 4680 in
3606 4627 3752 4682 Pro-

2093 4706 2267 4778 pheta
2295 4705 2567 4778 legimus,
2602 4707 2845 4763 Calicem
2874 4709 3143 4764 salutaris
3164 4713 3460 4785 accipiam,
3478 4718 3533 4769 et
3545 4729 3743 4771 nomen

2093 4796 2314 4851 Domini
2337 4797 2604 4853 invocabo
2633 4797 2811 4868 (Psal.
2840 4799 2987 4869 exv).
3014 4802 3080 4853 Et
3106 4798 3247 4854 alibi
3274 4817 3286 4855 :
3312 4802 3377 4855 Et
3417 4803 3572 4857 calix
3591 4820 3745 4859 meus

2090 4886 2395 4956 inebrians,
2427 4902 2594 4957 quam
2623 4886 2922 4957 praeclarus
2978 4895 3055 4943 est
3110 4888 3291 4959 (Psal.
3334 4892 3493 4963 xxu).
3517 4891 3574 4945 Si
3605 4909 3745 4965 ergo

2089 4975 2258 5045 panis
2288 4974 2389 5046 qui
2421 4976 2491 5030 de
2514 4975 2658 5030 ccelo
2690 4975 2998 5031 descendit
3028 4992 3244 5047 corpus
3280 4978 3514 5034 Domini
3546 4987 3658 5050 est,
3692 4991 3745 5037 et

2086 5064 2289 5118 vinum
2322 5064 2476 5134 quod
2500 5062 2811 5134 discipulis
2831 5063 3271 5137 dedit,sanguis
3299 5072 3392 5123 est
3421 5067 3581 5125 illius
3605 5071 3748 5127 Novi

2087 5151 2808 5223 Testamenti,quietl‘usus
2830 5156 2921 5206 est
2955 5153 3013 5207 in
3041 5154 3450 5212 remissionem
3481 5164 3743 5230 peccato-

2086 5241 2519 5307 rum,ludaicas
2535 5240 2762 5297 fabulas
2778 5241 3191 5314 repellamuset
3205 5247 3593 5302 ascendamus
3606 5264 3743 5305 cum

2084 5329 2333 5385 Domino
2356 5327 2723 5384 cmnaculum
2776 5347 3056 5403 magnum
3083 5337 3342 5389 stratum
3362 5340 3537 5407 atque
3567 5354 3743 5393 mun-

2087 5420 2317 5485 datum,
2350 5421 2407 5473 et
2441 5416 2801 5488 accipiamus
2835 5422 2906 5477 ab
2938 5436 3005 5476 eo
3050 5437 3293 5479 sursum
3323 5424 3564 5481 calicem
3597 5427 3739 5483 Novi

2080 5506 2470 5574 Testamenti,
2502 5506 2700 5579 ibique
2722 5526 2855 5565 cum
2888 5526 2955 5567 eo
2989 5511 3213 5569 Pascha
3258 5513 3647 5587 celebrantes,
3682 5517 3743 5574 in

2080 5596 2379 5654 ebriemur
2406 5595 2541 5654 vino
2574 5598 2928 5658 sobrietatis.
2952 5601 3069 5657 Non
3091 5604 3248 5658 enim
3276 5609 3359 5660 est
3388 5620 3619 5677 regnum
3638 5609 3749 5664 Dei
