1991 3030
69 145 121 173 Uti

443 144 600 171 DECRETI
619 144 714 171 PARS
731 145 767 172 Il.
784 145 876 171 —DE
895 144 998 173 CORP.
1019 147 1066 173 ET
1085 147 1192 175 SANG.
1213 148 1312 182 DOM.,
1333 148 1410 175 ETC.

1730 147 1785 178 142

66 215 134 236 esca
157 208 186 235 et
207 209 289 242 potus
303 214 313 233 :
329 205 375 233 sed
390 205 518 241 justitia,
534 208 561 234 et
585 206 730 241 gaudium,
745 208 772 234 et
794 214 854 242 pax
871 207 901 234 in
916 209 942 241 Α
957 206 1010 235 ﬁlii
1025 208 1096 236 estis
1111 208 1256 243 Ecclesiae,
1270 208 1295 237 si
1310 208 1485 245 evangelicis
1501 208 1606 238 imbuti
1622 211 1780 249 mysteriis,

67 252 181 288 Spiritu
194 255 292 279 sancto
312 250 400 286 (Rom.
415 250 484 286 xxv).
508 250 566 278 Nec
590 250 706 287 Moyses
721 250 801 278 dedit
816 250 902 279 nobis

68 305 178 334 panem
194 304 307 329 verum,
325 295 375 323 sed
391 295 534 323 Dominus
548 294 634 323 Jesus
649 295 712 332 ipse
727 295 858 331 conviva,
873 298 902 323 et

67 341 236 370 convivium
252 343 297 368 est
313 347 320 368 :
336 340 399 376 ipse
423 340 591 374 comedens,
607 341 636 367 et
660 340 710 376 qui
726 341 898 368 comeditnr.

67 391 153 419 lllius
168 390 298 418 bibimus
313 388 500 425 sanguinem,
517 390 545 416 et
567 388 631 416 sine
646 388 709 424 ipso
726 391 826 424 potare
842 397 900 417 non

67 436 282 472 possumuszet
297 433 427 470 quotidie
437 433 466 460 in
477 433 631 461 sacrificiis
646 433 711 468 ejus
722 434 758 461 de
771 434 900 470 germine

64 479 135 507 vitis
164 487 249 514 versa,
274 480 303 506 et
331 478 420 505 vineae
448 477 566 513 Sorech,
597 486 660 513 quea
691 478 901 514 interpretatur

64 525 165 557 electa,
181 522 319 551 rubentia
338 525 436 549 musta
461 521 620 557 calcamus,
636 525 663 550 et
678 530 787 550 novum
804 530 836 550 ex
853 522 900 551 his

63 569 168 596 vinum
183 567 315 595 bibimus
331 567 361 595 in
388 574 478 603 regno
493 566 588 594 Patris
605 575 611 594 :
629 575 686 595 non
703 567 732 595 in
755 568 899 595 vetustate

62 614 182 647 litteras,
198 612 248 640 sed
265 612 295 639 in
310 611 437 639 novitate
453 611 575 647 spiritus
590 612 750 648 (Rom.vn),
760 614 898 640 canentes

64 659 215 685 canticum
233 665 350 690 novum,
361 656 438 691 quod
454 664 539 684 nemo
555 658 652 692 potest
668 664 783 689 canere,
798 656 854 684 nisi
867 656 897 684 in

66 711 156 739 regno
173 701 318 735 Ecclesiae,
328 701 403 736 quod
421 702 464 728 est
476 708 600 736 regnum
611 701 704 737 patris
719 701 812 738 (Apoc.
826 702 896 736 xxv).

66 753 132 779 Item
150 753 181 778 in
195 750 348 787 Epistolam
367 750 404 777 ad
421 750 566 785 Ephesios.
583 750 631 786 (De
647 758 731 784 c0715.,
747 750 811 778 dist.
827 751 856 783 2,
872 759 894 778 σ.

65 797 232 832 Dupliciter,
248 799 275 822 et
292 798 322 822 Ρ.
340 796 416 822 Lom.
437 794 486 821 lib.
503 803 541 828 IV,
552 794 616 822 disi.
629 795 656 829 8,
672 794 708 830 c.)
724 794 896 831 Dupliciter,

66 841 176 877 inquit,
189 839 363 875 intelligitur
379 848 444 867 caro
454 839 572 872 Christi,
582 841 610 867 et
625 838 747 875 sanguis
758 839 787 867 in
799 840 896 868 Eccle-

67 886 121 918 sia,
134 885 179 913 vel
196 884 360 920 spiritualis
371 884 421 911 illa
433 886 520 919 atque
537 883 687 917 divina,de
700 892 759 920 qua
769 884 832 920 ipse
844 884 901 921 ait;

66 932 140 959 Caro
155 938 216 957 mea
231 937 292 957 vere
306 931 345 956 est
360 929 445 963 cibus,
462 932 486 955 et
500 929 612 964 sanguis
628 936 703 956 meus
717 936 780 957 vere
793 930 834 957 est
843 937 895 965 po-

66 977 108 1002 lus
125 982 132 1002 :
151 976 180 1002 et
194 974 251 1001 nisi
269 973 514 1001 manducaveritis
531 980 648 1000 carnem
665 981 770 1008 meam,
788 975 816 1001 et
828 982 894 1001 san-

67 1019 189 1056 guinem
201 1026 298 1045 meum
310 1017 456 1052 biberitis,
474 1026 530 1044 non
542 1017 690 1045 habebitis
705 1017 793 1046 vitam
810 1020 893 1046 teter-

67 1072 145 1098 nam,
160 1063 205 1090 vel
221 1071 287 1090 caro
303 1071 366 1098 qua
384 1062 521 1089 crucifixa
533 1064 587 1095 est,
601 1063 630 1089 et
644 1062 766 1098 sanguis
778 1062 827 1098 qui
839 1062 893 1090 mi-

66 1108 126 1136 litis
142 1107 256 1135 etiusus
267 1109 311 1135 est
327 1106 438 1134 lancea.
454 1107 521 1134 Item
532 1107 561 1134 in
576 1107 688 1140 Isaiam,
701 1107 731 1134 in
745 1115 805 1143 cap.
818 1115 892 1135 vax.

66 1156 233 1185 Secundum
244 1154 437 1191 tropologiam
448 1163 607 1191 possumus
618 1155 723 1190 dicere,
735 1163 838 1183 omnes
848 1164 895 1183 vo-

957 252 982 280 si
997 252 1123 281 Verbum
1148 262 1215 282 caro
1240 254 1350 282 factum
1366 255 1455 289 (Joan.
1472 255 1492 290 ι)
1517 254 1630 283 habitat
1643 255 1673 283 in
1688 256 1770 285 vobis

957 297 1106 333 agnoscite
1122 306 1185 333 quas
1210 298 1337 326 dicimus
1362 298 1429 334 quia
1452 298 1568 327 Domini
1583 301 1663 335 sunt,
1680 309 1716 329 ne
1731 290 1784 337 qui

956 341 1073 378 ignorat
1088 343 1250 378 ignoretur.
1261 344 1416 378 Agnoscite
1429 343 1498 379 quia
1513 344 1610 380 ﬁgura:
1626 347 1705 378 sunt,
1718 354 1783 381 qua;

955 386 985 413 in
1001 386 1108 415 divinis
1118 387 1320 415 voluminibus
1330 389 1445 424 scriptas
1457 390 1527 416 sunt
1544 397 1551 417 ε
1565 389 1630 417 ideo
1641 392 1785 426 tanquam

955 430 1135 467 spirituales,
1152 434 1181 459 et
1196 440 1254 459 non
1270 432 1402 460 carnales
1417 434 1442 467 (I
1459 433 1581 462 Corinth.
1596 434 1665 470 xxv),
1679 434 1787 462 intelli-

953 475 1014 511 gite
1029 484 1095 511 qua
1109 476 1257 505 dicuntur.
1274 476 1304 504 Si
1320 477 1398 504 enim
1416 479 1558 512 tanquam
1579 478 1711 507 carnalia
1725 479 1785 507 ista

954 520 1115 556 suscipitis,
1132 520 1242 548 ltsdunt
1265 529 1327 556 vos,
1355 529 1414 548 non
1430 521 1523 549 alunt.
1538 522 1590 550 Est
1604 522 1683 551 enim
1699 525 1738 558 et,
1754 523 1783 551 in

953 564 1116 601 Evangeliis
1131 565 1228 593 littera
1243 574 1306 601 quae
1322 565 1435 593 occidat
1454 566 1493 602 (ΙΙ
1508 566 1630 595 Corinth.
1647 568 1700 601 In).
1717 568 1780 596 Non

953 609 1048 637 solum
1065 609 1094 637 in
1110 610 1207 638 Veteri
1222 611 1412 638 Testamento
1425 610 1522 639 littera
1532 611 1668 639 occidens
1678 612 1781 648 depre-

952 653 1103 688 henditur,
1110 656 1155 682 est
1165 656 1194 682 et
1203 654 1233 682 in
1242 655 1319 683 Novo
1325 655 1513 683 Testamento
1525 655 1622 683 littera
1635 664 1699 692 quae
1709 656 1784 684 occi-

952 699 1002 726 dat
1013 707 1091 732 sum,
1109 699 1160 734 qui
1177 707 1234 726 non
1247 699 1442 735 spiritualiter
1457 699 1591 728 advertit.
1604 700 1633 727 Si
1646 700 1724 728 enim
1735 709 1784 729 se-

952 743 1079 771 cundum
1091 743 1221 771 litteram
1230 744 1364 779 sequaris
1375 743 1535 779 hocipsum
1549 744 1626 780 quod
1638 744 1780 780 scriptum

952 790 996 815 est
1011 795 1018 815 :
1035 788 1095 815 Nisi
1107 787 1340 816 manducaueritis
1366 796 1479 816 carnem
1495 796 1596 823 meum,
1613 792 1638 816 et
1653 788 1781 816 biberitis

950 840 1040 860 meum
1055 833 1220 868 sanguinem
1234 841 1244 860 :
1259 832 1366 860 occidit
1390 832 1450 860 haec
1476 832 1585 861 littera.
1608 832 1659 861 Vis
1682 835 1711 861 et
1726 833 1779 861 tibi

957 876 1044 904 aliam
1059 876 1180 912 proferri
1196 877 1232 905 de
1245 876 1400 913 Evangelia
1423 877 1552 905 litteram
1571 886 1634 913 quas
1650 877 1780 905 occidit?

957 921 1010 954 Qui
1028 929 1086 948 non
1109 921 1196 949 habet
1220 921 1363 958 gladium,
1388 921 1495 958 inquit,
1520 922 1627 950 vendat
1647 922 1779 950 tunicam

951 967 1082 999 suam,et
1096 968 1175 993 emat
1190 965 1322 1002 gladium
1333 967 1412 1001 (Luc.
1422 966 1503 1001 χχιι).
1519 966 1592 994 Ecce
1606 966 1667 994 hinc
1682 966 1780 994 littera

951 1010 1133 1046 evangelium
1150 1012 1213 1044 est;
1229 1011 1281 1039 sed
1297 1010 1413 1039 occidit.
1429 1011 1459 1038 Si
1474 1019 1541 1039 vero
1556 1018 1621 1039 eam
1637 1011 1778 1046 spiritua-

950 1054 1017 1082 liter
1031 1054 1190 1091 intelligas,
1207 1063 1264 1083 non
1288 1055 1404 1089 occidit,
1421 1056 1471 1083 sed
1488 1055 1610 1091 spiritus
1625 1055 1778 1084 vivificans

950 1101 995 1127 est
1009 1099 1039 1126 in
1063 1108 1097 1127 ea
1114 1108 1120 1127 :
1137 1101 1166 1127 et
1179 1099 1244 1127 ideo
1269 1100 1329 1127 sive
1350 1099 1379 1127 in
1396 1100 1469 1136 lege,
1484 1100 1544 1127 sive
1559 1100 1589 1128 in
1604 1100 1775 1136 evangeliis,

951 1152 1015 1179 quas
1029 1143 1168 1172 dicuntur
1181 1143 1375 1179 spiritualiter
1384 1144 1513 1180 suscipe,
1528 1144 1773 1180 spiritualiterdi-

66 1203 213 1238 luptatum
229 1189 374 1227 ama—tores
391 1189 484 1235 magis
501 1207 590 1234 quam
607 1199 655 1226 Dei
669 1199 847 1228 sanctiﬁcari
864 1200 893 1227 in
946 1189 1105 1238 iudica-Pl
1113 1196 1182 1225 9’80
1190 1189 1437 1238 lelmusy_0mni5
1449 1189 1776 1238 h°_F10_alifl}18m_habet

67 1246 159 1274 hortis
176 1248 204 1273 et
219 1244 381 1277 liminibus,
400 1244 469 1279 quia
486 1243 623 1279 mysteria
637 1243 767 1271 veritatis
777 1252 835 1272 non
845 1252 894 1271 va-

66 1292 127 1318 lent
141 1289 263 1317 introire
280 1297 286 1316 :
304 1291 333 1316 et
347 1288 505 1315 comedunt
517 1288 598 1315 cibos
614 1287 743 1323 pietatis,
755 1288 826 1315 dum
837 1296 894 1315 non

67 1337 137 1363 sunt
151 1334 246 1362 sancti
259 1335 286 1361 et
302 1341 423 1369 corpore
434 1335 462 1360 et
471 1333 587 1368 spiritu,
598 1340 649 1359 nec
664 1332 822 1360 comedunt
833 1340 895 1360 car-

68 1388 133 1407 nem
148 1379 231 1413 Jesu,
242 1386 294 1405 nec
310 1378 416 1405 bibunt
431 1376 607 1412 sanguinem
623 1376 698 1411 ejus,
714 1376 750 1404 de
765 1376 896 1413 quoipso

66 1424 197 1459 loquitur
212 1431 219 1450 :
238 1423 290 1457 Qui
305 1423 457 1449 manducet
478 1429 589 1448 carnem
604 1429 694 1449 meam
707 1423 732 1449 et
748 1421 815 1449 bibit
830 1430 895 1449 san-

65 1470 177 1503 guinem
193 1476 296 1499 meum,
313 1467 395 1494 habet
408 1468 493 1494 vitam
507 1471 644 1494 wlemam
660 1467 749 1501 (Joan.
766 1468 816 1501 v1).
834 1467 895 1494 Etc-

66 1515 124 1541 nim
149 1513 253 1549 pascha
275 1516 401 1540 noslrum
425 1511 585 1539 immolatus
607 1515 646 1538 est
667 1511 792 1539 Christus
807 1511 832 1547 (ι
848 1510 896 1539 Co-

66 1560 133 1587 rint.
149 1558 191 1594 v),
203 1557 253 1593 qui
269 1565 326 1584 non
344 1556 414 1584 foris
428 1556 478 1583 sed
495 1556 523 1582 in
540 1556 627 1583 domo
643 1564 702 1583 una
713 1558 741 1584 et
753 1556 833 1584 intus
848 1564 895 1584 co-

155 1577 191 1594 .,,
203 1577 253 1593 ιι...
270 1577 326 1584 ......
344 1577 413 1584 ,νυν
429 1577 478 1583 υυμ
541 1577 626 1583 ww-
645 1577 702 1583 ...η
713 1577 741 1584 ν.
754 1577 833 1584 .......,
849 1577 881 1584 ..ν

67 1603 205 1631 meditur.
222 1603 294 1630 Item
311 1603 342 1629 in
365 1601 483 1636 quadam
509 1600 626 1628 homilia
649 1608 733 1636 super
747 1601 898 1628 Leuiticum
912 1577 934 1611 Ο

65 1658 122 1684 cap.
140 1657 202 1676 xm.
220 1647 271 1675 His
287 1655 321 1674 ex
338 1646 511 1673 auctoritate
534 1644 707 1681 Evangelica
723 1647 812 1681 atque
827 1653 898 1681 apo-

68 1693 171 1721 stolica
187 1690 395 1728 comprobatis,
405 1690 469 1718 vide
481 1690 628 1725 quomodo
637 1689 844 1726 unusquisque
855 1689 899 1717 vel

68 1735 258 1770 mundus,vel
270 1734 549 1770 immundus,possit
560 1733 686 1762 ostendi.
698 1734 800 1761 Omnis
812 1734 899 1761 homo

70 1783 156 1810 habet
174 1782 204 1809 in
219 1789 251 1808 se
266 1780 393 1816 aliquem
421 1779 531 1811 cibum,
548 1787 633 1813 quem
651 1778 799 1806 accedenti
817 1778 851 1806 ad
870 1786 900 1806 se

68 1826 202 1863 proximo
212 1834 266 1853 suo
276 1825 412 1861 praebeat.
426 1826 487 1851 Non
500 1823 578 1851 enim
595 1822 657 1851 ﬁeri
674 1825 771 1859 potest
782 1825 900 1857 ut,cum

67 1870 281 1899 accesserimus
301 1868 461 1897 adinvicem
490 1876 542 1895 nos
560 1867 703 1900 homines,
720 1869 749 1895 et
762 1875 900 1894 conseve-

69 1917 164 1943 rimus
177 1922 419 1947 sermonem,non
431 1913 557 1948 aliquem
570 1920 604 1939 ex
614 1911 845 1948 interrogatione
857 1903 901 1938 vel

67 1969 99 1988 ex
107 1959 312 1996 responsione,
320 1957 400 1985 velut
409 1966 443 1984 ex
455 1957 553 1992 aliquo
565 1958 665 1992 gustu,
677 1959 727 1984 aut
737 1955 901 1992 capiamus,

68 2007 118 2032 aut
135 2004 321 2041 praebeamus
347 2002 445 2030 cibum
464 2010 469 2029 :
488 2004 515 2029 et
541 2001 689 2037 siquidem
715 2009 802 2036 quem
819 2000 902 2027 bona:

70 2049 178 2077 mentis
195 2050 285 2084 gustu
302 2047 447 2083 capimus,
465 2047 609 2074 mundum
628 2045 778 2073 sumimus
793 2045 902 2078 cibum,

70 2094 92 2122 si
110 2101 180 2121 vero
197 2092 372 2120 immundus
388 2093 433 2118 est
449 2099 535 2126 quem
553 2089 764 2126 contingimus,
776 2089 904 2117 immun-

70 2139 154 2165 dum.
171 2136 256 2165 Unde
271 2135 428 2172 Apostolus
442 2136 477 2162 de
488 2135 598 2162 talibus
614 2134 685 2161 dicit
701 2142 707 2161 :
725 2134 792 2161 Cum
807 2133 903 2167 huius-

69 2182 144 2210 modi
159 2189 210 2209 nec
224 2181 316 2208 cibum
330 2188 437 2207 sumere
453 2180 476 2214 (I
487 2179 550 2207 Cor.
568 2179 605 2215 v).
623 2178 656 2206 Et
672 2180 704 2205 ut
718 2178 772 2205 tibi
785 2178 904 2205 eviden-

71 2228 133 2256 tius
149 2226 212 2254 haec
222 2225 428 2261 patescant,de
444 2223 548 2259 majori
560 2231 713 2251 sumamus
726 2221 902 2258 exemplum,

73 2278 104 2304 ut
120 2274 193 2303 inde
209 2274 244 2301 ad
261 2273 401 2300 inferiora
424 2272 586 2300 veniamus.
610 2271 750 2298 Dominus
766 2271 805 2297 ait
823 2279 829 2298 ε
846 2271 906 2297 Nisi
921 2263 943 2295 Ι)

74 2318 316 2348 manducaveritis
333 2325 446 2345 carnem
468 2325 568 2349 mcum,
586 2318 611 2343 et
635 2316 800 2350 sanguinem
814 2323 905 2342 meum

75 2364 217 2396 bibentis,
227 2370 284 2390 non
293 2361 428 2389 habebilis
439 2362 523 2388 vitam
536 2370 545 2387 .-
556 2360 627 2387 Caro
636 2361 709 2387 enim
722 2368 780 2387 mea
792 2367 856 2387 vero
865 2362 906 2386 est

75 2410 163 2443 cibus,
178 2411 205 2436 et
219 2407 333 2442 sanguis
347 2414 424 2433 meus
440 2414 500 2433 vero
524 2410 563 2432 est
576 2409 655 2440 polus
671 2404 758 2440 (Joan.
774 2405 822 2439 v1),
839 2404 908 2439 quia

76 2461 168 2482 omne
182 2460 258 2488 opus
274 2451 337 2487 ejus
353 2452 489 2478 sanctum
505 2452 560 2483 est,
577 2451 606 2476 et
621 2449 716 2476 omnis
732 2457 828 2475 sermo
844 2449 908 2483 ejus

78 2506 179 2526 verus.
195 2496 341 2524 Carnibus
365 2495 455 2528 enim,
471 2497 499 2522 et
515 2494 658 2530 sanguine
680 2493 746 2529 agni
768 2496 909 2528 tanquam

79 2543 145 2571 cibo
164 2541 274 2569 mundo
288 2543 317 2568 et
330 2544 411 2577 potu,
434 2542 552 2575 potatur
568 2541 597 2567 et
612 2539 742 2566 reﬁcitur
756 2546 841 2565 omne
857 2538 909 2564 ho-

81 2587 199 2616 minnm
211 2584 457 2622 genus.Secundo
469 2584 530 2611 loco
542 2583 817 2619 postilliuscarnem
831 2590 911 2609 mun-

83 2633 140 2660 dus
155 2631 244 2659 cibus
256 2632 300 2658 est
313 2629 416 2657 Petrus
432 2631 460 2656 et
482 2628 600 2662 Paulus,
617 2630 645 2656 et
660 2636 762 2655 omnes
777 2627 911 2662 apostoli.

84 2675 184 2704 Tertio
201 2673 340 2710 discipuli
351 2681 464 2708 eorum,
476 2675 504 2701 et
519 2673 561 2701 sic
574 2672 778 2708 unusquisque
790 2680 840 2707 pro
852 2680 913 2699 me-

85 2721 213 2749 ritorum
237 2719 365 2755 puritate
389 2717 522 2754 proximo
538 2718 667 2745 mundus
691 2717 723 2744 fit
739 2718 831 2744 cibus.
856 2717 914 2744 Hoc

87 2765 136 2802 qui
147 2763 255 2793 audire
266 2762 477 2796 nescit,avertit
485 2762 604 2790 forsitan
612 2761 743 2789 auditum
753 2762 914 2789 secundum

87 2819 136 2839 eos
150 2809 204 2847 qui
226 2807 365 2837 dicebant
381 2815 389 2835 :
404 2806 475 2841 Quis
491 2808 588 2843 potest
599 2815 666 2834 eum
683 2806 784 2834 audire
794 2806 807 2833 ?
821 2806 876 2833 Sed
893 2805 918 2833 si

951 1233 982 1260 in
998 1241 1028 1261 se
1043 1233 1154 1267 cibum,
1165 1241 1199 1261 ex
1213 1242 1271 1269 quo
1286 1233 1335 1269 qui
1347 1234 1507 1268 sumpserit
1522 1234 1668 1269 siquidem
1681 1235 1776 1262 bonus

952 1279 1007 1311 est,
1023 1279 1051 1305 et
1066 1278 1102 1305 de
1116 1278 1192 1305 bono
1207 1278 1346 1305 thesauro
1367 1277 1478 1313 profert
1493 1278 1615 1313 bonum,
1631 1279 1775 1306 mundum

952 1321 1051 1349 cibum
1067 1321 1175 1358 praebet
1190 1322 1321 1357 proximo
1337 1329 1400 1349 suo.
1414 1321 1513 1349 Potest
1525 1321 1602 1349 enim
1615 1322 1681 1357 quis
1694 1322 1778 1349 inno-

952 1374 1022 1393 cens
1037 1368 1066 1394 et
1089 1368 1186 1394 rectus
1210 1366 1307 1400 corde,
1331 1366 1476 1393 mundum
1498 1365 1588 1393 videri
1614 1366 1735 1401 animal,
1751 1368 1782 1394 et

953 1410 1080 1446 praebere
1090 1410 1221 1438 audienti
1232 1418 1263 1438 se
1274 1411 1420 1437 mundum
1432 1410 1543 1444 cibum,
1553 1412 1693 1446 tanquam
1707 1411 1781 1443 ovis,

952 1462 1018 1490 quas
1032 1456 1076 1482 est
1091 1454 1367 1488 animalmundum,
1378 1453 1514 1481 similiter
1528 1456 1557 1482 et
1572 1454 1602 1481 in
1614 1454 1735 1482 caeteris.
1748 1454 1783 1481 Et

952 1499 1017 1527 ideo
1032 1499 1129 1527 omnis
1146 1498 1234 1526 homo
1256 1507 1323 1526 cum
1339 1498 1470 1534 loquitur
1495 1498 1627 1534 proximo
1643 1506 1707 1533 suo,
1722 1498 1783 1526 sive

954 1543 1074 1578 prodest
1081 1542 1107 1569 ei
1120 1550 1154 1570 ex
1163 1542 1360 1574 sermonibus,
1368 1542 1429 1569 sive
1440 1542 1682 1575 nocet,mundum
1694 1542 1719 1569 ei
1731 1544 1783 1569 aut

953 1587 1142 1615 immundum
1158 1587 1287 1614 efﬁcitur
1301 1586 1420 1619 animal,
1437 1595 1471 1614 ex
1482 1587 1590 1622 quibus
1604 1586 1648 1614 vel
1664 1586 1782 1614 mundis

954 1632 1096 1659 utendum
1121 1633 1176 1666 est,
1191 1631 1235 1659 vel
1261 1631 1425 1658 immundis
1447 1630 1615 1667 praecipitur
1630 1630 1781 1657 abstinen-

954 1676 1036 1704 dum.
1052 1676 1080 1703 Si
1096 1676 1258 1704 secundum
1272 1675 1349 1703 hunc
1364 1675 1547 1703 intellectum
1557 1675 1689 1703 dicamus
1700 1683 1782 1701 sum-

955 1728 1035 1748 mum
1053 1722 1141 1748 Deum
1166 1720 1246 1756 leges
1267 1719 1439 1747 hominibus
1464 1719 1677 1755 promulgasse,
1693 1719 1783 1754 digna

954 1764 1102 1792 videbitur
1116 1764 1247 1792 humana
1259 1764 1414 1799 majestate
1425 1763 1581 1799 legislatio.
1592 1764 1621 1790 Si
1631 1771 1698 1790 vero
1709 1762 1784 1790 assi-

955 1809 1079 1836 deamus
1093 1808 1209 1840 litteras,
1225 1811 1253 1836 et
1268 1809 1431 1836 secundum
1448 1808 1526 1843 quod
1543 1808 1585 1835 vel
1601 1807 1721 1839 Iudaeis,
1739 1806 1784 1834 vel

956 1853 1043 1889 vulgo
1051 1853 1169 1886 dicitur,
1177 1852 1358 1888 accipiamus
1369 1860 1432 1887 quas
1444 1851 1554 1887 scripta
1564 1852 1785 1886 sunt,erubesco

957 1897 1088 1925 conﬁteri
1100 1897 1190 1924 Deum
1200 1898 1275 1924 tales
1290 1896 1368 1932 leges
1377 1896 1503 1924 dedisse.
1513 1896 1698 1924 Videbantur
1707 1895 1787 1924 enim

958 1942 1053 1978 magis
1066 1941 1214 1977 elegantes
1229 1941 1308 1977 leges
1324 1941 1490 1975 hominum,
1510 1941 1589 1968 verbi
1609 1940 1715 1976 gratia,
1731 1939 1785 1967 Ro-

958 1994 1125 2019 manorum,
1140 1986 1375 2018 Atheniensium,
1396 1985 1693 2013 Lacedaemoniorum.

958 2058 1026 2086 CAP.
1042 2058 1068 2085 6.
1086 2072 1119 2077 —
1136 2056 1210 2090 Quod
1224 2058 1253 2084 in
1271 2056 1332 2091 iege
1356 2058 1441 2091 fuerit
1456 2057 1566 2089 umbra,
1584 2058 1613 2083 in
1635 2056 1784 2091 Evangelia

993 2094 1119 2126 veritas;
1135 2095 1161 2120 et
1184 2092 1254 2128 quod
1276 2090 1366 2120 devoto
1389 2092 1493 2125 animo,
1510 2094 1535 2119 et
1552 2099 1621 2128 cum
1636 2090 1784 2128 timoread

992 2127 1212 2156 communionem
1227 2129 1263 2155 sit
1277 2128 1475 2155 accedendum.
1497 2127 1654 2155 Ambrosius
1669 2128 1699 2155 in
1715 2127 1785 2154 libro

994 2166 1032 2192 De
1046 2164 1158 2201 ofﬁciis,
1174 2172 1235 2199 cap.
1253 2164 1295 2191 14.

995 2226 1048 2253 llla
1064 2226 1154 2261 igitur
1167 2229 1235 2253 sunt
1245 2225 1329 2253 nobis
1340 2225 1548 2261 expetenda,in
1561 2225 1669 2261 quibus
1681 2225 1787 2252 veritas

961 2273 1013 2298 est.
1030 2270 1080 2297 llic
1092 2270 1207 2304 umbra,
1217 2270 1261 2297 hic
1272 2270 1367 2305 imago
1379 2270 1500 2304 est,illic
1509 2270 1631 2305 veritas;
1645 2270 1749 2297 umbra
1759 2270 1788 2297 in

960 2316 1033 2351 lege,
1046 2315 1141 2350 imago
1154 2314 1182 2341 in
1196 2315 1475 2350 Evangelio,vcritas
1489 2315 1516 2341 in
1530 2315 1705 2342 cmlestibus.
1717 2316 1789 2341 Ante

962 2369 1055 2396 agnus
1066 2360 1250 2394 olferebatur,
1261 2359 1553 2386 oll‘erebaturvitulus
1564 2372 1570 2393 ς
1582 2367 1658 2386 nunc
1671 2359 1792 2386 oﬂ'ertur

962 2405 1104 2438 Christus,
1123 2405 1171 2431 sed
1191 2404 1276 2439 quasi
1292 2404 1378 2431 homo
1396 2404 1532 2431 oﬂ‘ertur:
1546 2404 1630 2439 quasi
1647 2403 1790 2439 recipiens

963 2449 1129 2485 passionem
1148 2451 1175 2475 et
1191 2449 1274 2475 otl'ert
1290 2456 1319 2475 se
1336 2448 1397 2483 ipse
1414 2448 1496 2483 quasi
1514 2448 1659 2481 sacerdos,
1679 2450 1709 2475 ut
1723 2455 1790 2483 pec-

965 2497 1029 2521 cata
1046 2495 1144 2520 nostra
1159 2493 1297 2527 dimittat,
1310 2492 1356 2519 hic
1368 2493 1397 2519 in
1414 2493 1550 2528 imagine,
1561 2493 1599 2519 ibi
1613 2493 1641 2519 in
1660 2492 1788 2519 veritate.

967 2538 1007 2565 Ibi
1025 2538 1101 2573 apud
1119 2537 1231 2564 Patrem
1257 2537 1341 2572 quasi
1367 2537 1524 2564 advocatus
1540 2545 1590 2572 pro
1608 2536 1689 2564 nobis
1704 2536 1790 2563 inter-

966 2583 1053 2609 venit.
1083 2583 1149 2609 Item
1174 2582 1203 2608 in
1227 2582 1369 2616 epistolam
1399 2582 1432 2608 ad
1460 2581 1623 2609 Corinthios.
1654 2583 1693 2615 (In
1720 2582 1732 2608 I
1757 2580 1791 2607 ad

969 2627 1093 2654 Corinth.
1110 2634 1168 2661 cap.
1184 2626 1240 2659 59).
1258 2626 1365 2653 Devoto
1378 2626 1485 2659 animo,
1503 2628 1531 2653 et
1548 2635 1612 2653 cum
1629 2626 1732 2653 timore
1745 2633 1791 2652 ac—

969 2672 1131 2699 cedendum
1144 2671 1179 2697 ad
1192 2671 1427 2698 communionem
1438 2671 1533 2704 docet,
1546 2673 1577 2698 ut
1587 2671 1681 2698 sciant
1691 2677 1792 2697 omnes

970 2725 1001 2744 se
1018 2715 1207 2743 reverentiam
1225 2716 1329 2743 debere
1346 2716 1382 2749 ei,
1401 2716 1435 2742 ad
1453 2716 1538 2750 cujus
1555 2724 1660 2750 corpus
1676 2721 1794 2740 sumen-

972 2762 1042 2789 dum
1059 2761 1210 2789 accedunt.
1227 2761 1285 2788 Hoc
1302 2761 1379 2788 enim
1396 2760 1502 2787 debent
1512 2760 1590 2795 apud
1607 2767 1637 2787 se
1655 2757 1797 2793 judicare,

973 2806 1040 2842 quia
1058 2806 1198 2834 Dominus
1223 2808 1267 2834 est
1289 2806 1373 2841 cujus
1389 2805 1418 2832 in
1445 2804 1605 2833 ministerio
1626 2803 1798 2840 sanguinem
