3970 6058
414 286 515 342 143

1495 283 1565 332 Βι
1606 277 1847 331 IVONIS
1882 276 2380 332 CARNOTENSIS
2418 277 2744 332 EPISCOPI

3723 274 3835 330 144

406 412 632 483 potant.
680 410 811 465 Item
858 406 923 462 in
970 402 1269 476 Epistolam
1313 399 1383 457 ad
1430 398 1716 456 Hebraeos.
1768 398 1853 469 (In
1886 414 1923 452 v
1952 412 2053 455 ca-
2084 397 2141 464 Α
2240 396 2380 468 quod
2425 398 2705 483 Divinitas
2756 398 2820 483 in
2874 411 2994 481 suae
3038 398 3295 483 ueritatis
3342 397 3599 483 claritate
3643 397 3838 483 videri

404 499 546 570 put).
578 496 693 553 Sed
724 496 785 550 in
813 494 928 549 ista
970 507 1145 548 carne
1176 506 1241 545 ac
1294 487 1578 558 sanguine
1609 486 1691 540 nil
1722 487 2056 551 cruentum,

406 587 490 643 nil
522 582 900 657 corruptibile
931 597 1100 636 mens
1121 580 1381 634 humana
1411 574 1704 647 concipiat
1736 589 1749 631 :
1782 574 1883 629 sed
1913 572 2057 629 vivi-

406 676 727 733 ﬁcatricem
760 669 1175 735 substantiam,
1208 670 1383 737 atque
1415 664 1785 720 salvatricem
1820 663 1879 718 in
1911 678 2061 734 pane

407 771 465 822 et
492 766 650 831 vino,
681 779 783 835 per
813 777 939 830 quae
988 758 1035 815 si
1067 757 1242 827 digne
1273 757 1614 824 sumuntur,
1648 752 1821 808 nobis
1851 756 1943 808 est
1970 768 2058 807 re-

405 854 609 911 missio
642 855 1013 924 peccatorum
1066 844 1296 901 collata.
1330 846 1463 900 Item
1512 844 1568 897 in
1602 842 1865 897 eamdem.
1911 842 1995 913 (In
2024 857 2061 896 x

401 946 577 1017 cap.).
620 943 748 998 Una
777 942 867 996 est
914 935 1185 993 Ecclesiae
1235 934 1448 1001 hostia,
1480 932 1565 987 illi
1617 936 1814 986 autem
1862 929 2059 984 multa

401 1039 562 1089 sunt.
597 1033 839 1101 Propter
870 1027 978 1082 hoc
1001 1025 1158 1081 enim
1182 1040 1287 1079 nec
1317 1023 1496 1078 fortes
1525 1025 1710 1089 erant,
1738 1018 1877 1090 quia
1908 1019 2059 1074 mul-

401 1127 492 1178 tae.
518 1120 665 1185 Quid
690 1122 886 1173 autem
918 1131 1067 1187 opus
1089 1118 1216 1168 erat
1232 1111 1459 1177 multis,
1480 1110 1575 1165 dic
1608 1108 1775 1178 mihi,
1804 1125 1921 1163 una
1942 1108 2061 1163 sut-

401 1210 634 1266 ﬁciente
652 1208 679 1264 ‘t
700 1206 951 1262 Proinde
968 1204 1124 1276 quod
1144 1201 1340 1257 multa!
1362 1199 1778 1266 offerebantur,
1804 1197 2062 1253 ostendit

402 1314 501 1356 eos
521 1312 824 1369 nunquam
852 1293 1114 1366 purgari,
1133 1291 1286 1348 sicut
1308 1290 1807 1345 medicamentum
1828 1288 2060 1355 forte,et

400 1388 625 1453 valens,
658 1389 715 1440 et
743 1385 968 1452 efﬁcax,
1000 1385 1274 1437 cunctam
1298 1378 1530 1451 repellit
1555 1376 1975 1433 valetudinem.
2000 1375 2060 1431 Si

401 1492 539 1550 ergo
569 1474 751 1531 semel
782 1471 1128 1544 impositum
1175 1474 1364 1525 totum
1394 1470 1701 1539 operatum
1734 1465 1926 1533 fuerit,
1959 1482 2061 1520 os-

398 1565 587 1624 tendit
615 1564 913 1628 virtutem,
938 1565 1004 1617 ut
1034 1576 1150 1615 non
1183 1558 1432 1614 ulterius
1464 1559 1820 1630 apponatur.
1845 1555 1902 1609 Si
1926 1570 2060 1610 vero

400 1670 635 1726 semper
654 1651 992 1723 apponitur,
1011 1648 1393 1704 manifestum
1417 1646 1703 1703 indicium
1728 1648 1839 1715 est,
1860 1644 2059 1699 minus

399 1744 547 1800 illud
579 1740 955 1814 pravaluisse
981 1738 1506 1807 medicamentum,
1526 1735 1714 1791 virtus
1740 1734 1957 1806 quippe
1986 1732 2060 1787 il-

399 1833 517 1889 lius
547 1835 737 1900 est,ut
765 1828 946 1885 semel
968 1831 1298 1901 apponatur
1312 1829 1370 1882 et
1399 1841 1515 1881 non
1536 1826 1891 1897 frequenter,
1906 1823 2061 1879 sicut

401 1922 583 1979 etiam
611 1920 726 1977 hic.
762 1918 820 1975 Si
851 1918 1009 1974 enim
1040 1918 1113 1973 ab
1144 1916 1422 1972 omnibus
1445 1918 1644 1971 essent
1671 1913 1902 1969 liberati
1933 1928 2063 1985 pec-

404 2011 573 2079 catis,
605 2023 981 2081 nequaquam
1026 2022 1129 2078 per
1176 2005 1441 2077 singulos
1490 2004 1616 2059 dies
1663 2002 1895 2059 offerret
1925 2001 2058 2073 quis

400 2098 709 2158 sacriﬁcia.
743 2096 991 2152 Proinde
1016 2094 1238 2167 peccati
1268 2091 1748 2149 commemoratio
1777 2090 1907 2157 fuit,
1942 2106 2058 2145 non

393 2188 708 2255 absolutio,
740 2186 879 2259 quia
910 2183 1176 2256 quotidie
1211 2182 1433 2238 eisdem
1466 2184 1793 2254 purgantur
1822 2179 2056 2249 hostiis,

391 2278 570 2335 etiam
604 2276 719 2348 ipsi
749 2275 1104 2341 sacerdotes,
1123 2276 1182 2328 et
1204 2270 1458 2344 populus
1486 2270 1723 2343 pariter.
1755 2270 1857 2339 (De
1884 2284 2058 2340 c0115.,

388 2366 515 2423 dist.
547 2369 603 2432 2,
634 2381 681 2421 c.
716 2366 779 2420 In
815 2364 1018 2419 Christ.
1049 2378 1065 2430 ;
1113 2362 1177 2417 P.
1231 2363 1381 2416 Lom.
1417 2361 1455 2415 ι.
1489 2376 1546 2415 Iv
1594 2358 1767 2426 Sent.,
1800 2358 1931 2414 dist.
1968 2359 2054 2429 i2,

386 2455 418 2530 §
447 2454 546 2526 9.).
581 2454 643 2508 In
677 2452 907 2507 Christo
938 2450 1269 2506 econtrario
1302 2448 1484 2505 semel
1516 2447 1712 2503 oblata
1742 2451 1831 2503 est
1862 2447 2057 2503 hostia

390 2544 461 2599 ad
495 2542 749 2599 salutem
800 2539 1227 2612 sempiternam
1278 2542 1506 2610 potens.
1558 2536 1705 2602 Quid
1736 2551 1872 2607 ergo
1900 2552 2007 2591 nos
2030 2536 2059 2591 ‘t

386 2633 591 2690 Nonne
621 2648 725 2704 per
754 2630 1022 2702 singulos
1042 2629 1169 2684 dies
1201 2628 1506 2683 offerimus
1526 2626 1553 2680 ‘I
1584 2625 1918 2695 Oﬁ‘erimus,
1950 2625 2051 2680 sed

386 2723 461 2779 ad
494 2720 956 2777 recordationem
1006 2717 1213 2773 mortis
1266 2718 1416 2787 ejus,
1450 2720 1506 2770 et
1554 2730 1669 2769 una
1700 2719 1791 2769 est
1833 2714 2050 2777 hostia,

386 2828 505 2866 non
538 2810 760 2865 multae.
797 2807 1097 2873 Quomodo
1129 2822 1248 2860 una
1276 2809 1333 2860 et
1359 2821 1475 2859 non
1512 2802 1709 2858 multae
1730 2804 1758 2858 ‘?
1787 2803 1933 2866 Quia
1960 2819 2050 2858 se-

388 2900 505 2955 mel
538 2897 774 2952 oblatus
818 2900 909 2950 est
957 2893 1247 2950 Christus.
1298 2893 1415 2948 Hoc
1447 2897 1643 2948 autem
1694 2892 2047 2947 sacriﬁcium

387 2985 722 3056 exemplum
755 2988 845 3040 est
867 2982 1050 3048 illius,
1070 2982 1326 3053 idipsum
1352 2997 1585 3051 semper
1610 2980 1895 3052 idipsum,
1920 2997 2045 3049 pro-

387 3076 527 3132 inde
559 3089 745 3129 unum
775 3072 886 3127 hoc
918 3075 1008 3127 est
1028 3068 1374 3126 sacriﬁcium
1402 3085 1416 3136 ;
1449 3068 1735 3140 alioquin,
1765 3068 2043 3140 quoniam

387 3165 448 3220 in
482 3162 687 3219 multis
719 3160 863 3217 locis
880 3156 1329 3228 oﬁ'ertur,multi
1363 3162 1501 3213 sunt
1523 3139 1735 3212 Christi
1759 3139 2039 3229 ‘INequal
2072 3147 2115 3215 C
2154 3139 2388 3229 (ῗοῖῬιξδξ

387 3269 586 3326 quam,
621 3252 724 3307 sed
756 3265 914 3306 unus
946 3248 1167 3319 ubique
1189 3250 1278 3302 est
1308 3245 1677 3316 Christus,et
1707 3246 1803 3301 hic
1834 3245 2047 3318 plenus

384 3342 665 3411 existens,
698 3344 756 3395 et
787 3337 910 3394 illic
959 3335 1188 3409 plenus.
1240 3335 1403 3391 Sicut
1432 3335 1589 3391 enim
1638 3336 1794 3407 quod
1825 3336 2046 3409 ubique

380 3432 641 3497 ott‘ertur,
676 3443 862 3483 unum
893 3441 1107 3497 corpus
1137 3428 1248 3492 est,
1280 3429 1338 3480 et
1378 3440 1494 3479 non
1525 3424 1716 3480 multa
1748 3440 1994 3496 corpora
2028 3484 2043 3497 ο

380 3519 465 3573 ita
484 3522 543 3573 et
566 3532 750 3572 unum
775 3513 1152 3570 sacriﬁcium.
1176 3512 1441 3569 Pontifex
1464 3516 1655 3569 autem
1682 3512 1779 3569 ille
1800 3518 1909 3580 est,
1936 3509 2041 3594 qui

378 3604 632 3662 hostiam
664 3602 876 3660 obtulit
897 3618 1006 3658 nos
1036 3602 1445 3659 mandantem.
1464 3605 1659 3674 Ipsam
1682 3618 1815 3658 vero
1845 3602 2036 3663 oﬁ'eri.

376 3710 513 3750 mus
533 3693 713 3750 etiam
744 3709 921 3761 nunc,
946 3708 1074 3764 quas
1105 3696 1245 3747 tunc
1269 3690 1464 3747 oblata
1495 3692 1767 3748 consumi
1792 3708 1907 3748 non
1931 3709 2036 3764 po-

375 3788 511 3840 test.
544 3782 708 3847 Quod
755 3797 863 3836 nos
894 3780 1165 3849 facimus,
1200 3780 1259 3835 in
1304 3782 1923 3836 commemorationem
1972 3781 2038 3837 ﬁt

382 3872 512 3943 ejus
553 3872 711 3942 quod
754 3870 973 3925 factum
1024 3873 1113 3923 est
1162 3885 1176 3924 :
1228 3869 1335 3923 Hoc
1380 3868 1537 3923 enim
1580 3870 1775 3940 facite,
1821 3870 1921 3937 ait,
1972 3872 2034 3925 in

379 3976 561 4017 meam
589 3958 1171 4015 commemorationem
1220 3957 1369 4028 (Luc.
1402 3958 1563 4026 xxn),
1595 3972 1713 4012 non
1743 3956 1902 4012 aliud
1934 3975 2030 4014 sa-

378 4049 685 4117 criﬁcium,
718 4048 819 4103 sed
849 4047 1045 4119 ipsum
1076 4062 1309 4117 semper
1348 4044 1670 4113 offerimus,
1704 4045 1892 4117 magis
1922 4064 2031 4102 au-

371 4143 491 4195 tem
523 4136 793 4195 sacriﬁcii
826 4134 1285 4192 recordationem
1308 4150 1640 4207 cperamur.
1665 4133 1829 4190 Unde
1850 4135 2027 4193 etiam

368 4227 577 4283 beatus
608 4225 969 4297 Augustinus
996 4225 1057 4280 in
1097 4223 1324 4280 decimo
1376 4222 1525 4278 libro
1556 4222 1635 4278 De
1667 4222 1896 4279 civitate
1924 4224 2027 4281 Dei

368 4314 591 4371 eisdem
622 4314 813 4370 verbis
833 4332 978 4386 pene
996 4314 1187 4385 inquit
1214 4330 1225 4368 :
1252 4314 1416 4369 Dona
1445 4313 1572 4383 ejus
1592 4312 1654 4367 in
1673 4312 1863 4379 nobis,
1888 4330 2021 4369 nos-

367 4419 482 4475 que
510 4402 673 4475 ipsos
713 4419 990 4458 vovemus
1037 4408 1094 4458 et
1139 4403 1457 4474 reddimus,
1491 4405 1548 4457 et
1593 4402 2019 4459 beneﬁciorum

365 4492 498 4561 ejus
526 4490 1022 4561 solemnitatibus,
1056 4492 1219 4547 festis
1251 4499 1303 4546 el
1345 4492 1553 4548 diebus
1585 4492 1825 4548 statutis
1856 4493 2017 4549 dica-

364 4596 521 4647 mus,
553 4596 969 4652 sacramusque
1018 4580 1383 4648 memoriam,
1420 4598 1492 4637 ne
1538 4582 1836 4637 volumine
1866 4587 2017 4639 tem-

362 4686 570 4740 porum
597 4669 827 4740 ingrata
844 4669 1125 4741 subrepat
1141 4669 1374 4725 oblivio.
1396 4670 1560 4726 Unde
1580 4671 1757 4725 etiam
1775 4670 1833 4725 in
1853 4670 2016 4726 Psal-

366 4774 463 4815 mo
494 4775 637 4814 Lxxx
681 4758 961 4814 fratribus
990 4760 1073 4814 ait
1107 4774 1119 4813 :
1154 4762 1295 4814 Ecce
1340 4758 1639 4815 innovavit
1685 4775 1792 4814 nos
1821 4758 2016 4815 Chris-

363 4850 484 4915 tus,
515 4847 750 4904 donavit
779 4847 980 4903 omnia
1011 4851 1267 4919 peccata,
1301 4863 1437 4903 cum
1470 4864 1587 4902 non
1614 4847 2016 4904 obliviscimur

361 4954 580 4994 munus
611 4936 949 4994 Salvatoris.
982 4937 1186 4993 Nonne
1211 4936 1476 4993 Christus
1509 4937 1772 5009 quotidie
1803 4938 2013 4995 immo-

355 5025 559 5082 latur?
604 5030 661 5082 et
693 5024 869 5082 semel
901 5042 1004 5097 pro
1054 5026 1309 5097 peccatis
1342 5025 1683 5082 immolatus
1714 5031 1821 5084 est.
1866 5027 2011 5084 Cum

355 5116 674 5184 credimus,
703 5131 834 5171 ecce
856 5115 1149 5187 cogitatio.
1170 5116 1251 5170 Ex
1279 5114 1468 5188 ipsius
1499 5115 1766 5187 reliquiis
1792 5117 2010 5188 cogita-

354 5205 535 5263 tionis
568 5204 834 5278 quotidie
866 5204 1037 5260 nobis
1061 5205 1146 5260 sic
1166 5204 1528 5273 immolatur,
1549 5204 1719 5277 quasi
1751 5208 2012 5278 quotidie

355 5312 463 5353 nos
492 5294 755 5364 innovet,
786 5294 925 5367 quia
956 5293 1147 5365 prima
1178 5294 1368 5366 gratia
1416 5311 1523 5350 sua
1555 5311 1659 5351 nos
1690 5294 2006 5353 innovavit.

358 5472 489 5530 CAP.
518 5476 573 5532 7.
605 5505 673 5517 --
705 5473 860 5544 Quod
911 5473 1193 5530 Christum
1236 5473 1469 5546 lapidat,
1519 5473 1617 5545 qui
1662 5473 1862 5546 audire
1897 5490 2009 5530 non

420 5549 618 5614 potest.
653 5547 759 5617 Ego
790 5552 842 5602 et
872 5547 1034 5602 Pater
1068 5563 1241 5602 unum
1270 5545 1461 5602 sumus
1490 5563 1512 5601 :
1540 5547 1683 5601 sicut
1710 5545 1892 5603 Judaei
1911 5546 2009 5603 hoc

429 5616 713 5673 audientes
742 5619 990 5676 tulerunt
1021 5618 1262 5692 lapides,
1296 5625 1359 5675 ut
1410 5618 1722 5691 tapidarent
1750 5634 1898 5676 eum.
1943 5620 2013 5677 Et

2239 485 2346 525 non
2403 476 2597 541 potest.
2657 471 2976 526 Ambrosius
3032 470 3094 525 in
3150 485 3191 525 ιι
3236 471 3310 525 De
3361 468 3580 541 Spiritu
3632 476 3837 527 sancto

2239 543 2377 612 (cap.
2414 542 2523 615 18).

2235 628 2422 686 Judaei
2455 629 2757 686 audientes
2790 647 2803 686 :
2838 630 2945 701 Ego
2976 638 3026 686 et
3052 630 3218 686 Pater
3264 646 3442 685 unum
3490 647 3708 700 sumus,
3742 640 3835 689 tu-

2170 717 2351 774 lerunt
2381 719 2607 792 lapides,
2639 723 2700 774 ut
2730 719 3047 790 tapidarent
3093 736 3218 775 eum
3249 720 3427 790 (Joan.
3462 722 3537 790 x).
3573 720 3684 786 Qui
3719 721 3833 778 hoc

2170 809 2371 863 audire
2403 826 2518 864 non
2544 808 2999 879 potestJudaeus
3030 812 3119 865 est
3152 825 3166 863 ε
3200 809 3300 880 qui
3332 809 3442 865 hoc
3471 810 3677 866 audire
3706 827 3826 866 non

2169 901 2359 969 potest
2387 897 2611 970 lapidat
2660 898 2957 953 Christum
3007 897 3166 953 omni
3196 902 3369 953 caute
3417 898 3827 971 asperioribus

2169 987 2424 1058 perﬁdiis
2469 1004 2591 1043 suae
2639 987 2817 1058 saxis,
2868 991 2925 1043 et
2971 987 3022 1043 si
3075 986 3218 1043 mihi
3262 987 3521 1059 creditis,
3554 989 3836 1045 vulnerat

2168 1075 2490 1133 Christum.
2541 1077 2685 1131 Nam
2734 1076 2843 1132 etsi
2891 1075 2990 1132 ille
3019 1076 3235 1132 vulnus
3276 1076 3402 1148 jam
3444 1077 3663 1134 sentire
3706 1095 3826 1134 non

2170 1166 2375 1237 possit,
2393 1182 2547 1220 nunc
2578 1166 2733 1221 enim
2756 1166 3083 1221 secundum
3103 1168 3484 1238 carnemjam
3509 1183 3624 1222 non
3655 1168 3829 1223 novi-

2170 1271 2301 1309 mus
2332 1254 2626 1309 Christum
2650 1254 2725 1325 (Il
2756 1256 2881 1311 Cor.
2911 1255 2991 1326 v),
3013 1258 3208 1311 tamen
3230 1256 3578 1312 Arianorum
3610 1256 3825 1330 impie-

2168 1347 2288 1398 tate
2318 1342 2632 1415 lapidalur,
2666 1344 2767 1416 qui
2798 1342 3069 1399 Ecclesia
3102 1344 3318 1415 pietate
3347 1344 3571 1401 litatur.
3614 1351 3691 1401 De
3721 1346 3833 1401 hac

2167 1428 2431 1485 litatione
2462 1434 2701 1486 sanctus
2728 1430 2985 1486 Joannes
3015 1430 3075 1486 in
3108 1431 3363 1503 Epistola
3395 1448 3409 1487 :
3444 1436 3508 1489 Et
3536 1434 3715 1502 misit,
3744 1435 3833 1489 in-

2168 1518 2318 1591 quit,
2366 1519 2570 1574 Filium
2616 1536 2780 1575 suum
2838 1519 3132 1589 litatorem
3184 1537 3285 1594 pro
3328 1523 3568 1593 peccatis
3614 1525 3832 1580 nostris

2168 1608 2212 1679 (I
2240 1609 2396 1664 Joan.
2430 1610 2530 1678 1v).
2578 1611 2712 1665 Item
2743 1610 2803 1664 in
2834 1624 3083 1666 sermone
3112 1610 3179 1666 de
3209 1610 3341 1666 Abel
3370 1615 3421 1667 et
3454 1611 3613 1669 Cain.
3647 1613 3825 1669 Deni-

2170 1714 2282 1769 que
2312 1698 2566 1770 Spiritus
2616 1702 2857 1755 sanctus
2890 1699 2947 1754 in
2987 1698 3179 1771 specie
3227 1699 3512 1756 columbis
3545 1702 3709 1758 visus
3742 1707 3831 1758 est

2088 1773 2137 1839 B
2164 1786 2375 1855 (Matth.
2404 1788 2521 1859 In),
2553 1788 2689 1859 quia
2729 1788 2909 1843 videri
2964 1787 3252 1845 Divinitas
3301 1789 3359 1844 in
3394 1806 3512 1845 suae
3561 1790 3830 1847 veritatis

2169 1875 2432 1932 claritate
2464 1893 2577 1932 non
2608 1880 2853 1948 poterat.
2899 1876 3027 1933 Noli
3060 1877 3262 1950 igitur,
3293 1881 3349 1933 et
3383 1882 3446 1934 tu
3497 1880 3828 1935 secundum

2168 1969 2439 2021 naturam
2472 1965 3041 2038 interpretari,quod
3074 1972 3284 2038 praeter
3315 1970 3586 2023 naturam
3620 1968 3836 2025 divini-

2167 2054 2307 2109 tatis
2338 2058 2446 2111 est.
2478 2054 2625 2109 Nam
2648 2059 2706 2109 et
2736 2054 2786 2109 si
2819 2055 3093 2122 credas,a
3116 2055 3348 2111 Christo
3372 2072 3606 2112 carnem
3641 2057 3828 2112 fuisse

2168 2146 2596 2214 susceptam,et
2626 2144 2836 2199 oﬁ'eras
2856 2145 3345 2216 transﬁguratum
3378 2162 3589 2218 corpus
3623 2145 3828 2202 altari-

2167 2231 2431 2299 bus,non
2451 2232 2783 2305 distinguas
2814 2237 3007 2289 tamen
3041 2238 3312 2290 naturam
3346 2235 3519 2291 Verbi
3544 2239 3611 2291 et
3630 2252 3832 2309 corpo-

2168 2320 2272 2387 ris,
2293 2325 2349 2376 et
2369 2321 2475 2377 tibi
2502 2322 2756 2379 dicitur:
2780 2322 2836 2376 Si
2870 2326 3023 2379 recte
3046 2324 3276 2391 offeras,
3304 2330 3457 2381 recte
3488 2328 3686 2382 autem
3714 2343 3831 2381 non

2167 2409 2417 2476 dividas,
2451 2410 2723 2481 peccasti.
2757 2412 2887 2467 Item
2906 2413 2968 2467 in
3001 2413 3139 2468 libro
3171 2414 3243 2468 De
3270 2415 3550 2484 mysteriis
3582 2416 3828 2470 initian-

2164 2498 2247 2553 dis
2278 2500 2429 2571 (cap.
2457 2499 2535 2567 9).
2567 2499 2718 2555 Vera
2767 2504 2964 2556 autem
3017 2518 3150 2557 caro
3181 2501 3416 2570 Christi,
3467 2520 3593 2575 quae
3637 2505 3825 2560 cruci-

2167 2588 2300 2657 ﬁxa,
2335 2605 2461 2660 qua;
2493 2587 2724 2660 sepulta
2754 2594 2862 2660 est,
2896 2605 3028 2645 vere
3061 2590 3223 2646 illius
3256 2592 3449 2648 carnis
3481 2609 3815 2649 sacramen-

2160 2682 2288 2733 tum
2316 2694 2519 2733 verum
2553 2682 2660 2735 est.
2694 2682 2831 2734 Item
2861 2681 2921 2734 in
2950 2679 3152 2736 eodem.
3188 2681 3290 2752 (De
3319 2697 3491 2751 cons.,
3522 2681 3654 2737 dist.
3684 2683 3739 2751 2,
3772 2699 3818 2739 c.

2159 2767 2297 2823 Ante
2314 2768 2783 2839 benedictionem).
2807 2769 2953 2823 Ante
2967 2769 3430 2824 benedictionem
3457 2768 3571 2825 alia
3594 2770 3817 2841 species

2158 2857 2669 2929 nominatur,post
2700 2857 3164 2913 benedictionem
3184 2873 3397 2929 corpus
3422 2857 3805 2929 signiﬁcatur.

2155 2946 2289 2999 Item
2336 2946 2431 3016 (De
2477 2946 2839 3000 sacramentis
2887 2945 2985 3002 lib.
3039 2963 3113 3013 1v,
3162 2962 3208 3003 c.
3240 2946 3318 3017 5).
3370 2949 3433 3002 In
3466 2945 3564 3001 illo
3615 2964 3807 3003 sacra-

2157 3039 2352 3089 mento
2401 3034 2666 3090 Christus
2717 3039 2824 3091 est.
2858 3036 3013 3093 Item.
3065 3034 3172 3102 Qui
3219 3036 3661 3092 manducaverit
3703 3037 3806 3093 hoc

2421 3123 2519 3179 ﬁet
2549 3123 2599 3179 ei
2630 3123 2901 3180 remissio
2951 3129 3346 3197 peccatorum.
3378 3126 3532 3182 Item.
3565 3125 3692 3181 Non
3723 3129 3807 3182 est

2156 3228 2289 3267 esca
2319 3212 2432 3269 ista
2462 3213 2803 3285 corporalis.
2829 3214 2978 3271 Item.
3010 3214 3135 3270 Non
3166 3218 3255 3270 est
3288 3215 3397 3270 iste
3427 3214 3596 3286 panis
3617 3215 3714 3287 qui
3745 3215 3803 3271 in

2155 3318 2368 3373 corpus
2395 3302 2573 3359 vadit.
2608 3305 2759 3360 Item.
2795 3304 2940 3359 Esca
2964 3303 3079 3359 ista
3108 3303 3239 3359 vitae
3272 3309 3497 3359 aeternas
3530 3304 3807 3362 substan-

2153 3390 2295 3446 tiam
2325 3392 2759 3448 subministrat.
2793 3397 2951 3449 Item.
2980 3393 3223 3448 Talibus
3247 3393 3563 3449 Ecclesiam
3596 3395 3810 3465 pascit,

2152 3482 2369 3552 quibus
2401 3483 2609 3537 animai
2644 3482 2912 3538 ﬁrmatur
2942 3483 3295 3539 substantia.
3336 3488 3500 3540 Item.
3533 3485 3629 3557 (De
3657 3501 3809 3557 mys-

2150 3574 2237 3625 ter
2267 3572 2551 3642 initiand.,
2585 3588 2630 3628 c.
2662 3573 2740 3644 9).
2775 3572 3035 3644 Denique
3078 3588 3178 3629 cor
3207 3578 3476 3629 nostrum
3525 3589 3660 3631 esca
3690 3574 3810 3631 ista

2147 3661 2476 3731 conﬁrmat,
2506 3665 2564 3717 et
2601 3662 2802 3716 vinum
2824 3661 2933 3717 hoc
2956 3660 3211 3717 laetiﬁcat
3240 3678 3356 3718 cor.
3389 3664 3543 3718 Item.
3576 3663 3673 3732 (De
3703 3680 3796 3719 sa-

2145 3750 2799 3822 cram.l,iv,c.3).Vidisti
2814 3756 3183 3807 sacramenta
3202 3768 3381 3823 super
3393 3750 3576 3808 altare
3591 3753 3804 3824 posita:

2142 3844 2199 3895 et
2219 3839 2408 3911 ipsam
2424 3840 2672 3897 miratus
2685 3857 2745 3897 es
2758 3846 2953 3897 creatu
2962 3846 3309 3909 ram,creatu
3318 3859 3381 3899 ra
3392 3846 3587 3898 tamen
3608 3843 3806 3899 solem-

2141 3928 2233 3984 nis
2255 3933 2312 3984 et
2334 3934 2491 3985 nota.
2515 3933 2674 3986 Item.
2708 3930 2849 4001 (Lib.
2875 3947 2928 3985 ιν
2954 3931 3027 3986 De
3044 3946 3305 4001 sacram,
3330 3948 3449 4003 cap.
3476 3932 3548 4001 4).
3581 3931 3638 3986 Si
3671 3935 3803 3987 tan-

2137 4019 2197 4072 ta
2227 4015 2312 4072 vis
2357 4021 2446 4072 est
2493 4017 2548 4073 in
2602 4033 2872 4073 sermone
2923 4018 3166 4084 Christi,
3200 4024 3265 4075 ut
3314 4019 3641 4092 inciperent
3670 4036 3801 4076 esse

2138 4122 2264 4177 quae
2310 4123 2422 4161 non
2452 4109 2637 4177 erant,
2689 4111 2909 4178 quanto
2957 4108 3138 4180 magis
3189 4109 3557 4179 operatorius
3588 4113 3700 4180 est,
3732 4115 3799 4165 ut

2134 4194 2256 4252 sint
2285 4212 2410 4269 quae
2462 4200 2647 4266 erant,
2697 4200 2753 4252 et
2791 4196 2851 4250 in
2898 4195 3057 4252 aliud
3108 4201 3571 4255 commutantur.
3627 4199 3786 4256 Item.

2134 4286 2275 4357 (cap.
2320 4286 2396 4357 5).
2442 4285 2605 4341 Sicut
2650 4285 3101 4341 similitudinem
3154 4287 3361 4343 mortis
3411 4285 3657 4354 bibisti;
3715 4289 3798 4345 ita

2130 4374 2579 4430 similitudinem
2597 4375 2837 4447 pretiosi
2855 4375 3166 4448 sanguinis
3183 4375 3360 4433 bibis.
3385 4378 3535 4433 Item.
3552 4377 3693 4449 (Lib.
3710 4394 3795 4461 ιν,

2127 4463 2201 4519 De
2230 4480 2474 4521 sacram.
2495 4481 2615 4536 cap.
2633 4466 2710 4533 2).
2743 4468 2853 4520 Fac
2886 4464 3057 4521 nobis
3081 4465 3233 4521 hanc
3252 4464 3607 4521 oblationem
3628 4481 3794 4522 acce-

2124 4552 2425 4624 ptabilem,
2479 4554 2634 4624 quod
2686 4558 2775 4609 est
2824 4554 3015 4626 ﬁgura
3063 4554 3325 4625 corporis
3370 4559 3427 4611 et
3476 4555 3795 4627 sanguinis

2126 4640 2381 4698 Domini.
2432 4643 2583 4699 Item.
2635 4643 2774 4711 (Lib.
2829 4659 2906 4710 1v,
2951 4660 3074 4715 cap.
3106 4644 3184 4715 6).
3234 4642 3449 4716 Figura
3498 4644 3788 4716 corporis,

2126 4728 2305 4785 altare
2338 4735 2445 4787 est.
2478 4731 2631 4788 Item.
2683 4731 2765 4786 Ne
2812 4731 3023 4787 horror
3070 4731 3297 4787 cruoris
3346 4736 3524 4801 esset,
3555 4731 3687 4788 ideo
3723 4734 3781 4788 in

2123 4818 2569 4876 similitudinem
2585 4820 2803 4893 accipis
2817 4821 3791 4878 sacramentum.Item.0ﬁ‘erimus-

2121 4907 2231 4963 tibi
2269 4908 2706 4965 immaculatam
2750 4908 3019 4979 hostiam,
3053 4908 3464 4966 rationabilem
3498 4910 3784 4978 hostiam,

2121 4996 2487 5054 incruentam
2519 4998 2795 5063 hostiam,
2839 4998 2998 5053 hunc
3046 5015 3258 5070 panem
3290 5004 3583 5055 sanctum.
3620 4999 3778 5055 Item.

2120 5087 2260 5160 (Lib.
2286 5105 2364 5158 ιν,
2386 5104 2511 5159 cap.
2536 5088 2611 5159 5).
2638 5087 2763 5143 Non
2797 5094 2921 5143 erat
2939 5103 3153 5160 corpus
3169 5087 3385 5144 Christi
3419 5092 3554 5144 ante
3575 5103 3787 5145 conse-

2120 5177 2465 5246 crationem,
2498 5177 2600 5232 sed
2634 5180 2766 5248 post
2795 5176 3288 5234 consecrationem
3319 5177 3449 5233 dico
3481 5176 3606 5243 tibi,
3643 5177 3785 5248 quia

2110 5264 2236 5335 jam
2269 5282 2483 5337 corpus
2506 5269 2613 5321 est.
2636 5267 2790 5321 Item.
2819 5265 3073 5321 Pracveni
3097 5266 3154 5320 in
3182 5267 3542 5323 maturitate.
3572 5268 3781 5324 Plures

2118 5353 2269 5409 ﬁlios
2295 5354 2504 5410 habuit
2525 5354 2846 5425 Abraham,
2874 5354 3105 5410 nullum
3131 5353 3315 5411 alium
3348 5354 3685 5425 ablactavit,
3717 5355 3780 5412 in

2118 5441 2226 5498 hoc
2257 5443 2380 5499 solo
2411 5444 2631 5500 dicitur
2672 5443 2880 5500 fecisse
2933 5444 3173 5516 epulum
3207 5462 3514 5519 magnum,
3547 5449 3604 5500 et
3632 5444 3783 5502 bene

2117 5548 2417 5605 magnum,
2442 5532 2583 5606 quia
2605 5537 2837 5605 tempus
2858 5541 2979 5590 erat
3002 5533 3153 5605 ejus,
3179 5551 3355 5607 quem
3380 5550 3617 5606 semper
3638 5549 3783 5607 epu-

2118 5619 2317 5679 lantur
2347 5623 2523 5680 corda
2568 5626 2929 5681 sanctorum.
2979 5627 3050 5680 In
3078 5623 3219 5680 libro
3266 5625 3345 5680 De
3398 5623 3677 5681 Trinitate
3706 5626 3784 5680 ad
