  <div class='ocr_page' id='page_1' title='image "/cluster/home/n/w/nwhite01/storage/ocr_20150623/161/hvd.32044054760194/118.png"; bbox 0 0 1991 3030; ppageno 0'>
   <div class='ocr_carea' id='block_1_1' title="bbox 101 137 158 166">
    <p class='ocr_par' dir='ltr' id='par_1_1' title="bbox 101 137 158 166">
     <span class='ocr_line' id='line_1_1' title="bbox 101 137 158 166; baseline 0 -1"><span class='ocrx_word' id='word_1_1' title='bbox 101 137 158 166; x_wconf 72' lang='grc'><strong>145</strong></span> 
     </span>
    </p>
   </div>
   <div class='ocr_carea' id='block_1_2' title="bbox 475 133 1443 172">
    <p class='ocr_par' dir='ltr' id='par_1_2' title="bbox 475 133 1443 172">
     <span class='ocr_line' id='line_1_2' title="bbox 475 133 1443 172; baseline 0.003 -8"><span class='ocrx_word' id='word_1_2' title='bbox 475 133 632 164; x_wconf 68' lang='lat' dir='ltr'><strong>DECRETI</strong></span> <span class='ocrx_word' id='word_1_3' title='bbox 652 137 745 164; x_wconf 73' lang='lat' dir='ltr'><strong>PARS</strong></span> <span class='ocrx_word' id='word_1_4' title='bbox 762 138 797 163; x_wconf 86' lang='grc' dir='ltr'><strong>ΙΙ.</strong></span> <span class='ocrx_word' id='word_1_5' title='bbox 811 150 846 155; x_wconf 90' lang='grc'><strong>-</strong></span> <span class='ocrx_word' id='word_1_6' title='bbox 858 137 907 163; x_wconf 78' lang='lat' dir='ltr'><strong>DE</strong></span> <span class='ocrx_word' id='word_1_7' title='bbox 927 136 1030 164; x_wconf 79' lang='lat' dir='ltr'><strong>CORP.</strong></span> <span class='ocrx_word' id='word_1_8' title='bbox 1050 138 1097 164; x_wconf 81' lang='lat' dir='ltr'><strong>ET</strong></span> <span class='ocrx_word' id='word_1_9' title='bbox 1115 139 1223 166; x_wconf 75' lang='lat' dir='ltr'><strong>SANG.</strong></span> <span class='ocrx_word' id='word_1_10' title='bbox 1242 138 1343 172; x_wconf 76' lang='lat' dir='ltr'><strong>DOM.,</strong></span> <span class='ocrx_word' id='word_1_11' title='bbox 1363 140 1443 167; x_wconf 82' lang='lat' dir='ltr'><strong>ETC.</strong></span> 
     </span>
    </p>
   </div>
   <div class='ocr_carea' id='block_1_3' title="bbox 1760 132 1826 166">
    <p class='ocr_par' dir='ltr' id='par_1_3' title="bbox 1760 132 1826 166">
     <span class='ocr_line' id='line_1_3' title="bbox 1760 132 1826 166; baseline 0 0"><span class='ocrx_word' id='word_1_12' title='bbox 1760 132 1826 166; x_wconf 27' lang='lat'><strong>146&#39;</strong></span> 
     </span>
    </p>
   </div>
   <div class='ocr_carea' id='block_1_4' title="bbox 101 197 1814 237">
    <p class='ocr_par' dir='ltr' id='par_1_4' title="bbox 101 197 1814 237">
     <span class='ocr_line' id='line_1_4' title="bbox 101 197 1814 237; baseline 0.001 -10"><span class='ocrx_word' id='word_1_13' title='bbox 101 199 279 228; x_wconf 74' lang='lat' dir='ltr'><strong>Gratianum.</strong></span> <span class='ocrx_word' id='word_1_14' title='bbox 296 198 375 235; x_wconf 78' lang='lat' dir='ltr'><strong>(Item</strong></span> <span class='ocrx_word' id='word_1_15' title='bbox 388 198 482 227; x_wconf 81' lang='lat' dir='ltr'><strong>Ambr.</strong></span> <span class='ocrx_word' id='word_1_16' title='bbox 499 200 519 227; x_wconf 84' lang='lat' dir='ltr'><strong>t.</strong></span> <span class='ocrx_word' id='word_1_17' title='bbox 536 207 557 227; x_wconf 90' lang='lat' dir='ltr'><strong>n</strong></span> <span class='ocrx_word' id='word_1_18' title='bbox 574 201 614 226; x_wconf 73' lang='lat' dir='ltr'><strong>De</strong></span> <span class='ocrx_word' id='word_1_19' title='bbox 627 198 736 234; x_wconf 75' lang='lat' dir='ltr'><strong>Spiritu</strong></span> <span class='ocrx_word' id='word_1_20' title='bbox 750 199 854 232; x_wconf 75' lang='lat' dir='ltr'><strong>sancto,</strong></span> <span class='ocrx_word' id='word_1_21' title='bbox 870 204 932 233; x_wconf 84' lang='lat' dir='ltr'><strong>cap.</strong></span> <span class='ocrx_word' id='word_1_22' title='bbox 947 197 976 232; x_wconf 73' lang='grc' dir='ltr'><strong>Α</strong></span> <span class='ocrx_word' id='word_1_23' title='bbox 990 199 1039 226; x_wconf 89' lang='lat' dir='ltr'><strong>tur</strong></span> <span class='ocrx_word' id='word_1_24' title='bbox 1052 199 1164 227; x_wconf 82' lang='lat' dir='ltr'><strong>utimur</strong></span> <span class='ocrx_word' id='word_1_25' title='bbox 1186 200 1327 237; x_wconf 80' lang='lat' dir='ltr'><strong>exemplis</strong></span> <span class='ocrx_word' id='word_1_26' title='bbox 1346 203 1380 229; x_wconf 86' lang='lat' dir='ltr'><strong>ut</strong></span> <span class='ocrx_word' id='word_1_27' title='bbox 1403 201 1562 237; x_wconf 74' lang='lat' dir='ltr'><strong>probemus</strong></span> <span class='ocrx_word' id='word_1_28' title='bbox 1586 201 1641 229; x_wconf 84' lang='lat' dir='ltr'><strong>hoc</strong></span> <span class='ocrx_word' id='word_1_29' title='bbox 1665 209 1724 229; x_wconf 90' lang='lat' dir='ltr'><strong>non</strong></span> <span class='ocrx_word' id='word_1_30' title='bbox 1748 208 1814 228; x_wconf 77' lang='lat' dir='ltr'><strong>esse</strong></span> 
     </span>
    </p>
   </div>
   <div class='ocr_carea' id='block_1_5' title="bbox 98 241 935 280">
    <p class='ocr_par' dir='ltr' id='par_1_5' title="bbox 98 241 935 280">
     <span class='ocr_line' id='line_1_5' title="bbox 98 241 935 280; baseline -0.002 -8"><span class='ocrx_word' id='word_1_31' title='bbox 98 244 229 280; x_wconf 83' lang='lat' dir='ltr'><strong>7).Absit</strong></span> <span class='ocrx_word' id='word_1_32' title='bbox 244 245 277 272; x_wconf 89' lang='lat' dir='ltr'><strong>ut</strong></span> <span class='ocrx_word' id='word_1_33' title='bbox 292 252 325 272; x_wconf 85' lang='lat' dir='ltr'><strong>se</strong></span> <span class='ocrx_word' id='word_1_34' title='bbox 352 243 479 280; x_wconf 86' lang='lat' dir='ltr'><strong>quisque</strong></span> <span class='ocrx_word' id='word_1_35' title='bbox 503 243 555 271; x_wconf 85' lang='lat' dir='ltr'><strong>tali</strong></span> <span class='ocrx_word' id='word_1_36' title='bbox 571 243 722 279; x_wconf 80' lang='lat' dir='ltr'><strong>impietate</strong></span> <span class='ocrx_word' id='word_1_37' title='bbox 746 241 884 276; x_wconf 75' lang='lat' dir='ltr'><strong>maculet,</strong></span> <span class='ocrx_word' id='word_1_38' title='bbox 902 243 935 270; x_wconf 82' lang='lat' dir='ltr'><strong>ut</strong></span> 
     </span>
    </p>
   </div>
   <div class='ocr_carea' id='block_1_6' title="bbox 100 287 935 324">
    <p class='ocr_par' dir='ltr' id='par_1_6' title="bbox 100 287 935 324">
     <span class='ocr_line' id='line_1_6' title="bbox 100 287 935 324; baseline -0.002 -7"><span class='ocrx_word' id='word_1_39' title='bbox 100 289 182 317; x_wconf 81' lang='lat' dir='ltr'><strong>dicat</strong></span> <span class='ocrx_word' id='word_1_40' title='bbox 198 289 367 324; x_wconf 72' lang='lat' dir='ltr'><strong>frequenter</strong></span> <span class='ocrx_word' id='word_1_41' title='bbox 382 288 474 316; x_wconf 89' lang='lat' dir='ltr'><strong>creari</strong></span> <span class='ocrx_word' id='word_1_42' title='bbox 489 287 630 324; x_wconf 83' lang='lat' dir='ltr'><strong>Spiritum</strong></span> <span class='ocrx_word' id='word_1_43' title='bbox 655 289 801 320; x_wconf 87' lang='lat' dir='ltr'><strong>sanctum,</strong></span> <span class='ocrx_word' id='word_1_44' title='bbox 816 291 866 315; x_wconf 84' lang='lat' dir='ltr'><strong>aut</strong></span> <span class='ocrx_word' id='word_1_45' title='bbox 877 295 935 315; x_wconf 93' lang='lat' dir='ltr'><strong>un-</strong></span> 
     </span>
    </p>
   </div>
   <div class='ocr_carea' id='block_1_7' title="bbox 99 331 936 370">
    <p class='ocr_par' dir='ltr' id='par_1_7' title="bbox 99 331 936 370">
     <span class='ocr_line' id='line_1_7' title="bbox 99 331 936 370; baseline -0.004 -8"><span class='ocrx_word' id='word_1_46' title='bbox 99 341 192 370; x_wconf 85' lang='lat' dir='ltr'><strong>quam</strong></span> <span class='ocrx_word' id='word_1_47' title='bbox 210 333 302 362; x_wconf 87' lang='lat' dir='ltr'><strong>creari</strong></span> <span class='ocrx_word' id='word_1_48' title='bbox 316 332 322 360; x_wconf 87' lang='lat' dir='ltr'><strong>l</strong></span> <span class='ocrx_word' id='word_1_49' title='bbox 339 333 397 361; x_wconf 89' lang='lat' dir='ltr'><strong>Cur</strong></span> <span class='ocrx_word' id='word_1_50' title='bbox 411 332 490 361; x_wconf 92' lang='lat' dir='ltr'><strong>enim</strong></span> <span class='ocrx_word' id='word_1_51' title='bbox 506 332 597 361; x_wconf 87' lang='lat' dir='ltr'><strong>creari</strong></span> <span class='ocrx_word' id='word_1_52' title='bbox 613 332 748 360; x_wconf 84' lang='lat' dir='ltr'><strong>videatur</strong></span> <span class='ocrx_word' id='word_1_53' title='bbox 767 331 936 368; x_wconf 86' lang='lat' dir='ltr'><strong>frequenter</strong></span> 
     </span>
    </p>
   </div>
   <div class='ocr_carea' id='block_1_8' title="bbox 99 376 934 414">
    <p class='ocr_par' dir='ltr' id='par_1_8' title="bbox 99 376 934 414">
     <span class='ocr_line' id='line_1_8' title="bbox 99 376 934 414; baseline -0.004 -8"><span class='ocrx_word' id='word_1_54' title='bbox 99 387 162 407; x_wconf 91' lang='lat' dir='ltr'><strong>non</strong></span> <span class='ocrx_word' id='word_1_55' title='bbox 177 377 359 414; x_wconf 86' lang='lat' dir='ltr'><strong>intelligo,et</strong></span> <span class='ocrx_word' id='word_1_56' title='bbox 373 377 430 406; x_wconf 84' lang='lat' dir='ltr'><strong>nisi</strong></span> <span class='ocrx_word' id='word_1_57' title='bbox 446 385 513 405; x_wconf 88' lang='lat' dir='ltr'><strong>eum</strong></span> <span class='ocrx_word' id='word_1_58' title='bbox 530 377 604 405; x_wconf 91' lang='lat' dir='ltr'><strong>mori</strong></span> <span class='ocrx_word' id='word_1_59' title='bbox 621 376 738 405; x_wconf 84' lang='lat' dir='ltr'><strong>credam</strong></span> <span class='ocrx_word' id='word_1_60' title='bbox 755 376 934 412; x_wconf 80' lang='lat' dir='ltr'><strong>frequenter,</strong></span> 
     </span>
    </p>
   </div>
   <div class='ocr_carea' id='block_1_9' title="bbox 98 420 934 459">
    <p class='ocr_par' dir='ltr' id='par_1_9' title="bbox 98 420 934 459">
     <span class='ocr_line' id='line_1_9' title="bbox 98 420 934 459; baseline -0.004 -8"><span class='ocrx_word' id='word_1_61' title='bbox 98 426 128 451; x_wconf 90' lang='lat' dir='ltr'><strong>et</strong></span> <span class='ocrx_word' id='word_1_62' title='bbox 143 423 315 459; x_wconf 76' lang='lat' dir='ltr'><strong>frequenter</strong></span> <span class='ocrx_word' id='word_1_63' title='bbox 337 422 472 451; x_wconf 87' lang='lat' dir='ltr'><strong>recreari.</strong></span> <span class='ocrx_word' id='word_1_64' title='bbox 488 423 555 450; x_wconf 83' lang='lat' dir='ltr'><strong>Item</strong></span> <span class='ocrx_word' id='word_1_65' title='bbox 571 423 601 450; x_wconf 78' lang='lat' dir='ltr'><strong>in</strong></span> <span class='ocrx_word' id='word_1_66' title='bbox 624 421 768 457; x_wconf 74' lang='lat' dir='ltr'><strong>epistolam</strong></span> <span class='ocrx_word' id='word_1_67' title='bbox 782 421 819 448; x_wconf 87' lang='lat' dir='ltr'><strong>ad</strong></span> <span class='ocrx_word' id='word_1_68' title='bbox 836 420 934 449; x_wconf 79' lang='lat' dir='ltr'><strong>Corin-</strong></span> 
     </span>
    </p>
   </div>
   <div class='ocr_carea' id='block_1_10' title="bbox 99 466 933 504">
    <p class='ocr_par' dir='ltr' id='par_1_10' title="bbox 99 466 933 504">
     <span class='ocr_line' id='line_1_10' title="bbox 99 466 933 504; baseline -0.005 -8"><span class='ocrx_word' id='word_1_69' title='bbox 99 469 175 496; x_wconf 69' lang='lat' dir='ltr'><strong>thios</strong></span> <span class='ocrx_word' id='word_1_70' title='bbox 190 468 262 504; x_wconf 87' lang='lat' dir='ltr'><strong>(cap.</strong></span> <span class='ocrx_word' id='word_1_71' title='bbox 275 468 333 502; x_wconf 88' lang='grc'><strong>58).</strong></span> <span class='ocrx_word' id='word_1_72' title='bbox 350 467 398 503; x_wconf 77' lang='lat' dir='ltr'><strong>(De</strong></span> <span class='ocrx_word' id='word_1_73' title='bbox 410 475 544 500; x_wconf 60' lang='lat' dir='ltr'><strong>consona,</strong></span> <span class='ocrx_word' id='word_1_74' title='bbox 569 467 635 494; x_wconf 81' lang='lat' dir='ltr'><strong>dist.</strong></span> <span class='ocrx_word' id='word_1_75' title='bbox 652 466 679 501; x_wconf 79' lang='grc'><strong>4,</strong></span> <span class='ocrx_word' id='word_1_76' title='bbox 695 474 719 494; x_wconf 87' lang='lat' dir='ltr'><strong>c.</strong></span> <span class='ocrx_word' id='word_1_77' title='bbox 736 466 809 500; x_wconf 76' lang='lat' dir='ltr'><strong>Quia</strong></span> <span class='ocrx_word' id='word_1_78' title='bbox 825 466 933 500; x_wconf 76' lang='lat' dir='ltr'><strong>morie).</strong></span> 
     </span>
    </p>
   </div>
   <div class='ocr_carea' id='block_1_11' title="bbox 100 509 934 546">
    <p class='ocr_par' dir='ltr' id='par_1_11' title="bbox 100 509 934 546">
     <span class='ocr_line' id='line_1_11' title="bbox 100 509 934 546; baseline -0.004 -6"><span class='ocrx_word' id='word_1_79' title='bbox 100 513 178 545; x_wconf 79' lang='lat' dir='ltr'><strong>Quia</strong></span> <span class='ocrx_word' id='word_1_80' title='bbox 194 514 288 540; x_wconf 89' lang='lat' dir='ltr'><strong>morte</strong></span> <span class='ocrx_word' id='word_1_81' title='bbox 304 511 420 540; x_wconf 88' lang='lat' dir='ltr'><strong>Domini</strong></span> <span class='ocrx_word' id='word_1_82' title='bbox 442 511 557 539; x_wconf 82' lang='lat' dir='ltr'><strong>liberati</strong></span> <span class='ocrx_word' id='word_1_83' title='bbox 572 519 687 539; x_wconf 89' lang='lat' dir='ltr'><strong>sumus.</strong></span> <span class='ocrx_word' id='word_1_84' title='bbox 704 510 800 546; x_wconf 83' lang='lat' dir='ltr'><strong>Hujus</strong></span> <span class='ocrx_word' id='word_1_85' title='bbox 815 509 856 537; x_wconf 97' lang='lat' dir='ltr'><strong>rei</strong></span> <span class='ocrx_word' id='word_1_86' title='bbox 871 517 934 537; x_wconf 88' lang='lat' dir='ltr'><strong>me-</strong></span> 
     </span>
    </p>
   </div>
   <div class='ocr_carea' id='block_1_12' title="bbox 98 554 934 592">
    <p class='ocr_par' dir='ltr' id='par_1_12' title="bbox 98 554 934 592">
     <span class='ocr_line' id='line_1_12' title="bbox 98 554 934 592; baseline -0.005 -7"><span class='ocrx_word' id='word_1_87' title='bbox 98 557 249 590; x_wconf 79' lang='lat' dir='ltr'><strong>mores,in</strong></span> <span class='ocrx_word' id='word_1_88' title='bbox 265 557 379 585; x_wconf 89' lang='lat' dir='ltr'><strong>edendo</strong></span> <span class='ocrx_word' id='word_1_89' title='bbox 395 558 424 584; x_wconf 89' lang='lat' dir='ltr'><strong>et</strong></span> <span class='ocrx_word' id='word_1_90' title='bbox 438 556 566 592; x_wconf 81' lang='lat' dir='ltr'><strong>potando</strong></span> <span class='ocrx_word' id='word_1_91' title='bbox 582 563 700 583; x_wconf 89' lang='lat' dir='ltr'><strong>carnem</strong></span> <span class='ocrx_word' id='word_1_92' title='bbox 715 557 744 583; x_wconf 92' lang='lat' dir='ltr'><strong>et</strong></span> <span class='ocrx_word' id='word_1_93' title='bbox 758 554 934 590; x_wconf 81' lang='lat' dir='ltr'><strong>sanguinem</strong></span> 
     </span>
    </p>
   </div>
   <div class='ocr_carea' id='block_1_13' title="bbox 97 599 932 637">
    <p class='ocr_par' dir='ltr' id='par_1_13' title="bbox 97 599 932 637">
     <span class='ocr_line' id='line_1_13' title="bbox 97 599 932 637; baseline -0.002 -8"><span class='ocrx_word' id='word_1_94' title='bbox 97 602 220 629; x_wconf 87' lang='lat' dir='ltr'><strong>Domini</strong></span> <span class='ocrx_word' id='word_1_95' title='bbox 236 610 299 637; x_wconf 64' lang='lat' dir='ltr'><strong>quia</strong></span> <span class='ocrx_word' id='word_1_96' title='bbox 316 610 367 637; x_wconf 93' lang='lat' dir='ltr'><strong>pro</strong></span> <span class='ocrx_word' id='word_1_97' title='bbox 384 601 469 628; x_wconf 88' lang='lat' dir='ltr'><strong>nobis</strong></span> <span class='ocrx_word' id='word_1_98' title='bbox 495 600 594 628; x_wconf 84' lang='lat' dir='ltr'><strong>oblata</strong></span> <span class='ocrx_word' id='word_1_99' title='bbox 619 602 700 634; x_wconf 88' lang='lat' dir='ltr'><strong>sunt,</strong></span> <span class='ocrx_word' id='word_1_100' title='bbox 720 599 932 635; x_wconf 82' lang='lat' dir='ltr'><strong>signiﬁcamus.</strong></span> 
     </span>
    </p>
   </div>
   <div class='ocr_carea' id='block_1_14' title="bbox 99 643 933 680">
    <p class='ocr_par' dir='ltr' id='par_1_14' title="bbox 99 643 933 680">
     <span class='ocr_line' id='line_1_14' title="bbox 99 643 933 680; baseline -0.002 -8"><span class='ocrx_word' id='word_1_101' title='bbox 99 646 169 673; x_wconf 82' lang='lat' dir='ltr'><strong>Item</strong></span> <span class='ocrx_word' id='word_1_102' title='bbox 187 647 217 673; x_wconf 87' lang='lat' dir='ltr'><strong>in</strong></span> <span class='ocrx_word' id='word_1_103' title='bbox 238 646 331 673; x_wconf 77' lang='lat' dir='ltr'><strong>eodem</strong></span> <span class='ocrx_word' id='word_1_104' title='bbox 347 654 407 680; x_wconf 85' lang='lat' dir='ltr'><strong>cap.</strong></span> <span class='ocrx_word' id='word_1_105' title='bbox 433 644 570 672; x_wconf 72' lang='lat' dir='ltr'><strong>Beneficii</strong></span> <span class='ocrx_word' id='word_1_106' title='bbox 586 643 678 672; x_wconf 85' lang='lat' dir='ltr'><strong>divini</strong></span> <span class='ocrx_word' id='word_1_107' title='bbox 703 643 825 679; x_wconf 79' lang='lat' dir='ltr'><strong>sanguis</strong></span> <span class='ocrx_word' id='word_1_108' title='bbox 848 643 933 671; x_wconf 85' lang='lat' dir='ltr'><strong>testis</strong></span> 
     </span>
    </p>
   </div>
   <div class='ocr_carea' id='block_1_15' title="bbox 97 687 933 726">
    <p class='ocr_par' dir='ltr' id='par_1_15' title="bbox 97 687 933 726">
     <span class='ocr_line' id='line_1_15' title="bbox 97 687 933 726; baseline -0.004 -8"><span class='ocrx_word' id='word_1_109' title='bbox 97 693 153 724; x_wconf 87' lang='lat' dir='ltr'><strong>est,</strong></span> <span class='ocrx_word' id='word_1_110' title='bbox 173 691 203 718; x_wconf 89' lang='lat' dir='ltr'><strong>in</strong></span> <span class='ocrx_word' id='word_1_111' title='bbox 221 692 306 726; x_wconf 86' lang='lat' dir='ltr'><strong>cujus</strong></span> <span class='ocrx_word' id='word_1_112' title='bbox 323 693 425 726; x_wconf 80' lang='lat' dir='ltr'><strong>typum</strong></span> <span class='ocrx_word' id='word_1_113' title='bbox 444 698 496 717; x_wconf 86' lang='lat' dir='ltr'><strong>nos</strong></span> <span class='ocrx_word' id='word_1_114' title='bbox 512 689 634 717; x_wconf 83' lang='lat' dir='ltr'><strong>calicem</strong></span> <span class='ocrx_word' id='word_1_115' title='bbox 650 688 809 725; x_wconf 88' lang='lat' dir='ltr'><strong>mysticum</strong></span> <span class='ocrx_word' id='word_1_116' title='bbox 823 688 858 715; x_wconf 84' lang='lat' dir='ltr'><strong>ad</strong></span> <span class='ocrx_word' id='word_1_117' title='bbox 874 687 933 715; x_wconf 90' lang='lat' dir='ltr'><strong>tui-</strong></span> 
     </span>
    </p>
   </div>
   <div class='ocr_carea' id='block_1_16' title="bbox 97 733 934 770">
    <p class='ocr_par' dir='ltr' id='par_1_16' title="bbox 97 733 934 770">
     <span class='ocr_line' id='line_1_16' title="bbox 97 733 934 770; baseline -0.004 -7"><span class='ocrx_word' id='word_1_118' title='bbox 97 736 213 763; x_wconf 81' lang='lat' dir='ltr'><strong>tionem</strong></span> <span class='ocrx_word' id='word_1_119' title='bbox 238 735 368 770; x_wconf 89' lang='lat' dir='ltr'><strong>corporis</strong></span> <span class='ocrx_word' id='word_1_120' title='bbox 393 737 421 762; x_wconf 92' lang='lat' dir='ltr'><strong>et</strong></span> <span class='ocrx_word' id='word_1_121' title='bbox 451 734 555 761; x_wconf 69' lang='lat' dir='ltr'><strong>animm</strong></span> <span class='ocrx_word' id='word_1_122' title='bbox 580 733 769 769; x_wconf 89' lang='lat' dir='ltr'><strong>percipimus.</strong></span> <span class='ocrx_word' id='word_1_123' title='bbox 791 733 934 760; x_wconf 83' lang='lat' dir='ltr'><strong>Dominica</strong></span> 
     </span>
    </p>
   </div>
   <div class='ocr_carea' id='block_1_17' title="bbox 96 777 933 816">
    <p class='ocr_par' dir='ltr' id='par_1_17' title="bbox 96 777 933 816">
     <span class='ocr_line' id='line_1_17' title="bbox 96 777 933 816; baseline -0.004 -8"><span class='ocrx_word' id='word_1_124' title='bbox 96 781 198 816; x_wconf 74' lang='lat' dir='ltr'><strong>quinta</strong></span> <span class='ocrx_word' id='word_1_125' title='bbox 214 782 274 816; x_wconf 75' lang='lat' dir='ltr'><strong>post</strong></span> <span class='ocrx_word' id='word_1_126' title='bbox 299 780 510 815; x_wconf 71' lang='lat' dir='ltr'><strong>Tlieophaniam.</strong></span> <span class='ocrx_word' id='word_1_127' title='bbox 528 779 576 813; x_wconf 79' lang='lat' dir='ltr'><strong>(De</strong></span> <span class='ocrx_word' id='word_1_128' title='bbox 591 786 679 811; x_wconf 82' lang='lat' dir='ltr'><strong>cons.,</strong></span> <span class='ocrx_word' id='word_1_129' title='bbox 704 777 767 805; x_wconf 83' lang='lat' dir='ltr'><strong>dist.</strong></span> <span class='ocrx_word' id='word_1_130' title='bbox 783 778 813 812; x_wconf 88' lang='grc'><strong>2,</strong></span> <span class='ocrx_word' id='word_1_131' title='bbox 827 785 851 805; x_wconf 81' lang='lat' dir='ltr'><strong>c.</strong></span> <span class='ocrx_word' id='word_1_132' title='bbox 867 778 933 805; x_wconf 81' lang='lat' dir='ltr'><strong>Sin-</strong></span> 
     </span>
    </p>
   </div>
   <div class='ocr_carea' id='block_1_18' title="bbox 94 821 933 860">
    <p class='ocr_par' dir='ltr' id='par_1_18' title="bbox 94 821 933 860">
     <span class='ocr_line' id='line_1_18' title="bbox 94 821 933 860; baseline -0.006 -7"><span class='ocrx_word' id='word_1_133' title='bbox 94 826 179 860; x_wconf 85' lang='lat' dir='ltr'><strong>guli;</strong></span> <span class='ocrx_word' id='word_1_134' title='bbox 195 826 226 852; x_wconf 88' lang='lat' dir='ltr'><strong>P.</strong></span> <span class='ocrx_word' id='word_1_135' title='bbox 245 825 337 852; x_wconf 87' lang='lat' dir='ltr'><strong>Lomb.</strong></span> <span class='ocrx_word' id='word_1_136' title='bbox 356 825 403 852; x_wconf 86' lang='lat' dir='ltr'><strong>lib.</strong></span> <span class='ocrx_word' id='word_1_137' title='bbox 422 833 457 857; x_wconf 87' lang='lat' dir='ltr'><strong>IV,</strong></span> <span class='ocrx_word' id='word_1_138' title='bbox 475 824 506 851; x_wconf 77' lang='grc' dir='ltr'><strong>ιι.</strong></span> <span class='ocrx_word' id='word_1_139' title='bbox 525 822 586 859; x_wconf 74' lang='lat'><strong>12,§</strong></span> <span class='ocrx_word' id='word_1_140' title='bbox 600 822 637 858; x_wconf 84' lang='lat' dir='ltr'><strong>e).</strong></span> <span class='ocrx_word' id='word_1_141' title='bbox 654 822 769 858; x_wconf 81' lang='lat' dir='ltr'><strong>Singuli</strong></span> <span class='ocrx_word' id='word_1_142' title='bbox 784 821 933 858; x_wconf 88' lang='lat' dir='ltr'><strong>accipiunt</strong></span> 
     </span>
    </p>
   </div>
   <div class='ocr_carea' id='block_1_19' title="bbox 96 866 931 903">
    <p class='ocr_par' dir='ltr' id='par_1_19' title="bbox 96 866 931 903">
     <span class='ocr_line' id='line_1_19' title="bbox 96 866 931 903; baseline -0.004 -6"><span class='ocrx_word' id='word_1_143' title='bbox 96 869 249 897; x_wconf 87' lang='lat' dir='ltr'><strong>Christum</strong></span> <span class='ocrx_word' id='word_1_144' title='bbox 266 869 436 901; x_wconf 90' lang='lat' dir='ltr'><strong>Dominum,</strong></span> <span class='ocrx_word' id='word_1_145' title='bbox 454 870 482 895; x_wconf 86' lang='lat' dir='ltr'><strong>et</strong></span> <span class='ocrx_word' id='word_1_146' title='bbox 501 868 528 894; x_wconf 87' lang='lat' dir='ltr'><strong>in</strong></span> <span class='ocrx_word' id='word_1_147' title='bbox 544 867 670 903; x_wconf 83' lang='lat' dir='ltr'><strong>singulis</strong></span> <span class='ocrx_word' id='word_1_148' title='bbox 686 866 873 902; x_wconf 83' lang='lat' dir='ltr'><strong>portionibus</strong></span> <span class='ocrx_word' id='word_1_149' title='bbox 888 868 931 894; x_wconf 91' lang='lat' dir='ltr'><strong>to-</strong></span> 
     </span>
    </p>
   </div>
   <div class='ocr_carea' id='block_1_20' title="bbox 96 911 932 949">
    <p class='ocr_par' dir='ltr' id='par_1_20' title="bbox 96 911 932 949">
     <span class='ocr_line' id='line_1_20' title="bbox 96 911 932 949; baseline -0.005 -7"><span class='ocrx_word' id='word_1_150' title='bbox 96 917 147 942; x_wconf 83' lang='lat' dir='ltr'><strong>tus</strong></span> <span class='ocrx_word' id='word_1_151' title='bbox 164 916 275 949; x_wconf 84' lang='lat' dir='ltr'><strong>est,nec</strong></span> <span class='ocrx_word' id='word_1_152' title='bbox 292 922 343 949; x_wconf 91' lang='lat' dir='ltr'><strong>per</strong></span> <span class='ocrx_word' id='word_1_153' title='bbox 359 913 491 948; x_wconf 83' lang='lat' dir='ltr'><strong>singulas</strong></span> <span class='ocrx_word' id='word_1_154' title='bbox 509 911 720 945; x_wconf 85' lang='lat' dir='ltr'><strong>minuitur,sed</strong></span> <span class='ocrx_word' id='word_1_155' title='bbox 738 911 884 947; x_wconf 83' lang='lat' dir='ltr'><strong>integrum</strong></span> <span class='ocrx_word' id='word_1_156' title='bbox 901 918 932 938; x_wconf 86' lang='lat' dir='ltr'><strong>se</strong></span> 
     </span>
    </p>
   </div>
   <div class='ocr_carea' id='block_1_21' title="bbox 94 955 930 995">
    <p class='ocr_par' dir='ltr' id='par_1_21' title="bbox 94 955 930 995">
     <span class='ocr_line' id='line_1_21' title="bbox 94 955 930 995; baseline -0.004 -9"><span class='ocrx_word' id='word_1_157' title='bbox 94 959 208 995; x_wconf 69' lang='lat' dir='ltr'><strong>prabet</strong></span> <span class='ocrx_word' id='word_1_158' title='bbox 223 959 251 986; x_wconf 91' lang='lat' dir='ltr'><strong>in</strong></span> <span class='ocrx_word' id='word_1_159' title='bbox 269 958 513 994; x_wconf 79' lang='lat' dir='ltr'><strong>singulis.Beaius</strong></span> <span class='ocrx_word' id='word_1_160' title='bbox 530 956 668 984; x_wconf 81' lang='lat' dir='ltr'><strong>Hilarius.</strong></span> <span class='ocrx_word' id='word_1_161' title='bbox 685 956 735 992; x_wconf 75' lang='lat' dir='ltr'><strong>(De</strong></span> <span class='ocrx_word' id='word_1_162' title='bbox 748 955 930 989; x_wconf 64' lang='lat' dir='ltr'><strong>com.,dist.2;</strong></span> 
     </span>
    </p>
   </div>
   <div class='ocr_carea' id='block_1_22' title="bbox 93 999 931 1039">
    <p class='ocr_par' dir='ltr' id='par_1_22' title="bbox 93 999 931 1039">
     <span class='ocr_line' id='line_1_22' title="bbox 93 999 931 1039; baseline -0.004 -8"><span class='ocrx_word' id='word_1_163' title='bbox 93 1012 119 1032; x_wconf 77' lang='grc' dir='ltr'><strong><em>ε.</em></strong></span> <span class='ocrx_word' id='word_1_164' title='bbox 138 1003 242 1039; x_wconf 78' lang='lat' dir='ltr'><strong>Corpus</strong></span> <span class='ocrx_word' id='word_1_165' title='bbox 258 1003 382 1037; x_wconf 73' lang='lat' dir='ltr'><strong>Christi).</strong></span> <span class='ocrx_word' id='word_1_166' title='bbox 400 1003 512 1038; x_wconf 88' lang='lat' dir='ltr'><strong>Corpus</strong></span> <span class='ocrx_word' id='word_1_167' title='bbox 533 1000 646 1029; x_wconf 87' lang='lat' dir='ltr'><strong>Domini</strong></span> <span class='ocrx_word' id='word_1_168' title='bbox 662 999 772 1028; x_wconf 85' lang='lat' dir='ltr'><strong>Christi</strong></span> <span class='ocrx_word' id='word_1_169' title='bbox 786 1000 862 1035; x_wconf 89' lang='lat' dir='ltr'><strong>quod</strong></span> <span class='ocrx_word' id='word_1_170' title='bbox 878 1008 931 1028; x_wconf 88' lang='lat' dir='ltr'><strong>su-</strong></span> 
     </span>
    </p>
   </div>
   <div class='ocr_carea' id='block_1_23' title="bbox 95 1045 930 1082">
    <p class='ocr_par' dir='ltr' id='par_1_23' title="bbox 95 1045 930 1082">
     <span class='ocr_line' id='line_1_23' title="bbox 95 1045 930 1082; baseline -0.005 -6"><span class='ocrx_word' id='word_1_171' title='bbox 95 1047 191 1076; x_wconf 84' lang='lat' dir='ltr'><strong>mitur</strong></span> <span class='ocrx_word' id='word_1_172' title='bbox 206 1048 242 1076; x_wconf 88' lang='lat' dir='ltr'><strong>de</strong></span> <span class='ocrx_word' id='word_1_173' title='bbox 257 1047 453 1082; x_wconf 83' lang='lat' dir='ltr'><strong>altari,llgura</strong></span> <span class='ocrx_word' id='word_1_174' title='bbox 468 1049 523 1080; x_wconf 88' lang='lat' dir='ltr'><strong>est,</strong></span> <span class='ocrx_word' id='word_1_175' title='bbox 537 1046 608 1073; x_wconf 89' lang='lat' dir='ltr'><strong>dum</strong></span> <span class='ocrx_word' id='word_1_176' title='bbox 624 1045 709 1082; x_wconf 84' lang='lat' dir='ltr'><strong>panis</strong></span> <span class='ocrx_word' id='word_1_177' title='bbox 724 1049 751 1073; x_wconf 86' lang='lat' dir='ltr'><strong>et</strong></span> <span class='ocrx_word' id='word_1_178' title='bbox 765 1045 866 1072; x_wconf 90' lang='lat' dir='ltr'><strong>vinum</strong></span> <span class='ocrx_word' id='word_1_179' title='bbox 881 1052 930 1073; x_wconf 76' lang='grc' dir='ltr'><strong>θι-</strong></span> 
     </span>
    </p>
   </div>
   <div class='ocr_carea' id='block_1_24' title="bbox 93 1089 929 1127">
    <p class='ocr_par' dir='ltr' id='par_1_24' title="bbox 93 1089 929 1127">
     <span class='ocr_line' id='line_1_24' title="bbox 93 1089 929 1127; baseline -0.005 -6"><span class='ocrx_word' id='word_1_180' title='bbox 93 1095 140 1121; x_wconf 87' lang='lat' dir='ltr'><strong>tra</strong></span> <span class='ocrx_word' id='word_1_181' title='bbox 154 1093 289 1126; x_wconf 89' lang='lat' dir='ltr'><strong>videtur;</strong></span> <span class='ocrx_word' id='word_1_182' title='bbox 306 1092 413 1120; x_wconf 85' lang='lat' dir='ltr'><strong>veritas</strong></span> <span class='ocrx_word' id='word_1_183' title='bbox 429 1095 538 1126; x_wconf 84' lang='lat' dir='ltr'><strong>autem,</strong></span> <span class='ocrx_word' id='word_1_184' title='bbox 551 1091 622 1118; x_wconf 90' lang='lat' dir='ltr'><strong>dum</strong></span> <span class='ocrx_word' id='word_1_185' title='bbox 639 1098 747 1127; x_wconf 90' lang='lat' dir='ltr'><strong>corpus</strong></span> <span class='ocrx_word' id='word_1_186' title='bbox 763 1092 791 1118; x_wconf 89' lang='lat' dir='ltr'><strong>et</strong></span> <span class='ocrx_word' id='word_1_187' title='bbox 807 1089 929 1125; x_wconf 84' lang='lat' dir='ltr'><strong>sanguis</strong></span> 
     </span>
    </p>
   </div>
   <div class='ocr_carea' id='block_1_25' title="bbox 91 1134 931 1167">
    <p class='ocr_par' dir='ltr' id='par_1_25' title="bbox 91 1134 931 1167">
     <span class='ocr_line' id='line_1_25' title="bbox 91 1134 931 1167; baseline -0.005 -2"><span class='ocrx_word' id='word_1_188' title='bbox 91 1137 203 1165; x_wconf 84' lang='lat' dir='ltr'><strong>Christi</strong></span> <span class='ocrx_word' id='word_1_189' title='bbox 220 1137 248 1164; x_wconf 89' lang='lat' dir='ltr'><strong>in</strong></span> <span class='ocrx_word' id='word_1_190' title='bbox 265 1137 388 1165; x_wconf 80' lang='lat' dir='ltr'><strong>veritate</strong></span> <span class='ocrx_word' id='word_1_191' title='bbox 405 1136 530 1163; x_wconf 89' lang='lat' dir='ltr'><strong>interius</strong></span> <span class='ocrx_word' id='word_1_192' title='bbox 547 1134 687 1163; x_wconf 81' lang='lat' dir='ltr'><strong>creditur.</strong></span> <span class='ocrx_word' id='word_1_193' title='bbox 703 1134 877 1167; x_wconf 80' lang='lat' dir='ltr'><strong>Ambrosius,</strong></span> <span class='ocrx_word' id='word_1_194' title='bbox 891 1134 931 1161; x_wconf 70' lang='lat' dir='ltr'><strong>D6</strong></span> 
     </span>
    </p>
   </div>
   <div class='ocr_carea' id='block_1_26' title="bbox 90 1178 928 1217">
    <p class='ocr_par' dir='ltr' id='par_1_26' title="bbox 90 1178 928 1217">
     <span class='ocr_line' id='line_1_26' title="bbox 90 1178 928 1217; baseline -0.004 -8"><span class='ocrx_word' id='word_1_195' title='bbox 90 1182 285 1210; x_wconf 69' lang='lat' dir='ltr'><strong>sacramentis.</strong></span> <span class='ocrx_word' id='word_1_196' title='bbox 313 1182 361 1217; x_wconf 77' lang='lat' dir='ltr'><strong>(De</strong></span> <span class='ocrx_word' id='word_1_197' title='bbox 376 1182 517 1217; x_wconf 70' lang='lat' dir='ltr'><strong>mysteriis</strong></span> <span class='ocrx_word' id='word_1_198' title='bbox 543 1180 708 1214; x_wconf 76' lang='lat' dir='ltr'><strong>initiandis,</strong></span> <span class='ocrx_word' id='word_1_199' title='bbox 733 1187 793 1215; x_wconf 85' lang='lat' dir='ltr'><strong>cap.</strong></span> <span class='ocrx_word' id='word_1_200' title='bbox 810 1179 848 1214; x_wconf 89' lang='lat'><strong>8).</strong></span> <span class='ocrx_word' id='word_1_201' title='bbox 864 1178 928 1206; x_wconf 89' lang='lat' dir='ltr'><strong>Non</strong></span> 
     </span>
    </p>
   </div>
   <div class='ocr_carea' id='block_1_27' title="bbox 90 1223 927 1263">
    <p class='ocr_par' dir='ltr' id='par_1_27' title="bbox 90 1223 927 1263">
     <span class='ocr_line' id='line_1_27' title="bbox 90 1223 927 1263; baseline -0.006 -8"><span class='ocrx_word' id='word_1_202' title='bbox 90 1227 184 1263; x_wconf 78' lang='lat' dir='ltr'><strong>igitur</strong></span> <span class='ocrx_word' id='word_1_203' title='bbox 209 1227 332 1254; x_wconf 89' lang='lat' dir='ltr'><strong>humani</strong></span> <span class='ocrx_word' id='word_1_204' title='bbox 349 1226 400 1254; x_wconf 89' lang='lat' dir='ltr'><strong>sed</strong></span> <span class='ocrx_word' id='word_1_205' title='bbox 426 1225 517 1253; x_wconf 89' lang='lat' dir='ltr'><strong>divini</strong></span> <span class='ocrx_word' id='word_1_206' title='bbox 533 1227 578 1253; x_wconf 89' lang='lat' dir='ltr'><strong>est</strong></span> <span class='ocrx_word' id='word_1_207' title='bbox 602 1223 733 1252; x_wconf 87' lang='lat' dir='ltr'><strong>muneris</strong></span> <span class='ocrx_word' id='word_1_208' title='bbox 759 1230 927 1251; x_wconf 82' lang='lat' dir='ltr'><strong>sacramen-</strong></span> 
     </span>
    </p>
   </div>
   <div class='ocr_carea' id='block_1_28' title="bbox 90 1267 928 1307">
    <p class='ocr_par' dir='ltr' id='par_1_28' title="bbox 90 1267 928 1307">
     <span class='ocr_line' id='line_1_28' title="bbox 90 1267 928 1307; baseline -0.006 -8"><span class='ocrx_word' id='word_1_209' title='bbox 90 1273 156 1298; x_wconf 88' lang='lat' dir='ltr'><strong>tum</strong></span> <span class='ocrx_word' id='word_1_210' title='bbox 174 1271 250 1307; x_wconf 85' lang='lat' dir='ltr'><strong>quod</strong></span> <span class='ocrx_word' id='word_1_211' title='bbox 278 1270 399 1306; x_wconf 85' lang='lat' dir='ltr'><strong>accipis,</strong></span> <span class='ocrx_word' id='word_1_212' title='bbox 416 1270 451 1297; x_wconf 94' lang='lat' dir='ltr'><strong>ab</strong></span> <span class='ocrx_word' id='word_1_213' title='bbox 468 1278 500 1297; x_wconf 90' lang='lat' dir='ltr'><strong>eo</strong></span> <span class='ocrx_word' id='word_1_214' title='bbox 527 1269 684 1305; x_wconf 88' lang='lat' dir='ltr'><strong>prolatum,</strong></span> <span class='ocrx_word' id='word_1_215' title='bbox 702 1267 753 1304; x_wconf 89' lang='lat' dir='ltr'><strong>qui</strong></span> <span class='ocrx_word' id='word_1_216' title='bbox 779 1267 928 1295; x_wconf 86' lang='lat' dir='ltr'><strong>benedixit</strong></span> 
     </span>
    </p>
   </div>
   <div class='ocr_carea' id='block_1_29' title="bbox 92 1312 926 1351">
    <p class='ocr_par' dir='ltr' id='par_1_29' title="bbox 92 1312 926 1351">
     <span class='ocr_line' id='line_1_29' title="bbox 92 1312 926 1351; baseline -0.006 -8"><span class='ocrx_word' id='word_1_217' title='bbox 92 1315 162 1343; x_wconf 84' lang='lat' dir='ltr'><strong>ﬁdei</strong></span> <span class='ocrx_word' id='word_1_218' title='bbox 185 1318 297 1351; x_wconf 81' lang='lat' dir='ltr'><strong>patrem</strong></span> <span class='ocrx_word' id='word_1_219' title='bbox 314 1315 461 1343; x_wconf 78' lang='lat' dir='ltr'><strong>Abraham</strong></span> <span class='ocrx_word' id='word_1_220' title='bbox 477 1314 571 1348; x_wconf 87' lang='lat' dir='ltr'><strong>illum,</strong></span> <span class='ocrx_word' id='word_1_221' title='bbox 587 1313 673 1348; x_wconf 85' lang='lat' dir='ltr'><strong>cujus</strong></span> <span class='ocrx_word' id='word_1_222' title='bbox 694 1312 816 1347; x_wconf 78' lang='lat' dir='ltr'><strong>gratiam</strong></span> <span class='ocrx_word' id='word_1_223' title='bbox 834 1314 860 1339; x_wconf 86' lang='lat' dir='ltr'><strong>et</strong></span> <span class='ocrx_word' id='word_1_224' title='bbox 876 1320 926 1347; x_wconf 82' lang='lat' dir='ltr'><strong>ge-</strong></span> 
     </span>
    </p>
   </div>
   <div class='ocr_carea' id='block_1_30' title="bbox 92 1357 925 1393">
    <p class='ocr_par' dir='ltr' id='par_1_30' title="bbox 92 1357 925 1393">
     <span class='ocr_line' id='line_1_30' title="bbox 92 1357 925 1393; baseline -0.006 -5"><span class='ocrx_word' id='word_1_225' title='bbox 92 1363 140 1388; x_wconf 82' lang='lat' dir='ltr'><strong>sta</strong></span> <span class='ocrx_word' id='word_1_226' title='bbox 156 1360 285 1387; x_wconf 87' lang='lat' dir='ltr'><strong>miraris.</strong></span> <span class='ocrx_word' id='word_1_227' title='bbox 296 1360 454 1387; x_wconf 88' lang='lat' dir='ltr'><strong>Probatum</strong></span> <span class='ocrx_word' id='word_1_228' title='bbox 471 1361 516 1386; x_wconf 89' lang='lat' dir='ltr'><strong>est</strong></span> <span class='ocrx_word' id='word_1_229' title='bbox 532 1358 696 1393; x_wconf 87' lang='lat' dir='ltr'><strong>antiquiora</strong></span> <span class='ocrx_word' id='word_1_230' title='bbox 712 1365 776 1384; x_wconf 81' lang='lat' dir='ltr'><strong>esse</strong></span> <span class='ocrx_word' id='word_1_231' title='bbox 792 1357 925 1383; x_wconf 74' lang='lat' dir='ltr'><strong>Ecclesia:</strong></span> 
     </span>
    </p>
   </div>
   <div class='ocr_carea' id='block_1_31' title="bbox 94 1402 926 1439">
    <p class='ocr_par' dir='ltr' id='par_1_31' title="bbox 94 1402 926 1439">
     <span class='ocr_line' id='line_1_31' title="bbox 94 1402 926 1439; baseline -0.007 -6"><span class='ocrx_word' id='word_1_232' title='bbox 94 1407 294 1436; x_wconf 83' lang='lat' dir='ltr'><strong>sacramenta,</strong></span> <span class='ocrx_word' id='word_1_233' title='bbox 311 1412 389 1432; x_wconf 90' lang='lat' dir='ltr'><strong>nunc</strong></span> <span class='ocrx_word' id='word_1_234' title='bbox 405 1411 548 1439; x_wconf 83' lang='lat' dir='ltr'><strong>cognosce</strong></span> <span class='ocrx_word' id='word_1_235' title='bbox 565 1403 688 1438; x_wconf 83' lang='lat' dir='ltr'><strong>potiora.</strong></span> <span class='ocrx_word' id='word_1_236' title='bbox 710 1402 818 1429; x_wconf 80' lang='lat' dir='ltr'><strong>Revera</strong></span> <span class='ocrx_word' id='word_1_237' title='bbox 834 1402 926 1429; x_wconf 90' lang='lat' dir='ltr'><strong>mira-</strong></span> 
     </span>
    </p>
   </div>
   <div class='ocr_carea' id='block_1_32' title="bbox 94 1446 924 1485">
    <p class='ocr_par' dir='ltr' id='par_1_32' title="bbox 94 1446 924 1485">
     <span class='ocr_line' id='line_1_32' title="bbox 94 1446 924 1485; baseline -0.006 -8"><span class='ocrx_word' id='word_1_238' title='bbox 94 1449 155 1477; x_wconf 86' lang='lat' dir='ltr'><strong>bile</strong></span> <span class='ocrx_word' id='word_1_239' title='bbox 171 1449 249 1485; x_wconf 88' lang='lat' dir='ltr'><strong>quod</strong></span> <span class='ocrx_word' id='word_1_240' title='bbox 267 1457 374 1476; x_wconf 87' lang='lat' dir='ltr'><strong>manna</strong></span> <span class='ocrx_word' id='word_1_241' title='bbox 398 1449 475 1476; x_wconf 87' lang='lat' dir='ltr'><strong>Deus</strong></span> <span class='ocrx_word' id='word_1_242' title='bbox 492 1448 600 1483; x_wconf 86' lang='lat' dir='ltr'><strong>pluerit</strong></span> <span class='ocrx_word' id='word_1_243' title='bbox 617 1446 760 1482; x_wconf 88' lang='lat' dir='ltr'><strong>patribus,</strong></span> <span class='ocrx_word' id='word_1_244' title='bbox 778 1448 804 1473; x_wconf 88' lang='lat' dir='ltr'><strong>et</strong></span> <span class='ocrx_word' id='word_1_245' title='bbox 829 1446 924 1481; x_wconf 90' lang='lat' dir='ltr'><strong>quoti-</strong></span> 
     </span>
    </p>
   </div>
   <div class='ocr_carea' id='block_1_33' title="bbox 95 1491 923 1529">
    <p class='ocr_par' dir='ltr' id='par_1_33' title="bbox 95 1491 923 1529">
     <span class='ocr_line' id='line_1_33' title="bbox 95 1491 923 1529; baseline -0.005 -8"><span class='ocrx_word' id='word_1_246' title='bbox 95 1494 185 1522; x_wconf 85' lang='lat' dir='ltr'><strong>diano</strong></span> <span class='ocrx_word' id='word_1_247' title='bbox 200 1493 264 1521; x_wconf 71' lang='lat' dir='ltr'><strong>cmli</strong></span> <span class='ocrx_word' id='word_1_248' title='bbox 281 1494 476 1529; x_wconf 85' lang='lat' dir='ltr'><strong>pascebantur</strong></span> <span class='ocrx_word' id='word_1_249' title='bbox 492 1492 727 1520; x_wconf 86' lang='lat' dir='ltr'><strong>a1imento.Unde</strong></span> <span class='ocrx_word' id='word_1_250' title='bbox 742 1491 853 1517; x_wconf 87' lang='lat' dir='ltr'><strong>dictum</strong></span> <span class='ocrx_word' id='word_1_251' title='bbox 870 1493 923 1518; x_wconf 86' lang='lat' dir='ltr'><strong>est:</strong></span> 
     </span>
    </p>
   </div>
   <div class='ocr_carea' id='block_1_34' title="bbox 95 1536 922 1573">
    <p class='ocr_par' dir='ltr' id='par_1_34' title="bbox 95 1536 922 1573">
     <span class='ocr_line' id='line_1_34' title="bbox 95 1536 922 1573; baseline -0.006 -7"><span class='ocrx_word' id='word_1_252' title='bbox 95 1541 203 1566; x_wconf 78' lang='lat' dir='ltr'><strong>Panem</strong></span> <span class='ocrx_word' id='word_1_253' title='bbox 229 1538 389 1573; x_wconf 82' lang='lat' dir='ltr'><strong>angelorum</strong></span> <span class='ocrx_word' id='word_1_254' title='bbox 413 1537 590 1565; x_wconf 78' lang='lat' dir='ltr'><strong>manducavit</strong></span> <span class='ocrx_word' id='word_1_255' title='bbox 605 1540 685 1563; x_wconf 85' lang='lat' dir='ltr'><strong>homo</strong></span> <span class='ocrx_word' id='word_1_256' title='bbox 707 1536 792 1571; x_wconf 87' lang='lat' dir='ltr'><strong>(Psal.</strong></span> <span class='ocrx_word' id='word_1_257' title='bbox 811 1544 922 1569; x_wconf 83' lang='lat' dir='ltr'><strong>Lxxvu;</strong></span> 
     </span>
    </p>
   </div>
   <div class='ocr_carea' id='block_1_35' title="bbox 94 1580 923 1617">
    <p class='ocr_par' dir='ltr' id='par_1_35' title="bbox 94 1580 923 1617">
     <span class='ocr_line' id='line_1_35' title="bbox 94 1580 923 1617; baseline -0.006 -6"><span class='ocrx_word' id='word_1_258' title='bbox 94 1584 186 1611; x_wconf 73' lang='lat' dir='ltr'><strong>Exod.</strong></span> <span class='ocrx_word' id='word_1_259' title='bbox 207 1591 256 1610; x_wconf 74' lang='grc' dir='ltr'><strong>ιν]</strong></span> <span class='ocrx_word' id='word_1_260' title='bbox 270 1592 278 1617; x_wconf 84' lang='lat'><strong>;</strong></span> <span class='ocrx_word' id='word_1_261' title='bbox 294 1583 374 1610; x_wconf 83' lang='lat' dir='ltr'><strong>Num.</strong></span> <span class='ocrx_word' id='word_1_262' title='bbox 392 1583 439 1617; x_wconf 81' lang='lat' dir='ltr'><strong>x);</strong></span> <span class='ocrx_word' id='word_1_263' title='bbox 456 1582 506 1609; x_wconf 88' lang='lat' dir='ltr'><strong>sed</strong></span> <span class='ocrx_word' id='word_1_264' title='bbox 533 1584 633 1608; x_wconf 85' lang='lat' dir='ltr'><strong>tamen</strong></span> <span class='ocrx_word' id='word_1_265' title='bbox 651 1588 755 1616; x_wconf 83' lang='lat' dir='ltr'><strong>panem</strong></span> <span class='ocrx_word' id='word_1_266' title='bbox 772 1580 855 1607; x_wconf 89' lang='lat' dir='ltr'><strong>illum</strong></span> <span class='ocrx_word' id='word_1_267' title='bbox 873 1580 923 1615; x_wconf 85' lang='lat' dir='ltr'><strong>qui</strong></span> 
     </span>
    </p>
   </div>
   <div class='ocr_carea' id='block_1_36' title="bbox 94 1625 925 1660">
    <p class='ocr_par' dir='ltr' id='par_1_36' title="bbox 94 1625 925 1660">
     <span class='ocr_line' id='line_1_36' title="bbox 94 1625 925 1660; baseline -0.005 -4"><span class='ocrx_word' id='word_1_268' title='bbox 94 1627 344 1660; x_wconf 75' lang='lat' dir='ltr'><strong>manducavcrunt,</strong></span> <span class='ocrx_word' id='word_1_269' title='bbox 360 1635 453 1655; x_wconf 83' lang='lat' dir='ltr'><strong>omnes</strong></span> <span class='ocrx_word' id='word_1_270' title='bbox 478 1628 509 1653; x_wconf 80' lang='lat' dir='ltr'><strong>in</strong></span> <span class='ocrx_word' id='word_1_271' title='bbox 522 1626 626 1653; x_wconf 73' lang='lat' dir='ltr'><strong>deserto</strong></span> <span class='ocrx_word' id='word_1_272' title='bbox 650 1626 734 1652; x_wconf 79' lang='lat' dir='ltr'><strong>morti</strong></span> <span class='ocrx_word' id='word_1_273' title='bbox 748 1629 813 1652; x_wconf 81' lang='lat' dir='ltr'><strong>sunt</strong></span> <span class='ocrx_word' id='word_1_274' title='bbox 836 1625 925 1658; x_wconf 86' lang='lat' dir='ltr'><strong>(Joan.</strong></span> 
     </span>
    </p>
   </div>
   <div class='ocr_carea' id='block_1_37' title="bbox 93 1670 925 1707">
    <p class='ocr_par' dir='ltr' id='par_1_37' title="bbox 93 1670 925 1707">
     <span class='ocr_line' id='line_1_37' title="bbox 93 1670 925 1707; baseline -0.005 -8"><span class='ocrx_word' id='word_1_275' title='bbox 93 1672 143 1707; x_wconf 81' lang='lat' dir='ltr'><strong>v1).</strong></span> <span class='ocrx_word' id='word_1_276' title='bbox 162 1671 223 1700; x_wconf 87' lang='lat' dir='ltr'><strong>Ista</strong></span> <span class='ocrx_word' id='word_1_277' title='bbox 238 1673 337 1699; x_wconf 88' lang='lat' dir='ltr'><strong>autem</strong></span> <span class='ocrx_word' id='word_1_278' title='bbox 354 1679 420 1698; x_wconf 85' lang='lat' dir='ltr'><strong>esca</strong></span> <span class='ocrx_word' id='word_1_279' title='bbox 435 1679 524 1706; x_wconf 90' lang='lat' dir='ltr'><strong>quam</strong></span> <span class='ocrx_word' id='word_1_280' title='bbox 542 1670 663 1705; x_wconf 85' lang='lat' dir='ltr'><strong>accipis,</strong></span> <span class='ocrx_word' id='word_1_281' title='bbox 676 1670 727 1696; x_wconf 86' lang='lat' dir='ltr'><strong>iste</strong></span> <span class='ocrx_word' id='word_1_282' title='bbox 743 1678 823 1705; x_wconf 77' lang='lat' dir='ltr'><strong>panis</strong></span> <span class='ocrx_word' id='word_1_283' title='bbox 838 1670 925 1703; x_wconf 79' lang='lat' dir='ltr'><strong>vivus,</strong></span> 
     </span>
    </p>
   </div>
   <div class='ocr_carea' id='block_1_38' title="bbox 95 1713 926 1752">
    <p class='ocr_par' dir='ltr' id='par_1_38' title="bbox 95 1713 926 1752">
     <span class='ocr_line' id='line_1_38' title="bbox 95 1713 926 1752; baseline -0.005 -9"><span class='ocrx_word' id='word_1_284' title='bbox 95 1717 143 1752; x_wconf 89' lang='lat' dir='ltr'><strong>qui</strong></span> <span class='ocrx_word' id='word_1_285' title='bbox 158 1716 192 1743; x_wconf 74' lang='lat' dir='ltr'><strong>de</strong></span> <span class='ocrx_word' id='word_1_286' title='bbox 206 1717 273 1743; x_wconf 66' lang='lat' dir='ltr'><strong>calo</strong></span> <span class='ocrx_word' id='word_1_287' title='bbox 299 1715 451 1743; x_wconf 85' lang='lat' dir='ltr'><strong>descendit</strong></span> <span class='ocrx_word' id='word_1_288' title='bbox 476 1715 579 1750; x_wconf 69' lang='lat' dir='ltr'><strong>(ibid),</strong></span> <span class='ocrx_word' id='word_1_289' title='bbox 594 1714 659 1741; x_wconf 66' lang='lat' dir='ltr'><strong>vitae</strong></span> <span class='ocrx_word' id='word_1_290' title='bbox 676 1716 789 1741; x_wconf 79' lang='lat' dir='ltr'><strong>aeternae</strong></span> <span class='ocrx_word' id='word_1_291' title='bbox 814 1713 926 1740; x_wconf 89' lang='lat' dir='ltr'><strong>submi-</strong></span> 
     </span>
    </p>
   </div>
   <div class='ocr_carea' id='block_1_39' title="bbox 95 1759 926 1795">
    <p class='ocr_par' dir='ltr' id='par_1_39' title="bbox 95 1759 926 1795">
     <span class='ocr_line' id='line_1_39' title="bbox 95 1759 926 1795; baseline -0.005 -7"><span class='ocrx_word' id='word_1_292' title='bbox 95 1761 204 1788; x_wconf 83' lang='lat' dir='ltr'><strong>nistrat</strong></span> <span class='ocrx_word' id='word_1_293' title='bbox 228 1759 425 1788; x_wconf 80' lang='lat' dir='ltr'><strong>substantiam</strong></span> <span class='ocrx_word' id='word_1_294' title='bbox 444 1768 449 1787; x_wconf 90' lang='lat'>:</span> <span class='ocrx_word' id='word_1_295' title='bbox 468 1762 496 1787; x_wconf 91' lang='lat' dir='ltr'><strong>et</strong></span> <span class='ocrx_word' id='word_1_296' title='bbox 512 1759 683 1795; x_wconf 88' lang='lat' dir='ltr'><strong>quicunque</strong></span> <span class='ocrx_word' id='word_1_297' title='bbox 711 1759 786 1785; x_wconf 90' lang='lat' dir='ltr'><strong>hunc</strong></span> <span class='ocrx_word' id='word_1_298' title='bbox 803 1759 926 1785; x_wconf 85' lang='lat' dir='ltr'><strong>mandu-</strong></span> 
     </span>
    </p>
   </div>
   <div class='ocr_carea' id='block_1_40' title="bbox 95 1804 927 1838">
    <p class='ocr_par' dir='ltr' id='par_1_40' title="bbox 95 1804 927 1838">
     <span class='ocr_line' id='line_1_40' title="bbox 95 1804 927 1838; baseline -0.002 -6"><span class='ocrx_word' id='word_1_299' title='bbox 95 1804 215 1838; x_wconf 85' lang='lat' dir='ltr'><strong>caverit,</strong></span> <span class='ocrx_word' id='word_1_300' title='bbox 233 1813 291 1833; x_wconf 92' lang='lat' dir='ltr'><strong>non</strong></span> <span class='ocrx_word' id='word_1_301' title='bbox 319 1804 460 1832; x_wconf 86' lang='lat' dir='ltr'><strong>morietur</strong></span> <span class='ocrx_word' id='word_1_302' title='bbox 485 1804 514 1831; x_wconf 90' lang='lat' dir='ltr'><strong>in</strong></span> <span class='ocrx_word' id='word_1_303' title='bbox 542 1806 694 1835; x_wconf 65' lang='lat' dir='ltr'><strong>aeternum,</strong></span> <span class='ocrx_word' id='word_1_304' title='bbox 711 1806 738 1830; x_wconf 91' lang='lat' dir='ltr'><strong>et</strong></span> <span class='ocrx_word' id='word_1_305' title='bbox 761 1811 867 1838; x_wconf 87' lang='lat' dir='ltr'><strong>corpus</strong></span> <span class='ocrx_word' id='word_1_306' title='bbox 883 1805 927 1830; x_wconf 82' lang='lat' dir='ltr'><strong>est</strong></span> 
     </span>
    </p>
   </div>
   <div class='ocr_carea' id='block_1_41' title="bbox 95 1848 924 1883">
    <p class='ocr_par' dir='ltr' id='par_1_41' title="bbox 95 1848 924 1883">
     <span class='ocr_line' id='line_1_41' title="bbox 95 1848 924 1883; baseline -0.002 -6"><span class='ocrx_word' id='word_1_307' title='bbox 95 1849 216 1877; x_wconf 83' lang='lat' dir='ltr'><strong>Christi.</strong></span> <span class='ocrx_word' id='word_1_308' title='bbox 233 1849 392 1877; x_wconf 84' lang='lat' dir='ltr'><strong>Considera</strong></span> <span class='ocrx_word' id='word_1_309' title='bbox 407 1857 484 1876; x_wconf 89' lang='lat' dir='ltr'><strong>nunc</strong></span> <span class='ocrx_word' id='word_1_310' title='bbox 499 1851 599 1876; x_wconf 90' lang='lat' dir='ltr'><strong>utrum</strong></span> <span class='ocrx_word' id='word_1_311' title='bbox 620 1848 805 1883; x_wconf 67' lang='lat' dir='ltr'><strong>praestantior</strong></span> <span class='ocrx_word' id='word_1_312' title='bbox 820 1848 858 1875; x_wconf 88' lang='lat' dir='ltr'><strong>sit</strong></span> <span class='ocrx_word' id='word_1_313' title='bbox 875 1856 924 1882; x_wconf 85' lang='lat' dir='ltr'><strong>pa-</strong></span> 
     </span>
    </p>
   </div>
   <div class='ocr_carea' id='block_1_42' title="bbox 96 1892 925 1929">
    <p class='ocr_par' dir='ltr' id='par_1_42' title="bbox 96 1892 925 1929">
     <span class='ocr_line' id='line_1_42' title="bbox 96 1892 925 1929; baseline -0.004 -8"><span class='ocrx_word' id='word_1_314' title='bbox 96 1893 143 1922; x_wconf 85' lang='lat' dir='ltr'><strong>nis</strong></span> <span class='ocrx_word' id='word_1_315' title='bbox 158 1893 342 1929; x_wconf 81' lang='lat' dir='ltr'><strong>angelorum,</strong></span> <span class='ocrx_word' id='word_1_316' title='bbox 359 1902 395 1920; x_wconf 89' lang='lat' dir='ltr'><strong>an</strong></span> <span class='ocrx_word' id='word_1_317' title='bbox 422 1901 488 1920; x_wconf 82' lang='lat' dir='ltr'><strong>caro</strong></span> <span class='ocrx_word' id='word_1_318' title='bbox 514 1893 631 1925; x_wconf 71' lang='lat' dir='ltr'><strong>Christi,</strong></span> <span class='ocrx_word' id='word_1_319' title='bbox 649 1901 713 1928; x_wconf 86' lang='lat' dir='ltr'><strong>quae</strong></span> <span class='ocrx_word' id='word_1_320' title='bbox 741 1892 841 1927; x_wconf 83' lang='lat' dir='ltr'><strong>utique</strong></span> <span class='ocrx_word' id='word_1_321' title='bbox 863 1901 925 1919; x_wconf 88' lang='lat' dir='ltr'><strong>cor-</strong></span> 
     </span>
    </p>
   </div>
   <div class='ocr_carea' id='block_1_43' title="bbox 94 1936 925 1974">
    <p class='ocr_par' dir='ltr' id='par_1_43' title="bbox 94 1936 925 1974">
     <span class='ocr_line' id='line_1_43' title="bbox 94 1936 925 1974; baseline -0.004 -8"><span class='ocrx_word' id='word_1_322' title='bbox 94 1946 150 1974; x_wconf 89' lang='lat' dir='ltr'><strong>pus</strong></span> <span class='ocrx_word' id='word_1_323' title='bbox 168 1940 214 1966; x_wconf 87' lang='lat' dir='ltr'><strong>est</strong></span> <span class='ocrx_word' id='word_1_324' title='bbox 226 1937 414 1965; x_wconf 67' lang='lat' dir='ltr'><strong>vithanna</strong></span> <span class='ocrx_word' id='word_1_325' title='bbox 428 1937 501 1964; x_wconf 90' lang='lat' dir='ltr'><strong>illud</strong></span> <span class='ocrx_word' id='word_1_326' title='bbox 510 1938 546 1964; x_wconf 89' lang='lat' dir='ltr'><strong>de</strong></span> <span class='ocrx_word' id='word_1_327' title='bbox 561 1936 701 1969; x_wconf 84' lang='lat' dir='ltr'><strong>coelo,hoc</strong></span> <span class='ocrx_word' id='word_1_328' title='bbox 715 1945 805 1971; x_wconf 87' lang='lat' dir='ltr'><strong>supra</strong></span> <span class='ocrx_word' id='word_1_329' title='bbox 821 1936 925 1963; x_wconf 76' lang='lat' dir='ltr'><strong>oculum</strong></span> 
     </span>
    </p>
   </div>
   <div class='ocr_carea' id='block_1_44' title="bbox 93 1981 924 2018">
    <p class='ocr_par' dir='ltr' id='par_1_44' title="bbox 93 1981 924 2018">
     <span class='ocr_line' id='line_1_44' title="bbox 93 1981 924 2018; baseline -0.004 -8"><span class='ocrx_word' id='word_1_330' title='bbox 93 1982 194 2017; x_wconf 71' lang='lat' dir='ltr'><strong>(Exod.</strong></span> <span class='ocrx_word' id='word_1_331' title='bbox 210 1982 278 2018; x_wconf 77' lang='lat' dir='ltr'><strong>xvr).</strong></span> <span class='ocrx_word' id='word_1_332' title='bbox 296 1981 369 2010; x_wconf 91' lang='lat' dir='ltr'><strong>Illud</strong></span> <span class='ocrx_word' id='word_1_333' title='bbox 386 1982 460 2015; x_wconf 67' lang='lat' dir='ltr'><strong>caeli,</strong></span> <span class='ocrx_word' id='word_1_334' title='bbox 479 1982 531 2009; x_wconf 88' lang='lat' dir='ltr'><strong>hoc</strong></span> <span class='ocrx_word' id='word_1_335' title='bbox 549 1982 662 2009; x_wconf 89' lang='lat' dir='ltr'><strong>Domini</strong></span> <span class='ocrx_word' id='word_1_336' title='bbox 683 1981 832 2008; x_wconf 80' lang='lat' dir='ltr'><strong>cmlorum.</strong></span> <span class='ocrx_word' id='word_1_337' title='bbox 850 1981 924 2008; x_wconf 84' lang='lat' dir='ltr'><strong>illud</strong></span> 
     </span>
    </p>
   </div>
   <div class='ocr_carea' id='block_1_45' title="bbox 93 2026 924 2062">
    <p class='ocr_par' dir='ltr' id='par_1_45' title="bbox 93 2026 924 2062">
     <span class='ocr_line' id='line_1_45' title="bbox 93 2026 924 2062; baseline -0.001 -8"><span class='ocrx_word' id='word_1_338' title='bbox 93 2026 279 2062; x_wconf 88' lang='lat' dir='ltr'><strong>corruptioni</strong></span> <span class='ocrx_word' id='word_1_339' title='bbox 305 2026 476 2061; x_wconf 88' lang='lat' dir='ltr'><strong>obnoxium,</strong></span> <span class='ocrx_word' id='word_1_340' title='bbox 494 2026 517 2054; x_wconf 90' lang='lat' dir='ltr'><strong>si</strong></span> <span class='ocrx_word' id='word_1_341' title='bbox 534 2027 563 2054; x_wconf 90' lang='lat' dir='ltr'><strong>in</strong></span> <span class='ocrx_word' id='word_1_342' title='bbox 592 2026 668 2053; x_wconf 87' lang='lat' dir='ltr'><strong>diem</strong></span> <span class='ocrx_word' id='word_1_343' title='bbox 687 2027 811 2053; x_wconf 83' lang='lat' dir='ltr'><strong>alterum</strong></span> <span class='ocrx_word' id='word_1_344' title='bbox 829 2034 924 2053; x_wconf 76' lang='lat' dir='ltr'><strong>serva-</strong></span> 
     </span>
    </p>
   </div>
   <div class='ocr_carea' id='block_1_46' title="bbox 93 2070 925 2106">
    <p class='ocr_par' dir='ltr' id='par_1_46' title="bbox 93 2070 925 2106">
     <span class='ocr_line' id='line_1_46' title="bbox 93 2070 925 2106; baseline -0.004 -7"><span class='ocrx_word' id='word_1_345' title='bbox 93 2073 197 2104; x_wconf 85' lang='lat' dir='ltr'><strong>retur;</strong></span> <span class='ocrx_word' id='word_1_346' title='bbox 213 2071 269 2098; x_wconf 85' lang='lat' dir='ltr'><strong>hoc</strong></span> <span class='ocrx_word' id='word_1_347' title='bbox 284 2071 412 2099; x_wconf 86' lang='lat' dir='ltr'><strong>alienum</strong></span> <span class='ocrx_word' id='word_1_348' title='bbox 427 2071 462 2098; x_wconf 88' lang='lat' dir='ltr'><strong>ab</strong></span> <span class='ocrx_word' id='word_1_349' title='bbox 471 2072 549 2098; x_wconf 90' lang='lat' dir='ltr'><strong>omni</strong></span> <span class='ocrx_word' id='word_1_350' title='bbox 564 2070 843 2106; x_wconf 89' lang='lat' dir='ltr'><strong>corruptione.Quod</strong></span> <span class='ocrx_word' id='word_1_351' title='bbox 861 2070 925 2105; x_wconf 88' lang='lat' dir='ltr'><strong>qui-</strong></span> 
     </span>
    </p>
   </div>
   <div class='ocr_carea' id='block_1_47' title="bbox 93 2115 925 2152">
    <p class='ocr_par' dir='ltr' id='par_1_47' title="bbox 93 2115 925 2152">
     <span class='ocr_line' id='line_1_47' title="bbox 93 2115 925 2152; baseline -0.004 -8"><span class='ocrx_word' id='word_1_352' title='bbox 93 2124 213 2152; x_wconf 88' lang='lat' dir='ltr'><strong>cunque</strong></span> <span class='ocrx_word' id='word_1_353' title='bbox 238 2115 374 2151; x_wconf 84' lang='lat' dir='ltr'><strong>religiose</strong></span> <span class='ocrx_word' id='word_1_354' title='bbox 389 2115 560 2151; x_wconf 82' lang='lat' dir='ltr'><strong>gustaverit,</strong></span> <span class='ocrx_word' id='word_1_355' title='bbox 577 2115 793 2150; x_wconf 88' lang='lat' dir='ltr'><strong>corruptionem</strong></span> <span class='ocrx_word' id='word_1_356' title='bbox 817 2115 925 2142; x_wconf 86' lang='lat' dir='ltr'><strong>sentire</strong></span> 
     </span>
    </p>
   </div>
   <div class='ocr_carea' id='block_1_48' title="bbox 93 2159 922 2196">
    <p class='ocr_par' dir='ltr' id='par_1_48' title="bbox 93 2159 922 2196">
     <span class='ocr_line' id='line_1_48' title="bbox 93 2159 922 2196; baseline -0.004 -8"><span class='ocrx_word' id='word_1_357' title='bbox 93 2168 153 2188; x_wconf 89' lang='lat' dir='ltr'><strong>non</strong></span> <span class='ocrx_word' id='word_1_358' title='bbox 170 2159 286 2196; x_wconf 86' lang='lat' dir='ltr'><strong>poterit.</strong></span> <span class='ocrx_word' id='word_1_359' title='bbox 304 2159 365 2187; x_wconf 88' lang='lat' dir='ltr'><strong>Illis</strong></span> <span class='ocrx_word' id='word_1_360' title='bbox 381 2168 456 2195; x_wconf 83' lang='lat' dir='ltr'><strong>aqua</strong></span> <span class='ocrx_word' id='word_1_361' title='bbox 470 2160 504 2187; x_wconf 91' lang='lat' dir='ltr'><strong>de</strong></span> <span class='ocrx_word' id='word_1_362' title='bbox 520 2162 601 2195; x_wconf 84' lang='lat' dir='ltr'><strong>petra</strong></span> <span class='ocrx_word' id='word_1_363' title='bbox 624 2159 707 2186; x_wconf 88' lang='lat' dir='ltr'><strong>ﬂuxit</strong></span> <span class='ocrx_word' id='word_1_364' title='bbox 722 2159 818 2194; x_wconf 68' lang='lat' dir='ltr'><strong>(Exod.</strong></span> <span class='ocrx_word' id='word_1_365' title='bbox 835 2159 922 2193; x_wconf 84' lang='lat' dir='ltr'><strong>xvn);</strong></span> 
     </span>
    </p>
   </div>
   <div class='ocr_carea' id='block_1_49' title="bbox 92 2203 926 2240">
    <p class='ocr_par' dir='ltr' id='par_1_49' title="bbox 92 2203 926 2240">
     <span class='ocr_line' id='line_1_49' title="bbox 92 2203 926 2240; baseline -0.004 -8"><span class='ocrx_word' id='word_1_366' title='bbox 92 2205 148 2232; x_wconf 85' lang='lat' dir='ltr'><strong>tibi</strong></span> <span class='ocrx_word' id='word_1_367' title='bbox 166 2203 289 2240; x_wconf 83' lang='lat' dir='ltr'><strong>sanguis</strong></span> <span class='ocrx_word' id='word_1_368' title='bbox 311 2212 345 2231; x_wconf 87' lang='lat' dir='ltr'><strong>ex</strong></span> <span class='ocrx_word' id='word_1_369' title='bbox 373 2204 496 2231; x_wconf 88' lang='lat' dir='ltr'><strong>Christo.</strong></span> <span class='ocrx_word' id='word_1_370' title='bbox 523 2204 592 2231; x_wconf 89' lang='lat' dir='ltr'><strong>Illos</strong></span> <span class='ocrx_word' id='word_1_371' title='bbox 621 2204 656 2230; x_wconf 84' lang='lat' dir='ltr'><strong>ad</strong></span> <span class='ocrx_word' id='word_1_372' title='bbox 683 2203 783 2230; x_wconf 87' lang='lat' dir='ltr'><strong>horam</strong></span> <span class='ocrx_word' id='word_1_373' title='bbox 809 2203 926 2230; x_wconf 83' lang='lat' dir='ltr'><strong>satiavit</strong></span> 
     </span>
    </p>
   </div>
   <div class='ocr_carea' id='block_1_50' title="bbox 990 244 1813 282">
    <p class='ocr_par' dir='ltr' id='par_1_50' title="bbox 990 244 1813 282">
     <span class='ocr_line' id='line_1_50' title="bbox 990 244 1813 282; baseline 0.001 -11"><span class='ocrx_word' id='word_1_374' title='bbox 990 244 1067 279; x_wconf 88' lang='lat' dir='ltr'><strong>quod</strong></span> <span class='ocrx_word' id='word_1_375' title='bbox 1084 246 1189 272; x_wconf 86' lang='lat' dir='ltr'><strong>natura</strong></span> <span class='ocrx_word' id='word_1_376' title='bbox 1202 245 1347 281; x_wconf 81' lang='lat' dir='ltr'><strong>formavit,</strong></span> <span class='ocrx_word' id='word_1_377' title='bbox 1364 246 1415 273; x_wconf 91' lang='lat' dir='ltr'><strong>sed</strong></span> <span class='ocrx_word' id='word_1_378' title='bbox 1440 246 1518 282; x_wconf 89' lang='lat' dir='ltr'><strong>quod</strong></span> <span class='ocrx_word' id='word_1_379' title='bbox 1533 245 1696 273; x_wconf 83' lang='lat' dir='ltr'><strong>benedictio</strong></span> <span class='ocrx_word' id='word_1_380' title='bbox 1712 252 1813 272; x_wconf 88' lang='lat' dir='ltr'><strong>conse-</strong></span> 
     </span>
    </p>
   </div>
   <div class='ocr_carea' id='block_1_51' title="bbox 989 288 1814 326">
    <p class='ocr_par' dir='ltr' id='par_1_51' title="bbox 989 288 1814 326">
     <span class='ocr_line' id='line_1_51' title="bbox 989 288 1814 326; baseline 0.004 -12"><span class='ocrx_word' id='word_1_381' title='bbox 989 288 1090 322; x_wconf 81' lang='lat' dir='ltr'><strong>cravit,</strong></span> <span class='ocrx_word' id='word_1_382' title='bbox 1106 290 1308 326; x_wconf 85' lang='lat' dir='ltr'><strong>majoremque</strong></span> <span class='ocrx_word' id='word_1_383' title='bbox 1322 290 1381 318; x_wconf 88' lang='lat' dir='ltr'><strong>vim</strong></span> <span class='ocrx_word' id='word_1_384' title='bbox 1397 298 1460 318; x_wconf 89' lang='lat' dir='ltr'><strong>esse</strong></span> <span class='ocrx_word' id='word_1_385' title='bbox 1484 289 1708 323; x_wconf 87' lang='lat' dir='ltr'><strong>benedictionis,</strong></span> <span class='ocrx_word' id='word_1_386' title='bbox 1726 297 1814 325; x_wconf 89' lang='lat' dir='ltr'><strong>quam</strong></span> 
     </span>
    </p>
   </div>
   <div class='ocr_carea' id='block_1_52' title="bbox 989 334 1814 371">
    <p class='ocr_par' dir='ltr' id='par_1_52' title="bbox 989 334 1814 371">
     <span class='ocr_line' id='line_1_52' title="bbox 989 334 1814 371; baseline 0 -11"><span class='ocrx_word' id='word_1_387' title='bbox 989 335 1119 367; x_wconf 65' lang='lat' dir='ltr'><strong>naturae;</strong></span> <span class='ocrx_word' id='word_1_388' title='bbox 1136 334 1204 370; x_wconf 87' lang='lat' dir='ltr'><strong>quia</strong></span> <span class='ocrx_word' id='word_1_389' title='bbox 1219 334 1421 363; x_wconf 88' lang='lat' dir='ltr'><strong>benedictione</strong></span> <span class='ocrx_word' id='word_1_390' title='bbox 1443 335 1531 363; x_wconf 89' lang='lat' dir='ltr'><strong>etiam</strong></span> <span class='ocrx_word' id='word_1_391' title='bbox 1547 335 1613 371; x_wconf 88' lang='lat' dir='ltr'><strong>ipsa</strong></span> <span class='ocrx_word' id='word_1_392' title='bbox 1627 335 1732 361; x_wconf 86' lang='lat' dir='ltr'><strong>natura</strong></span> <span class='ocrx_word' id='word_1_393' title='bbox 1748 341 1814 360; x_wconf 88' lang='lat' dir='ltr'><strong>mu-</strong></span> 
     </span>
    </p>
   </div>
   <div class='ocr_carea' id='block_1_53' title="bbox 989 378 1816 415">
    <p class='ocr_par' dir='ltr' id='par_1_53' title="bbox 989 378 1816 415">
     <span class='ocr_line' id='line_1_53' title="bbox 989 378 1816 415; baseline 0 -10"><span class='ocrx_word' id='word_1_394' title='bbox 989 378 1198 414; x_wconf 88' lang='lat' dir='ltr'><strong>tatur.Virgam</strong></span> <span class='ocrx_word' id='word_1_395' title='bbox 1216 379 1332 407; x_wconf 86' lang='lat' dir='ltr'><strong>tenebat</strong></span> <span class='ocrx_word' id='word_1_396' title='bbox 1348 379 1599 415; x_wconf 85' lang='lat' dir='ltr'><strong>Moyses,projecit</strong></span> <span class='ocrx_word' id='word_1_397' title='bbox 1614 386 1677 407; x_wconf 90' lang='lat' dir='ltr'><strong>eam</strong></span> <span class='ocrx_word' id='word_1_398' title='bbox 1694 380 1723 406; x_wconf 91' lang='lat' dir='ltr'><strong>et</strong></span> <span class='ocrx_word' id='word_1_399' title='bbox 1738 378 1816 405; x_wconf 80' lang='lat' dir='ltr'><strong>iacta</strong></span> 
     </span>
    </p>
   </div>
   <div class='ocr_carea' id='block_1_54' title="bbox 988 423 1815 459">
    <p class='ocr_par' dir='ltr' id='par_1_54' title="bbox 988 423 1815 459">
     <span class='ocr_line' id='line_1_54' title="bbox 988 423 1815 459; baseline -0.001 -9"><span class='ocrx_word' id='word_1_400' title='bbox 988 424 1033 450; x_wconf 87' lang='lat' dir='ltr'><strong>est</strong></span> <span class='ocrx_word' id='word_1_401' title='bbox 1047 430 1176 456; x_wconf 85' lang='lat' dir='ltr'><strong>serpens.</strong></span> <span class='ocrx_word' id='word_1_402' title='bbox 1195 423 1307 451; x_wconf 84' lang='lat' dir='ltr'><strong>Rursus</strong></span> <span class='ocrx_word' id='word_1_403' title='bbox 1332 423 1526 459; x_wconf 83' lang='lat' dir='ltr'><strong>apprehendit</strong></span> <span class='ocrx_word' id='word_1_404' title='bbox 1546 423 1670 451; x_wconf 91' lang='lat' dir='ltr'><strong>caudam</strong></span> <span class='ocrx_word' id='word_1_405' title='bbox 1693 429 1815 458; x_wconf 88' lang='lat' dir='ltr'><strong>serpen-</strong></span> 
     </span>
    </p>
   </div>
   <div class='ocr_carea' id='block_1_55' title="bbox 988 465 1814 504">
    <p class='ocr_par' dir='ltr' id='par_1_55' title="bbox 988 465 1814 504">
     <span class='ocr_line' id='line_1_55' title="bbox 988 465 1814 504; baseline -0.001 -10"><span class='ocrx_word' id='word_1_406' title='bbox 988 467 1037 501; x_wconf 89' lang='lat' dir='ltr'><strong>tis,</strong></span> <span class='ocrx_word' id='word_1_407' title='bbox 1059 469 1087 495; x_wconf 85' lang='lat' dir='ltr'><strong>et</strong></span> <span class='ocrx_word' id='word_1_408' title='bbox 1109 467 1139 494; x_wconf 91' lang='lat' dir='ltr'><strong>in</strong></span> <span class='ocrx_word' id='word_1_409' title='bbox 1165 468 1253 504; x_wconf 64' lang='lat' dir='ltr'><strong>virga</strong></span> <span class='ocrx_word' id='word_1_410' title='bbox 1278 469 1414 496; x_wconf 87' lang='lat' dir='ltr'><strong>naturam</strong></span> <span class='ocrx_word' id='word_1_411' title='bbox 1442 467 1598 496; x_wconf 88' lang='lat' dir='ltr'><strong>revertitur</strong></span> <span class='ocrx_word' id='word_1_412' title='bbox 1623 467 1727 502; x_wconf 75' lang='lat' dir='ltr'><strong>(Exod.</strong></span> <span class='ocrx_word' id='word_1_413' title='bbox 1753 465 1814 502; x_wconf 87' lang='lat' dir='ltr'><strong>vn).</strong></span> 
     </span>
    </p>
   </div>
   <div class='ocr_carea' id='block_1_56' title="bbox 987 511 1814 548">
    <p class='ocr_par' dir='ltr' id='par_1_56' title="bbox 987 511 1814 548">
     <span class='ocr_line' id='line_1_56' title="bbox 987 511 1814 548; baseline 0 -10"><span class='ocrx_word' id='word_1_414' title='bbox 987 511 1076 539; x_wconf 87' lang='lat' dir='ltr'><strong>Vides</strong></span> <span class='ocrx_word' id='word_1_415' title='bbox 1100 512 1268 548; x_wconf 81' lang='lat' dir='ltr'><strong>prophetica</strong></span> <span class='ocrx_word' id='word_1_416' title='bbox 1292 512 1387 548; x_wconf 84' lang='lat' dir='ltr'><strong>gratia</strong></span> <span class='ocrx_word' id='word_1_417' title='bbox 1408 512 1454 540; x_wconf 88' lang='lat' dir='ltr'><strong>bis</strong></span> <span class='ocrx_word' id='word_1_418' title='bbox 1479 514 1622 540; x_wconf 85' lang='lat' dir='ltr'><strong>mutatam</strong></span> <span class='ocrx_word' id='word_1_419' title='bbox 1647 519 1712 540; x_wconf 89' lang='lat' dir='ltr'><strong>esse</strong></span> <span class='ocrx_word' id='word_1_420' title='bbox 1728 513 1814 539; x_wconf 84' lang='lat' dir='ltr'><strong>natu~</strong></span> 
     </span>
    </p>
   </div>
   <div class='ocr_carea' id='block_1_57' title="bbox 988 555 1815 594">
    <p class='ocr_par' dir='ltr' id='par_1_57' title="bbox 988 555 1815 594">
     <span class='ocr_line' id='line_1_57' title="bbox 988 555 1815 594; baseline -0.001 -10"><span class='ocrx_word' id='word_1_421' title='bbox 988 564 1062 591; x_wconf 88' lang='lat' dir='ltr'><strong>ram,</strong></span> <span class='ocrx_word' id='word_1_422' title='bbox 1080 559 1108 584; x_wconf 92' lang='lat' dir='ltr'><strong>et</strong></span> <span class='ocrx_word' id='word_1_423' title='bbox 1122 556 1278 592; x_wconf 87' lang='lat' dir='ltr'><strong>serpentis,</strong></span> <span class='ocrx_word' id='word_1_424' title='bbox 1295 559 1323 584; x_wconf 91' lang='lat' dir='ltr'><strong>et</strong></span> <span class='ocrx_word' id='word_1_425' title='bbox 1338 557 1424 594; x_wconf 78' lang='lat' dir='ltr'><strong>virgea</strong></span> <span class='ocrx_word' id='word_1_426' title='bbox 1435 556 1449 584; x_wconf 75' lang='lat' dir='ltr'><strong>‘I</strong></span> <span class='ocrx_word' id='word_1_427' title='bbox 1461 556 1624 585; x_wconf 89' lang='lat' dir='ltr'><strong>Currebant</strong></span> <span class='ocrx_word' id='word_1_428' title='bbox 1637 556 1751 592; x_wconf 72' lang='lat' dir='ltr'><strong>[Egypti</strong></span> <span class='ocrx_word' id='word_1_429' title='bbox 1763 555 1815 583; x_wconf 83' lang='lat' dir='ltr'><strong>ﬂu-</strong></span> 
     </span>
    </p>
   </div>
   <div class='ocr_carea' id='block_1_58' title="bbox 988 600 1813 637">
    <p class='ocr_par' dir='ltr' id='par_1_58' title="bbox 988 600 1813 637">
     <span class='ocr_line' id='line_1_58' title="bbox 988 600 1813 637; baseline 0.001 -10"><span class='ocrx_word' id='word_1_430' title='bbox 988 600 1070 628; x_wconf 89' lang='lat' dir='ltr'><strong>mina</strong></span> <span class='ocrx_word' id='word_1_431' title='bbox 1084 609 1156 636; x_wconf 92' lang='lat' dir='ltr'><strong>puro</strong></span> <span class='ocrx_word' id='word_1_432' title='bbox 1172 609 1316 637; x_wconf 85' lang='lat' dir='ltr'><strong>aquarum</strong></span> <span class='ocrx_word' id='word_1_433' title='bbox 1333 604 1443 635; x_wconf 88' lang='lat' dir='ltr'><strong>meatu,</strong></span> <span class='ocrx_word' id='word_1_434' title='bbox 1459 601 1557 629; x_wconf 89' lang='lat' dir='ltr'><strong>subito</strong></span> <span class='ocrx_word' id='word_1_435' title='bbox 1577 601 1613 629; x_wconf 90' lang='lat' dir='ltr'><strong>de</strong></span> <span class='ocrx_word' id='word_1_436' title='bbox 1628 600 1750 628; x_wconf 84' lang='lat' dir='ltr'><strong>fontium</strong></span> <span class='ocrx_word' id='word_1_437' title='bbox 1764 607 1813 628; x_wconf 89' lang='lat' dir='ltr'><strong>ve-</strong></span> 
     </span>
    </p>
   </div>
   <div class='ocr_carea' id='block_1_59' title="bbox 988 643 1812 687">
    <p class='ocr_par' dir='ltr' id='par_1_59' title="bbox 988 643 1812 687">
     <span class='ocr_line' id='line_1_59' title="bbox 988 643 1812 687; baseline 0 -15"><span class='ocrx_word' id='word_1_438' title='bbox 988 645 1033 673; x_wconf 85' lang='lat' dir='ltr'><strong>nis</strong></span> <span class='ocrx_word' id='word_1_439' title='bbox 1049 646 1169 681; x_wconf 79' lang='lat' dir='ltr'><strong>sanguis</strong></span> <span class='ocrx_word' id='word_1_440' title='bbox 1194 646 1282 682; x_wconf 75' lang='lat' dir='ltr'><strong>ccepit</strong></span> <span class='ocrx_word' id='word_1_441' title='bbox 1308 654 1460 682; x_wconf 88' lang='lat' dir='ltr'><strong>erumpere</strong></span> <span class='ocrx_word' id='word_1_442' title='bbox 1483 653 1565 673; x_wconf 88' lang='lat' dir='ltr'><strong>:non</strong></span> <span class='ocrx_word' id='word_1_443' title='bbox 1589 647 1652 673; x_wconf 87' lang='lat' dir='ltr'><strong>erat</strong></span> <span class='ocrx_word' id='word_1_444' title='bbox 1675 646 1762 680; x_wconf 90' lang='lat' dir='ltr'><strong>potus</strong></span> <span class='ocrx_word' id='word_1_445' title='bbox 1781 643 1812 687; x_wconf 68' lang='lat' dir='ltr'><strong>ip</strong></span> 
     </span>
    </p>
   </div>
   <div class='ocr_carea' id='block_1_60' title="bbox 987 688 1814 726">
    <p class='ocr_par' dir='ltr' id='par_1_60' title="bbox 987 688 1814 726">
     <span class='ocr_line' id='line_1_60' title="bbox 987 688 1814 726; baseline -0.002 -8"><span class='ocrx_word' id='word_1_446' title='bbox 987 690 1095 718; x_wconf 86' lang='lat' dir='ltr'><strong>ﬂuviis.</strong></span> <span class='ocrx_word' id='word_1_447' title='bbox 1112 690 1226 718; x_wconf 82' lang='lat' dir='ltr'><strong>Rursus</strong></span> <span class='ocrx_word' id='word_1_448' title='bbox 1242 691 1277 718; x_wconf 90' lang='lat' dir='ltr'><strong>ad</strong></span> <span class='ocrx_word' id='word_1_449' title='bbox 1303 690 1450 726; x_wconf 73' lang='lat' dir='ltr'><strong>prophetae</strong></span> <span class='ocrx_word' id='word_1_450' title='bbox 1467 698 1568 726; x_wconf 88' lang='lat' dir='ltr'><strong>preces</strong></span> <span class='ocrx_word' id='word_1_451' title='bbox 1583 698 1670 718; x_wconf 89' lang='lat' dir='ltr'><strong>cruor</strong></span> <span class='ocrx_word' id='word_1_452' title='bbox 1688 688 1814 717; x_wconf 85' lang='lat' dir='ltr'><strong>cessavit</strong></span> 
     </span>
    </p>
   </div>
   <div class='ocr_carea' id='block_1_61' title="bbox 987 732 1814 770">
    <p class='ocr_par' dir='ltr' id='par_1_61' title="bbox 987 732 1814 770">
     <span class='ocr_line' id='line_1_61' title="bbox 987 732 1814 770; baseline -0.002 -8"><span class='ocrx_word' id='word_1_453' title='bbox 987 734 1154 767; x_wconf 91' lang='lat' dir='ltr'><strong>ﬂuminum,</strong></span> <span class='ocrx_word' id='word_1_454' title='bbox 1171 743 1315 770; x_wconf 82' lang='lat' dir='ltr'><strong>aquarum</strong></span> <span class='ocrx_word' id='word_1_455' title='bbox 1331 738 1436 762; x_wconf 88' lang='lat' dir='ltr'><strong>natura</strong></span> <span class='ocrx_word' id='word_1_456' title='bbox 1463 734 1613 762; x_wconf 86' lang='lat' dir='ltr'><strong>remeavit.</strong></span> <span class='ocrx_word' id='word_1_457' title='bbox 1630 732 1814 762; x_wconf 88' lang='lat' dir='ltr'><strong>Circumclu-</strong></span> 
     </span>
    </p>
   </div>
   <div class='ocr_carea' id='block_1_62' title="bbox 986 778 1812 815">
    <p class='ocr_par' dir='ltr' id='par_1_62' title="bbox 986 778 1812 815">
     <span class='ocr_line' id='line_1_62' title="bbox 986 778 1812 815; baseline -0.001 -9"><span class='ocrx_word' id='word_1_458' title='bbox 986 787 1039 806; x_wconf 81' lang='lat' dir='ltr'><strong>sua</strong></span> <span class='ocrx_word' id='word_1_459' title='bbox 1054 781 1116 807; x_wconf 89' lang='lat' dir='ltr'><strong>erat</strong></span> <span class='ocrx_word' id='word_1_460' title='bbox 1131 779 1261 815; x_wconf 89' lang='lat' dir='ltr'><strong>undique</strong></span> <span class='ocrx_word' id='word_1_461' title='bbox 1276 778 1403 815; x_wconf 87' lang='lat' dir='ltr'><strong>populus</strong></span> <span class='ocrx_word' id='word_1_462' title='bbox 1418 779 1617 812; x_wconf 65' lang='lat' dir='ltr'><strong>Hebraeorum,</strong></span> <span class='ocrx_word' id='word_1_463' title='bbox 1643 778 1712 806; x_wconf 85' lang='lat' dir='ltr'><strong>hinc</strong></span> <span class='ocrx_word' id='word_1_464' title='bbox 1726 778 1812 813; x_wconf 68' lang='lat' dir='ltr'><strong>Egy-</strong></span> 
     </span>
    </p>
   </div>
   <div class='ocr_carea' id='block_1_63' title="bbox 987 820 1813 859">
    <p class='ocr_par' dir='ltr' id='par_1_63' title="bbox 987 820 1813 859">
     <span class='ocr_line' id='line_1_63' title="bbox 987 820 1813 859; baseline 0 -9"><span class='ocrx_word' id='word_1_465' title='bbox 987 823 1056 859; x_wconf 86' lang='lat' dir='ltr'><strong>ptiis</strong></span> <span class='ocrx_word' id='word_1_466' title='bbox 1067 822 1204 857; x_wconf 85' lang='lat' dir='ltr'><strong>vallatus,</strong></span> <span class='ocrx_word' id='word_1_467' title='bbox 1220 823 1288 851; x_wconf 91' lang='lat' dir='ltr'><strong>inde</strong></span> <span class='ocrx_word' id='word_1_468' title='bbox 1303 823 1377 851; x_wconf 90' lang='lat' dir='ltr'><strong>mari</strong></span> <span class='ocrx_word' id='word_1_469' title='bbox 1392 823 1559 852; x_wconf 86' lang='lat' dir='ltr'><strong>conclusus.</strong></span> <span class='ocrx_word' id='word_1_470' title='bbox 1571 823 1690 859; x_wconf 87' lang='lat' dir='ltr'><strong>Virgam</strong></span> <span class='ocrx_word' id='word_1_471' title='bbox 1706 820 1813 850; x_wconf 82' lang='lat' dir='ltr'><strong>levavit</strong></span> 
     </span>
    </p>
   </div>
   <div class='ocr_carea' id='block_1_64' title="bbox 987 866 1813 904">
    <p class='ocr_par' dir='ltr' id='par_1_64' title="bbox 987 866 1813 904">
     <span class='ocr_line' id='line_1_64' title="bbox 987 866 1813 904; baseline -0.002 -9"><span class='ocrx_word' id='word_1_472' title='bbox 987 868 1113 903; x_wconf 87' lang='lat' dir='ltr'><strong>Moyses,</strong></span> <span class='ocrx_word' id='word_1_473' title='bbox 1137 868 1283 904; x_wconf 87' lang='lat' dir='ltr'><strong>separavit</strong></span> <span class='ocrx_word' id='word_1_474' title='bbox 1298 876 1329 896; x_wconf 87' lang='lat' dir='ltr'><strong>se</strong></span> <span class='ocrx_word' id='word_1_475' title='bbox 1353 876 1442 904; x_wconf 88' lang='lat' dir='ltr'><strong>aqua,</strong></span> <span class='ocrx_word' id='word_1_476' title='bbox 1455 868 1526 896; x_wconf 88' lang='lat' dir='ltr'><strong>etin</strong></span> <span class='ocrx_word' id='word_1_477' title='bbox 1547 875 1698 896; x_wconf 90' lang='lat' dir='ltr'><strong>murorum</strong></span> <span class='ocrx_word' id='word_1_478' title='bbox 1714 866 1813 903; x_wconf 88' lang='lat' dir='ltr'><strong>specie</strong></span> 
     </span>
    </p>
   </div>
   <div class='ocr_carea' id='block_1_65' title="bbox 987 911 1811 948">
    <p class='ocr_par' dir='ltr' id='par_1_65' title="bbox 987 911 1811 948">
     <span class='ocr_line' id='line_1_65' title="bbox 987 911 1811 948; baseline -0.001 -8"><span class='ocrx_word' id='word_1_479' title='bbox 987 911 1163 948; x_wconf 84' lang='lat' dir='ltr'><strong>congelavit,</strong></span> <span class='ocrx_word' id='word_1_480' title='bbox 1181 914 1268 948; x_wconf 87' lang='lat' dir='ltr'><strong>atque</strong></span> <span class='ocrx_word' id='word_1_481' title='bbox 1292 912 1369 940; x_wconf 88' lang='lat' dir='ltr'><strong>inter</strong></span> <span class='ocrx_word' id='word_1_482' title='bbox 1382 913 1477 941; x_wconf 87' lang='lat' dir='ltr'><strong>undas</strong></span> <span class='ocrx_word' id='word_1_483' title='bbox 1491 912 1538 941; x_wconf 85' lang='lat' dir='ltr'><strong>via</strong></span> <span class='ocrx_word' id='word_1_484' title='bbox 1561 912 1705 948; x_wconf 84' lang='lat' dir='ltr'><strong>pedestris</strong></span> <span class='ocrx_word' id='word_1_485' title='bbox 1719 919 1811 948; x_wconf 89' lang='lat' dir='ltr'><strong>appa-</strong></span> 
     </span>
    </p>
   </div>
   <div class='ocr_carea' id='block_1_66' title="bbox 986 957 1811 993">
    <p class='ocr_par' dir='ltr' id='par_1_66' title="bbox 986 957 1811 993">
     <span class='ocr_line' id='line_1_66' title="bbox 986 957 1811 993; baseline -0.001 -8"><span class='ocrx_word' id='word_1_486' title='bbox 986 957 1197 985; x_wconf 83' lang='lat' dir='ltr'><strong>ruit.Jordanis</strong></span> <span class='ocrx_word' id='word_1_487' title='bbox 1212 960 1373 986; x_wconf 89' lang='lat' dir='ltr'><strong>retrorsum</strong></span> <span class='ocrx_word' id='word_1_488' title='bbox 1388 960 1663 993; x_wconf 86' lang='lat' dir='ltr'><strong>conversus,contra</strong></span> <span class='ocrx_word' id='word_1_489' title='bbox 1674 959 1811 985; x_wconf 87' lang='lat' dir='ltr'><strong>naturam</strong></span> 
     </span>
    </p>
   </div>
   <div class='ocr_carea' id='block_1_67' title="bbox 985 1001 1810 1030">
    <p class='ocr_par' dir='ltr' id='par_1_67' title="bbox 985 1001 1810 1030">
     <span class='ocr_line' id='line_1_67' title="bbox 985 1001 1810 1030; baseline -0.002 0"><span class='ocrx_word' id='word_1_490' title='bbox 985 1002 1015 1030; x_wconf 92' lang='lat' dir='ltr'><strong>in</strong></span> <span class='ocrx_word' id='word_1_491' title='bbox 1031 1002 1077 1030; x_wconf 90' lang='lat' dir='ltr'><strong>sui</strong></span> <span class='ocrx_word' id='word_1_492' title='bbox 1092 1002 1181 1030; x_wconf 81' lang='lat' dir='ltr'><strong>fontis</strong></span> <span class='ocrx_word' id='word_1_493' title='bbox 1206 1002 1383 1030; x_wconf 86' lang='lat' dir='ltr'><strong>convertitur</strong></span> <span class='ocrx_word' id='word_1_494' title='bbox 1403 1002 1565 1030; x_wconf 80' lang='lat' dir='ltr'><strong>exordium.</strong></span> <span class='ocrx_word' id='word_1_495' title='bbox 1593 1004 1695 1030; x_wconf 82' lang='lat' dir='ltr'><strong>Nonne</strong></span> <span class='ocrx_word' id='word_1_496' title='bbox 1719 1001 1810 1029; x_wconf 87' lang='lat' dir='ltr'><strong>claret</strong></span> 
     </span>
    </p>
   </div>
   <div class='ocr_carea' id='block_1_68' title="bbox 984 1045 1809 1082">
    <p class='ocr_par' dir='ltr' id='par_1_68' title="bbox 984 1045 1809 1082">
     <span class='ocr_line' id='line_1_68' title="bbox 984 1045 1809 1082; baseline -0.002 -7"><span class='ocrx_word' id='word_1_497' title='bbox 984 1049 1122 1075; x_wconf 87' lang='lat' dir='ltr'><strong>naturam</strong></span> <span class='ocrx_word' id='word_1_498' title='bbox 1136 1046 1180 1074; x_wconf 89' lang='lat' dir='ltr'><strong>vel</strong></span> <span class='ocrx_word' id='word_1_499' title='bbox 1206 1047 1422 1075; x_wconf 82' lang='lat' dir='ltr'><strong>maritimorum</strong></span> <span class='ocrx_word' id='word_1_500' title='bbox 1447 1047 1602 1082; x_wconf 86' lang='lat' dir='ltr'><strong>ﬂuctuum,</strong></span> <span class='ocrx_word' id='word_1_501' title='bbox 1617 1046 1662 1075; x_wconf 86' lang='lat' dir='ltr'><strong>vel</strong></span> <span class='ocrx_word' id='word_1_502' title='bbox 1683 1045 1809 1074; x_wconf 87' lang='lat' dir='ltr'><strong>ﬂuvialis</strong></span> 
     </span>
    </p>
   </div>
   <div class='ocr_carea' id='block_1_69' title="bbox 984 1091 1808 1128">
    <p class='ocr_par' dir='ltr' id='par_1_69' title="bbox 984 1091 1808 1128">
     <span class='ocr_line' id='line_1_69' title="bbox 984 1091 1808 1128; baseline -0.002 -8"><span class='ocrx_word' id='word_1_503' title='bbox 984 1100 1090 1120; x_wconf 88' lang='lat' dir='ltr'><strong>cursus</strong></span> <span class='ocrx_word' id='word_1_504' title='bbox 1114 1100 1178 1120; x_wconf 87' lang='lat' dir='ltr'><strong>esse</strong></span> <span class='ocrx_word' id='word_1_505' title='bbox 1203 1094 1347 1120; x_wconf 88' lang='lat' dir='ltr'><strong>mutatam</strong></span> <span class='ocrx_word' id='word_1_506' title='bbox 1360 1092 1373 1119; x_wconf 71' lang='grc' dir='ltr'>Τ</span> <span class='ocrx_word' id='word_1_507' title='bbox 1388 1092 1511 1120; x_wconf 88' lang='lat' dir='ltr'><strong>Sitiehat</strong></span> <span class='ocrx_word' id='word_1_508' title='bbox 1536 1091 1663 1128; x_wconf 90' lang='lat' dir='ltr'><strong>populus</strong></span> <span class='ocrx_word' id='word_1_509' title='bbox 1678 1093 1808 1128; x_wconf 85' lang='lat' dir='ltr'><strong>patrum,</strong></span> 
     </span>
    </p>
   </div>
   <div class='ocr_carea' id='block_1_70' title="bbox 985 1135 1809 1173">
    <p class='ocr_par' dir='ltr' id='par_1_70' title="bbox 985 1135 1809 1173">
     <span class='ocr_line' id='line_1_70' title="bbox 985 1135 1809 1173; baseline -0.001 -9"><span class='ocrx_word' id='word_1_510' title='bbox 985 1136 1080 1172; x_wconf 84' lang='lat' dir='ltr'><strong>tetigit</strong></span> <span class='ocrx_word' id='word_1_511' title='bbox 1093 1136 1208 1172; x_wconf 89' lang='lat' dir='ltr'><strong>Moyses</strong></span> <span class='ocrx_word' id='word_1_512' title='bbox 1222 1138 1381 1173; x_wconf 86' lang='lat' dir='ltr'><strong>petram,et</strong></span> <span class='ocrx_word' id='word_1_513' title='bbox 1396 1144 1473 1172; x_wconf 82' lang='lat' dir='ltr'><strong>aqua</strong></span> <span class='ocrx_word' id='word_1_514' title='bbox 1487 1137 1522 1164; x_wconf 89' lang='lat' dir='ltr'><strong>de</strong></span> <span class='ocrx_word' id='word_1_515' title='bbox 1538 1138 1621 1172; x_wconf 90' lang='lat' dir='ltr'><strong>petra</strong></span> <span class='ocrx_word' id='word_1_516' title='bbox 1635 1135 1809 1164; x_wconf 82' lang='lat' dir='ltr'><strong>ﬂuxit.Nun-</strong></span> 
     </span>
    </p>
   </div>
   <div class='ocr_carea' id='block_1_71' title="bbox 983 1180 1809 1217">
    <p class='ocr_par' dir='ltr' id='par_1_71' title="bbox 983 1180 1809 1217">
     <span class='ocr_line' id='line_1_71' title="bbox 983 1180 1809 1217; baseline -0.001 -9"><span class='ocrx_word' id='word_1_517' title='bbox 983 1181 1055 1216; x_wconf 91' lang='lat' dir='ltr'><strong>quid</strong></span> <span class='ocrx_word' id='word_1_518' title='bbox 1071 1189 1129 1209; x_wconf 91' lang='lat' dir='ltr'><strong>non</strong></span> <span class='ocrx_word' id='word_1_519' title='bbox 1154 1183 1259 1217; x_wconf 60' lang='lat' dir='ltr'><strong>praeter</strong></span> <span class='ocrx_word' id='word_1_520' title='bbox 1283 1183 1419 1210; x_wconf 86' lang='lat' dir='ltr'><strong>naturam</strong></span> <span class='ocrx_word' id='word_1_521' title='bbox 1444 1182 1563 1217; x_wconf 84' lang='lat' dir='ltr'><strong>operata</strong></span> <span class='ocrx_word' id='word_1_522' title='bbox 1586 1182 1632 1209; x_wconf 88' lang='lat' dir='ltr'><strong>est</strong></span> <span class='ocrx_word' id='word_1_523' title='bbox 1655 1180 1760 1217; x_wconf 87' lang='lat' dir='ltr'><strong>gratia,</strong></span> <span class='ocrx_word' id='word_1_524' title='bbox 1776 1181 1809 1207; x_wconf 89' lang='lat' dir='ltr'><strong>ut</strong></span> 
     </span>
    </p>
   </div>
   <div class='ocr_carea' id='block_1_72' title="bbox 982 1224 1809 1261">
    <p class='ocr_par' dir='ltr' id='par_1_72' title="bbox 982 1224 1809 1261">
     <span class='ocr_line' id='line_1_72' title="bbox 982 1224 1809 1261; baseline -0.001 -8"><span class='ocrx_word' id='word_1_525' title='bbox 982 1233 1090 1261; x_wconf 83' lang='lat' dir='ltr'><strong>aquam</strong></span> <span class='ocrx_word' id='word_1_526' title='bbox 1114 1227 1246 1253; x_wconf 88' lang='lat' dir='ltr'><strong>vomeret</strong></span> <span class='ocrx_word' id='word_1_527' title='bbox 1261 1233 1348 1261; x_wconf 86' lang='lat' dir='ltr'><strong>quam</strong></span> <span class='ocrx_word' id='word_1_528' title='bbox 1363 1234 1421 1253; x_wconf 90' lang='lat' dir='ltr'><strong>non</strong></span> <span class='ocrx_word' id='word_1_529' title='bbox 1442 1225 1569 1254; x_wconf 86' lang='lat' dir='ltr'><strong>habebat</strong></span> <span class='ocrx_word' id='word_1_530' title='bbox 1584 1226 1712 1253; x_wconf 74' lang='lat' dir='ltr'><strong>natura?</strong></span> <span class='ocrx_word' id='word_1_531' title='bbox 1728 1224 1809 1252; x_wconf 75' lang='lat' dir='ltr'><strong>Mare</strong></span> 
     </span>
    </p>
   </div>
   <div class='ocr_carea' id='block_1_73' title="bbox 982 1268 1809 1305">
    <p class='ocr_par' dir='ltr' id='par_1_73' title="bbox 982 1268 1809 1305">
     <span class='ocr_line' id='line_1_73' title="bbox 982 1268 1809 1305; baseline -0.002 -8"><span class='ocrx_word' id='word_1_532' title='bbox 982 1270 1088 1297; x_wconf 89' lang='lat' dir='ltr'><strong>ﬂuvius</strong></span> <span class='ocrx_word' id='word_1_533' title='bbox 1103 1271 1165 1297; x_wconf 87' lang='lat' dir='ltr'><strong>erat</strong></span> <span class='ocrx_word' id='word_1_534' title='bbox 1180 1268 1434 1303; x_wconf 84' lang='lat' dir='ltr'><strong>amarissimus,ut</strong></span> <span class='ocrx_word' id='word_1_535' title='bbox 1448 1269 1551 1297; x_wconf 85' lang='lat' dir='ltr'><strong>sitiens</strong></span> <span class='ocrx_word' id='word_1_536' title='bbox 1568 1269 1694 1305; x_wconf 85' lang='lat' dir='ltr'><strong>populus</strong></span> <span class='ocrx_word' id='word_1_537' title='bbox 1709 1268 1809 1297; x_wconf 85' lang='lat' dir='ltr'><strong>bibere</strong></span> 
     </span>
    </p>
   </div>
   <div class='ocr_carea' id='block_1_74' title="bbox 982 1312 1807 1350">
    <p class='ocr_par' dir='ltr' id='par_1_74' title="bbox 982 1312 1807 1350">
     <span class='ocr_line' id='line_1_74' title="bbox 982 1312 1807 1350; baseline -0.001 -9"><span class='ocrx_word' id='word_1_538' title='bbox 982 1322 1041 1341; x_wconf 91' lang='lat' dir='ltr'><strong>non</strong></span> <span class='ocrx_word' id='word_1_539' title='bbox 1066 1316 1166 1350; x_wconf 84' lang='lat' dir='ltr'><strong>posset</strong></span> <span class='ocrx_word' id='word_1_540' title='bbox 1193 1313 1293 1349; x_wconf 73' lang='lat' dir='ltr'><strong>(Exod.</strong></span> <span class='ocrx_word' id='word_1_541' title='bbox 1314 1313 1372 1349; x_wconf 83' lang='lat' dir='ltr'><strong>xv).</strong></span> <span class='ocrx_word' id='word_1_542' title='bbox 1396 1313 1478 1341; x_wconf 88' lang='lat' dir='ltr'><strong>Misit</strong></span> <span class='ocrx_word' id='word_1_543' title='bbox 1500 1313 1614 1350; x_wconf 80' lang='lat' dir='ltr'><strong>Moyses</strong></span> <span class='ocrx_word' id='word_1_544' title='bbox 1639 1313 1753 1349; x_wconf 87' lang='lat' dir='ltr'><strong>lignum</strong></span> <span class='ocrx_word' id='word_1_545' title='bbox 1776 1312 1807 1340; x_wconf 88' lang='lat' dir='ltr'><strong>in</strong></span> 
     </span>
    </p>
   </div>
   <div class='ocr_carea' id='block_1_75' title="bbox 981 1357 1809 1394">
    <p class='ocr_par' dir='ltr' id='par_1_75' title="bbox 981 1357 1809 1394">
     <span class='ocr_line' id='line_1_75' title="bbox 981 1357 1809 1394; baseline -0.002 -8"><span class='ocrx_word' id='word_1_546' title='bbox 981 1366 1100 1394; x_wconf 85' lang='lat' dir='ltr'><strong>aquam,</strong></span> <span class='ocrx_word' id='word_1_547' title='bbox 1116 1360 1145 1386; x_wconf 85' lang='lat' dir='ltr'><strong>et</strong></span> <span class='ocrx_word' id='word_1_548' title='bbox 1172 1357 1401 1386; x_wconf 87' lang='lat' dir='ltr'><strong>amaritudinem</strong></span> <span class='ocrx_word' id='word_1_549' title='bbox 1430 1366 1511 1386; x_wconf 82' lang='lat' dir='ltr'><strong>suam</strong></span> <span class='ocrx_word' id='word_1_550' title='bbox 1535 1366 1678 1393; x_wconf 85' lang='lat' dir='ltr'><strong>aquarum</strong></span> <span class='ocrx_word' id='word_1_551' title='bbox 1703 1359 1809 1385; x_wconf 89' lang='lat' dir='ltr'><strong>natura</strong></span> 
     </span>
    </p>
   </div>
   <div class='ocr_carea' id='block_1_76' title="bbox 980 1401 1807 1439">
    <p class='ocr_par' dir='ltr' id='par_1_76' title="bbox 980 1401 1807 1439">
     <span class='ocr_line' id='line_1_76' title="bbox 980 1401 1807 1439; baseline -0.001 -9"><span class='ocrx_word' id='word_1_552' title='bbox 980 1402 1127 1438; x_wconf 85' lang='lat' dir='ltr'><strong>deposuit,</strong></span> <span class='ocrx_word' id='word_1_553' title='bbox 1144 1410 1233 1438; x_wconf 89' lang='lat' dir='ltr'><strong>quam</strong></span> <span class='ocrx_word' id='word_1_554' title='bbox 1260 1402 1359 1430; x_wconf 82' lang='lat' dir='ltr'><strong>infusa</strong></span> <span class='ocrx_word' id='word_1_555' title='bbox 1385 1402 1484 1430; x_wconf 86' lang='lat' dir='ltr'><strong>subito</strong></span> <span class='ocrx_word' id='word_1_556' title='bbox 1506 1402 1602 1439; x_wconf 85' lang='lat' dir='ltr'><strong>gratia</strong></span> <span class='ocrx_word' id='word_1_557' title='bbox 1622 1401 1807 1437; x_wconf 83' lang='lat' dir='ltr'><strong>temperavit.</strong></span> 
     </span>
    </p>
   </div>
   <div class='ocr_carea' id='block_1_77' title="bbox 980 1445 1808 1483">
    <p class='ocr_par' dir='ltr' id='par_1_77' title="bbox 980 1445 1808 1483">
     <span class='ocr_line' id='line_1_77' title="bbox 980 1445 1808 1483; baseline -0.002 -8"><span class='ocrx_word' id='word_1_558' title='bbox 980 1447 1041 1475; x_wconf 90' lang='lat' dir='ltr'><strong>Sub</strong></span> <span class='ocrx_word' id='word_1_559' title='bbox 1057 1447 1152 1476; x_wconf 85' lang='lat' dir='ltr'><strong>Eliseo</strong></span> <span class='ocrx_word' id='word_1_560' title='bbox 1169 1449 1271 1475; x_wconf 85' lang='lat' dir='ltr'><strong>sancto</strong></span> <span class='ocrx_word' id='word_1_561' title='bbox 1287 1447 1439 1483; x_wconf 88' lang='lat' dir='ltr'><strong>propheta,</strong></span> <span class='ocrx_word' id='word_1_562' title='bbox 1455 1447 1507 1474; x_wconf 93' lang='lat' dir='ltr'><strong>uni</strong></span> <span class='ocrx_word' id='word_1_563' title='bbox 1522 1455 1557 1474; x_wconf 84' lang='lat' dir='ltr'><strong>ex</strong></span> <span class='ocrx_word' id='word_1_564' title='bbox 1569 1446 1638 1474; x_wconf 86' lang='lat' dir='ltr'><strong>ﬁliis</strong></span> <span class='ocrx_word' id='word_1_565' title='bbox 1654 1445 1808 1482; x_wconf 88' lang='lat' dir='ltr'><strong>propheta-</strong></span> 
     </span>
    </p>
   </div>
   <div class='ocr_carea' id='block_1_78' title="bbox 980 1490 1809 1525">
    <p class='ocr_par' dir='ltr' id='par_1_78' title="bbox 980 1490 1809 1525">
     <span class='ocr_line' id='line_1_78' title="bbox 980 1490 1809 1525; baseline -0.002 -5"><span class='ocrx_word' id='word_1_566' title='bbox 980 1500 1047 1520; x_wconf 88' lang='lat' dir='ltr'><strong>rum</strong></span> <span class='ocrx_word' id='word_1_567' title='bbox 1062 1499 1219 1520; x_wconf 82' lang='lat' dir='ltr'><strong>excussum</strong></span> <span class='ocrx_word' id='word_1_568' title='bbox 1235 1493 1277 1519; x_wconf 85' lang='lat' dir='ltr'><strong>est</strong></span> <span class='ocrx_word' id='word_1_569' title='bbox 1292 1491 1402 1520; x_wconf 81' lang='lat' dir='ltr'><strong>ferrum</strong></span> <span class='ocrx_word' id='word_1_570' title='bbox 1418 1492 1453 1519; x_wconf 92' lang='lat' dir='ltr'><strong>de</strong></span> <span class='ocrx_word' id='word_1_571' title='bbox 1466 1491 1605 1525; x_wconf 88' lang='lat' dir='ltr'><strong>securi,et</strong></span> <span class='ocrx_word' id='word_1_572' title='bbox 1614 1490 1715 1519; x_wconf 85' lang='lat' dir='ltr'><strong>statim</strong></span> <span class='ocrx_word' id='word_1_573' title='bbox 1731 1498 1809 1518; x_wconf 91' lang='lat' dir='ltr'><strong>mer-</strong></span> 
     </span>
    </p>
   </div>
   <div class='ocr_carea' id='block_1_79' title="bbox 980 1534 1809 1572">
    <p class='ocr_par' dir='ltr' id='par_1_79' title="bbox 980 1534 1809 1572">
     <span class='ocr_line' id='line_1_79' title="bbox 980 1534 1809 1572; baseline -0.004 -7"><span class='ocrx_word' id='word_1_574' title='bbox 980 1545 1047 1565; x_wconf 90' lang='lat' dir='ltr'><strong>sum</strong></span> <span class='ocrx_word' id='word_1_575' title='bbox 1062 1538 1107 1565; x_wconf 89' lang='lat' dir='ltr'><strong>est</strong></span> <span class='ocrx_word' id='word_1_576' title='bbox 1121 1537 1167 1572; x_wconf 86' lang='lat' dir='ltr'><strong>(IV</strong></span> <span class='ocrx_word' id='word_1_577' title='bbox 1180 1536 1286 1571; x_wconf 81' lang='lat' dir='ltr'><strong>Reg.v1)</strong></span> <span class='ocrx_word' id='word_1_578' title='bbox 1304 1544 1310 1564; x_wconf 92' lang='lat'>:</span> <span class='ocrx_word' id='word_1_579' title='bbox 1329 1535 1443 1572; x_wconf 83' lang='lat' dir='ltr'><strong>rogavit</strong></span> <span class='ocrx_word' id='word_1_580' title='bbox 1457 1535 1588 1564; x_wconf 89' lang='lat' dir='ltr'><strong>Eliseum</strong></span> <span class='ocrx_word' id='word_1_581' title='bbox 1604 1534 1654 1571; x_wconf 87' lang='lat' dir='ltr'><strong>qui</strong></span> <span class='ocrx_word' id='word_1_582' title='bbox 1669 1534 1809 1563; x_wconf 86' lang='lat' dir='ltr'><strong>amiserat</strong></span> 
     </span>
    </p>
   </div>
   <div class='ocr_carea' id='block_1_80' title="bbox 981 1573 1809 1616">
    <p class='ocr_par' dir='ltr' id='par_1_80' title="bbox 981 1573 1809 1616">
     <span class='ocr_line' id='line_1_80' title="bbox 981 1573 1809 1616; baseline -0.004 -6"><span class='ocrx_word' id='word_1_583' title='bbox 981 1573 1101 1613; x_wconf 83' lang='lat' dir='ltr'><strong>ferrum,</strong></span> <span class='ocrx_word' id='word_1_584' title='bbox 1117 1583 1147 1609; x_wconf 88' lang='lat' dir='ltr'><strong>et</strong></span> <span class='ocrx_word' id='word_1_585' title='bbox 1161 1579 1243 1608; x_wconf 88' lang='lat' dir='ltr'><strong>misit</strong></span> <span class='ocrx_word' id='word_1_586' title='bbox 1257 1580 1370 1608; x_wconf 85' lang='lat' dir='ltr'><strong>Eliseus</strong></span> <span class='ocrx_word' id='word_1_587' title='bbox 1385 1580 1501 1616; x_wconf 84' lang='lat' dir='ltr'><strong>lignum</strong></span> <span class='ocrx_word' id='word_1_588' title='bbox 1526 1580 1556 1608; x_wconf 92' lang='lat' dir='ltr'><strong>in</strong></span> <span class='ocrx_word' id='word_1_589' title='bbox 1573 1588 1692 1616; x_wconf 86' lang='lat' dir='ltr'><strong>aquam,</strong></span> <span class='ocrx_word' id='word_1_590' title='bbox 1707 1581 1736 1607; x_wconf 90' lang='lat' dir='ltr'><strong>et</strong></span> <span class='ocrx_word' id='word_1_591' title='bbox 1751 1579 1809 1606; x_wconf 81' lang='lat' dir='ltr'><strong>fer-</strong></span> 
     </span>
    </p>
   </div>
   <div class='ocr_carea' id='block_1_81' title="bbox 980 1624 1808 1661">
    <p class='ocr_par' dir='ltr' id='par_1_81' title="bbox 980 1624 1808 1661">
     <span class='ocr_line' id='line_1_81' title="bbox 980 1624 1808 1661; baseline -0.004 -7"><span class='ocrx_word' id='word_1_592' title='bbox 980 1634 1046 1654; x_wconf 90' lang='lat' dir='ltr'><strong>rum</strong></span> <span class='ocrx_word' id='word_1_593' title='bbox 1062 1625 1181 1654; x_wconf 85' lang='lat' dir='ltr'><strong>natavit.</strong></span> <span class='ocrx_word' id='word_1_594' title='bbox 1194 1624 1300 1661; x_wconf 86' lang='lat' dir='ltr'><strong>Utique</strong></span> <span class='ocrx_word' id='word_1_595' title='bbox 1315 1627 1343 1652; x_wconf 89' lang='lat' dir='ltr'><strong>et</strong></span> <span class='ocrx_word' id='word_1_596' title='bbox 1359 1624 1413 1653; x_wconf 89' lang='lat' dir='ltr'><strong>hoc</strong></span> <span class='ocrx_word' id='word_1_597' title='bbox 1428 1626 1534 1660; x_wconf 72' lang='lat' dir='ltr'><strong>praeter</strong></span> <span class='ocrx_word' id='word_1_598' title='bbox 1546 1626 1682 1652; x_wconf 87' lang='lat' dir='ltr'><strong>naturam</strong></span> <span class='ocrx_word' id='word_1_599' title='bbox 1699 1624 1808 1651; x_wconf 84' lang='lat' dir='ltr'><strong>factum</strong></span> 
     </span>
    </p>
   </div>
   <div class='ocr_carea' id='block_1_82' title="bbox 980 1668 1809 1707">
    <p class='ocr_par' dir='ltr' id='par_1_82' title="bbox 980 1668 1809 1707">
     <span class='ocr_line' id='line_1_82' title="bbox 980 1668 1809 1707; baseline -0.005 -8"><span class='ocrx_word' id='word_1_600' title='bbox 980 1670 1170 1707; x_wconf 85' lang='lat' dir='ltr'><strong>agnoscimus</strong></span> <span class='ocrx_word' id='word_1_601' title='bbox 1186 1678 1193 1697; x_wconf 88' lang='lat'><strong>:</strong></span> <span class='ocrx_word' id='word_1_602' title='bbox 1209 1669 1325 1706; x_wconf 84' lang='lat' dir='ltr'><strong>gravior</strong></span> <span class='ocrx_word' id='word_1_603' title='bbox 1339 1671 1384 1697; x_wconf 89' lang='lat' dir='ltr'><strong>est</strong></span> <span class='ocrx_word' id='word_1_604' title='bbox 1399 1669 1478 1697; x_wconf 91' lang='lat' dir='ltr'><strong>enim</strong></span> <span class='ocrx_word' id='word_1_605' title='bbox 1495 1669 1563 1697; x_wconf 85' lang='lat' dir='ltr'><strong>ferri</strong></span> <span class='ocrx_word' id='word_1_606' title='bbox 1578 1668 1702 1705; x_wconf 82' lang='lat' dir='ltr'><strong>species,</strong></span> <span class='ocrx_word' id='word_1_607' title='bbox 1719 1676 1809 1704; x_wconf 88' lang='lat' dir='ltr'><strong>quam</strong></span> 
     </span>
    </p>
   </div>
   <div class='ocr_carea' id='block_1_83' title="bbox 981 1713 1809 1752">
    <p class='ocr_par' dir='ltr' id='par_1_83' title="bbox 981 1713 1809 1752">
     <span class='ocr_line' id='line_1_83' title="bbox 981 1713 1809 1752; baseline -0.004 -9"><span class='ocrx_word' id='word_1_608' title='bbox 981 1723 1126 1752; x_wconf 88' lang='lat' dir='ltr'><strong>aquarum</strong></span> <span class='ocrx_word' id='word_1_609' title='bbox 1141 1714 1247 1750; x_wconf 88' lang='lat' dir='ltr'><strong>liquor.</strong></span> <span class='ocrx_word' id='word_1_610' title='bbox 1262 1714 1452 1742; x_wconf 86' lang='lat' dir='ltr'><strong>Advertimus</strong></span> <span class='ocrx_word' id='word_1_611' title='bbox 1468 1713 1559 1750; x_wconf 80' lang='lat' dir='ltr'><strong>igitur</strong></span> <span class='ocrx_word' id='word_1_612' title='bbox 1584 1714 1725 1749; x_wconf 85' lang='lat' dir='ltr'><strong>majorem</strong></span> <span class='ocrx_word' id='word_1_613' title='bbox 1744 1719 1809 1740; x_wconf 88' lang='lat' dir='ltr'><strong>esse</strong></span> 
     </span>
    </p>
   </div>
   <div class='ocr_carea' id='block_1_84' title="bbox 980 1756 1808 1796">
    <p class='ocr_par' dir='ltr' id='par_1_84' title="bbox 980 1756 1808 1796">
     <span class='ocr_line' id='line_1_84' title="bbox 980 1756 1808 1796; baseline -0.004 -8"><span class='ocrx_word' id='word_1_614' title='bbox 980 1760 1107 1796; x_wconf 79' lang='lat' dir='ltr'><strong>gratiam</strong></span> <span class='ocrx_word' id='word_1_615' title='bbox 1122 1767 1211 1795; x_wconf 89' lang='lat' dir='ltr'><strong>quam</strong></span> <span class='ocrx_word' id='word_1_616' title='bbox 1229 1760 1385 1794; x_wconf 86' lang='lat' dir='ltr'><strong>naturam;</strong></span> <span class='ocrx_word' id='word_1_617' title='bbox 1402 1760 1431 1786; x_wconf 86' lang='lat' dir='ltr'><strong>et</strong></span> <span class='ocrx_word' id='word_1_618' title='bbox 1447 1758 1543 1786; x_wconf 80' lang='lat' dir='ltr'><strong>adhuc</strong></span> <span class='ocrx_word' id='word_1_619' title='bbox 1558 1757 1735 1794; x_wconf 70' lang='lat' dir='ltr'><strong>prophetica</strong></span> <span class='ocrx_word' id='word_1_620' title='bbox 1760 1756 1808 1785; x_wconf 87' lang='lat' dir='ltr'><strong>be-</strong></span> 
     </span>
    </p>
   </div>
   <div class='ocr_carea' id='block_1_85' title="bbox 981 1802 1809 1839">
    <p class='ocr_par' dir='ltr' id='par_1_85' title="bbox 981 1802 1809 1839">
     <span class='ocr_line' id='line_1_85' title="bbox 981 1802 1809 1839; baseline -0.004 -7"><span class='ocrx_word' id='word_1_621' title='bbox 981 1804 1157 1832; x_wconf 85' lang='lat' dir='ltr'><strong>nedictionis</strong></span> <span class='ocrx_word' id='word_1_622' title='bbox 1171 1803 1281 1839; x_wconf 86' lang='lat' dir='ltr'><strong>gratias</strong></span> <span class='ocrx_word' id='word_1_623' title='bbox 1304 1811 1496 1831; x_wconf 83' lang='lat' dir='ltr'><strong>numeramus</strong></span> <span class='ocrx_word' id='word_1_624' title='bbox 1511 1803 1558 1837; x_wconf 85' lang='lat' dir='ltr'><strong>(IV</strong></span> <span class='ocrx_word' id='word_1_625' title='bbox 1578 1803 1643 1837; x_wconf 80' lang='lat' dir='ltr'><strong>Reg.</strong></span> <span class='ocrx_word' id='word_1_626' title='bbox 1658 1802 1690 1837; x_wconf 76' lang='grc' dir='ltr'><strong>ι).</strong></span> <span class='ocrx_word' id='word_1_627' title='bbox 1706 1802 1764 1830; x_wconf 83' lang='lat' dir='ltr'><strong>Lib.</strong></span> <span class='ocrx_word' id='word_1_628' title='bbox 1780 1809 1809 1829; x_wconf 82' lang='grc' dir='ltr'><strong>ιν</strong></span> 
     </span>
    </p>
   </div>
   <div class='ocr_carea' id='block_1_86' title="bbox 981 1846 1808 1883">
    <p class='ocr_par' dir='ltr' id='par_1_86' title="bbox 981 1846 1808 1883">
     <span class='ocr_line' id='line_1_86' title="bbox 981 1846 1808 1883; baseline -0.004 -6"><span class='ocrx_word' id='word_1_629' title='bbox 981 1849 1104 1882; x_wconf 67' lang='lat' dir='ltr'><strong>Senum,</strong></span> <span class='ocrx_word' id='word_1_630' title='bbox 1119 1848 1171 1876; x_wconf 82' lang='lat' dir='ltr'><strong>dis.</strong></span> <span class='ocrx_word' id='word_1_631' title='bbox 1189 1848 1232 1883; x_wconf 90' lang='grc'><strong>10,</strong></span> <span class='ocrx_word' id='word_1_632' title='bbox 1248 1847 1401 1883; x_wconf 86' lang='lat' dir='ltr'><strong>§d).0uod</strong></span> <span class='ocrx_word' id='word_1_633' title='bbox 1418 1847 1443 1875; x_wconf 90' lang='lat' dir='ltr'><strong>si</strong></span> <span class='ocrx_word' id='word_1_634' title='bbox 1459 1849 1575 1875; x_wconf 87' lang='lat' dir='ltr'><strong>tantum</strong></span> <span class='ocrx_word' id='word_1_635' title='bbox 1592 1846 1684 1874; x_wconf 88' lang='lat' dir='ltr'><strong>valuit</strong></span> <span class='ocrx_word' id='word_1_636' title='bbox 1702 1846 1808 1874; x_wconf 89' lang='lat' dir='ltr'><strong>huma-</strong></span> 
     </span>
    </p>
   </div>
   <div class='ocr_carea' id='block_1_87' title="bbox 980 1890 1807 1927">
    <p class='ocr_par' dir='ltr' id='par_1_87' title="bbox 980 1890 1807 1927">
     <span class='ocr_line' id='line_1_87' title="bbox 980 1890 1807 1927; baseline -0.005 -5"><span class='ocrx_word' id='word_1_637' title='bbox 980 1902 1019 1922; x_wconf 86' lang='lat' dir='ltr'><strong>na</strong></span> <span class='ocrx_word' id='word_1_638' title='bbox 1033 1892 1209 1927; x_wconf 86' lang='lat' dir='ltr'><strong>benedictio,</strong></span> <span class='ocrx_word' id='word_1_639' title='bbox 1223 1894 1255 1919; x_wconf 88' lang='lat' dir='ltr'><strong>ut</strong></span> <span class='ocrx_word' id='word_1_640' title='bbox 1282 1894 1419 1920; x_wconf 86' lang='lat' dir='ltr'><strong>naturam</strong></span> <span class='ocrx_word' id='word_1_641' title='bbox 1434 1893 1569 1925; x_wconf 89' lang='lat' dir='ltr'><strong>verteret,</strong></span> <span class='ocrx_word' id='word_1_642' title='bbox 1586 1891 1655 1927; x_wconf 88' lang='lat' dir='ltr'><strong>quid</strong></span> <span class='ocrx_word' id='word_1_643' title='bbox 1680 1890 1807 1918; x_wconf 87' lang='lat' dir='ltr'><strong>dicimus</strong></span> 
     </span>
    </p>
   </div>
   <div class='ocr_carea' id='block_1_88' title="bbox 981 1935 1807 1974">
    <p class='ocr_par' dir='ltr' id='par_1_88' title="bbox 981 1935 1807 1974">
     <span class='ocr_line' id='line_1_88' title="bbox 981 1935 1807 1974; baseline -0.004 -8"><span class='ocrx_word' id='word_1_644' title='bbox 981 1939 1016 1966; x_wconf 89' lang='lat' dir='ltr'><strong>de</strong></span> <span class='ocrx_word' id='word_1_645' title='bbox 1031 1938 1095 1974; x_wconf 86' lang='lat' dir='ltr'><strong>ipsa</strong></span> <span class='ocrx_word' id='word_1_646' title='bbox 1110 1936 1345 1965; x_wconf 86' lang='lat' dir='ltr'><strong>consideratione</strong></span> <span class='ocrx_word' id='word_1_647' title='bbox 1359 1936 1470 1971; x_wconf 85' lang='lat' dir='ltr'><strong>divina,</strong></span> <span class='ocrx_word' id='word_1_648' title='bbox 1493 1936 1542 1964; x_wconf 93' lang='lat' dir='ltr'><strong>ubi</strong></span> <span class='ocrx_word' id='word_1_649' title='bbox 1566 1936 1655 1963; x_wconf 88' lang='lat' dir='ltr'><strong>verba</strong></span> <span class='ocrx_word' id='word_1_650' title='bbox 1670 1935 1735 1971; x_wconf 85' lang='lat' dir='ltr'><strong>ipsa</strong></span> <span class='ocrx_word' id='word_1_651' title='bbox 1749 1935 1807 1963; x_wconf 93' lang='lat' dir='ltr'><strong>Do-</strong></span> 
     </span>
    </p>
   </div>
   <div class='ocr_carea' id='block_1_89' title="bbox 980 1979 1808 2017">
    <p class='ocr_par' dir='ltr' id='par_1_89' title="bbox 980 1979 1808 2017">
     <span class='ocr_line' id='line_1_89' title="bbox 980 1979 1808 2017; baseline -0.004 -7"><span class='ocrx_word' id='word_1_652' title='bbox 980 1982 1054 2010; x_wconf 89' lang='lat' dir='ltr'><strong>mini</strong></span> <span class='ocrx_word' id='word_1_653' title='bbox 1070 1981 1226 2009; x_wconf 87' lang='lat' dir='ltr'><strong>Salvatoris</strong></span> <span class='ocrx_word' id='word_1_654' title='bbox 1241 1982 1399 2017; x_wconf 85' lang='lat' dir='ltr'><strong>operantur</strong></span> <span class='ocrx_word' id='word_1_655' title='bbox 1412 1980 1426 2008; x_wconf 80' lang='lat' dir='ltr'><strong>‘I</strong></span> <span class='ocrx_word' id='word_1_656' title='bbox 1442 1980 1515 2010; x_wconf 89' lang='lat' dir='ltr'><strong>Nam</strong></span> <span class='ocrx_word' id='word_1_657' title='bbox 1533 1982 1752 2009; x_wconf 84' lang='lat' dir='ltr'><strong>sacramentum</strong></span> <span class='ocrx_word' id='word_1_658' title='bbox 1767 1979 1808 2007; x_wconf 90' lang='lat' dir='ltr'><strong>is-</strong></span> 
     </span>
    </p>
   </div>
   <div class='ocr_carea' id='block_1_90' title="bbox 979 2024 1807 2062">
    <p class='ocr_par' dir='ltr' id='par_1_90' title="bbox 979 2024 1807 2062">
     <span class='ocr_line' id='line_1_90' title="bbox 979 2024 1807 2062; baseline -0.004 -8"><span class='ocrx_word' id='word_1_659' title='bbox 979 2027 1032 2054; x_wconf 87' lang='lat' dir='ltr'><strong>tud</strong></span> <span class='ocrx_word' id='word_1_660' title='bbox 1048 2026 1126 2062; x_wconf 90' lang='lat' dir='ltr'><strong>quod</strong></span> <span class='ocrx_word' id='word_1_661' title='bbox 1142 2025 1262 2062; x_wconf 86' lang='lat' dir='ltr'><strong>accipis,</strong></span> <span class='ocrx_word' id='word_1_662' title='bbox 1279 2025 1386 2053; x_wconf 90' lang='lat' dir='ltr'><strong>Christi</strong></span> <span class='ocrx_word' id='word_1_663' title='bbox 1403 2033 1537 2053; x_wconf 89' lang='lat' dir='ltr'><strong>sermone</strong></span> <span class='ocrx_word' id='word_1_664' title='bbox 1552 2024 1715 2052; x_wconf 82' lang='lat' dir='ltr'><strong>conficitur.</strong></span> <span class='ocrx_word' id='word_1_665' title='bbox 1725 2024 1807 2057; x_wconf 88' lang='lat' dir='ltr'><strong>Quod</strong></span> 
     </span>
    </p>
   </div>
   <div class='ocr_carea' id='block_1_91' title="bbox 980 2067 1809 2105">
    <p class='ocr_par' dir='ltr' id='par_1_91' title="bbox 980 2067 1809 2105">
     <span class='ocr_line' id='line_1_91' title="bbox 980 2067 1809 2105; baseline -0.004 -7"><span class='ocrx_word' id='word_1_666' title='bbox 980 2071 1005 2099; x_wconf 91' lang='lat' dir='ltr'><strong>si</strong></span> <span class='ocrx_word' id='word_1_667' title='bbox 1020 2073 1138 2099; x_wconf 89' lang='lat' dir='ltr'><strong>tantum</strong></span> <span class='ocrx_word' id='word_1_668' title='bbox 1151 2070 1246 2098; x_wconf 91' lang='lat' dir='ltr'><strong>valuit</strong></span> <span class='ocrx_word' id='word_1_669' title='bbox 1260 2078 1357 2098; x_wconf 83' lang='lat' dir='ltr'><strong>sermo</strong></span> <span class='ocrx_word' id='word_1_670' title='bbox 1371 2069 1451 2102; x_wconf 70' lang='lat' dir='ltr'><strong>Elim,</strong></span> <span class='ocrx_word' id='word_1_671' title='bbox 1468 2072 1500 2097; x_wconf 90' lang='lat' dir='ltr'><strong>ut</strong></span> <span class='ocrx_word' id='word_1_672' title='bbox 1514 2069 1612 2105; x_wconf 87' lang='lat' dir='ltr'><strong>ignem</strong></span> <span class='ocrx_word' id='word_1_673' title='bbox 1626 2069 1661 2097; x_wconf 88' lang='lat' dir='ltr'><strong>de</strong></span> <span class='ocrx_word' id='word_1_674' title='bbox 1675 2067 1746 2096; x_wconf 79' lang='lat' dir='ltr'><strong>cmlo</strong></span> <span class='ocrx_word' id='word_1_675' title='bbox 1761 2068 1809 2096; x_wconf 69' lang='lat' dir='ltr'><strong>de-</strong></span> 
     </span>
    </p>
   </div>
   <div class='ocr_carea' id='block_1_92' title="bbox 980 2112 1809 2151">
    <p class='ocr_par' dir='ltr' id='par_1_92' title="bbox 980 2112 1809 2151">
     <span class='ocr_line' id='line_1_92' title="bbox 980 2112 1809 2151; baseline -0.004 -8"><span class='ocrx_word' id='word_1_676' title='bbox 980 2116 1138 2151; x_wconf 88' lang='lat' dir='ltr'><strong>promeret,</strong></span> <span class='ocrx_word' id='word_1_677' title='bbox 1155 2123 1214 2142; x_wconf 91' lang='lat' dir='ltr'><strong>non</strong></span> <span class='ocrx_word' id='word_1_678' title='bbox 1238 2113 1345 2142; x_wconf 87' lang='lat' dir='ltr'><strong>valebit</strong></span> <span class='ocrx_word' id='word_1_679' title='bbox 1374 2113 1483 2142; x_wconf 89' lang='lat' dir='ltr'><strong>Christi</strong></span> <span class='ocrx_word' id='word_1_680' title='bbox 1512 2121 1620 2148; x_wconf 89' lang='lat' dir='ltr'><strong>sermo,</strong></span> <span class='ocrx_word' id='word_1_681' title='bbox 1641 2114 1672 2141; x_wconf 92' lang='lat' dir='ltr'><strong>ut</strong></span> <span class='ocrx_word' id='word_1_682' title='bbox 1695 2112 1809 2148; x_wconf 86' lang='lat' dir='ltr'><strong>species</strong></span> 
     </span>
    </p>
   </div>
   <div class='ocr_carea' id='block_1_93' title="bbox 979 2157 1808 2193">
    <p class='ocr_par' dir='ltr' id='par_1_93' title="bbox 979 2157 1808 2193">
     <span class='ocr_line' id='line_1_93' title="bbox 979 2157 1808 2193; baseline -0.004 -6"><span class='ocrx_word' id='word_1_683' title='bbox 979 2162 1075 2187; x_wconf 88' lang='lat' dir='ltr'><strong>mutet</strong></span> <span class='ocrx_word' id='word_1_684' title='bbox 1099 2158 1337 2188; x_wconf 87' lang='lat' dir='ltr'><strong>elementorum?</strong></span> <span class='ocrx_word' id='word_1_685' title='bbox 1359 2161 1399 2186; x_wconf 92' lang='lat' dir='ltr'><strong>De</strong></span> <span class='ocrx_word' id='word_1_686' title='bbox 1424 2158 1514 2186; x_wconf 89' lang='lat' dir='ltr'><strong>totius</strong></span> <span class='ocrx_word' id='word_1_687' title='bbox 1538 2157 1642 2186; x_wconf 91' lang='lat' dir='ltr'><strong>mundi</strong></span> <span class='ocrx_word' id='word_1_688' title='bbox 1670 2157 1808 2193; x_wconf 90' lang='lat' dir='ltr'><strong>operibus</strong></span> 
     </span>
    </p>
   </div>
   <div class='ocr_carea' id='block_1_94' title="bbox 979 2201 1808 2240">
    <p class='ocr_par' dir='ltr' id='par_1_94' title="bbox 979 2201 1808 2240">
     <span class='ocr_line' id='line_1_94' title="bbox 979 2201 1808 2240; baseline -0.004 -8"><span class='ocrx_word' id='word_1_689' title='bbox 979 2204 1093 2240; x_wconf 87' lang='lat' dir='ltr'><strong>legistis</strong></span> <span class='ocrx_word' id='word_1_690' title='bbox 1109 2212 1116 2231; x_wconf 88' lang='lat'><strong>:</strong></span> <span class='ocrx_word' id='word_1_691' title='bbox 1137 2204 1207 2238; x_wconf 80' lang='lat' dir='ltr'><strong>Quia</strong></span> <span class='ocrx_word' id='word_1_692' title='bbox 1223 2204 1281 2240; x_wconf 76' lang='lat' dir='ltr'><strong>ipse</strong></span> <span class='ocrx_word' id='word_1_693' title='bbox 1302 2203 1375 2231; x_wconf 66' lang='lat' dir='ltr'><strong>dixit</strong></span> <span class='ocrx_word' id='word_1_694' title='bbox 1390 2207 1415 2231; x_wconf 76' lang='lat' dir='ltr'><strong>et</strong></span> <span class='ocrx_word' id='word_1_695' title='bbox 1428 2204 1501 2238; x_wconf 79' lang='lat' dir='ltr'><strong>facta</strong></span> <span class='ocrx_word' id='word_1_696' title='bbox 1514 2207 1579 2231; x_wconf 80' lang='lat' dir='ltr'><strong>sunt</strong></span> <span class='ocrx_word' id='word_1_697' title='bbox 1592 2211 1599 2237; x_wconf 89' lang='lat'>;</span> <span class='ocrx_word' id='word_1_698' title='bbox 1614 2203 1674 2239; x_wconf 84' lang='lat' dir='ltr'><strong>ipse</strong></span> <span class='ocrx_word' id='word_1_699' title='bbox 1692 2201 1808 2230; x_wconf 83' lang='lat' dir='ltr'><strong>manda-</strong></span> 
     </span>
    </p>
   </div>
   <div class='ocr_carea' id='block_1_95' title="bbox 93 2246 1807 2286">
    <p class='ocr_par' dir='ltr' id='par_1_95' title="bbox 93 2246 1807 2286">
     <span class='ocr_line' id='line_1_95' title="bbox 93 2246 1807 2286; baseline -0.002 -10"><span class='ocrx_word' id='word_1_700' title='bbox 93 2257 193 2285; x_wconf 88' lang='lat' dir='ltr'><strong>aqua;</strong></span> <span class='ocrx_word' id='word_1_701' title='bbox 209 2250 239 2276; x_wconf 89' lang='lat' dir='ltr'><strong>te</strong></span> <span class='ocrx_word' id='word_1_702' title='bbox 254 2249 375 2284; x_wconf 82' lang='lat' dir='ltr'><strong>sanguis</strong></span> <span class='ocrx_word' id='word_1_703' title='bbox 391 2248 478 2275; x_wconf 88' lang='lat' dir='ltr'><strong>diluit</strong></span> <span class='ocrx_word' id='word_1_704' title='bbox 494 2248 523 2275; x_wconf 89' lang='lat' dir='ltr'><strong>in</strong></span> <span class='ocrx_word' id='word_1_705' title='bbox 549 2251 701 2275; x_wconf 65' lang='lat' dir='ltr'><strong>aeternum.</strong></span> <span class='ocrx_word' id='word_1_706' title='bbox 718 2248 835 2275; x_wconf 70' lang='lat' dir='ltr'><strong>.ludmus</strong></span> <span class='ocrx_word' id='word_1_707' title='bbox 852 2247 926 2274; x_wconf 81' lang='lat' dir='ltr'><strong>bibit</strong></span> <span class='ocrx_word' id='word_1_708' title='bbox 940 2253 965 2286; x_wconf 77' lang='grc' dir='ltr'><strong>Ι)</strong></span> <span class='ocrx_word' id='word_1_709' title='bbox 979 2249 1019 2276; x_wconf 81' lang='lat' dir='ltr'><strong>vit</strong></span> <span class='ocrx_word' id='word_1_710' title='bbox 1033 2250 1058 2277; x_wconf 75' lang='lat' dir='ltr'><strong>et</strong></span> <span class='ocrx_word' id='word_1_711' title='bbox 1072 2250 1165 2276; x_wconf 77' lang='lat' dir='ltr'><strong>creata</strong></span> <span class='ocrx_word' id='word_1_712' title='bbox 1178 2252 1242 2276; x_wconf 71' lang='lat' dir='ltr'><strong>sunt</strong></span> <span class='ocrx_word' id='word_1_713' title='bbox 1255 2248 1342 2284; x_wconf 82' lang='lat' dir='ltr'><strong>(Psal.</strong></span> <span class='ocrx_word' id='word_1_714' title='bbox 1359 2248 1484 2283; x_wconf 73' lang='lat' dir='ltr'><strong>cxnvm).</strong></span> <span class='ocrx_word' id='word_1_715' title='bbox 1502 2247 1603 2276; x_wconf 89' lang='lat' dir='ltr'><strong>Sermo</strong></span> <span class='ocrx_word' id='word_1_716' title='bbox 1618 2246 1708 2283; x_wconf 87' lang='lat' dir='ltr'><strong>igitur</strong></span> <span class='ocrx_word' id='word_1_717' title='bbox 1722 2246 1807 2275; x_wconf 91' lang='lat' dir='ltr'><strong>Chri-</strong></span> 
     </span>
    </p>
   </div>
   <div class='ocr_carea' id='block_1_96' title="bbox 94 2292 924 2327">
    <p class='ocr_par' dir='ltr' id='par_1_96' title="bbox 94 2292 924 2327">
     <span class='ocr_line' id='line_1_96' title="bbox 94 2292 924 2327; baseline -0.002 -7"><span class='ocrx_word' id='word_1_718' title='bbox 94 2295 123 2321; x_wconf 88' lang='lat' dir='ltr'><strong>et</strong></span> <span class='ocrx_word' id='word_1_719' title='bbox 139 2292 222 2327; x_wconf 86' lang='lat' dir='ltr'><strong>sitit;</strong></span> <span class='ocrx_word' id='word_1_720' title='bbox 239 2296 271 2320; x_wconf 85' lang='lat' dir='ltr'><strong>tu</strong></span> <span class='ocrx_word' id='word_1_721' title='bbox 289 2301 356 2320; x_wconf 90' lang='lat' dir='ltr'><strong>cum</strong></span> <span class='ocrx_word' id='word_1_722' title='bbox 371 2293 480 2320; x_wconf 85' lang='lat' dir='ltr'><strong>hiberis</strong></span> <span class='ocrx_word' id='word_1_723' title='bbox 497 2292 578 2320; x_wconf 82' lang='lat' dir='ltr'><strong>sitire</strong></span> <span class='ocrx_word' id='word_1_724' title='bbox 595 2301 651 2319; x_wconf 91' lang='lat' dir='ltr'><strong>non</strong></span> <span class='ocrx_word' id='word_1_725' title='bbox 669 2292 796 2327; x_wconf 86' lang='lat' dir='ltr'><strong>poteris:</strong></span> <span class='ocrx_word' id='word_1_726' title='bbox 812 2294 839 2319; x_wconf 81' lang='lat' dir='ltr'><strong>ct</strong></span> <span class='ocrx_word' id='word_1_727' title='bbox 853 2292 924 2319; x_wconf 88' lang='lat' dir='ltr'><strong>illud</strong></span> 
     </span>
    </p>
   </div>
   <div class='ocr_carea' id='block_1_97' title="bbox 95 2336 925 2372">
    <p class='ocr_par' dir='ltr' id='par_1_97' title="bbox 95 2336 925 2372">
     <span class='ocr_line' id='line_1_97' title="bbox 95 2336 925 2372; baseline -0.002 -7"><span class='ocrx_word' id='word_1_728' title='bbox 95 2337 126 2365; x_wconf 89' lang='lat' dir='ltr'><strong>in</strong></span> <span class='ocrx_word' id='word_1_729' title='bbox 144 2337 270 2372; x_wconf 84' lang='lat' dir='ltr'><strong>umbra;</strong></span> <span class='ocrx_word' id='word_1_730' title='bbox 285 2337 340 2365; x_wconf 90' lang='lat' dir='ltr'><strong>hoc</strong></span> <span class='ocrx_word' id='word_1_731' title='bbox 365 2337 393 2364; x_wconf 90' lang='lat' dir='ltr'><strong>in</strong></span> <span class='ocrx_word' id='word_1_732' title='bbox 409 2336 540 2364; x_wconf 83' lang='lat' dir='ltr'><strong>veritate.</strong></span> <span class='ocrx_word' id='word_1_733' title='bbox 565 2337 593 2363; x_wconf 88' lang='lat' dir='ltr'><strong>Si</strong></span> <span class='ocrx_word' id='word_1_734' title='bbox 610 2336 681 2363; x_wconf 91' lang='lat' dir='ltr'><strong>illud</strong></span> <span class='ocrx_word' id='word_1_735' title='bbox 707 2337 783 2372; x_wconf 89' lang='lat' dir='ltr'><strong>quod</strong></span> <span class='ocrx_word' id='word_1_736' title='bbox 810 2336 925 2363; x_wconf 83' lang='lat' dir='ltr'><strong>miraris</strong></span> 
     </span>
    </p>
   </div>
   <div class='ocr_carea' id='block_1_98' title="bbox 96 2380 925 2417">
    <p class='ocr_par' dir='ltr' id='par_1_98' title="bbox 96 2380 925 2417">
     <span class='ocr_line' id='line_1_98' title="bbox 96 2380 925 2417; baseline -0.004 -8"><span class='ocrx_word' id='word_1_737' title='bbox 96 2382 205 2409; x_wconf 87' lang='lat' dir='ltr'><strong>umbra</strong></span> <span class='ocrx_word' id='word_1_738' title='bbox 217 2383 272 2415; x_wconf 81' lang='lat' dir='ltr'><strong>est,</strong></span> <span class='ocrx_word' id='word_1_739' title='bbox 282 2383 426 2417; x_wconf 89' lang='lat' dir='ltr'><strong>quantum</strong></span> <span class='ocrx_word' id='word_1_740' title='bbox 443 2381 520 2408; x_wconf 82' lang='lat' dir='ltr'><strong>istud</strong></span> <span class='ocrx_word' id='word_1_741' title='bbox 536 2383 590 2412; x_wconf 85' lang='lat' dir='ltr'><strong>est,</strong></span> <span class='ocrx_word' id='word_1_742' title='bbox 607 2381 691 2415; x_wconf 87' lang='lat' dir='ltr'><strong>cujus</strong></span> <span class='ocrx_word' id='word_1_743' title='bbox 707 2383 734 2407; x_wconf 88' lang='lat' dir='ltr'><strong>et</strong></span> <span class='ocrx_word' id='word_1_744' title='bbox 750 2380 854 2407; x_wconf 83' lang='lat' dir='ltr'><strong>umbra</strong></span> <span class='ocrx_word' id='word_1_745' title='bbox 870 2380 925 2407; x_wconf 93' lang='lat' dir='ltr'><strong>mi-</strong></span> 
     </span>
    </p>
   </div>
   <div class='ocr_carea' id='block_1_99' title="bbox 97 2425 926 2461">
    <p class='ocr_par' dir='ltr' id='par_1_99' title="bbox 97 2425 926 2461">
     <span class='ocr_line' id='line_1_99' title="bbox 97 2425 926 2461; baseline -0.002 -7"><span class='ocrx_word' id='word_1_746' title='bbox 97 2425 197 2454; x_wconf 81' lang='lat' dir='ltr'><strong>raris?</strong></span> <span class='ocrx_word' id='word_1_747' title='bbox 211 2426 285 2453; x_wconf 89' lang='lat' dir='ltr'><strong>Audi</strong></span> <span class='ocrx_word' id='word_1_748' title='bbox 302 2425 371 2461; x_wconf 84' lang='lat' dir='ltr'><strong>quia</strong></span> <span class='ocrx_word' id='word_1_749' title='bbox 388 2425 492 2452; x_wconf 82' lang='lat' dir='ltr'><strong>umbra</strong></span> <span class='ocrx_word' id='word_1_750' title='bbox 508 2428 629 2460; x_wconf 76' lang='lat' dir='ltr'><strong>cst,quze</strong></span> <span class='ocrx_word' id='word_1_751' title='bbox 642 2425 718 2460; x_wconf 85' lang='lat' dir='ltr'><strong>apud</strong></span> <span class='ocrx_word' id='word_1_752' title='bbox 735 2427 844 2452; x_wconf 80' lang='lat' dir='ltr'><strong>veteres</strong></span> <span class='ocrx_word' id='word_1_753' title='bbox 854 2425 926 2452; x_wconf 82' lang='lat' dir='ltr'><strong>facta</strong></span> 
     </span>
    </p>
   </div>
   <div class='ocr_carea' id='block_1_100' title="bbox 96 2469 926 2506">
    <p class='ocr_par' dir='ltr' id='par_1_100' title="bbox 96 2469 926 2506">
     <span class='ocr_line' id='line_1_100' title="bbox 96 2469 926 2506; baseline -0.002 -8"><span class='ocrx_word' id='word_1_754' title='bbox 96 2476 153 2499; x_wconf 80' lang='lat' dir='ltr'><strong>est.</strong></span> <span class='ocrx_word' id='word_1_755' title='bbox 178 2470 321 2502; x_wconf 78' lang='lat' dir='ltr'><strong>Bibebant,</strong></span> <span class='ocrx_word' id='word_1_756' title='bbox 347 2469 454 2506; x_wconf 87' lang='lat' dir='ltr'><strong>inquit,</strong></span> <span class='ocrx_word' id='word_1_757' title='bbox 482 2470 514 2496; x_wconf 82' lang='lat' dir='ltr'><strong>de</strong></span> <span class='ocrx_word' id='word_1_758' title='bbox 535 2474 714 2505; x_wconf 74' lang='lat' dir='ltr'><strong>consequente</strong></span> <span class='ocrx_word' id='word_1_759' title='bbox 736 2474 824 2504; x_wconf 77' lang='lat' dir='ltr'><strong>petra,</strong></span> <span class='ocrx_word' id='word_1_760' title='bbox 847 2474 926 2504; x_wconf 82' lang='lat' dir='ltr'><strong>petra</strong></span> 
     </span>
    </p>
   </div>
   <div class='ocr_carea' id='block_1_101' title="bbox 94 2514 925 2549">
    <p class='ocr_par' dir='ltr' id='par_1_101' title="bbox 94 2514 925 2549">
     <span class='ocr_line' id='line_1_101' title="bbox 94 2514 925 2549; baseline -0.004 -6"><span class='ocrx_word' id='word_1_761' title='bbox 94 2516 190 2543; x_wconf 78' lang='lat' dir='ltr'><strong>autem</strong></span> <span class='ocrx_word' id='word_1_762' title='bbox 205 2517 263 2542; x_wconf 76' lang='lat' dir='ltr'><strong>erat</strong></span> <span class='ocrx_word' id='word_1_763' title='bbox 280 2514 405 2542; x_wconf 76' lang='lat' dir='ltr'><strong>Christus</strong></span> <span class='ocrx_word' id='word_1_764' title='bbox 422 2515 444 2549; x_wconf 95' lang='lat' dir='ltr'><strong>(I</strong></span> <span class='ocrx_word' id='word_1_765' title='bbox 459 2515 520 2541; x_wconf 82' lang='lat' dir='ltr'><strong>Cor.</strong></span> <span class='ocrx_word' id='word_1_766' title='bbox 538 2514 575 2549; x_wconf 88' lang='lat' dir='ltr'><strong>x).</strong></span> <span class='ocrx_word' id='word_1_767' title='bbox 592 2515 644 2541; x_wconf 82' lang='lat' dir='ltr'><strong>Sed</strong></span> <span class='ocrx_word' id='word_1_768' title='bbox 663 2523 719 2541; x_wconf 91' lang='lat' dir='ltr'><strong>non</strong></span> <span class='ocrx_word' id='word_1_769' title='bbox 746 2514 775 2540; x_wconf 92' lang='lat' dir='ltr'><strong>in</strong></span> <span class='ocrx_word' id='word_1_770' title='bbox 792 2514 925 2548; x_wconf 87' lang='lat' dir='ltr'><strong>pluribus</strong></span> 
     </span>
    </p>
   </div>
   <div class='ocr_carea' id='block_1_102' title="bbox 94 2558 927 2595">
    <p class='ocr_par' dir='ltr' id='par_1_102' title="bbox 94 2558 927 2595">
     <span class='ocr_line' id='line_1_102' title="bbox 94 2558 927 2595; baseline -0.002 -8"><span class='ocrx_word' id='word_1_771' title='bbox 94 2558 314 2595; x_wconf 85' lang='lat' dir='ltr'><strong>beneplacitum</strong></span> <span class='ocrx_word' id='word_1_772' title='bbox 329 2560 375 2586; x_wconf 85' lang='lat' dir='ltr'><strong>est</strong></span> <span class='ocrx_word' id='word_1_773' title='bbox 393 2559 466 2586; x_wconf 87' lang='lat' dir='ltr'><strong>Deo:</strong></span> <span class='ocrx_word' id='word_1_774' title='bbox 480 2567 547 2586; x_wconf 88' lang='lat' dir='ltr'><strong>nam</strong></span> <span class='ocrx_word' id='word_1_775' title='bbox 560 2558 697 2594; x_wconf 78' lang='lat' dir='ltr'><strong>prostrati</strong></span> <span class='ocrx_word' id='word_1_776' title='bbox 711 2560 781 2585; x_wconf 84' lang='lat' dir='ltr'><strong>sunt</strong></span> <span class='ocrx_word' id='word_1_777' title='bbox 792 2558 819 2585; x_wconf 92' lang='lat' dir='ltr'><strong>in</strong></span> <span class='ocrx_word' id='word_1_778' title='bbox 832 2558 927 2586; x_wconf 84' lang='lat' dir='ltr'><strong>deser-</strong></span> 
     </span>
    </p>
   </div>
   <div class='ocr_carea' id='block_1_103' title="bbox 94 2602 925 2639">
    <p class='ocr_par' dir='ltr' id='par_1_103' title="bbox 94 2602 925 2639">
     <span class='ocr_line' id='line_1_103' title="bbox 94 2602 925 2639; baseline -0.001 -8"><span class='ocrx_word' id='word_1_779' title='bbox 94 2606 137 2632; x_wconf 89' lang='lat' dir='ltr'><strong>to.</strong></span> <span class='ocrx_word' id='word_1_780' title='bbox 154 2602 221 2631; x_wconf 61' lang='lat' dir='ltr'><strong>Hac</strong></span> <span class='ocrx_word' id='word_1_781' title='bbox 238 2606 338 2631; x_wconf 87' lang='lat' dir='ltr'><strong>autem</strong></span> <span class='ocrx_word' id='word_1_782' title='bbox 354 2603 384 2630; x_wconf 86' lang='lat' dir='ltr'><strong>in</strong></span> <span class='ocrx_word' id='word_1_783' title='bbox 401 2603 495 2639; x_wconf 83' lang='lat' dir='ltr'><strong>ﬁgura</strong></span> <span class='ocrx_word' id='word_1_784' title='bbox 511 2603 585 2631; x_wconf 73' lang='lat' dir='ltr'><strong>facta</strong></span> <span class='ocrx_word' id='word_1_785' title='bbox 601 2605 671 2630; x_wconf 87' lang='lat' dir='ltr'><strong>sunt</strong></span> <span class='ocrx_word' id='word_1_786' title='bbox 693 2603 794 2630; x_wconf 84' lang='lat' dir='ltr'><strong>nostri.</strong></span> <span class='ocrx_word' id='word_1_787' title='bbox 812 2603 925 2638; x_wconf 86' lang='lat' dir='ltr'><strong>Cogno-</strong></span> 
     </span>
    </p>
   </div>
   <div class='ocr_carea' id='block_1_104' title="bbox 95 2647 924 2684">
    <p class='ocr_par' dir='ltr' id='par_1_104' title="bbox 95 2647 924 2684">
     <span class='ocr_line' id='line_1_104' title="bbox 95 2647 924 2684; baseline -0.001 -9"><span class='ocrx_word' id='word_1_788' title='bbox 95 2647 165 2676; x_wconf 71' lang='lat' dir='ltr'><strong>victi</strong></span> <span class='ocrx_word' id='word_1_789' title='bbox 181 2647 394 2684; x_wconf 74' lang='lat' dir='ltr'><strong>pmstantiora.</strong></span> <span class='ocrx_word' id='word_1_790' title='bbox 420 2647 516 2675; x_wconf 89' lang='lat' dir='ltr'><strong>Potior</strong></span> <span class='ocrx_word' id='word_1_791' title='bbox 542 2650 585 2675; x_wconf 86' lang='lat' dir='ltr'><strong>est</strong></span> <span class='ocrx_word' id='word_1_792' title='bbox 613 2647 663 2675; x_wconf 86' lang='lat' dir='ltr'><strong>lux</strong></span> <span class='ocrx_word' id='word_1_793' title='bbox 693 2656 780 2682; x_wconf 84' lang='lat' dir='ltr'><strong>quam</strong></span> <span class='ocrx_word' id='word_1_794' title='bbox 810 2648 924 2683; x_wconf 81' lang='lat' dir='ltr'><strong>umbra,</strong></span> 
     </span>
    </p>
   </div>
   <div class='ocr_carea' id='block_1_105' title="bbox 95 2692 925 2729">
    <p class='ocr_par' dir='ltr' id='par_1_105' title="bbox 95 2692 925 2729">
     <span class='ocr_line' id='line_1_105' title="bbox 95 2692 925 2729; baseline -0.001 -9"><span class='ocrx_word' id='word_1_795' title='bbox 95 2692 208 2721; x_wconf 81' lang='lat' dir='ltr'><strong>veritas</strong></span> <span class='ocrx_word' id='word_1_796' title='bbox 222 2700 312 2728; x_wconf 85' lang='lat' dir='ltr'><strong>quam</strong></span> <span class='ocrx_word' id='word_1_797' title='bbox 327 2692 444 2729; x_wconf 83' lang='lat' dir='ltr'><strong>ﬁgura;</strong></span> <span class='ocrx_word' id='word_1_798' title='bbox 461 2700 566 2727; x_wconf 89' lang='lat' dir='ltr'><strong>corpus</strong></span> <span class='ocrx_word' id='word_1_799' title='bbox 582 2692 720 2726; x_wconf 86' lang='lat' dir='ltr'><strong>auctoris,</strong></span> <span class='ocrx_word' id='word_1_800' title='bbox 737 2700 825 2727; x_wconf 87' lang='lat' dir='ltr'><strong>quam</strong></span> <span class='ocrx_word' id='word_1_801' title='bbox 843 2701 925 2720; x_wconf 87' lang='lat' dir='ltr'><strong>man-</strong></span> 
     </span>
    </p>
   </div>
   <div class='ocr_carea' id='block_1_106' title="bbox 98 2735 925 2771">
    <p class='ocr_par' dir='ltr' id='par_1_106' title="bbox 98 2735 925 2771">
     <span class='ocr_line' id='line_1_106' title="bbox 98 2735 925 2771; baseline -0.001 -6"><span class='ocrx_word' id='word_1_802' title='bbox 98 2745 139 2765; x_wconf 85' lang='lat' dir='ltr'><strong>na</strong></span> <span class='ocrx_word' id='word_1_803' title='bbox 153 2736 190 2764; x_wconf 89' lang='lat' dir='ltr'><strong>de</strong></span> <span class='ocrx_word' id='word_1_804' title='bbox 205 2735 288 2765; x_wconf 77' lang='lat' dir='ltr'><strong>ccelo.</strong></span> <span class='ocrx_word' id='word_1_805' title='bbox 314 2736 398 2765; x_wconf 89' lang='lat' dir='ltr'><strong>Forte</strong></span> <span class='ocrx_word' id='word_1_806' title='bbox 414 2736 505 2769; x_wconf 85' lang='lat' dir='ltr'><strong>dicas,</strong></span> <span class='ocrx_word' id='word_1_807' title='bbox 522 2735 599 2764; x_wconf 86' lang='lat' dir='ltr'><strong>aliud</strong></span> <span class='ocrx_word' id='word_1_808' title='bbox 618 2736 711 2771; x_wconf 88' lang='lat' dir='ltr'><strong>video,</strong></span> <span class='ocrx_word' id='word_1_809' title='bbox 732 2737 878 2771; x_wconf 89' lang='lat' dir='ltr'><strong>quomodo</strong></span> <span class='ocrx_word' id='word_1_810' title='bbox 895 2739 925 2763; x_wconf 92' lang='lat' dir='ltr'><strong>tu</strong></span> 
     </span>
    </p>
   </div>
   <div class='ocr_carea' id='block_1_107' title="bbox 99 2780 927 2817">
    <p class='ocr_par' dir='ltr' id='par_1_107' title="bbox 99 2780 927 2817">
     <span class='ocr_line' id='line_1_107' title="bbox 99 2780 927 2817; baseline -0.002 -8"><span class='ocrx_word' id='word_1_811' title='bbox 99 2780 176 2810; x_wconf 78' lang='lat' dir='ltr'><strong>mihi</strong></span> <span class='ocrx_word' id='word_1_812' title='bbox 202 2781 311 2809; x_wconf 82' lang='lat' dir='ltr'><strong>aaseris</strong></span> <span class='ocrx_word' id='word_1_813' title='bbox 335 2781 412 2817; x_wconf 86' lang='lat' dir='ltr'><strong>quod</strong></span> <span class='ocrx_word' id='word_1_814' title='bbox 437 2789 544 2816; x_wconf 87' lang='lat' dir='ltr'><strong>corpus</strong></span> <span class='ocrx_word' id='word_1_815' title='bbox 569 2780 675 2808; x_wconf 85' lang='lat' dir='ltr'><strong>Christi</strong></span> <span class='ocrx_word' id='word_1_816' title='bbox 701 2780 838 2816; x_wconf 83' lang='lat' dir='ltr'><strong>accipiam</strong></span> <span class='ocrx_word' id='word_1_817' title='bbox 858 2781 869 2807; x_wconf 84' lang='lat'><strong>?</strong></span> <span class='ocrx_word' id='word_1_818' title='bbox 894 2782 927 2808; x_wconf 84' lang='lat' dir='ltr'><strong>Et</strong></span> 
     </span>
    </p>
   </div>
   <div class='ocr_carea' id='block_1_108' title="bbox 98 2825 925 2862">
    <p class='ocr_par' dir='ltr' id='par_1_108' title="bbox 98 2825 925 2862">
     <span class='ocr_line' id='line_1_108' title="bbox 98 2825 925 2862; baseline -0.004 -7"><span class='ocrx_word' id='word_1_819' title='bbox 98 2826 156 2856; x_wconf 78' lang='lat' dir='ltr'><strong>hoc</strong></span> <span class='ocrx_word' id='word_1_820' title='bbox 166 2825 253 2854; x_wconf 86' lang='lat' dir='ltr'><strong>nobis</strong></span> <span class='ocrx_word' id='word_1_821' title='bbox 268 2825 364 2854; x_wconf 86' lang='lat' dir='ltr'><strong>adhuc</strong></span> <span class='ocrx_word' id='word_1_822' title='bbox 376 2826 556 2862; x_wconf 86' lang='lat' dir='ltr'><strong>superest,ut</strong></span> <span class='ocrx_word' id='word_1_823' title='bbox 567 2825 859 2861; x_wconf 86' lang='lat' dir='ltr'><strong>probemus.0uantis</strong></span> <span class='ocrx_word' id='word_1_824' title='bbox 874 2825 925 2861; x_wconf 87' lang='lat' dir='ltr'><strong>igi-</strong></span> 
     </span>
    </p>
   </div>
   <div class='ocr_carea' id='block_1_109' title="bbox 981 2292 1806 2329">
    <p class='ocr_par' dir='ltr' id='par_1_109' title="bbox 981 2292 1806 2329">
     <span class='ocr_line' id='line_1_109' title="bbox 981 2292 1806 2329; baseline -0.004 -8"><span class='ocrx_word' id='word_1_825' title='bbox 981 2293 1019 2322; x_wconf 92' lang='lat' dir='ltr'><strong>sti</strong></span> <span class='ocrx_word' id='word_1_826' title='bbox 1035 2293 1085 2329; x_wconf 90' lang='lat' dir='ltr'><strong>qui</strong></span> <span class='ocrx_word' id='word_1_827' title='bbox 1100 2293 1196 2329; x_wconf 88' lang='lat' dir='ltr'><strong>potuit</strong></span> <span class='ocrx_word' id='word_1_828' title='bbox 1217 2301 1252 2321; x_wconf 84' lang='lat' dir='ltr'><strong>ex</strong></span> <span class='ocrx_word' id='word_1_829' title='bbox 1267 2292 1359 2320; x_wconf 90' lang='lat' dir='ltr'><strong>nihilo</strong></span> <span class='ocrx_word' id='word_1_830' title='bbox 1384 2293 1478 2321; x_wconf 80' lang='lat' dir='ltr'><strong>facere</strong></span> <span class='ocrx_word' id='word_1_831' title='bbox 1494 2292 1571 2328; x_wconf 91' lang='lat' dir='ltr'><strong>quod</strong></span> <span class='ocrx_word' id='word_1_832' title='bbox 1587 2300 1645 2320; x_wconf 91' lang='lat' dir='ltr'><strong>non</strong></span> <span class='ocrx_word' id='word_1_833' title='bbox 1660 2293 1732 2326; x_wconf 86' lang='lat' dir='ltr'><strong>erat,</strong></span> <span class='ocrx_word' id='word_1_834' title='bbox 1748 2299 1806 2318; x_wconf 89' lang='lat' dir='ltr'><strong>non</strong></span> 
     </span>
    </p>
   </div>
   <div class='ocr_carea' id='block_1_110' title="bbox 980 2335 1808 2374">
    <p class='ocr_par' dir='ltr' id='par_1_110' title="bbox 980 2335 1808 2374">
     <span class='ocr_line' id='line_1_110' title="bbox 980 2335 1808 2374; baseline -0.004 -8"><span class='ocrx_word' id='word_1_835' title='bbox 980 2339 1078 2374; x_wconf 86' lang='lat' dir='ltr'><strong>potest</strong></span> <span class='ocrx_word' id='word_1_836' title='bbox 1092 2345 1126 2365; x_wconf 85' lang='lat' dir='ltr'><strong>ea</strong></span> <span class='ocrx_word' id='word_1_837' title='bbox 1150 2345 1213 2373; x_wconf 70' lang='lat' dir='ltr'><strong>quae</strong></span> <span class='ocrx_word' id='word_1_838' title='bbox 1229 2338 1299 2365; x_wconf 88' lang='lat' dir='ltr'><strong>sunt</strong></span> <span class='ocrx_word' id='word_1_839' title='bbox 1315 2336 1345 2364; x_wconf 93' lang='lat' dir='ltr'><strong>in</strong></span> <span class='ocrx_word' id='word_1_840' title='bbox 1362 2336 1390 2364; x_wconf 91' lang='lat' dir='ltr'><strong>id</strong></span> <span class='ocrx_word' id='word_1_841' title='bbox 1404 2338 1519 2364; x_wconf 88' lang='lat' dir='ltr'><strong>mutare</strong></span> <span class='ocrx_word' id='word_1_842' title='bbox 1533 2336 1611 2372; x_wconf 91' lang='lat' dir='ltr'><strong>quod</strong></span> <span class='ocrx_word' id='word_1_843' title='bbox 1629 2344 1687 2364; x_wconf 92' lang='lat' dir='ltr'><strong>non</strong></span> <span class='ocrx_word' id='word_1_844' title='bbox 1701 2335 1808 2363; x_wconf 82' lang='lat' dir='ltr'><strong>erant?</strong></span> 
     </span>
    </p>
   </div>
   <div class='ocr_carea' id='block_1_111' title="bbox 979 2381 1807 2416">
    <p class='ocr_par' dir='ltr' id='par_1_111' title="bbox 979 2381 1807 2416">
     <span class='ocr_line' id='line_1_111' title="bbox 979 2381 1807 2416; baseline -0.004 -6"><span class='ocrx_word' id='word_1_845' title='bbox 979 2382 1042 2410; x_wconf 89' lang='lat' dir='ltr'><strong>Non</strong></span> <span class='ocrx_word' id='word_1_846' title='bbox 1058 2382 1137 2410; x_wconf 91' lang='lat' dir='ltr'><strong>enim</strong></span> <span class='ocrx_word' id='word_1_847' title='bbox 1154 2381 1252 2409; x_wconf 90' lang='lat' dir='ltr'><strong>minus</strong></span> <span class='ocrx_word' id='word_1_848' title='bbox 1268 2383 1315 2409; x_wconf 89' lang='lat' dir='ltr'><strong>est</strong></span> <span class='ocrx_word' id='word_1_849' title='bbox 1330 2389 1421 2409; x_wconf 87' lang='lat' dir='ltr'><strong>novas</strong></span> <span class='ocrx_word' id='word_1_850' title='bbox 1436 2389 1482 2409; x_wconf 91' lang='lat' dir='ltr'><strong>res</strong></span> <span class='ocrx_word' id='word_1_851' title='bbox 1499 2381 1676 2416; x_wconf 87' lang='lat' dir='ltr'><strong>dare,quam</strong></span> <span class='ocrx_word' id='word_1_852' title='bbox 1692 2382 1807 2408; x_wconf 89' lang='lat' dir='ltr'><strong>mutare</strong></span> 
     </span>
    </p>
   </div>
   <div class='ocr_carea' id='block_1_112' title="bbox 980 2425 1808 2462">
    <p class='ocr_par' dir='ltr' id='par_1_112' title="bbox 980 2425 1808 2462">
     <span class='ocr_line' id='line_1_112' title="bbox 980 2425 1808 2462; baseline -0.004 -7"><span class='ocrx_word' id='word_1_853' title='bbox 980 2427 1170 2455; x_wconf 84' lang='lat' dir='ltr'><strong>naturas.Sed</strong></span> <span class='ocrx_word' id='word_1_854' title='bbox 1180 2426 1250 2462; x_wconf 89' lang='lat' dir='ltr'><strong>quid</strong></span> <span class='ocrx_word' id='word_1_855' title='bbox 1267 2425 1449 2462; x_wconf 85' lang='lat' dir='ltr'><strong>argumentis</strong></span> <span class='ocrx_word' id='word_1_856' title='bbox 1462 2425 1597 2453; x_wconf 83' lang='lat' dir='ltr'><strong>utimur?</strong></span> <span class='ocrx_word' id='word_1_857' title='bbox 1609 2426 1674 2453; x_wconf 87' lang='lat' dir='ltr'><strong>Suis</strong></span> <span class='ocrx_word' id='word_1_858' title='bbox 1690 2427 1808 2453; x_wconf 89' lang='lat' dir='ltr'><strong>utamur</strong></span> 
     </span>
    </p>
   </div>
   <div class='ocr_carea' id='block_1_113' title="bbox 980 2470 1808 2506">
    <p class='ocr_par' dir='ltr' id='par_1_113' title="bbox 980 2470 1808 2506">
     <span class='ocr_line' id='line_1_113' title="bbox 980 2470 1808 2506; baseline -0.002 -7"><span class='ocrx_word' id='word_1_859' title='bbox 980 2470 1411 2506; x_wconf 85' lang='lat' dir='ltr'><strong>exemplis.Incarnationisque</strong></span> <span class='ocrx_word' id='word_1_860' title='bbox 1422 2470 1550 2498; x_wconf 86' lang='lat' dir='ltr'><strong>novitate</strong></span> <span class='ocrx_word' id='word_1_861' title='bbox 1562 2472 1731 2497; x_wconf 88' lang='lat' dir='ltr'><strong>astruamus</strong></span> <span class='ocrx_word' id='word_1_862' title='bbox 1746 2477 1808 2505; x_wconf 83' lang='lat' dir='ltr'><strong>my-</strong></span> 
     </span>
    </p>
   </div>
   <div class='ocr_carea' id='block_1_114' title="bbox 980 2513 1810 2550">
    <p class='ocr_par' dir='ltr' id='par_1_114' title="bbox 980 2513 1810 2550">
     <span class='ocr_line' id='line_1_114' title="bbox 980 2513 1810 2550; baseline -0.001 -8"><span class='ocrx_word' id='word_1_863' title='bbox 980 2515 1061 2543; x_wconf 85' lang='lat' dir='ltr'><strong>sterii</strong></span> <span class='ocrx_word' id='word_1_864' title='bbox 1086 2515 1249 2542; x_wconf 89' lang='lat' dir='ltr'><strong>veritatem.</strong></span> <span class='ocrx_word' id='word_1_865' title='bbox 1267 2514 1405 2550; x_wconf 87' lang='lat' dir='ltr'><strong>Nunquid</strong></span> <span class='ocrx_word' id='word_1_866' title='bbox 1432 2516 1546 2542; x_wconf 66' lang='lat' dir='ltr'><strong>natura:</strong></span> <span class='ocrx_word' id='word_1_867' title='bbox 1562 2523 1634 2541; x_wconf 89' lang='lat' dir='ltr'><strong>usus</strong></span> <span class='ocrx_word' id='word_1_868' title='bbox 1661 2513 1810 2549; x_wconf 65' lang='lat' dir='ltr'><strong>praecessit</strong></span> 
     </span>
    </p>
   </div>
   <div class='ocr_carea' id='block_1_115' title="bbox 981 2558 1809 2587">
    <p class='ocr_par' dir='ltr' id='par_1_115' title="bbox 981 2558 1809 2587">
     <span class='ocr_line' id='line_1_115' title="bbox 981 2558 1809 2587; baseline -0.001 0"><span class='ocrx_word' id='word_1_869' title='bbox 981 2568 1048 2587; x_wconf 89' lang='lat' dir='ltr'><strong>cum</strong></span> <span class='ocrx_word' id='word_1_870' title='bbox 1060 2559 1291 2587; x_wconf 84' lang='lat' dir='ltr'><strong>DominusJesus</strong></span> <span class='ocrx_word' id='word_1_871' title='bbox 1302 2559 1338 2586; x_wconf 91' lang='lat' dir='ltr'><strong>de</strong></span> <span class='ocrx_word' id='word_1_872' title='bbox 1348 2559 1440 2587; x_wconf 86' lang='lat' dir='ltr'><strong>Maria</strong></span> <span class='ocrx_word' id='word_1_873' title='bbox 1451 2558 1666 2587; x_wconf 84' lang='lat' dir='ltr'><strong>nasceretur?Si</strong></span> <span class='ocrx_word' id='word_1_874' title='bbox 1677 2559 1809 2586; x_wconf 89' lang='lat' dir='ltr'><strong>ordinem</strong></span> 
     </span>
    </p>
   </div>
   <div class='ocr_carea' id='block_1_116' title="bbox 981 2603 1809 2640">
    <p class='ocr_par' dir='ltr' id='par_1_116' title="bbox 981 2603 1809 2640">
     <span class='ocr_line' id='line_1_116' title="bbox 981 2603 1809 2640; baseline 0 -10"><span class='ocrx_word' id='word_1_875' title='bbox 981 2603 1153 2639; x_wconf 66' lang='lat' dir='ltr'><strong>quaerimus,</strong></span> <span class='ocrx_word' id='word_1_876' title='bbox 1169 2603 1230 2630; x_wconf 91' lang='lat' dir='ltr'><strong>viro</strong></span> <span class='ocrx_word' id='word_1_877' title='bbox 1256 2603 1345 2631; x_wconf 87' lang='lat' dir='ltr'><strong>mista</strong></span> <span class='ocrx_word' id='word_1_878' title='bbox 1360 2603 1469 2631; x_wconf 79' lang='lat' dir='ltr'><strong>femina</strong></span> <span class='ocrx_word' id='word_1_879' title='bbox 1495 2611 1633 2640; x_wconf 85' lang='lat' dir='ltr'><strong>generare</strong></span> <span class='ocrx_word' id='word_1_880' title='bbox 1649 2603 1809 2632; x_wconf 88' lang='lat' dir='ltr'><strong>consuevit.</strong></span> 
     </span>
    </p>
   </div>
   <div class='ocr_carea' id='block_1_117' title="bbox 982 2647 1810 2684">
    <p class='ocr_par' dir='ltr' id='par_1_117' title="bbox 982 2647 1810 2684">
     <span class='ocr_line' id='line_1_117' title="bbox 982 2647 1810 2684; baseline -0.001 -9"><span class='ocrx_word' id='word_1_881' title='bbox 982 2648 1083 2683; x_wconf 87' lang='lat' dir='ltr'><strong>Liquet</strong></span> <span class='ocrx_word' id='word_1_882' title='bbox 1094 2647 1184 2684; x_wconf 88' lang='lat' dir='ltr'><strong>igitur</strong></span> <span class='ocrx_word' id='word_1_883' title='bbox 1197 2648 1273 2684; x_wconf 88' lang='lat' dir='ltr'><strong>quod</strong></span> <span class='ocrx_word' id='word_1_884' title='bbox 1287 2650 1391 2683; x_wconf 69' lang='lat' dir='ltr'><strong>praeter</strong></span> <span class='ocrx_word' id='word_1_885' title='bbox 1402 2648 1536 2676; x_wconf 88' lang='lat' dir='ltr'><strong>ordinem</strong></span> <span class='ocrx_word' id='word_1_886' title='bbox 1548 2650 1659 2676; x_wconf 64' lang='lat' dir='ltr'><strong>natura</strong></span> <span class='ocrx_word' id='word_1_887' title='bbox 1669 2648 1751 2683; x_wconf 87' lang='lat' dir='ltr'><strong>virgo</strong></span> <span class='ocrx_word' id='word_1_888' title='bbox 1761 2654 1810 2683; x_wconf 86' lang='lat' dir='ltr'><strong>ge-</strong></span> 
     </span>
    </p>
   </div>
   <div class='ocr_carea' id='block_1_118' title="bbox 981 2691 1810 2729">
    <p class='ocr_par' dir='ltr' id='par_1_118' title="bbox 981 2691 1810 2729">
     <span class='ocr_line' id='line_1_118' title="bbox 981 2691 1810 2729; baseline -0.002 -9"><span class='ocrx_word' id='word_1_889' title='bbox 981 2693 1105 2728; x_wconf 89' lang='lat' dir='ltr'><strong>neravit,</strong></span> <span class='ocrx_word' id='word_1_890' title='bbox 1122 2696 1151 2721; x_wconf 90' lang='lat' dir='ltr'><strong>et</strong></span> <span class='ocrx_word' id='word_1_891' title='bbox 1161 2693 1216 2721; x_wconf 91' lang='lat' dir='ltr'><strong>hoc</strong></span> <span class='ocrx_word' id='word_1_892' title='bbox 1233 2693 1310 2729; x_wconf 93' lang='lat' dir='ltr'><strong>quod</strong></span> <span class='ocrx_word' id='word_1_893' title='bbox 1327 2693 1512 2728; x_wconf 80' lang='lat' dir='ltr'><strong>conficimus,</strong></span> <span class='ocrx_word' id='word_1_894' title='bbox 1529 2701 1636 2729; x_wconf 90' lang='lat' dir='ltr'><strong>corpus</strong></span> <span class='ocrx_word' id='word_1_895' title='bbox 1651 2701 1685 2720; x_wconf 89' lang='lat' dir='ltr'><strong>ex</strong></span> <span class='ocrx_word' id='word_1_896' title='bbox 1699 2691 1810 2727; x_wconf 84' lang='lat' dir='ltr'><strong>virgine</strong></span> 
     </span>
    </p>
   </div>
   <div class='ocr_carea' id='block_1_119' title="bbox 981 2736 1810 2774">
    <p class='ocr_par' dir='ltr' id='par_1_119' title="bbox 981 2736 1810 2774">
     <span class='ocr_line' id='line_1_119' title="bbox 981 2736 1810 2774; baseline -0.001 -9"><span class='ocrx_word' id='word_1_897' title='bbox 981 2739 1036 2766; x_wconf 90' lang='lat' dir='ltr'><strong>est.</strong></span> <span class='ocrx_word' id='word_1_898' title='bbox 1049 2738 1123 2770; x_wconf 89' lang='lat' dir='ltr'><strong>Quid</strong></span> <span class='ocrx_word' id='word_1_899' title='bbox 1137 2737 1184 2766; x_wconf 90' lang='lat' dir='ltr'><strong>hic</strong></span> <span class='ocrx_word' id='word_1_900' title='bbox 1195 2738 1302 2774; x_wconf 57' lang='lat' dir='ltr'><strong>quaeris</strong></span> <span class='ocrx_word' id='word_1_901' title='bbox 1313 2740 1425 2766; x_wconf 75' lang='lat' dir='ltr'><strong>natura:</strong></span> <span class='ocrx_word' id='word_1_902' title='bbox 1436 2737 1569 2766; x_wconf 91' lang='lat' dir='ltr'><strong>ordinem</strong></span> <span class='ocrx_word' id='word_1_903' title='bbox 1580 2737 1610 2765; x_wconf 89' lang='lat' dir='ltr'><strong>in</strong></span> <span class='ocrx_word' id='word_1_904' title='bbox 1621 2736 1729 2764; x_wconf 85' lang='lat' dir='ltr'><strong>Christi</strong></span> <span class='ocrx_word' id='word_1_905' title='bbox 1745 2743 1810 2764; x_wconf 88' lang='lat' dir='ltr'><strong>cor-</strong></span> 
     </span>
    </p>
   </div>
   <div class='ocr_carea' id='block_1_120' title="bbox 981 2781 1810 2818">
    <p class='ocr_par' dir='ltr' id='par_1_120' title="bbox 981 2781 1810 2818">
     <span class='ocr_line' id='line_1_120' title="bbox 981 2781 1810 2818; baseline -0.001 -8"><span class='ocrx_word' id='word_1_906' title='bbox 981 2789 1133 2818; x_wconf 86' lang='lat' dir='ltr'><strong>pore,cum</strong></span> <span class='ocrx_word' id='word_1_907' title='bbox 1149 2785 1253 2818; x_wconf 65' lang='lat' dir='ltr'><strong>praeter</strong></span> <span class='ocrx_word' id='word_1_908' title='bbox 1270 2785 1407 2811; x_wconf 85' lang='lat' dir='ltr'><strong>naturam</strong></span> <span class='ocrx_word' id='word_1_909' title='bbox 1423 2782 1462 2811; x_wconf 88' lang='lat' dir='ltr'><strong>sit</strong></span> <span class='ocrx_word' id='word_1_910' title='bbox 1476 2781 1540 2818; x_wconf 88' lang='lat' dir='ltr'><strong>ipse</strong></span> <span class='ocrx_word' id='word_1_911' title='bbox 1555 2781 1697 2809; x_wconf 88' lang='lat' dir='ltr'><strong>Dominus</strong></span> <span class='ocrx_word' id='word_1_912' title='bbox 1708 2783 1810 2817; x_wconf 76' lang='lat' dir='ltr'><strong>partus</strong></span> 
     </span>
    </p>
   </div>
   <div class='ocr_carea' id='block_1_121' title="bbox 982 2825 1812 2863">
    <p class='ocr_par' dir='ltr' id='par_1_121' title="bbox 982 2825 1812 2863">
     <span class='ocr_line' id='line_1_121' title="bbox 982 2825 1812 2863; baseline 0 -10"><span class='ocrx_word' id='word_1_913' title='bbox 982 2826 1018 2854; x_wconf 89' lang='lat' dir='ltr'><strong>de</strong></span> <span class='ocrx_word' id='word_1_914' title='bbox 1032 2826 1144 2863; x_wconf 84' lang='lat' dir='ltr'><strong>virgine</strong></span> <span class='ocrx_word' id='word_1_915' title='bbox 1156 2827 1169 2854; x_wconf 75' lang='lat' dir='ltr'><strong>‘I</strong></span> <span class='ocrx_word' id='word_1_916' title='bbox 1180 2826 1254 2855; x_wconf 89' lang='lat' dir='ltr'><strong>Vera</strong></span> <span class='ocrx_word' id='word_1_917' title='bbox 1267 2827 1368 2863; x_wconf 88' lang='lat' dir='ltr'><strong>utique</strong></span> <span class='ocrx_word' id='word_1_918' title='bbox 1383 2834 1450 2855; x_wconf 84' lang='lat' dir='ltr'><strong>caro</strong></span> <span class='ocrx_word' id='word_1_919' title='bbox 1465 2826 1582 2861; x_wconf 83' lang='lat' dir='ltr'><strong>Christi,</strong></span> <span class='ocrx_word' id='word_1_920' title='bbox 1592 2833 1656 2861; x_wconf 69' lang='lat' dir='ltr'><strong>quae</strong></span> <span class='ocrx_word' id='word_1_921' title='bbox 1672 2825 1812 2854; x_wconf 84' lang='lat' dir='ltr'><strong>cruciﬂxa</strong></span> 
     </span>
    </p>
   </div>
  </div>
