3970 6058
340 224 445 281 147

1425 228 1494 278 D.
1535 224 1775 280 IVONIS
1811 221 2308 277 CARNOTENSIS
2343 218 2666 274 EPISCOPI

3654 208 3769 266 148

339 352 584 421 est,que
614 348 844 421 sepulta
871 350 1115 416 est,vere
1143 348 1335 405 carnis
1365 347 1524 405 illius
1554 350 1987 405 sacramentum
2018 348 2072 414 Α
2103 345 2355 401 cendum
2385 344 2564 400 etiam
2597 340 2737 415 quid
2768 338 3079 413 signiﬁcet,
3111 340 3169 394 et
3198 353 3392 394 sermo
3440 352 3615 408 quem
3649 352 3769 393 au-

342 442 452 494 est.
504 439 632 510 Ipse
680 437 894 494 clamat
937 438 1220 494 Dominus
1262 439 1435 494 Jesus
1469 455 1481 492 :
1514 440 1620 495 Hoc
1667 443 1746 495 est
1792 453 1987 509 corpus

340 544 549 583 meum.
602 529 748 583 Ante
796 528 1255 584 benedictionem
1306 528 1615 584 verborum
1664 526 1987 583 caelestium

341 616 459 672 alia
504 615 728 688 species
760 618 1117 685 nominatur,
1151 624 1284 688 post
1333 617 1830 674 consecrationem
1861 633 1988 671 cor-

339 723 454 779 pus
481 706 867 778 signiﬁcatur.
902 709 1032 777 Ipse
1062 705 1201 761 dicit
1231 707 1579 778 sanguinem
1612 724 1807 762 suum.
1842 708 1988 761 Ante

340 795 837 852 consecrationem
870 797 1027 851 aliud
1062 797 1309 865 dicitur;
1331 801 1464 868 post
1493 796 1988 852 consecrationem

340 884 588 956 sanguis
648 889 1042 956 nuncupatur.
1075 886 1161 940 Tu
1221 886 1367 940 dicis
1402 904 1414 940 :
1449 886 1655 951 Amen,
1713 885 1821 941 hoc
1879 890 1988 952 est,

342 990 530 1030 verum
556 975 823 1039 εει.ουοὰ
850 991 1044 1030 sermo
1079 980 1268 1041 sonat,
1301 973 1544 1030 affectus
1576 974 1810 1029 sentiat.
1838 974 1989 1029 Item.

345 1063 520 1133 (Amb.
571 1063 668 1120 tib.
701 1081 755 1119 v1
788 1064 861 1119 De
910 1080 1216 1120 sacramen.
1264 1081 1385 1135 cap.
1417 1065 1486 1134 1).
1518 1064 1676 1118 Sicut
1704 1080 1874 1118 verus
1905 1066 1995 1117 est

335 1150 522 1220 Deus,
555 1152 658 1207 Dei
689 1152 891 1223 Filius,
928 1153 1207 1209 Dominus
1256 1156 1455 1208 noster
1501 1153 1675 1208 Jesus
1728 1152 1994 1207 Christus

345 1230 464 1295 non
496 1242 995 1310 quemadmodum
1026 1242 1296 1297 homines
1327 1258 1429 1314 per
1457 1241 1835 1313 gratiam,sed
1859 1257 1996 1312 qua-

349 1328 399 1384 si
429 1328 610 1384 Filius
638 1346 706 1385 ex
751 1331 1085 1386 substantia
1112 1331 1329 1399 Patris,
1358 1331 1440 1385 ita
1484 1347 1623 1385 vera
1652 1346 1787 1385 caro
1828 1329 1997 1386 Chri-

350 1418 450 1486 sti,
484 1417 638 1474 sicut
667 1418 794 1491 ipse
841 1419 1007 1492 dixit,
1039 1437 1217 1492 quam
1267 1419 1614 1491 accipimus,
1648 1423 1705 1473 et
1734 1417 1997 1490 sanguis,

351 1524 466 1578 quo
515 1512 807 1579 potamur.
841 1508 953 1564 Sed
1003 1509 1250 1565 fortasse
1298 1508 1480 1575 dicas,
1523 1508 1677 1578 quod
1728 1507 2005 1563 dixerunt

348 1601 491 1653 tunc
535 1598 819 1669 temporis
868 1597 1143 1670 discipuli
1191 1596 1408 1653 Christi
1459 1597 1765 1653 audientes
1804 1597 2003 1653 dicen-

349 1689 468 1741 tem
521 1702 533 1741 :

352 1774 553 1830 biberit
600 1778 931 1847 sanguinem
960 1793 1163 1844 meum,
1196 1794 1310 1832 non
1362 1776 1623 1831 manebit
1654 1776 1713 1830 in
1754 1792 1869 1843 me,
1903 1792 2007 1831 nec

351 1863 591 1919 habebit
619 1864 799 1919 vitam
832 1869 1109 1920 aeternam
1146 1866 1326 1935 (Joan.
1360 1864 1460 1935 vr),
1494 1865 1640 1920 forte
1671 1864 1879 1920 dicas?
1908 1864 2010 1935 (De

351 1968 525 2020 cons.,
558 1952 685 2007 dist.
717 1953 794 2024 2).
828 1954 1129 2016 Quomodo
1160 1969 1295 2008 vera
1322 1970 1481 2019 caro,
1513 1953 1807 2023 quomodo
1837 1968 2008 2007 verus

351 2040 615 2111 sanguis,
651 2042 752 2112 qui
799 2040 1252 2097 similitudinem
1284 2058 1396 2096 non
1443 2042 1609 2096 video
1641 2046 1857 2105 carnis,
1892 2057 2008 2095 non

350 2128 517 2185 video
575 2130 880 2200 sanguinis
940 2130 1516 2187 veritatemiPrimo
1572 2130 1838 2184 omnium
1888 2113 2011 2184 dixi

350 2217 461 2273 tibi
511 2219 581 2273 de
635 2234 909 2275 sermone
966 2219 1202 2287 Christi,
1238 2218 1338 2290 qui
1386 2225 1663 2291 operatur
1711 2222 1777 2273 ut
1823 2218 2010 2289 possit

356 2311 606 2377 mutare,
640 2313 695 2363 et
740 2314 1072 2365 convertere
1100 2324 1315 2381 genera
1362 2312 1419 2363 et
1448 2307 1722 2363 instituta
1762 2312 2004 2362 naturae.

359 2396 580 2453 Deinde
612 2397 712 2452 ubi
760 2414 875 2453 non
907 2397 1171 2453 tulerunt
1222 2413 1553 2453 sermonem
1586 2395 1801 2451 Christi
1829 2395 2005 2451 disci-

357 2485 483 2557 puli
514 2487 664 2557 ejus,
698 2487 799 2543 sed
845 2487 1149 2542 audientes
1181 2487 1333 2557 quod
1365 2501 1599 2541 carnem
1641 2502 1809 2541 suam
1843 2486 2009 2540 daret

356 2575 735 2647 manducare,
769 2578 826 2631 et
855 2576 1207 2647 sanguinem
1259 2591 1435 2630 suum
1467 2575 1633 2629 daret
1661 2574 2006 2635 bibendum.

353 2664 707 2719 recedebant
739 2681 751 2719 :
787 2663 947 2720 solus
976 2668 1119 2719 tunc
1165 2663 1373 2718 Petrus
1421 2663 1569 2717 dixit
1602 2680 1615 2717 :
1656 2663 1832 2719 Verba
1882 2664 2009 2718 vitae

354 2757 585 2809 (eterna:
636 2752 822 2821 habes,
847 2760 896 2807 et
926 2767 1019 2822 ego
1063 2751 1325 2824 quomodo
1357 2768 1391 2806 a
1421 2759 1473 2806 te
1522 2750 1771 2807 recedam
1796 2754 1821 2804 .9
1845 2752 2004 2807 Joan.

352 2840 455 2911 vr).
491 2839 639 2912 (Lib.
671 2857 724 2895 IV
753 2840 998 2908 Senten.,
1032 2840 1160 2895 dist.
1211 2841 1293 2907 12,
1326 2841 1353 2908 §
1380 2840 1452 2910 e).
1485 2840 1566 2894 Ne
1598 2839 1781 2911 igitur
1808 2841 2007 2912 plures

355 2926 467 2983 hoc
515 2927 798 2996 dicerent,
841 2932 899 2983 et
947 2944 1021 2983 ne
1066 2928 1245 2983 veluti
1290 2928 1533 2999 quidam
1582 2933 1739 2984 esset
1785 2928 2007 2983 cruoris

353 3014 582 3086 horror,
615 3016 717 3072 sed
769 3021 1025 3072 maneret
1066 3015 1255 3088 gratia
1298 3016 1738 3088 redemptionis,
1772 3016 1901 3072 ideo
1946 3017 2007 3073 in

2097 435 2243 489 divit
2273 434 2416 506 quid
2448 432 2507 487 in
2542 431 2641 487 illo
2674 431 2979 499 condatur,
3012 429 3183 499 cujus
3214 426 3314 482 illa
3346 442 3438 482 res
3468 425 3767 482 similitu-

2098 522 2295 578 dinem
2327 522 2476 594 gerit
2508 539 2519 576 :
2556 520 2766 576 deinde
2798 517 3131 574 monendus
3185 521 3275 572 est
3322 532 3389 571 ex
3436 514 3546 571 bac
3586 531 3767 570 occa-

2099 612 2284 680 sione,
2318 616 2381 665 ut
2411 611 2459 665 si
2492 609 2632 682 quid
2682 612 2858 665 etiam
2891 608 2951 662 in
2981 606 3304 677 Scripturis
3344 604 3563 671 audiat,
3596 604 3769 675 quod

2100 700 2413 757 carnaliter
2444 704 2632 766 sonet,
2669 697 2899 754 etiamsi
2935 713 3049 753 non
3094 694 3403 766 intelligat,
3437 694 3640 750 credat
3675 698 3767 747 ta-

2101 807 2232 845 men
2267 788 2569 860 spirituale
2600 787 2821 860 aliquid
2855 784 3194 859 signiﬁcari,
3231 784 3387 857 quod
3418 783 3490 838 ad
3523 787 3770 838 sanctos

2096 890 2316 950 mores,
2351 879 2730 947 futuramque
2784 874 2964 930 vitam
3024 874 3332 947 pertineat.
3385 873 3503 927 Hoc
3561 874 3770 926 autem

2100 965 2183 1021 ita
2212 966 2467 1021 breviter
2513 965 2723 1033 discat,
2757 968 2821 1019 ut
2870 963 3157 1036 quidquid
3192 961 3448 1017 audierit
3492 977 3561 1016 ex
3592 959 3774 1014 libris

2104 1055 2425 1123 canonicis,
2459 1054 2612 1126 quod
2649 1054 2719 1109 ad
2753 1052 3129 1108 dilectionem
3163 1050 3507 1106 aeternitatis
3538 1054 3595 1105 et
3625 1065 3774 1103 san-

2105 1144 2344 1213 ctitatis,
2404 1147 2460 1199 et
2517 1143 2589 1197 ad
2649 1141 3020 1197 dilectionem
3081 1138 3327 1213 proximi
3385 1139 3586 1194 referri
3647 1154 3776 1193 non

2106 1232 2571 1304 possit,ﬁgurate
2603 1231 2823 1286 dictum
2856 1230 2940 1285 vel
2973 1234 3202 1302 gestum
3232 1228 3451 1294 credat,
3474 1232 3655 1299 atque
3688 1226 3779 1281 ita

2107 1326 2351 1377 conetur
2399 1321 2744 1392 intelligere,
2778 1326 2843 1375 ut
2873 1320 2944 1376 ad
2993 1319 3155 1374 illam
3203 1317 3500 1391 geminam
3551 1319 3779 1374 referat

2110 1410 2506 1465 dilectionem.
2539 1412 2672 1465 Item
2701 1410 2776 1465 De
2804 1408 3201 1465 catechizandis
3230 1408 3670 1479 rudibus,cap.9.
3688 1408 3778 1464 De

2114 1504 2482 1556 sacramento
2529 1503 2723 1554 autem
2757 1498 2977 1554 sufﬁcit
3027 1498 3507 1570 prudentioribus
3537 1498 3772 1567 audire,

2116 1588 2256 1660 quid
2307 1606 2398 1644 res
2442 1586 2544 1642 illa
2590 1587 2902 1659 signiﬁcet,
2953 1603 3083 1642 cum
3132 1587 3492 1642 tardioribus
3542 1594 3774 1656 autem,

595 1687 716 1742 Nisi
761 1690 883 1757 quis
941 1687 1355 1743 manducauerit
1418 1703 1644 1742 carnem
1697 1703 1898 1757 meam,
1955 1695 2007 1741 et
2036 1719 2085 1786 B
2117 1685 2419 1757 aliquanto
2450 1686 2721 1757 pluribus
2752 1685 3042 1753 verbis,et
3070 1684 3565 1741 similitudinibus
3596 1702 3781 1757 agen-

2117 1776 2259 1830 dum
2291 1780 2401 1846 est,
2435 1792 2507 1831 ne
2537 1779 2912 1830 contemnant
2959 1775 3114 1846 quod
3146 1774 3365 1829 vident.
3415 1776 3547 1830 Item
3577 1785 3780 1831 contra

2104 1857 2401 1932 ’Faustum,
2445 1865 2540 1919 tib.
2574 1881 2690 1930 xxx,
2723 1880 2841 1932 cap.
2880 1865 2963 1919 16.
3018 1864 3167 1928 Quid
3216 1862 3373 1918 enim
3424 1868 3566 1919 sunt
3607 1863 3778 1919 aliud

2119 1970 2364 2026 quaeque
2394 1959 2758 2009 sacramenta
2788 1953 3134 2025 corporalia,
3155 1953 3268 2008 nisi
3301 1954 3564 2024 quaedam
3600 1953 3778 2025 quasi

2116 2045 2291 2098 verba
2318 2042 2594 2104 visibilis,
2629 2046 3004 2097 sacrosancta
3043 2041 3304 2113 quidem,
3336 2058 3539 2097 verum
3572 2047 3778 2097 tamen

2119 2130 2429 2186 mutabilia
2459 2136 2515 2186 et
2562 2130 2930 2202 temporalia.
2964 2132 3096 2186 Item
3144 2132 3203 2185 in
3258 2131 3399 2186 libro
3445 2132 3661 2187 decimo
3694 2136 3781 2187 De

2117 2222 2337 2275 civitate
2368 2221 2473 2275 Dei
2518 2220 2659 2291 (cap.
2696 2220 2802 2291 19).
2837 2219 2943 2283 Qui
2992 2225 3189 2274 autem
3244 2224 3454 2291 putant
3485 2221 3605 2275 haec
3633 2220 3783 2276 visi-

2116 2308 2259 2364 bilia
2316 2308 2601 2364 sacriﬁcia
2657 2308 2770 2363 diis
2828 2307 3037 2363 alienis
3093 2324 3433 2379 congruere,
3494 2308 3579 2364 illi
3636 2326 3779 2365 vero

2115 2403 2395 2470 tanquam
2449 2398 2732 2453 invisibili
2782 2397 3122 2466 invisibilia,
3156 2404 3213 2452 et
3260 2398 3485 2468 majora
3534 2399 3779 2470 majori,

2116 2486 2456 2555 meliorique
2500 2484 2761 2555 meliora,
2794 2485 2992 2557 qualia
3022 2491 3163 2541 sunt
3215 2503 3372 2558 puras
3407 2487 3642 2558 mentis,
3675 2488 3781 2543 bo-

2117 2592 2321 2648 naeque
2369 2574 2687 2631 voluntatis
2737 2574 2973 2630 ofﬁcia:
3021 2575 3279 2646 profecto
3330 2576 3603 2631 nesciunt
3649 2576 3780 2632 haec

2115 2664 2201 2720 ita
2231 2664 2400 2737 signa
2430 2680 2558 2720 esse
2608 2663 2865 2731 illorum,
2899 2664 3055 2719 sicut
3082 2664 3259 2720 verba
3306 2665 3574 2719 sonantia
3605 2664 3784 2736 signa

2118 2757 2254 2809 sunt
2284 2769 2501 2808 rerum.
2539 2752 2823 2817 Quocirca
2853 2751 3006 2807 sicut
3036 2756 3271 2808 orantes
3320 2757 3495 2824 atque
3534 2753 3785 2808 laudan-

2117 2845 2227 2909 tes,
2262 2842 2332 2897 ad
2366 2858 2500 2896 eum
2536 2840 2851 2913 dirigimus
2902 2839 3302 2912 signiﬁcantes
3331 2858 3520 2907 voces,
3556 2843 3648 2897 cui
3682 2859 3784 2898 res

2115 2930 2276 3001 ipsas
2308 2932 2365 2986 in
2399 2931 2573 2986 corde
2625 2947 2772 3001 quas
2823 2930 3247 3000 signiﬁcamus,
3299 2931 3643 2987 offerimus:
3696 2933 3786 2987 ita

2120 3019 2545 3086 sacriﬁcantes,
2580 3036 2696 3075 non
2747 3018 2914 3074 alteri
2966 3019 3320 3075 sacriﬁcium
3369 3020 3599 3076 visibile
3646 3021 3786 3077 offe-

355 3104 807 3161 similitudinem
857 3104 1095 3176 quidem
1138 3104 1355 3176 accipis
1399 3110 1859 3177 sacramentum,
1905 3107 2008 3161 sed
2039 3085 2083 3152 (ἶ
2120 3110 2367 3164 rendum
2400 3124 2529 3164 esse
2560 3107 2917 3177 noverimus,
2951 3125 3130 3179 quam
3171 3108 3253 3164 illi
3288 3111 3459 3181 cujus
3490 3110 3547 3164 in
3581 3111 3785 3165 cordi-

354 3209 501 3250 verae
532 3199 754 3251 natura:
784 3194 1028 3267 gloriam
1062 3194 1360 3265 [gratiam]
1396 3193 1786 3265 virtutemque
1808 3211 2010 3250 conse-

361 3284 578 3356 queris.
607 3285 714 3355 Ego
744 3301 887 3352 sum,
922 3284 1137 3354 inquit,
1164 3285 1338 3353 panis
1387 3285 1484 3354 qui
1512 3282 1576 3339 de
1606 3284 1735 3338 coelo
1765 3283 2015 3340 descendi

362 3375 543 3445 (Joan.
575 3374 673 3443 vr).

364 3466 492 3518 CAP.
522 3462 577 3534 8.
604 3492 673 3501 —
705 3461 1059 3534 Hierusalem
1086 3464 1359 3533 captivam
1386 3462 1458 3516 ab
1486 3462 1650 3534 hujus
1680 3461 1886 3534 saeculi
1906 3467 2015 3518 Ba-

439 3533 665 3603 bylonia
693 3532 884 3587 debere
914 3533 1222 3599 tiberari,et
1248 3532 1765 3605 signacula'rerum
1794 3533 2014 3589 divina-

436 3620 564 3659 rum
592 3619 703 3659 esse
750 3605 1017 3669 visibitia,
1050 3605 1145 3659 sed
1194 3621 1281 3659 res
1311 3608 1458 3676 ipsas
1508 3606 1815 3661 invisibiles
1850 3608 1908 3659 in
1939 3607 2017 3662 eis

436 3677 719 3747 honorari,
750 3680 803 3730 et
847 3677 1095 3747 plurima
1124 3679 1183 3730 in
1223 3677 1369 3732 hunc
1406 3678 1648 3733 modum.
1680 3678 2017 3746 Augustinus

436 3747 502 3801 de
531 3746 943 3802 catechizandis
975 3748 1224 3802 rudibus.

437 3835 590 3906 (Cap.
626 3836 734 3902 11).
765 3835 1199 3908 Nonnunquam
1231 3835 1431 3902 etiam,
1461 3838 1603 3892 dum
1637 3841 1792 3892 recte
1821 3835 2020 3892 omnia

359 3940 496 3979 vere
553 3923 843 3989 dicantur,
880 3927 981 3977 aut
1042 3940 1157 3978 non
1219 3923 1578 3979 intellectum
1640 3924 1884 3996 aliquid,
1918 3930 2020 3980 aut

360 4017 566 4068 contra
580 4011 1049 4084 opinionem,aut
1066 4012 1557 4067 consuetudinem
1577 4012 1788 4067 veteris
1805 4014 2019 4069 erroris

361 4102 492 4172 ipsa
521 4102 779 4158 novitate
810 4116 1085 4171 asperum
1105 4099 1349 4154 offendit
1372 4106 1429 4156 et
1458 4101 1764 4171 perturbat
1782 4102 2020 4157 audien-

359 4195 501 4244 tem.
536 4191 698 4253 Quod
748 4191 799 4245 si
829 4189 1167 4261 apparuerit
1216 4194 1272 4244 et
1320 4190 1648 4245 sanabilem
1699 4207 1761 4245 se
1800 4191 2018 4259 praebet

363 4278 779 4333 auctoritatum
815 4277 1227 4349 rationumque
1257 4278 1577 4349 copia,sine
1599 4278 1721 4334 ulla
1738 4279 2017 4335 dilatione

365 4366 669 4420 sanandus
690 4366 868 4420 est.Si
889 4370 1084 4420 autem
1109 4365 1338 4422 occulta
1361 4367 1603 4423 oﬁ‘ensio
1626 4373 1737 4439 est,
1768 4367 1868 4423 Dei
1902 4385 2019 4424 me-

2117 3199 2233 3254 bus
2268 3198 2486 3252 nostris
2519 3195 2811 3252 invisibile
2843 3196 3201 3253 sacriﬁcium
3234 3214 3341 3254 nos
3371 3198 3485 3270 ipsi
3518 3214 3647 3254 esse
3678 3200 3781 3255 de-

2121 3286 2350 3342 bemus.
2387 3287 2522 3341 Item
2553 3288 2613 3341 in
2640 3287 2780 3341 libro
2809 3285 3018 3343 decimo
3045 3287 3119 3342 De
3148 3288 3376 3342 civitate
3407 3288 3526 3343 Dei.
3557 3287 3711 3358 (Cap.
3742 3292 3782 3344 5

2121 3377 2195 3431 De
2224 3392 2401 3443 cons,
2434 3376 2564 3430 dist.
2596 3376 2650 3439 2,
2683 3391 2730 3431 c.
2763 3374 3133 3446 Sacriﬁcium,
3165 3381 3216 3432 et
3255 3376 3351 3433 tib.
3385 3395 3441 3433 1v
3467 3377 3615 3433 Sent.
3646 3377 3780 3434 dist.

2122 3465 2239 3537 I,§
2294 3465 2368 3538 1).
2422 3464 2789 3521 Sacriﬁcium
2845 3464 3099 3533 visibile,
3159 3465 3451 3522 invisibile
3508 3467 3788 3523 sacriﬁcii

2124 3560 2585 3623 sacramentum,
2617 3553 2676 3608 id
2710 3557 2798 3609 est
2828 3570 3061 3609 sacrum
3095 3555 3332 3626 signum
3364 3560 3474 3611 est.
3511 3560 3575 3612 Et
3604 3556 3787 3613 alibi:

2124 3646 2568 3698 Sacramentum
2627 3642 2943 3698 invisibilis
3000 3644 3200 3715 gratiae
3258 3644 3508 3700 visibilis
3568 3645 3781 3701 forma.

2123 3742 2258 3796 Item
2289 3740 2434 3795 libro
2481 3740 2716 3795 secundo
2764 3741 2839 3795 De
2884 3739 3136 3796 doctrina
3185 3741 3508 3799 christiana.
3540 3743 3785 3814 Signum

2126 3834 2215 3885 est
2232 3846 2323 3884 res
2350 3832 2562 3901 praeter
2582 3828 2858 3901 speciem,
2894 3846 3071 3901 quam
3098 3830 3307 3901 ingerit
3328 3832 3601 3887 sensibus
3623 3831 3786 3888 aliud

2126 3917 2343 3989 aliquid
2378 3935 2445 3972 ex
2478 3934 2539 3973 se
2572 3917 2790 3973 faciens
2819 3917 2878 3972 in
2912 3919 3301 3989 cognitionem
3335 3921 3789 3977 venire.lbidem

2126 4007 2267 4062 libro
2300 4006 2831 4062 tertio.Christiana
2854 4007 3093 4063 libertas
3116 4024 3395 4080 eos,quos
3422 4010 3645 4066 invenit
3673 4010 3787 4066 sub

2126 4095 2313 4167 signis
2327 4094 2883 4167 utilibus,tanquam
2898 4112 3075 4169 prope
3091 4097 3785 4172 inventos,interpretatis

2126 4183 2313 4257 signis
2334 4185 2551 4256 quibus
2573 4185 2793 4240 subditi
2817 4192 3003 4252 erant,
3038 4186 3288 4243 elevatos
3311 4188 3383 4243 ad
3407 4203 3504 4244 eas
3528 4206 3620 4245 res
3645 4205 3785 4261 qua-

2126 4291 2256 4329 rum
2280 4272 2381 4329 illa
2404 4273 2573 4345 signa
2595 4278 2755 4340 sunt,
2789 4273 3074 4330 liberavit.
3110 4278 3189 4330 Ex
3208 4276 3301 4331 his
3324 4277 3487 4332 facta;
3519 4281 3657 4332 sunt
3686 4278 3785 4332 Ec-

2124 4365 2314 4420 clesiae
2344 4373 2677 4420 sanctorum
2714 4364 3299 4431 Israelitarum.Quos
3331 4372 3528 4422 autem
3562 4366 3787 4424 invenit

369 4453 563 4508 dicina
592 4452 866 4525 cpitulari
901 4455 1203 4524 potest.At
1232 4454 1282 4509 si
1315 4455 1589 4511 resilierit
1616 4465 1674 4511 et
1704 4456 1896 4512 curari
1928 4473 2020 4512 re-
2048 4456 2098 4519 D
2129 4454 2239 4508 sub
2262 4453 2450 4524 signis
2482 4452 2939 4518 inutilibus,non
2972 4452 3162 4509 solum
3188 4454 3456 4510 servilem
3489 4455 3546 4509 in
3580 4472 3783 4527 opera-

370 4539 1024 4605 cusaverit,consoletur
1046 4558 1151 4596 nos
1174 4541 1460 4597 Dominus
1485 4542 1582 4599 illo
1609 4542 1895 4615 exemplo,
1920 4545 2020 4615 qui

369 4627 608 4685 oﬁ‘ensis
630 4627 972 4683 hominibus
994 4644 1061 4683 ex
1080 4629 1254 4684 verbo
1277 4646 1407 4697 suo,
1424 4634 1482 4684 et
1504 4635 1785 4701 tanquam
1802 4632 2016 4686 durum

369 4717 999 4789 rel‘ugientibus,etiam
1034 4717 1123 4771 his
1156 4718 1254 4788 qui
1282 4723 1687 4773 remanserant
1711 4720 1829 4773 ait:
1860 4720 2018 4774 Nun-

367 4807 502 4879 quid
531 4811 582 4861 et
611 4822 702 4862 vos
731 4808 898 4861 vultis
928 4808 1083 4860 abire
1108 4807 1290 4873 (Joan.
1327 4807 1426 4877 vr).
1460 4807 1613 4863 Satis
1646 4808 1803 4864 enim
1835 4808 2017 4864 ﬁxum

367 4900 425 4950 et
448 4894 749 4950 immobile
772 4895 940 4950 docet
961 4894 1133 4949 corde
1154 4894 1413 4964 retineri,
1434 4895 1802 4951 Hierusalem
1835 4898 2017 4969 capti-

365 5000 497 5039 vam
523 4985 593 5039 ab
612 4984 790 5055 hujus
813 4982 1012 5038 saeculi
1035 4982 1349 5055 Babylonia
1364 4984 1629 5041 decursis
1651 4987 2016 5057 temporibus

362 5071 638 5128 liberari:
685 5071 1036 5142 nullumque
1082 5088 1208 5126 esse
1234 5088 1302 5126 ex
1348 5071 1449 5126 illa
1498 5074 1846 5143 periturum,
1877 5075 2017 5145 quia

358 5161 464 5232 qui
496 5159 735 5231 perierit
788 5176 900 5214 non
932 5176 1001 5213 ex
1029 5159 1127 5213 illa
1177 5164 1317 5214 erat.
1353 5163 1507 5215 Item.
1542 5161 1619 5216 De
1648 5170 2014 5219 sacramento

362 5250 519 5322 quod
551 5248 794 5320 accepit,
829 5264 959 5303 cum
1009 5248 1156 5302 bene
1194 5248 1246 5302 ei
1295 5250 1770 5305 commendatum
1817 5251 2012 5322 fuerit,

366 5338 673 5412 signacula
702 5337 939 5407 quidem
973 5352 1166 5391 rerum
1199 5336 1526 5392 divinarum
1563 5354 1693 5393 esse
1720 5338 2010 5396 visibilia:

367 5429 471 5483 sed
502 5445 593 5484 res
639 5426 802 5500 ipsas
846 5424 1171 5481 invisibiles
1218 5424 1278 5481 in
1321 5424 1404 5481 eis
1453 5424 1747 5497 honorari,
1778 5441 1883 5483 nec
1928 5427 2013 5486 ic

368 5514 694 5572 habendam
714 5531 842 5572 esse
862 5513 1022 5570 illam
1047 5513 1299 5585 speciem
1324 5513 1730 5572 benedictione
1755 5516 2011 5572 sanctiﬁ-

370 5605 1085 5680 catam,quemadmodum
1109 5603 1358 5663 habetur
1379 5604 1439 5663 in
1464 5620 1577 5664 usu
1599 5604 1893 5680 quolibet:
1918 5606 2011 5663 di-

2130 4540 2347 4596 tionem
2380 4542 2489 4595 sub
2521 4540 2739 4595 talibus
2770 4540 3087 4609 signis,sed
3112 4542 3290 4597 etiam
3314 4543 3445 4614 ipsa
3466 4545 3637 4616 signa
3665 4543 3785 4600 fru-

2127 4628 2353 4693 stravit,
2378 4628 2739 4700 removitque
2771 4629 2990 4698 omnia,
3026 4635 3087 4684 ut
3120 4647 3150 4685 a
3183 4633 3557 4703 corruptione
3588 4633 3783 4689 multi-

2124 4717 2350 4771 tudinis
2369 4715 2778 4771 simulatorum
2806 4718 3047 4773 deorum
3073 4718 3274 4790 (quam
3298 4736 3449 4791 saepe
3468 4736 3533 4776 ac
3551 4720 3784 4793 proprie

2125 4805 2425 4877 Scriptura
2454 4804 2897 4860 fornicationem
2929 4808 3214 4878 vocat),ad
3235 4809 3413 4864 unius
3430 4808 3528 4863 Dei
3555 4808 3779 4866 cultum

2124 4900 2326 4965 gentes
2344 4898 2823 4949 converterentur
2848 4909 2861 4949 :
2888 4911 2992 4951 nec
3017 4896 3127 4950 sub
3150 4897 3295 4969 ipsis
3312 4898 3438 4967 jam
3462 4896 3652 4969 signis
3676 4898 3782 4953 uti-

2124 4982 2280 5039 libus
2312 4983 2634 5051 serviturze,
2668 4983 2769 5038 sed
2805 4983 3136 5039 excitaturus
3179 4984 3375 5056 potius
3423 4985 3686 5041 animum
3717 4987 3776 5042 in

2124 5088 2325 5127 eorum
2350 5071 2739 5144 intelligentia
2759 5071 3206 5142 spirituali.Sub
3222 5074 3392 5145 signo
3407 5076 3564 5130 enim
3580 5076 3775 5145 servit,

2123 5160 2223 5231 qui
2256 5166 2554 5233 operatur,
2591 5164 2693 5214 aut
2722 5164 3032 5215 veneratur
3062 5160 3323 5231 aliquam
3356 5179 3479 5218 rem
3514 5164 3777 5220 nesciens

2123 5249 2262 5319 quid
2294 5251 2604 5319 signiﬁcet.
2640 5248 2747 5313 Qui
2779 5264 2912 5303 vero
2946 5239 3225 5320 operatur
3266 5250 3505 5322 aliquod
3539 5252 3769 5325 signum

2123 5338 2405 5392 divinitus
2436 5336 2985 5408 institutum,cujus
3016 5337 3131 5394 vim
3166 5338 3772 5414 signiﬁcationemque

2121 5424 2417 5497 intelligit,
2452 5441 2565 5480 non
2612 5429 2923 5481 veneratur
2969 5428 3124 5497 quod
3173 5428 3406 5485 videtur
3434 5434 3492 5486 et
3538 5430 3768 5503 transit,

2121 5516 2222 5572 sed
2255 5513 2401 5569 illud
2450 5513 2666 5586 potius,
2700 5530 2814 5586 quo
2845 5513 2986 5571 talia
3016 5521 3223 5573 cuncta
3262 5518 3567 5576 referenda
3614 5526 3767 5581 sunt.

2121 5604 2282 5665 Talis
2314 5606 2509 5661 autem
2540 5602 2715 5661 homo
2761 5608 2819 5661 et
2849 5602 3195 5679 spiritualis,
3227 5610 3283 5664 et
3312 5606 3462 5666 liber
3490 5616 3577 5669 est
3621 5612 3767 5670 tem-
