  <div class='ocr_page' id='page_1' title='image "/cluster/home/n/w/nwhite01/storage/ocr_20150623/161/hvd.32044054760194/120.png"; bbox 0 0 3982 6060; ppageno 0'>
   <div class='ocr_carea' id='block_1_1' title="bbox 245 277 348 332">
    <p class='ocr_par' dir='ltr' id='par_1_1' title="bbox 245 277 348 332">
     <span class='ocr_line' id='line_1_1' title="bbox 245 277 348 332; baseline -0.019 0"><span class='ocrx_word' id='word_1_1' title='bbox 245 277 348 332; x_wconf 72' lang='grc'>149</span> 
     </span>
    </p>
   </div>
   <div class='ocr_carea' id='block_1_2' title="bbox 991 276 2932 344">
    <p class='ocr_par' dir='ltr' id='par_1_2' title="bbox 991 276 2932 344">
     <span class='ocr_line' id='line_1_2' title="bbox 991 276 2932 344; baseline -0.002 -13"><span class='ocrx_word' id='word_1_2' title='bbox 991 279 1301 332; x_wconf 77' lang='lat' dir='ltr'>DECRETI</span> <span class='ocrx_word' id='word_1_3' title='bbox 1343 279 1522 330; x_wconf 78' lang='lat' dir='ltr'>PAPS</span> <span class='ocrx_word' id='word_1_4' title='bbox 1559 279 1633 329; x_wconf 91' lang='lat' dir='ltr'>II.</span> <span class='ocrx_word' id='word_1_5' title='bbox 1666 303 1732 312; x_wconf 91' lang='lat'><strong><em>—</em></strong></span> <span class='ocrx_word' id='word_1_6' title='bbox 1775 278 1872 328; x_wconf 87' lang='lat' dir='ltr'>DE</span> <span class='ocrx_word' id='word_1_7' title='bbox 1909 276 2113 331; x_wconf 82' lang='lat' dir='ltr'>CORP.</span> <span class='ocrx_word' id='word_1_8' title='bbox 2154 279 2247 330; x_wconf 85' lang='lat' dir='ltr'>ET</span> <span class='ocrx_word' id='word_1_9' title='bbox 2285 278 2497 331; x_wconf 79' lang='lat' dir='ltr'>SANG.</span> <span class='ocrx_word' id='word_1_10' title='bbox 2542 277 2737 344; x_wconf 82' lang='lat' dir='ltr'>DOM.,</span> <span class='ocrx_word' id='word_1_11' title='bbox 2778 277 2932 328; x_wconf 85' lang='lat' dir='ltr'>ETC.</span> 
     </span>
    </p>
   </div>
   <div class='ocr_carea' id='block_1_3' title="bbox 3549 266 3653 321">
    <p class='ocr_par' dir='ltr' id='par_1_3' title="bbox 3549 266 3653 321">
     <span class='ocr_line' id='line_1_3' title="bbox 3549 266 3653 321; baseline -0.019 0"><span class='ocrx_word' id='word_1_12' title='bbox 3549 266 3653 321; x_wconf 89' lang='grc'>150</span> 
     </span>
    </p>
   </div>
   <div class='ocr_carea' id='block_1_4' title="bbox 238 390 3653 473">
    <p class='ocr_par' dir='ltr' id='par_1_4' title="bbox 238 390 3653 473">
     <span class='ocr_line' id='line_1_4' title="bbox 238 390 3653 473; baseline -0.003 -17"><span class='ocrx_word' id='word_1_13' title='bbox 238 415 384 473; x_wconf 91' lang='lat' dir='ltr'>pore</span> <span class='ocrx_word' id='word_1_14' title='bbox 434 399 754 469; x_wconf 85' lang='lat' dir='ltr'>servitutis;</span> <span class='ocrx_word' id='word_1_15' title='bbox 778 415 895 472; x_wconf 92' lang='lat' dir='ltr'>quo</span> <span class='ocrx_word' id='word_1_16' title='bbox 948 400 1289 456; x_wconf 87' lang='lat' dir='ltr'>carnabilus</span> <span class='ocrx_word' id='word_1_17' title='bbox 1329 398 1569 464; x_wconf 90' lang='lat' dir='ltr'>animis,</span> <span class='ocrx_word' id='word_1_18' title='bbox 1619 399 1881 453; x_wconf 87' lang='lat' dir='ltr'>nondum</span> <span class='ocrx_word' id='word_1_19' title='bbox 1912 403 1967 469; x_wconf 80' lang='grc' dir='ltr'><strong>Α</strong></span> <span class='ocrx_word' id='word_1_20' title='bbox 1995 401 2158 469; x_wconf 71' lang='lat' dir='ltr'>praef.</span> <span class='ocrx_word' id='word_1_21' title='bbox 2192 400 2225 451; x_wconf 91' lang='lat'>2</span> <span class='ocrx_word' id='word_1_22' title='bbox 2256 401 2316 452; x_wconf 86' lang='lat' dir='ltr'>in</span> <span class='ocrx_word' id='word_1_23' title='bbox 2352 398 2500 470; x_wconf 90' lang='lat' dir='ltr'>psal.</span> <span class='ocrx_word' id='word_1_24' title='bbox 2531 416 2645 454; x_wconf 80' lang='lat' dir='ltr'>xxx.</span> <span class='ocrx_word' id='word_1_25' title='bbox 2677 400 2774 470; x_wconf 89' lang='lat' dir='ltr'>(De</span> <span class='ocrx_word' id='word_1_26' title='bbox 2823 413 2991 466; x_wconf 84' lang='lat' dir='ltr'>cons.,</span> <span class='ocrx_word' id='word_1_27' title='bbox 3051 395 3159 450; x_wconf 88' lang='lat' dir='ltr'>dist</span> <span class='ocrx_word' id='word_1_28' title='bbox 3228 393 3284 461; x_wconf 92' lang='lat'>2,</span> <span class='ocrx_word' id='word_1_29' title='bbox 3335 410 3384 448; x_wconf 91' lang='lat' dir='ltr'>c.</span> <span class='ocrx_word' id='word_1_30' title='bbox 3436 390 3611 447; x_wconf 87' lang='lat' dir='ltr'>Semel</span> <span class='ocrx_word' id='word_1_31' title='bbox 3629 404 3653 452; x_wconf 77' lang='grc' dir='ltr'>,ο</span> 
     </span>
    </p>
   </div>
   <div class='ocr_carea' id='block_1_5' title="bbox 235 488 1891 563">
    <p class='ocr_par' dir='ltr' id='par_1_5' title="bbox 235 488 1891 563">
     <span class='ocr_line' id='line_1_5' title="bbox 235 488 1891 563; baseline -0.002 -18"><span class='ocrx_word' id='word_1_32' title='bbox 235 495 470 562; x_wconf 78' lang='lat' dir='ltr'>oportet</span> <span class='ocrx_word' id='word_1_33' title='bbox 501 490 671 563; x_wconf 79' lang='lat' dir='ltr'>signa</span> <span class='ocrx_word' id='word_1_34' title='bbox 694 489 796 545; x_wconf 91' lang='lat' dir='ltr'>illa</span> <span class='ocrx_word' id='word_1_35' title='bbox 825 490 1090 560; x_wconf 81' lang='lat' dir='ltr'>revelari,</span> <span class='ocrx_word' id='word_1_36' title='bbox 1125 506 1374 560; x_wconf 90' lang='lat' dir='ltr'>quorum</span> <span class='ocrx_word' id='word_1_37' title='bbox 1410 491 1554 560; x_wconf 86' lang='lat' dir='ltr'>jugo</span> <span class='ocrx_word' id='word_1_38' title='bbox 1578 488 1891 543; x_wconf 89' lang='lat' dir='ltr'>edomandi</span> 
     </span>
    </p>
   </div>
   <div class='ocr_carea' id='block_1_6' title="bbox 233 578 1892 651">
    <p class='ocr_par' dir='ltr' id='par_1_6' title="bbox 233 578 1892 651">
     <span class='ocr_line' id='line_1_6' title="bbox 233 578 1892 651; baseline -0.002 -16"><span class='ocrx_word' id='word_1_39' title='bbox 233 579 576 636; x_wconf 88' lang='lat' dir='ltr'>sunt.Tales</span> <span class='ocrx_word' id='word_1_40' title='bbox 595 580 934 648; x_wconf 89' lang='lat' dir='ltr'>spirituales</span> <span class='ocrx_word' id='word_1_41' title='bbox 957 583 1123 635; x_wconf 88' lang='lat' dir='ltr'>erant</span> <span class='ocrx_word' id='word_1_42' title='bbox 1142 578 1483 651; x_wconf 70' lang='lat' dir='ltr'>patriarchae</span> <span class='ocrx_word' id='word_1_43' title='bbox 1511 595 1576 633; x_wconf 91' lang='lat' dir='ltr'>ac</span> <span class='ocrx_word' id='word_1_44' title='bbox 1600 578 1892 650; x_wconf 68' lang='lat' dir='ltr'>propheta:</span> 
     </span>
    </p>
   </div>
   <div class='ocr_carea' id='block_1_7' title="bbox 234 667 1897 741">
    <p class='ocr_par' dir='ltr' id='par_1_7' title="bbox 234 667 1897 741">
     <span class='ocr_line' id='line_1_7' title="bbox 234 667 1897 741; baseline -0.001 -17"><span class='ocrx_word' id='word_1_45' title='bbox 234 686 565 741; x_wconf 86' lang='lat' dir='ltr'>omneque</span> <span class='ocrx_word' id='word_1_46' title='bbox 597 669 656 724; x_wconf 89' lang='lat' dir='ltr'>in</span> <span class='ocrx_word' id='word_1_47' title='bbox 691 669 908 741; x_wconf 92' lang='lat' dir='ltr'>populo</span> <span class='ocrx_word' id='word_1_48' title='bbox 943 669 1146 736; x_wconf 83' lang='lat' dir='ltr'>Israel,</span> <span class='ocrx_word' id='word_1_49' title='bbox 1198 685 1301 740; x_wconf 89' lang='lat' dir='ltr'>per</span> <span class='ocrx_word' id='word_1_50' title='bbox 1350 685 1495 740; x_wconf 89' lang='lat' dir='ltr'>quos</span> <span class='ocrx_word' id='word_1_51' title='bbox 1545 667 1716 722; x_wconf 88' lang='lat' dir='ltr'>nobis</span> <span class='ocrx_word' id='word_1_52' title='bbox 1768 669 1897 737; x_wconf 89' lang='lat' dir='ltr'>ipsa</span> 
     </span>
    </p>
   </div>
   <div class='ocr_carea' id='block_1_8' title="bbox 232 755 1892 830">
    <p class='ocr_par' dir='ltr' id='par_1_8' title="bbox 232 755 1892 830">
     <span class='ocr_line' id='line_1_8' title="bbox 232 755 1892 830; baseline -0.002 -17"><span class='ocrx_word' id='word_1_53' title='bbox 232 759 604 830; x_wconf 91' lang='lat' dir='ltr'>Scripturam</span> <span class='ocrx_word' id='word_1_54' title='bbox 638 757 847 814; x_wconf 90' lang='lat' dir='ltr'>solatia</span> <span class='ocrx_word' id='word_1_55' title='bbox 874 763 931 813; x_wconf 91' lang='lat' dir='ltr'>et</span> <span class='ocrx_word' id='word_1_56' title='bbox 961 758 1177 813; x_wconf 87' lang='lat' dir='ltr'>auxilia</span> <span class='ocrx_word' id='word_1_57' title='bbox 1209 755 1586 812; x_wconf 80' lang='lat' dir='ltr'>ministravit.</span> <span class='ocrx_word' id='word_1_58' title='bbox 1620 757 1738 811; x_wconf 88' lang='lat' dir='ltr'>Hoc</span> <span class='ocrx_word' id='word_1_59' title='bbox 1759 772 1892 810; x_wconf 91' lang='lat' dir='ltr'>vero</span> 
     </span>
    </p>
   </div>
   <div class='ocr_carea' id='block_1_9' title="bbox 237 845 1891 919">
    <p class='ocr_par' dir='ltr' id='par_1_9' title="bbox 237 845 1891 919">
     <span class='ocr_line' id='line_1_9' title="bbox 237 845 1891 919; baseline -0.003 -16"><span class='ocrx_word' id='word_1_60' title='bbox 237 853 507 919; x_wconf 90' lang='lat' dir='ltr'>tempore</span> <span class='ocrx_word' id='word_1_61' title='bbox 539 851 742 918; x_wconf 89' lang='lat' dir='ltr'>postea</span> <span class='ocrx_word' id='word_1_62' title='bbox 779 864 955 918; x_wconf 89' lang='lat' dir='ltr'>quam</span> <span class='ocrx_word' id='word_1_63' title='bbox 1007 847 1356 902; x_wconf 90' lang='lat' dir='ltr'>ressurectio</span> <span class='ocrx_word' id='word_1_64' title='bbox 1408 845 1638 900; x_wconf 87' lang='lat' dir='ltr'>Domini</span> <span class='ocrx_word' id='word_1_65' title='bbox 1684 845 1891 912; x_wconf 79' lang='lat' dir='ltr'>nostri,</span> 
     </span>
    </p>
   </div>
   <div class='ocr_carea' id='block_1_10' title="bbox 237 933 1890 1001">
    <p class='ocr_par' dir='ltr' id='par_1_10' title="bbox 237 933 1890 1001">
     <span class='ocr_line' id='line_1_10' title="bbox 237 933 1890 1001; baseline -0.003 -9"><span class='ocrx_word' id='word_1_66' title='bbox 237 937 797 992; x_wconf 80' lang='lat' dir='ltr'>manifestissimum</span> <span class='ocrx_word' id='word_1_67' title='bbox 821 936 1107 991; x_wconf 90' lang='lat' dir='ltr'>indicium</span> <span class='ocrx_word' id='word_1_68' title='bbox 1133 940 1345 992; x_wconf 67' lang='lat' dir='ltr'>nostris</span> <span class='ocrx_word' id='word_1_69' title='bbox 1370 934 1661 989; x_wconf 78' lang='lat' dir='ltr'>libertatis</span> <span class='ocrx_word' id='word_1_70' title='bbox 1679 933 1890 1001; x_wconf 80' lang='lat' dir='ltr'>illuxit,</span> 
     </span>
    </p>
   </div>
   <div class='ocr_carea' id='block_1_11' title="bbox 235 1022 1892 1097">
    <p class='ocr_par' dir='ltr' id='par_1_11' title="bbox 235 1022 1892 1097">
     <span class='ocr_line' id='line_1_11' title="bbox 235 1022 1892 1097; baseline -0.002 -17"><span class='ocrx_word' id='word_1_71' title='bbox 235 1042 343 1082; x_wconf 90' lang='lat' dir='ltr'>nec</span> <span class='ocrx_word' id='word_1_72' title='bbox 363 1041 568 1081; x_wconf 87' lang='lat' dir='ltr'>eorum</span> <span class='ocrx_word' id='word_1_73' title='bbox 594 1025 833 1097; x_wconf 89' lang='lat' dir='ltr'>quidem</span> <span class='ocrx_word' id='word_1_74' title='bbox 858 1025 1163 1097; x_wconf 88' lang='lat' dir='ltr'>signorum</span> <span class='ocrx_word' id='word_1_75' title='bbox 1189 1025 1461 1095; x_wconf 84' lang='lat' dir='ltr'>quaejam</span> <span class='ocrx_word' id='word_1_76' title='bbox 1485 1022 1892 1093; x_wconf 85' lang='lat' dir='ltr'>intelligimus,</span> 
     </span>
    </p>
   </div>
   <div class='ocr_carea' id='block_1_12' title="bbox 233 1119 1896 1194">
    <p class='ocr_par' dir='ltr' id='par_1_12' title="bbox 233 1119 1896 1194">
     <span class='ocr_line' id='line_1_12' title="bbox 233 1119 1896 1194; baseline -0.004 -16"><span class='ocrx_word' id='word_1_77' title='bbox 233 1123 579 1194; x_wconf 87' lang='lat' dir='ltr'>operatione</span> <span class='ocrx_word' id='word_1_78' title='bbox 601 1121 761 1193; x_wconf 84' lang='lat' dir='ltr'>gravi</span> <span class='ocrx_word' id='word_1_79' title='bbox 795 1121 1016 1178; x_wconf 89' lang='lat' dir='ltr'>onerati</span> <span class='ocrx_word' id='word_1_80' title='bbox 1041 1137 1272 1190; x_wconf 88' lang='lat' dir='ltr'>sumus,</span> <span class='ocrx_word' id='word_1_81' title='bbox 1297 1121 1399 1176; x_wconf 90' lang='lat' dir='ltr'>sed</span> <span class='ocrx_word' id='word_1_82' title='bbox 1421 1119 1685 1190; x_wconf 67' lang='lat' dir='ltr'>quaedam</span> <span class='ocrx_word' id='word_1_83' title='bbox 1708 1134 1896 1190; x_wconf 90' lang='lat' dir='ltr'>pauca</span> 
     </span>
    </p>
   </div>
   <div class='ocr_carea' id='block_1_13' title="bbox 237 1207 1893 1284">
    <p class='ocr_par' dir='ltr' id='par_1_13' title="bbox 237 1207 1893 1284">
     <span class='ocr_line' id='line_1_13' title="bbox 237 1207 1893 1284; baseline -0.004 -17"><span class='ocrx_word' id='word_1_84' title='bbox 237 1229 348 1284; x_wconf 93' lang='lat' dir='ltr'>pro</span> <span class='ocrx_word' id='word_1_85' title='bbox 381 1211 588 1266; x_wconf 89' lang='lat' dir='ltr'>multis</span> <span class='ocrx_word' id='word_1_86' title='bbox 617 1211 942 1282; x_wconf 90' lang='lat' dir='ltr'>eademque</span> <span class='ocrx_word' id='word_1_87' title='bbox 976 1212 1132 1266; x_wconf 82' lang='lat' dir='ltr'>factu</span> <span class='ocrx_word' id='word_1_88' title='bbox 1174 1209 1475 1274; x_wconf 84' lang='lat' dir='ltr'>facillima,</span> <span class='ocrx_word' id='word_1_89' title='bbox 1506 1212 1563 1264; x_wconf 89' lang='lat' dir='ltr'>et</span> <span class='ocrx_word' id='word_1_90' title='bbox 1591 1207 1893 1263; x_wconf 89' lang='lat' dir='ltr'>intellectu</span> 
     </span>
    </p>
   </div>
   <div class='ocr_carea' id='block_1_14' title="bbox 234 1297 1892 1372">
    <p class='ocr_par' dir='ltr' id='par_1_14' title="bbox 234 1297 1892 1372">
     <span class='ocr_line' id='line_1_14' title="bbox 234 1297 1892 1372; baseline -0.003 -16"><span class='ocrx_word' id='word_1_91' title='bbox 234 1301 694 1372; x_wconf 85' lang='lat' dir='ltr'>augustissima,</span> <span class='ocrx_word' id='word_1_92' title='bbox 727 1305 784 1356; x_wconf 91' lang='lat' dir='ltr'>et</span> <span class='ocrx_word' id='word_1_93' title='bbox 815 1300 1217 1356; x_wconf 86' lang='lat' dir='ltr'>observatione</span> <span class='ocrx_word' id='word_1_94' title='bbox 1249 1298 1606 1367; x_wconf 86' lang='lat' dir='ltr'>castissima,</span> <span class='ocrx_word' id='word_1_95' title='bbox 1627 1297 1752 1367; x_wconf 89' lang='lat' dir='ltr'>ipse</span> <span class='ocrx_word' id='word_1_96' title='bbox 1785 1298 1892 1351; x_wconf 93' lang='lat' dir='ltr'>Do-</span> 
     </span>
    </p>
   </div>
   <div class='ocr_carea' id='block_1_15' title="bbox 236 1386 1894 1461">
    <p class='ocr_par' dir='ltr' id='par_1_15' title="bbox 236 1386 1894 1461">
     <span class='ocr_line' id='line_1_15' title="bbox 236 1386 1894 1461; baseline -0.004 -16"><span class='ocrx_word' id='word_1_97' title='bbox 236 1391 444 1445; x_wconf 89' lang='lat' dir='ltr'>minus</span> <span class='ocrx_word' id='word_1_98' title='bbox 475 1394 530 1445; x_wconf 92' lang='lat' dir='ltr'>et</span> <span class='ocrx_word' id='word_1_99' title='bbox 586 1389 909 1461; x_wconf 89' lang='lat' dir='ltr'>apostolica</span> <span class='ocrx_word' id='word_1_100' title='bbox 966 1389 1210 1444; x_wconf 88' lang='lat' dir='ltr'>tradidit</span> <span class='ocrx_word' id='word_1_101' title='bbox 1249 1388 1550 1459; x_wconf 90' lang='lat' dir='ltr'>diciplina.</span> <span class='ocrx_word' id='word_1_102' title='bbox 1602 1386 1765 1440; x_wconf 90' lang='lat' dir='ltr'>Sicut</span> <span class='ocrx_word' id='word_1_103' title='bbox 1805 1388 1894 1440; x_wconf 91' lang='lat' dir='ltr'>est</span> 
     </span>
    </p>
   </div>
   <div class='ocr_carea' id='block_1_16' title="bbox 235 1474 1893 1551">
    <p class='ocr_par' dir='ltr' id='par_1_16' title="bbox 235 1474 1893 1551">
     <span class='ocr_line' id='line_1_16' title="bbox 235 1474 1893 1551; baseline -0.004 -16"><span class='ocrx_word' id='word_1_104' title='bbox 235 1480 523 1551; x_wconf 85' lang='lat' dir='ltr'>baptismi</span> <span class='ocrx_word' id='word_1_105' title='bbox 573 1483 1033 1546; x_wconf 86' lang='lat' dir='ltr'>sacramentum,</span> <span class='ocrx_word' id='word_1_106' title='bbox 1067 1486 1122 1533; x_wconf 85' lang='lat' dir='ltr'>et</span> <span class='ocrx_word' id='word_1_107' title='bbox 1172 1477 1486 1533; x_wconf 88' lang='lat' dir='ltr'>celebratio</span> <span class='ocrx_word' id='word_1_108' title='bbox 1537 1474 1796 1545; x_wconf 90' lang='lat' dir='ltr'>corporis</span> <span class='ocrx_word' id='word_1_109' title='bbox 1837 1478 1893 1528; x_wconf 89' lang='lat' dir='ltr'>et</span> 
     </span>
    </p>
   </div>
   <div class='ocr_carea' id='block_1_17' title="bbox 236 1567 1893 1640">
    <p class='ocr_par' dir='ltr' id='par_1_17' title="bbox 236 1567 1893 1640">
     <span class='ocr_line' id='line_1_17' title="bbox 236 1567 1893 1640; baseline -0.004 -16"><span class='ocrx_word' id='word_1_110' title='bbox 236 1569 552 1640; x_wconf 83' lang='lat' dir='ltr'>sanguinis</span> <span class='ocrx_word' id='word_1_111' title='bbox 584 1568 842 1635; x_wconf 90' lang='lat' dir='ltr'>Domini,</span> <span class='ocrx_word' id='word_1_112' title='bbox 877 1585 1004 1639; x_wconf 68' lang='lat' dir='ltr'>quae</span> <span class='ocrx_word' id='word_1_113' title='bbox 1039 1567 1453 1638; x_wconf 88' lang='lat' dir='ltr'>unusquisque</span> <span class='ocrx_word' id='word_1_114' title='bbox 1475 1581 1608 1620; x_wconf 92' lang='lat' dir='ltr'>cum</span> <span class='ocrx_word' id='word_1_115' title='bbox 1629 1580 1893 1634; x_wconf 89' lang='lat' dir='ltr'>percepe-</span> 
     </span>
    </p>
   </div>
   <div class='ocr_carea' id='block_1_18' title="bbox 232 1654 1891 1728">
    <p class='ocr_par' dir='ltr' id='par_1_18' title="bbox 232 1654 1891 1728">
     <span class='ocr_line' id='line_1_18' title="bbox 232 1654 1891 1728; baseline -0.004 -17"><span class='ocrx_word' id='word_1_116' title='bbox 232 1659 332 1726; x_wconf 87' lang='lat' dir='ltr'>rit,</span> <span class='ocrx_word' id='word_1_117' title='bbox 365 1675 483 1728; x_wconf 87' lang='lat' dir='ltr'>quo</span> <span class='ocrx_word' id='word_1_118' title='bbox 517 1659 847 1712; x_wconf 84' lang='lat' dir='ltr'>referantur</span> <span class='ocrx_word' id='word_1_119' title='bbox 901 1657 1168 1711; x_wconf 91' lang='lat' dir='ltr'>imbutus</span> <span class='ocrx_word' id='word_1_120' title='bbox 1212 1654 1496 1727; x_wconf 77' lang='lat' dir='ltr'>agnoscit,</span> <span class='ocrx_word' id='word_1_121' title='bbox 1553 1659 1618 1707; x_wconf 92' lang='lat' dir='ltr'>ut</span> <span class='ocrx_word' id='word_1_122' title='bbox 1661 1669 1728 1707; x_wconf 92' lang='lat' dir='ltr'>ea</span> <span class='ocrx_word' id='word_1_123' title='bbox 1775 1670 1891 1706; x_wconf 91' lang='lat' dir='ltr'>non</span> 
     </span>
    </p>
   </div>
   <div class='ocr_carea' id='block_1_19' title="bbox 232 1742 1891 1816">
    <p class='ocr_par' dir='ltr' id='par_1_19' title="bbox 232 1742 1891 1816">
     <span class='ocr_line' id='line_1_19' title="bbox 232 1742 1891 1816; baseline -0.002 -16"><span class='ocrx_word' id='word_1_124' title='bbox 232 1746 458 1802; x_wconf 85' lang='lat' dir='ltr'>carnali</span> <span class='ocrx_word' id='word_1_125' title='bbox 489 1746 787 1810; x_wconf 85' lang='lat' dir='ltr'>servitute,</span> <span class='ocrx_word' id='word_1_126' title='bbox 821 1746 921 1799; x_wconf 88' lang='lat' dir='ltr'>sed</span> <span class='ocrx_word' id='word_1_127' title='bbox 946 1744 1236 1816; x_wconf 90' lang='lat' dir='ltr'>spirituali</span> <span class='ocrx_word' id='word_1_128' title='bbox 1261 1743 1457 1816; x_wconf 87' lang='lat' dir='ltr'>potius</span> <span class='ocrx_word' id='word_1_129' title='bbox 1488 1742 1755 1797; x_wconf 89' lang='lat' dir='ltr'>libertate</span> <span class='ocrx_word' id='word_1_130' title='bbox 1788 1758 1891 1796; x_wconf 90' lang='lat' dir='ltr'>ve-</span> 
     </span>
    </p>
   </div>
   <div class='ocr_carea' id='block_1_20' title="bbox 235 1831 1885 1906">
    <p class='ocr_par' dir='ltr' id='par_1_20' title="bbox 235 1831 1885 1906">
     <span class='ocr_line' id='line_1_20' title="bbox 235 1831 1885 1906; baseline -0.004 -16"><span class='ocrx_word' id='word_1_131' title='bbox 235 1840 496 1892; x_wconf 86' lang='lat' dir='ltr'>neretur.</span> <span class='ocrx_word' id='word_1_132' title='bbox 519 1838 584 1890; x_wconf 86' lang='lat' dir='ltr'>Et</span> <span class='ocrx_word' id='word_1_133' title='bbox 613 1836 779 1906; x_wconf 87' lang='lat' dir='ltr'>paulo</span> <span class='ocrx_word' id='word_1_134' title='bbox 812 1836 1046 1905; x_wconf 82' lang='lat' dir='ltr'>inferius</span> <span class='ocrx_word' id='word_1_135' title='bbox 1080 1836 1220 1905; x_wconf 85' lang='lat' dir='ltr'>(cap.</span> <span class='ocrx_word' id='word_1_136' title='bbox 1263 1835 1354 1901; x_wconf 90' lang='grc'>15,</span> <span class='ocrx_word' id='word_1_137' title='bbox 1385 1834 1490 1902; x_wconf 87' lang='grc'>16).</span> <span class='ocrx_word' id='word_1_138' title='bbox 1529 1831 1885 1900; x_wconf 83' lang='lat' dir='ltr'>Servabitur,</span> 
     </span>
    </p>
   </div>
   <div class='ocr_carea' id='block_1_21' title="bbox 232 1921 1884 1996">
    <p class='ocr_par' dir='ltr' id='par_1_21' title="bbox 232 1921 1884 1996">
     <span class='ocr_line' id='line_1_21' title="bbox 232 1921 1884 1996; baseline -0.004 -18"><span class='ocrx_word' id='word_1_139' title='bbox 232 1925 447 1996; x_wconf 84' lang='lat' dir='ltr'>inquit,</span> <span class='ocrx_word' id='word_1_140' title='bbox 477 1925 533 1979; x_wconf 89' lang='lat' dir='ltr'>in</span> <span class='ocrx_word' id='word_1_141' title='bbox 570 1924 966 1980; x_wconf 87' lang='lat' dir='ltr'>locutionibus</span> <span class='ocrx_word' id='word_1_142' title='bbox 1001 1922 1266 1995; x_wconf 82' lang='lat' dir='ltr'>ﬁguratis</span> <span class='ocrx_word' id='word_1_143' title='bbox 1289 1922 1491 1992; x_wconf 85' lang='lat' dir='ltr'>regula</span> <span class='ocrx_word' id='word_1_144' title='bbox 1519 1921 1884 1991; x_wconf 86' lang='lat' dir='ltr'>hujusmodi,</span> 
     </span>
    </p>
   </div>
   <div class='ocr_carea' id='block_1_22' title="bbox 231 2011 1883 2085">
    <p class='ocr_par' dir='ltr' id='par_1_22' title="bbox 231 2011 1883 2085">
     <span class='ocr_line' id='line_1_22' title="bbox 231 2011 1883 2085; baseline -0.004 -16"><span class='ocrx_word' id='word_1_145' title='bbox 231 2020 300 2070; x_wconf 89' lang='lat' dir='ltr'>ut</span> <span class='ocrx_word' id='word_1_146' title='bbox 333 2015 539 2070; x_wconf 88' lang='lat' dir='ltr'>tandiu</span> <span class='ocrx_word' id='word_1_147' title='bbox 569 2018 839 2070; x_wconf 87' lang='lat' dir='ltr'>versatur</span> <span class='ocrx_word' id='word_1_148' title='bbox 886 2013 1151 2085; x_wconf 87' lang='lat' dir='ltr'>diligenti</span> <span class='ocrx_word' id='word_1_149' title='bbox 1202 2013 1427 2067; x_wconf 85' lang='lat' dir='ltr'>ratione</span> <span class='ocrx_word' id='word_1_150' title='bbox 1457 2013 1614 2082; x_wconf 91' lang='lat' dir='ltr'>quod</span> <span class='ocrx_word' id='word_1_151' title='bbox 1650 2011 1883 2082; x_wconf 83' lang='lat' dir='ltr'>legitur,</span> 
     </span>
    </p>
   </div>
   <div class='ocr_carea' id='block_1_23' title="bbox 226 2111 1888 2186">
    <p class='ocr_par' dir='ltr' id='par_1_23' title="bbox 226 2111 1888 2186">
     <span class='ocr_line' id='line_1_23' title="bbox 226 2111 1888 2186; baseline -0.004 -16"><span class='ocrx_word' id='word_1_152' title='bbox 226 2115 417 2170; x_wconf 89' lang='lat' dir='ltr'>donec</span> <span class='ocrx_word' id='word_1_153' title='bbox 438 2116 508 2170; x_wconf 89' lang='lat' dir='ltr'>ad</span> <span class='ocrx_word' id='word_1_154' title='bbox 536 2130 785 2186; x_wconf 87' lang='lat' dir='ltr'>regnum</span> <span class='ocrx_word' id='word_1_155' title='bbox 809 2113 1115 2168; x_wconf 86' lang='lat' dir='ltr'>charitatis</span> <span class='ocrx_word' id='word_1_156' title='bbox 1158 2111 1563 2182; x_wconf 86' lang='lat' dir='ltr'>interpretatio</span> <span class='ocrx_word' id='word_1_157' title='bbox 1607 2111 1888 2182; x_wconf 88' lang='lat' dir='ltr'>perduca-</span> 
     </span>
    </p>
   </div>
   <div class='ocr_carea' id='block_1_24' title="bbox 225 2199 1887 2272">
    <p class='ocr_par' dir='ltr' id='par_1_24' title="bbox 225 2199 1887 2272">
     <span class='ocr_line' id='line_1_24' title="bbox 225 2199 1887 2272; baseline -0.004 -14"><span class='ocrx_word' id='word_1_158' title='bbox 225 2208 344 2258; x_wconf 88' lang='lat' dir='ltr'>tur.</span> <span class='ocrx_word' id='word_1_159' title='bbox 369 2203 425 2258; x_wconf 88' lang='lat' dir='ltr'>8i</span> <span class='ocrx_word' id='word_1_160' title='bbox 453 2209 650 2259; x_wconf 88' lang='lat' dir='ltr'>autem</span> <span class='ocrx_word' id='word_1_161' title='bbox 701 2204 810 2257; x_wconf 91' lang='lat' dir='ltr'>hoc</span> <span class='ocrx_word' id='word_1_162' title='bbox 829 2203 955 2272; x_wconf 90' lang='lat' dir='ltr'>jam</span> <span class='ocrx_word' id='word_1_163' title='bbox 987 2202 1222 2272; x_wconf 87' lang='lat' dir='ltr'>proprie</span> <span class='ocrx_word' id='word_1_164' title='bbox 1249 2205 1440 2269; x_wconf 87' lang='lat' dir='ltr'>sonat,</span> <span class='ocrx_word' id='word_1_165' title='bbox 1464 2199 1627 2254; x_wconf 89' lang='lat' dir='ltr'>nulla</span> <span class='ocrx_word' id='word_1_166' title='bbox 1651 2204 1887 2269; x_wconf 88' lang='lat' dir='ltr'>putetur</span> 
     </span>
    </p>
   </div>
   <div class='ocr_carea' id='block_1_25' title="bbox 231 2286 1884 2364">
    <p class='ocr_par' dir='ltr' id='par_1_25' title="bbox 231 2286 1884 2364">
     <span class='ocr_line' id='line_1_25' title="bbox 231 2286 1884 2364; baseline -0.004 -18"><span class='ocrx_word' id='word_1_167' title='bbox 231 2292 756 2364; x_wconf 81' lang='lat' dir='ltr'>ﬁgurata,locutio.</span> <span class='ocrx_word' id='word_1_168' title='bbox 779 2291 835 2346; x_wconf 88' lang='lat' dir='ltr'>Si</span> <span class='ocrx_word' id='word_1_169' title='bbox 862 2290 1207 2362; x_wconf 70' lang='lat' dir='ltr'>praeceptiva</span> <span class='ocrx_word' id='word_1_170' title='bbox 1227 2288 1439 2344; x_wconf 86' lang='lat' dir='ltr'>locutio</span> <span class='ocrx_word' id='word_1_171' title='bbox 1459 2293 1568 2357; x_wconf 89' lang='lat' dir='ltr'>est,</span> <span class='ocrx_word' id='word_1_172' title='bbox 1601 2293 1703 2341; x_wconf 91' lang='lat' dir='ltr'>aut</span> <span class='ocrx_word' id='word_1_173' title='bbox 1721 2286 1884 2356; x_wconf 83' lang='lat' dir='ltr'>ﬂagi-</span> 
     </span>
    </p>
   </div>
   <div class='ocr_carea' id='block_1_26' title="bbox 236 2376 1885 2437">
    <p class='ocr_par' dir='ltr' id='par_1_26' title="bbox 236 2376 1885 2437">
     <span class='ocr_line' id='line_1_26' title="bbox 236 2376 1885 2437; baseline -0.005 0"><span class='ocrx_word' id='word_1_174' title='bbox 236 2382 390 2437; x_wconf 88' lang='lat' dir='ltr'>tium</span> <span class='ocrx_word' id='word_1_175' title='bbox 424 2390 525 2436; x_wconf 83' lang='lat' dir='ltr'>aul</span> <span class='ocrx_word' id='word_1_176' title='bbox 554 2382 784 2436; x_wconf 84' lang='lat' dir='ltr'>facinus</span> <span class='ocrx_word' id='word_1_177' title='bbox 816 2384 1053 2434; x_wconf 81' lang='lat' dir='ltr'>vetans:</span> <span class='ocrx_word' id='word_1_178' title='bbox 1081 2384 1185 2433; x_wconf 88' lang='lat' dir='ltr'>aut</span> <span class='ocrx_word' id='word_1_179' title='bbox 1226 2377 1539 2432; x_wconf 88' lang='lat' dir='ltr'>utilitatem</span> <span class='ocrx_word' id='word_1_180' title='bbox 1582 2384 1681 2430; x_wconf 87' lang='lat' dir='ltr'>aut</span> <span class='ocrx_word' id='word_1_181' title='bbox 1709 2376 1885 2430; x_wconf 89' lang='lat' dir='ltr'>bene-</span> 
     </span>
    </p>
   </div>
   <div class='ocr_carea' id='block_1_27' title="bbox 236 2465 1884 2541">
    <p class='ocr_par' dir='ltr' id='par_1_27' title="bbox 236 2465 1884 2541">
     <span class='ocr_line' id='line_1_27' title="bbox 236 2465 1884 2541; baseline -0.005 -15"><span class='ocrx_word' id='word_1_182' title='bbox 236 2470 536 2526; x_wconf 86' lang='lat' dir='ltr'>ﬁcentiam</span> <span class='ocrx_word' id='word_1_183' title='bbox 569 2471 805 2541; x_wconf 89' lang='lat' dir='ltr'>jubens,</span> <span class='ocrx_word' id='word_1_184' title='bbox 841 2486 954 2524; x_wconf 92' lang='lat' dir='ltr'>non</span> <span class='ocrx_word' id='word_1_185' title='bbox 988 2472 1077 2524; x_wconf 91' lang='lat' dir='ltr'>est</span> <span class='ocrx_word' id='word_1_186' title='bbox 1100 2469 1368 2539; x_wconf 90' lang='lat' dir='ltr'>ﬁgurata.</span> <span class='ocrx_word' id='word_1_187' title='bbox 1406 2467 1464 2520; x_wconf 92' lang='lat' dir='ltr'>Si</span> <span class='ocrx_word' id='word_1_188' title='bbox 1487 2471 1684 2520; x_wconf 89' lang='lat' dir='ltr'>autem</span> <span class='ocrx_word' id='word_1_189' title='bbox 1719 2465 1884 2534; x_wconf 81' lang='lat' dir='ltr'>flagi-</span> 
     </span>
    </p>
   </div>
   <div class='ocr_carea' id='block_1_28' title="bbox 234 2553 1886 2626">
    <p class='ocr_par' dir='ltr' id='par_1_28' title="bbox 234 2553 1886 2626">
     <span class='ocr_line' id='line_1_28' title="bbox 234 2553 1886 2626; baseline -0.004 -12"><span class='ocrx_word' id='word_1_190' title='bbox 234 2561 414 2626; x_wconf 91' lang='lat' dir='ltr'>tium,</span> <span class='ocrx_word' id='word_1_191' title='bbox 440 2559 789 2613; x_wconf 85' lang='lat' dir='ltr'>autfacinus</span> <span class='ocrx_word' id='word_1_192' title='bbox 811 2557 1292 2626; x_wconf 89' lang='lat' dir='ltr'>videturjubere,</span> <span class='ocrx_word' id='word_1_193' title='bbox 1328 2559 1429 2610; x_wconf 91' lang='lat' dir='ltr'>aut</span> <span class='ocrx_word' id='word_1_194' title='bbox 1449 2553 1758 2609; x_wconf 87' lang='lat' dir='ltr'>utilitatem</span> <span class='ocrx_word' id='word_1_195' title='bbox 1785 2559 1886 2608; x_wconf 87' lang='lat' dir='ltr'>aut</span> 
     </span>
    </p>
   </div>
   <div class='ocr_carea' id='block_1_29' title="bbox 235 2643 1886 2717">
    <p class='ocr_par' dir='ltr' id='par_1_29' title="bbox 235 2643 1886 2717">
     <span class='ocr_line' id='line_1_29' title="bbox 235 2643 1886 2717; baseline -0.003 -15"><span class='ocrx_word' id='word_1_196' title='bbox 235 2648 686 2703; x_wconf 89' lang='lat' dir='ltr'>beneﬁcentiam</span> <span class='ocrx_word' id='word_1_197' title='bbox 718 2650 932 2713; x_wconf 89' lang='lat' dir='ltr'>vetare,</span> <span class='ocrx_word' id='word_1_198' title='bbox 958 2647 1210 2717; x_wconf 88' lang='lat' dir='ltr'>ﬁgurata</span> <span class='ocrx_word' id='word_1_199' title='bbox 1233 2649 1340 2699; x_wconf 90' lang='lat' dir='ltr'>est.</span> <span class='ocrx_word' id='word_1_200' title='bbox 1374 2644 1495 2698; x_wconf 86' lang='lat' dir='ltr'>Nisi</span> <span class='ocrx_word' id='word_1_201' title='bbox 1518 2643 1886 2697; x_wconf 82' lang='lat' dir='ltr'>manducaue-</span> 
     </span>
    </p>
   </div>
   <div class='ocr_carea' id='block_1_30' title="bbox 233 2733 1885 2808">
    <p class='ocr_par' dir='ltr' id='par_1_30' title="bbox 233 2733 1885 2808">
     <span class='ocr_line' id='line_1_30' title="bbox 233 2733 1885 2808; baseline -0.004 -16"><span class='ocrx_word' id='word_1_202' title='bbox 233 2738 384 2806; x_wconf 83' lang='lat' dir='ltr'>ritis,</span> <span class='ocrx_word' id='word_1_203' title='bbox 409 2737 623 2808; x_wconf 90' lang='lat' dir='ltr'>inquit,</span> <span class='ocrx_word' id='word_1_204' title='bbox 646 2752 868 2791; x_wconf 85' lang='lat' dir='ltr'>carnem</span> <span class='ocrx_word' id='word_1_205' title='bbox 897 2735 1044 2790; x_wconf 87' lang='lat' dir='ltr'>Filii</span> <span class='ocrx_word' id='word_1_206' title='bbox 1072 2735 1334 2799; x_wconf 80' lang='lat' dir='ltr'>hominis,</span> <span class='ocrx_word' id='word_1_207' title='bbox 1353 2738 1402 2788; x_wconf 85' lang='lat' dir='ltr'>et</span> <span class='ocrx_word' id='word_1_208' title='bbox 1430 2733 1885 2802; x_wconf 83' lang='lat' dir='ltr'>sanguinemejus</span> 
     </span>
    </p>
   </div>
   <div class='ocr_carea' id='block_1_31' title="bbox 238 2821 1881 2894">
    <p class='ocr_par' dir='ltr' id='par_1_31' title="bbox 238 2821 1881 2894">
     <span class='ocr_line' id='line_1_31' title="bbox 238 2821 1881 2894; baseline -0.005 -12"><span class='ocrx_word' id='word_1_209' title='bbox 238 2828 516 2894; x_wconf 85' lang='lat' dir='ltr'>biberitis,</span> <span class='ocrx_word' id='word_1_210' title='bbox 561 2842 672 2881; x_wconf 84' lang='lat' dir='ltr'>non</span> <span class='ocrx_word' id='word_1_211' title='bbox 716 2825 982 2880; x_wconf 72' lang='lat' dir='ltr'>habebitis</span> <span class='ocrx_word' id='word_1_212' title='bbox 1025 2826 1192 2879; x_wconf 85' lang='lat' dir='ltr'>vitam</span> <span class='ocrx_word' id='word_1_213' title='bbox 1237 2825 1294 2877; x_wconf 90' lang='lat' dir='ltr'>in</span> <span class='ocrx_word' id='word_1_214' title='bbox 1335 2821 1484 2877; x_wconf 85' lang='lat' dir='ltr'>vobis</span> <span class='ocrx_word' id='word_1_215' title='bbox 1530 2823 1707 2892; x_wconf 83' lang='lat' dir='ltr'>(Joan.</span> <span class='ocrx_word' id='word_1_216' title='bbox 1748 2821 1824 2887; x_wconf 72' lang='lat' dir='ltr'>vx)</span> <span class='ocrx_word' id='word_1_217' title='bbox 1868 2836 1881 2873; x_wconf 75' lang='grc' dir='ltr'>ε</span> 
     </span>
    </p>
   </div>
   <div class='ocr_carea' id='block_1_32' title="bbox 239 2920 1885 2992">
    <p class='ocr_par' dir='ltr' id='par_1_32' title="bbox 239 2920 1885 2992">
     <span class='ocr_line' id='line_1_32' title="bbox 239 2920 1885 2992; baseline -0.004 -14"><span class='ocrx_word' id='word_1_218' title='bbox 239 2924 474 2979; x_wconf 81' lang='lat' dir='ltr'>facinus</span> <span class='ocrx_word' id='word_1_219' title='bbox 505 2924 736 2978; x_wconf 91' lang='lat' dir='ltr'>videtur</span> <span class='ocrx_word' id='word_1_220' title='bbox 775 2927 877 2977; x_wconf 90' lang='lat' dir='ltr'>aut</span> <span class='ocrx_word' id='word_1_221' title='bbox 907 2921 1196 2992; x_wconf 85' lang='lat' dir='ltr'>flagitium</span> <span class='ocrx_word' id='word_1_222' title='bbox 1241 2921 1469 2991; x_wconf 90' lang='lat' dir='ltr'>jubere.</span> <span class='ocrx_word' id='word_1_223' title='bbox 1505 2920 1719 2990; x_wconf 86' lang='lat' dir='ltr'>Figura</span> <span class='ocrx_word' id='word_1_224' title='bbox 1749 2933 1885 2988; x_wconf 85' lang='lat' dir='ltr'>ergo</span> 
     </span>
    </p>
   </div>
   <div class='ocr_carea' id='block_1_33' title="bbox 237 3008 1884 3083">
    <p class='ocr_par' dir='ltr' id='par_1_33' title="bbox 237 3008 1884 3083">
     <span class='ocr_line' id='line_1_33' title="bbox 237 3008 1884 3083; baseline -0.005 -14"><span class='ocrx_word' id='word_1_225' title='bbox 237 3019 353 3082; x_wconf 89' lang='lat' dir='ltr'>est,</span> <span class='ocrx_word' id='word_1_226' title='bbox 387 3012 731 3083; x_wconf 63' lang='lat' dir='ltr'>praecipiens</span> <span class='ocrx_word' id='word_1_227' title='bbox 762 3012 1019 3082; x_wconf 87' lang='lat' dir='ltr'>passioni</span> <span class='ocrx_word' id='word_1_228' title='bbox 1047 3010 1418 3064; x_wconf 88' lang='lat' dir='ltr'>Dominiesse</span> <span class='ocrx_word' id='word_1_229' title='bbox 1442 3008 1884 3063; x_wconf 90' lang='lat' dir='ltr'>communican-</span> 
     </span>
    </p>
   </div>
   <div class='ocr_carea' id='block_1_34' title="bbox 240 3097 1885 3170">
    <p class='ocr_par' dir='ltr' id='par_1_34' title="bbox 240 3097 1885 3170">
     <span class='ocr_line' id='line_1_34' title="bbox 240 3097 1885 3170; baseline -0.004 -14"><span class='ocrx_word' id='word_1_230' title='bbox 240 3103 407 3169; x_wconf 88' lang='lat' dir='ltr'>dum,</span> <span class='ocrx_word' id='word_1_231' title='bbox 446 3101 770 3156; x_wconf 87' lang='lat' dir='ltr'>etsuaviter</span> <span class='ocrx_word' id='word_1_232' title='bbox 790 3110 966 3170; x_wconf 87' lang='lat' dir='ltr'>atque</span> <span class='ocrx_word' id='word_1_233' title='bbox 982 3099 1206 3154; x_wconf 89' lang='lat' dir='ltr'>utiliter</span> <span class='ocrx_word' id='word_1_234' title='bbox 1226 3099 1662 3154; x_wconf 89' lang='lat' dir='ltr'>recondendum</span> <span class='ocrx_word' id='word_1_235' title='bbox 1686 3097 1744 3150; x_wconf 92' lang='lat' dir='ltr'>in</span> <span class='ocrx_word' id='word_1_236' title='bbox 1770 3112 1885 3150; x_wconf 86' lang='lat' dir='ltr'>me-</span> 
     </span>
    </p>
   </div>
   <div class='ocr_carea' id='block_1_35' title="bbox 241 3187 1888 3260">
    <p class='ocr_par' dir='ltr' id='par_1_35' title="bbox 241 3187 1888 3260">
     <span class='ocr_line' id='line_1_35' title="bbox 241 3187 1888 3260; baseline -0.004 -15"><span class='ocrx_word' id='word_1_237' title='bbox 241 3190 452 3257; x_wconf 91' lang='lat' dir='ltr'>moria,</span> <span class='ocrx_word' id='word_1_238' title='bbox 506 3190 659 3260; x_wconf 91' lang='lat' dir='ltr'>quod</span> <span class='ocrx_word' id='word_1_239' title='bbox 684 3206 787 3260; x_wconf 90' lang='lat' dir='ltr'>pro</span> <span class='ocrx_word' id='word_1_240' title='bbox 828 3188 996 3243; x_wconf 90' lang='lat' dir='ltr'>nobis</span> <span class='ocrx_word' id='word_1_241' title='bbox 1041 3204 1172 3243; x_wconf 91' lang='lat' dir='ltr'>caro</span> <span class='ocrx_word' id='word_1_242' title='bbox 1219 3188 1347 3257; x_wconf 87' lang='lat' dir='ltr'>ejus</span> <span class='ocrx_word' id='word_1_243' title='bbox 1391 3187 1669 3241; x_wconf 87' lang='lat' dir='ltr'>cruciﬁxa</span> <span class='ocrx_word' id='word_1_244' title='bbox 1690 3189 1800 3251; x_wconf 89' lang='lat' dir='ltr'>est,</span> <span class='ocrx_word' id='word_1_245' title='bbox 1830 3188 1888 3239; x_wconf 89' lang='lat' dir='ltr'>et</span> 
     </span>
    </p>
   </div>
   <div class='ocr_carea' id='block_1_36' title="bbox 239 3275 1890 3349">
    <p class='ocr_par' dir='ltr' id='par_1_36' title="bbox 239 3275 1890 3349">
     <span class='ocr_line' id='line_1_36' title="bbox 239 3275 1890 3349; baseline -0.002 -17"><span class='ocrx_word' id='word_1_246' title='bbox 239 3278 570 3333; x_wconf 87' lang='lat' dir='ltr'>vulnerata.</span> <span class='ocrx_word' id='word_1_247' title='bbox 594 3279 688 3332; x_wconf 88' lang='lat' dir='ltr'>Ait</span> <span class='ocrx_word' id='word_1_248' title='bbox 721 3279 1026 3349; x_wconf 90' lang='lat' dir='ltr'>Scriptura</span> <span class='ocrx_word' id='word_1_249' title='bbox 1060 3293 1073 3330; x_wconf 89' lang='lat'><strong>:</strong></span> <span class='ocrx_word' id='word_1_250' title='bbox 1107 3276 1442 3331; x_wconf 85' lang='lat' dir='ltr'>Siesurierit</span> <span class='ocrx_word' id='word_1_251' title='bbox 1461 3275 1720 3330; x_wconf 88' lang='lat' dir='ltr'>inimicus</span> <span class='ocrx_word' id='word_1_252' title='bbox 1741 3282 1890 3341; x_wconf 83' lang='lat' dir='ltr'>tuus,</span> 
     </span>
    </p>
   </div>
   <div class='ocr_carea' id='block_1_37' title="bbox 235 3366 1886 3436">
    <p class='ocr_par' dir='ltr' id='par_1_37' title="bbox 235 3366 1886 3436">
     <span class='ocr_line' id='line_1_37' title="bbox 235 3366 1886 3436; baseline -0.003 -13"><span class='ocrx_word' id='word_1_253' title='bbox 235 3369 365 3423; x_wconf 82' lang='lat' dir='ltr'>ciba</span> <span class='ocrx_word' id='word_1_254' title='bbox 391 3366 559 3421; x_wconf 84' lang='lat' dir='ltr'>illum</span> <span class='ocrx_word' id='word_1_255' title='bbox 595 3386 614 3422; x_wconf 88' lang='lat'><strong><em>:</em></strong></span> <span class='ocrx_word' id='word_1_256' title='bbox 643 3370 693 3421; x_wconf 91' lang='lat' dir='ltr'>si</span> <span class='ocrx_word' id='word_1_257' title='bbox 723 3369 869 3436; x_wconf 90' lang='lat' dir='ltr'>sitit,</span> <span class='ocrx_word' id='word_1_258' title='bbox 905 3376 1094 3436; x_wconf 90' lang='lat' dir='ltr'>patum</span> <span class='ocrx_word' id='word_1_259' title='bbox 1127 3366 1194 3420; x_wconf 84' lang='lat' dir='ltr'>da</span> <span class='ocrx_word' id='word_1_260' title='bbox 1227 3366 1317 3420; x_wconf 84' lang='lat' dir='ltr'>illi</span> <span class='ocrx_word' id='word_1_261' title='bbox 1338 3367 1522 3434; x_wconf 82' lang='lat' dir='ltr'>(Prov.</span> <span class='ocrx_word' id='word_1_262' title='bbox 1554 3380 1699 3425; x_wconf 83' lang='lat' dir='ltr'>xxv;</span> <span class='ocrx_word' id='word_1_263' title='bbox 1737 3369 1886 3418; x_wconf 82' lang='lat' dir='ltr'>Rom.</span> 
     </span>
    </p>
   </div>
   <div class='ocr_carea' id='block_1_38' title="bbox 236 3454 1892 3528">
    <p class='ocr_par' dir='ltr' id='par_1_38' title="bbox 236 3454 1892 3528">
     <span class='ocr_line' id='line_1_38' title="bbox 236 3454 1892 3528; baseline -0.002 -16"><span class='ocrx_word' id='word_1_264' title='bbox 236 3457 360 3528; x_wconf 75' lang='grc' dir='ltr'>ιιι).</span> <span class='ocrx_word' id='word_1_265' title='bbox 387 3456 486 3511; x_wconf 75' lang='lat' dir='ltr'>flio</span> <span class='ocrx_word' id='word_1_266' title='bbox 505 3455 666 3511; x_wconf 91' lang='lat' dir='ltr'>nullo</span> <span class='ocrx_word' id='word_1_267' title='bbox 689 3457 998 3510; x_wconf 87' lang='lat' dir='ltr'>dubitante</span> <span class='ocrx_word' id='word_1_268' title='bbox 1027 3455 1473 3511; x_wconf 88' lang='lat' dir='ltr'>beneﬁcentiam</span> <span class='ocrx_word' id='word_1_269' title='bbox 1494 3454 1892 3525; x_wconf 63' lang='lat' dir='ltr'>praecipit.Sed</span> 
     </span>
    </p>
   </div>
   <div class='ocr_carea' id='block_1_39' title="bbox 244 3544 1891 3619">
    <p class='ocr_par' dir='ltr' id='par_1_39' title="bbox 244 3544 1891 3619">
     <span class='ocr_line' id='line_1_39' title="bbox 244 3544 1891 3619; baseline -0.003 -17"><span class='ocrx_word' id='word_1_270' title='bbox 244 3548 407 3619; x_wconf 91' lang='lat' dir='ltr'>quod</span> <span class='ocrx_word' id='word_1_271' title='bbox 447 3546 767 3619; x_wconf 89' lang='lat' dir='ltr'>sequitur:</span> <span class='ocrx_word' id='word_1_272' title='bbox 809 3548 921 3601; x_wconf 77' lang='lat' dir='ltr'>[loc</span> <span class='ocrx_word' id='word_1_273' title='bbox 960 3545 1114 3600; x_wconf 92' lang='lat' dir='ltr'>enim</span> <span class='ocrx_word' id='word_1_274' title='bbox 1167 3544 1390 3600; x_wconf 88' lang='lat' dir='ltr'>faciens</span> <span class='ocrx_word' id='word_1_275' title='bbox 1437 3547 1697 3599; x_wconf 84' lang='lat' dir='ltr'>carbones</span> <span class='ocrx_word' id='word_1_276' title='bbox 1748 3545 1891 3614; x_wconf 86' lang='lat' dir='ltr'>ignis</span> 
     </span>
    </p>
   </div>
   <div class='ocr_carea' id='block_1_40' title="bbox 238 3633 1886 3706">
    <p class='ocr_par' dir='ltr' id='par_1_40' title="bbox 238 3633 1886 3706">
     <span class='ocr_line' id='line_1_40' title="bbox 238 3633 1886 3706; baseline -0.002 -15"><span class='ocrx_word' id='word_1_277' title='bbox 238 3652 500 3703; x_wconf 83' lang='lat' dir='ltr'>congeres</span> <span class='ocrx_word' id='word_1_278' title='bbox 527 3651 693 3706; x_wconf 83' lang='lat' dir='ltr'>super</span> <span class='ocrx_word' id='word_1_279' title='bbox 720 3643 882 3706; x_wconf 89' lang='lat' dir='ltr'>caput</span> <span class='ocrx_word' id='word_1_280' title='bbox 909 3635 1026 3705; x_wconf 83' lang='lat' dir='ltr'>ejus</span> <span class='ocrx_word' id='word_1_281' title='bbox 1049 3635 1239 3706; x_wconf 85' lang='lat' dir='ltr'>(ibid.)</span> <span class='ocrx_word' id='word_1_282' title='bbox 1264 3652 1276 3689; x_wconf 92' lang='lat'><strong>:</strong></span> <span class='ocrx_word' id='word_1_283' title='bbox 1304 3633 1722 3689; x_wconf 68' lang='lat' dir='ltr'>malevolentiae</span> <span class='ocrx_word' id='word_1_284' title='bbox 1748 3633 1886 3688; x_wconf 87' lang='lat' dir='ltr'>faci-</span> 
     </span>
    </p>
   </div>
   <div class='ocr_carea' id='block_1_41' title="bbox 243 3723 1896 3796">
    <p class='ocr_par' dir='ltr' id='par_1_41' title="bbox 243 3723 1896 3796">
     <span class='ocr_line' id='line_1_41' title="bbox 243 3723 1896 3796; baseline -0.002 -15"><span class='ocrx_word' id='word_1_285' title='bbox 243 3742 360 3781; x_wconf 89' lang='lat' dir='ltr'>nus</span> <span class='ocrx_word' id='word_1_286' title='bbox 393 3729 566 3796; x_wconf 87' lang='lat' dir='ltr'>putes</span> <span class='ocrx_word' id='word_1_287' title='bbox 589 3724 805 3793; x_wconf 85' lang='lat' dir='ltr'>juberi.</span> <span class='ocrx_word' id='word_1_288' title='bbox 835 3723 915 3778; x_wconf 85' lang='lat' dir='ltr'>Ne</span> <span class='ocrx_word' id='word_1_289' title='bbox 944 3723 1124 3794; x_wconf 89' lang='lat' dir='ltr'>igitur</span> <span class='ocrx_word' id='word_1_290' title='bbox 1154 3723 1514 3778; x_wconf 91' lang='lat' dir='ltr'>dubitaveris</span> <span class='ocrx_word' id='word_1_291' title='bbox 1544 3723 1790 3794; x_wconf 88' lang='lat' dir='ltr'>ﬁgurate</span> <span class='ocrx_word' id='word_1_292' title='bbox 1811 3723 1896 3777; x_wconf 91' lang='lat' dir='ltr'>di-</span> 
     </span>
    </p>
   </div>
   <div class='ocr_carea' id='block_1_42' title="bbox 242 3811 1893 3883">
    <p class='ocr_par' dir='ltr' id='par_1_42' title="bbox 242 3811 1893 3883">
     <span class='ocr_line' id='line_1_42' title="bbox 242 3811 1893 3883; baseline -0.002 -13"><span class='ocrx_word' id='word_1_293' title='bbox 242 3819 408 3870; x_wconf 90' lang='lat' dir='ltr'>ctum</span> <span class='ocrx_word' id='word_1_294' title='bbox 437 3818 527 3867; x_wconf 92' lang='lat' dir='ltr'>:et</span> <span class='ocrx_word' id='word_1_295' title='bbox 574 3829 706 3867; x_wconf 91' lang='lat' dir='ltr'>cum</span> <span class='ocrx_word' id='word_1_296' title='bbox 758 3811 945 3883; x_wconf 90' lang='lat' dir='ltr'>possit</span> <span class='ocrx_word' id='word_1_297' title='bbox 976 3812 1288 3882; x_wconf 90' lang='lat' dir='ltr'>dupliciter</span> <span class='ocrx_word' id='word_1_298' title='bbox 1324 3811 1716 3882; x_wconf 88' lang='lat' dir='ltr'>interpretari,</span> <span class='ocrx_word' id='word_1_299' title='bbox 1777 3828 1893 3866; x_wconf 91' lang='lat' dir='ltr'>uno</span> 
     </span>
    </p>
   </div>
   <div class='ocr_carea' id='block_1_43' title="bbox 241 3900 1892 3971">
    <p class='ocr_par' dir='ltr' id='par_1_43' title="bbox 241 3900 1892 3971">
     <span class='ocr_line' id='line_1_43' title="bbox 241 3900 1892 3971; baseline -0.002 -14"><span class='ocrx_word' id='word_1_300' title='bbox 241 3903 420 3957; x_wconf 92' lang='lat' dir='ltr'>modo</span> <span class='ocrx_word' id='word_1_301' title='bbox 454 3902 522 3955; x_wconf 91' lang='lat' dir='ltr'>ad</span> <span class='ocrx_word' id='word_1_302' title='bbox 559 3901 912 3968; x_wconf 91' lang='lat' dir='ltr'>nocendum,</span> <span class='ocrx_word' id='word_1_303' title='bbox 939 3900 1120 3956; x_wconf 89' lang='lat' dir='ltr'>altero</span> <span class='ocrx_word' id='word_1_304' title='bbox 1151 3902 1223 3955; x_wconf 92' lang='lat' dir='ltr'>ad</span> <span class='ocrx_word' id='word_1_305' title='bbox 1251 3901 1671 3971; x_wconf 72' lang='lat' dir='ltr'>praestandum,</span> <span class='ocrx_word' id='word_1_306' title='bbox 1697 3901 1768 3953; x_wconf 89' lang='lat' dir='ltr'>ad</span> <span class='ocrx_word' id='word_1_307' title='bbox 1796 3900 1892 3954; x_wconf 88' lang='lat' dir='ltr'>be-</span> 
     </span>
    </p>
   </div>
   <div class='ocr_carea' id='block_1_44' title="bbox 244 3988 1893 4060">
    <p class='ocr_par' dir='ltr' id='par_1_44' title="bbox 244 3988 1893 4060">
     <span class='ocr_line' id='line_1_44' title="bbox 244 3988 1893 4060; baseline -0.002 -14"><span class='ocrx_word' id='word_1_308' title='bbox 244 3991 617 4047; x_wconf 88' lang='lat' dir='ltr'>neﬁcentiam</span> <span class='ocrx_word' id='word_1_309' title='bbox 646 3989 905 4045; x_wconf 87' lang='lat' dir='ltr'>charitas</span> <span class='ocrx_word' id='word_1_310' title='bbox 931 3995 982 4044; x_wconf 88' lang='lat' dir='ltr'>te</span> <span class='ocrx_word' id='word_1_311' title='bbox 1012 3989 1208 4060; x_wconf 89' lang='lat' dir='ltr'>potius</span> <span class='ocrx_word' id='word_1_312' title='bbox 1242 3994 1490 4051; x_wconf 86' lang='lat' dir='ltr'>revocet,</span> <span class='ocrx_word' id='word_1_313' title='bbox 1515 3993 1578 4042; x_wconf 92' lang='lat' dir='ltr'>ut</span> <span class='ocrx_word' id='word_1_314' title='bbox 1601 3988 1893 4059; x_wconf 87' lang='lat' dir='ltr'>intelligas</span> 
     </span>
    </p>
   </div>
   <div class='ocr_carea' id='block_1_45' title="bbox 244 4076 1892 4150">
    <p class='ocr_par' dir='ltr' id='par_1_45' title="bbox 244 4076 1892 4150">
     <span class='ocr_line' id='line_1_45' title="bbox 244 4076 1892 4150; baseline -0.002 -15"><span class='ocrx_word' id='word_1_315' title='bbox 244 4079 725 4150; x_wconf 84' lang='lat' dir='ltr'>carbonesignis,</span> <span class='ocrx_word' id='word_1_316' title='bbox 772 4095 900 4133; x_wconf 89' lang='lat' dir='ltr'>esse</span> <span class='ocrx_word' id='word_1_317' title='bbox 944 4083 1179 4132; x_wconf 91' lang='lat' dir='ltr'>urentes</span> <span class='ocrx_word' id='word_1_318' title='bbox 1213 4077 1564 4148; x_wconf 61' lang='lat' dir='ltr'>paenitentia</span> <span class='ocrx_word' id='word_1_319' title='bbox 1613 4076 1892 4148; x_wconf 88' lang='lat' dir='ltr'>gemitus,</span> 
     </span>
    </p>
   </div>
   <div class='ocr_carea' id='block_1_46' title="bbox 247 4175 1892 4250">
    <p class='ocr_par' dir='ltr' id='par_1_46' title="bbox 247 4175 1892 4250">
     <span class='ocr_line' id='line_1_46' title="bbox 247 4175 1892 4250; baseline -0.002 -18"><span class='ocrx_word' id='word_1_320' title='bbox 247 4177 466 4250; x_wconf 87' lang='lat' dir='ltr'>quibus</span> <span class='ocrx_word' id='word_1_321' title='bbox 491 4177 765 4248; x_wconf 86' lang='lat' dir='ltr'>superbia</span> <span class='ocrx_word' id='word_1_322' title='bbox 784 4181 1026 4232; x_wconf 90' lang='lat' dir='ltr'>sanatur</span> <span class='ocrx_word' id='word_1_323' title='bbox 1048 4178 1177 4247; x_wconf 88' lang='lat' dir='ltr'>ejus</span> <span class='ocrx_word' id='word_1_324' title='bbox 1202 4177 1299 4246; x_wconf 90' lang='lat' dir='ltr'>qui</span> <span class='ocrx_word' id='word_1_325' title='bbox 1324 4175 1478 4231; x_wconf 91' lang='lat' dir='ltr'>dolet</span> <span class='ocrx_word' id='word_1_326' title='bbox 1497 4193 1558 4230; x_wconf 90' lang='lat' dir='ltr'>se</span> <span class='ocrx_word' id='word_1_327' title='bbox 1584 4175 1892 4230; x_wconf 91' lang='lat' dir='ltr'>inimicum</span> 
     </span>
    </p>
   </div>
   <div class='ocr_carea' id='block_1_47' title="bbox 245 4255 1892 4338">
    <p class='ocr_par' dir='ltr' id='par_1_47' title="bbox 245 4255 1892 4338">
     <span class='ocr_line' id='line_1_47' title="bbox 245 4255 1892 4338; baseline -0.001 -16"><span class='ocrx_word' id='word_1_328' title='bbox 245 4255 434 4323; x_wconf 80' lang='lat' dir='ltr'>fuisse</span> <span class='ocrx_word' id='word_1_329' title='bbox 453 4266 730 4331; x_wconf 90' lang='lat' dir='ltr'>hominis,</span> <span class='ocrx_word' id='word_1_330' title='bbox 755 4283 787 4320; x_wconf 89' lang='lat' dir='ltr'>a</span> <span class='ocrx_word' id='word_1_331' title='bbox 809 4283 923 4338; x_wconf 91' lang='lat' dir='ltr'>quo</span> <span class='ocrx_word' id='word_1_332' title='bbox 947 4266 1196 4322; x_wconf 59' lang='lat' dir='ltr'>miseriis</span> <span class='ocrx_word' id='word_1_333' title='bbox 1217 4268 1344 4337; x_wconf 87' lang='lat' dir='ltr'>ejus</span> <span class='ocrx_word' id='word_1_334' title='bbox 1368 4266 1733 4321; x_wconf 87' lang='lat' dir='ltr'>subvenitur.</span> <span class='ocrx_word' id='word_1_335' title='bbox 1751 4269 1892 4320; x_wconf 89' lang='lat' dir='ltr'>Item</span> 
     </span>
    </p>
   </div>
   <div class='ocr_carea' id='block_1_48' title="bbox 247 4354 1895 4425">
    <p class='ocr_par' dir='ltr' id='par_1_48' title="bbox 247 4354 1895 4425">
     <span class='ocr_line' id='line_1_48' title="bbox 247 4354 1895 4425; baseline -0.002 -14"><span class='ocrx_word' id='word_1_336' title='bbox 247 4373 386 4411; x_wconf 90' lang='lat' dir='ltr'>cum</span> <span class='ocrx_word' id='word_1_337' title='bbox 421 4357 502 4410; x_wconf 90' lang='lat' dir='ltr'>ait</span> <span class='ocrx_word' id='word_1_338' title='bbox 533 4355 816 4410; x_wconf 91' lang='lat' dir='ltr'>Dominus</span> <span class='ocrx_word' id='word_1_339' title='bbox 844 4373 856 4409; x_wconf 89' lang='lat'><strong>:</strong></span> <span class='ocrx_word' id='word_1_340' title='bbox 883 4357 989 4423; x_wconf 85' lang='lat' dir='ltr'>Qui</span> <span class='ocrx_word' id='word_1_341' title='bbox 1036 4363 1185 4409; x_wconf 88' lang='lat' dir='ltr'>amat</span> <span class='ocrx_word' id='word_1_342' title='bbox 1221 4357 1468 4409; x_wconf 84' lang='lat' dir='ltr'>animam</span> <span class='ocrx_word' id='word_1_343' title='bbox 1504 4371 1659 4409; x_wconf 87' lang='lat' dir='ltr'>suam</span> <span class='ocrx_word' id='word_1_344' title='bbox 1706 4354 1895 4425; x_wconf 78' lang='lat' dir='ltr'>perdet</span> 
     </span>
    </p>
   </div>
   <div class='ocr_carea' id='block_1_49' title="bbox 247 4445 1893 4516">
    <p class='ocr_par' dir='ltr' id='par_1_49' title="bbox 247 4445 1893 4516">
     <span class='ocr_line' id='line_1_49' title="bbox 247 4445 1893 4516; baseline -0.002 -15"><span class='ocrx_word' id='word_1_345' title='bbox 247 4463 373 4502; x_wconf 85' lang='lat' dir='ltr'>eam</span> <span class='ocrx_word' id='word_1_346' title='bbox 413 4446 592 4515; x_wconf 84' lang='lat' dir='ltr'>(Joan.</span> <span class='ocrx_word' id='word_1_347' title='bbox 640 4445 784 4516; x_wconf 80' lang='lat' dir='ltr'>x11):</span> <span class='ocrx_word' id='word_1_348' title='bbox 825 4461 940 4498; x_wconf 90' lang='lat' dir='ltr'>non</span> <span class='ocrx_word' id='word_1_349' title='bbox 1001 4445 1314 4500; x_wconf 90' lang='lat' dir='ltr'>utilitatem</span> <span class='ocrx_word' id='word_1_350' title='bbox 1357 4450 1551 4499; x_wconf 87' lang='lat' dir='ltr'>vetare</span> <span class='ocrx_word' id='word_1_351' title='bbox 1598 4445 1893 4514; x_wconf 87' lang='lat' dir='ltr'>putandus</span> 
     </span>
    </p>
   </div>
   <div class='ocr_carea' id='block_1_50' title="bbox 2007 483 3649 558">
    <p class='ocr_par' dir='ltr' id='par_1_50' title="bbox 2007 483 3649 558">
     <span class='ocr_line' id='line_1_50' title="bbox 2007 483 3649 558; baseline -0.005 -16"><span class='ocrx_word' id='word_1_352' title='bbox 2007 488 2108 545; x_wconf 86' lang='lat' dir='ltr'>lib.</span> <span class='ocrx_word' id='word_1_353' title='bbox 2144 506 2199 542; x_wconf 86' lang='lat' dir='ltr'>IV</span> <span class='ocrx_word' id='word_1_354' title='bbox 2230 488 2380 543; x_wconf 85' lang='lat' dir='ltr'>Sent.</span> <span class='ocrx_word' id='word_1_355' title='bbox 2422 489 2546 544; x_wconf 85' lang='lat' dir='ltr'>dist.</span> <span class='ocrx_word' id='word_1_356' title='bbox 2584 491 2668 554; x_wconf 81' lang='lat' dir='ltr'>i2,</span> <span class='ocrx_word' id='word_1_357' title='bbox 2705 490 2732 557; x_wconf 68' lang='grc' dir='ltr'><strong>ξ</strong></span> <span class='ocrx_word' id='word_1_358' title='bbox 2773 488 2850 558; x_wconf 91' lang='lat' dir='ltr'>g.)</span> <span class='ocrx_word' id='word_1_359' title='bbox 2882 485 3057 542; x_wconf 87' lang='lat' dir='ltr'>Semel</span> <span class='ocrx_word' id='word_1_360' title='bbox 3108 483 3354 539; x_wconf 82' lang='lat' dir='ltr'>Christus</span> <span class='ocrx_word' id='word_1_361' title='bbox 3400 484 3649 537; x_wconf 86' lang='lat' dir='ltr'>mortuus</span> 
     </span>
    </p>
   </div>
   <div class='ocr_carea' id='block_1_51' title="bbox 2001 573 3648 650">
    <p class='ocr_par' dir='ltr' id='par_1_51' title="bbox 2001 573 3648 650">
     <span class='ocr_line' id='line_1_51' title="bbox 2001 573 3648 650; baseline -0.006 -17"><span class='ocrx_word' id='word_1_362' title='bbox 2001 587 2079 634; x_wconf 88' lang='lat' dir='ltr'>est</span> <span class='ocrx_word' id='word_1_363' title='bbox 2099 580 2277 650; x_wconf 88' lang='lat' dir='ltr'>justus</span> <span class='ocrx_word' id='word_1_364' title='bbox 2295 595 2392 648; x_wconf 91' lang='lat' dir='ltr'>pro</span> <span class='ocrx_word' id='word_1_365' title='bbox 2424 579 2647 648; x_wconf 85' lang='lat' dir='ltr'>injustis</span> <span class='ocrx_word' id='word_1_366' title='bbox 2682 579 2722 645; x_wconf 84' lang='grc' dir='ltr'>(Ι</span> <span class='ocrx_word' id='word_1_367' title='bbox 2749 579 2895 631; x_wconf 86' lang='lat' dir='ltr'>Petr.</span> <span class='ocrx_word' id='word_1_368' title='bbox 2931 578 3056 648; x_wconf 78' lang='lat' dir='ltr'>In);</span> <span class='ocrx_word' id='word_1_369' title='bbox 3083 578 3140 628; x_wconf 91' lang='lat' dir='ltr'>et</span> <span class='ocrx_word' id='word_1_370' title='bbox 3168 573 3411 641; x_wconf 89' lang='lat' dir='ltr'>scimus,</span> <span class='ocrx_word' id='word_1_371' title='bbox 3443 578 3497 624; x_wconf 89' lang='lat' dir='ltr'>et</span> <span class='ocrx_word' id='word_1_372' title='bbox 3525 586 3648 625; x_wconf 88' lang='lat' dir='ltr'>cer-</span> 
     </span>
    </p>
   </div>
   <div class='ocr_carea' id='block_1_52' title="bbox 2003 658 3651 736">
    <p class='ocr_par' dir='ltr' id='par_1_52' title="bbox 2003 658 3651 736">
     <span class='ocr_line' id='line_1_52' title="bbox 2003 658 3651 736; baseline -0.006 -16"><span class='ocrx_word' id='word_1_373' title='bbox 2003 672 2128 721; x_wconf 89' lang='lat' dir='ltr'>tum</span> <span class='ocrx_word' id='word_1_374' title='bbox 2158 667 2366 721; x_wconf 89' lang='lat' dir='ltr'>habem</span> <span class='ocrx_word' id='word_1_375' title='bbox 2380 672 2534 734; x_wconf 90' lang='lat' dir='ltr'>us,et</span> <span class='ocrx_word' id='word_1_376' title='bbox 2558 682 2658 736; x_wconf 90' lang='lat' dir='ltr'>spe</span> <span class='ocrx_word' id='word_1_377' title='bbox 2683 664 2968 720; x_wconf 91' lang='lat' dir='ltr'>immobili</span> <span class='ocrx_word' id='word_1_378' title='bbox 2988 658 3483 730; x_wconf 88' lang='lat' dir='ltr'>retinemus,quia</span> <span class='ocrx_word' id='word_1_379' title='bbox 3497 658 3651 712; x_wconf 82' lang='lat' dir='ltr'>Chri-</span> 
     </span>
    </p>
   </div>
   <div class='ocr_carea' id='block_1_53' title="bbox 2002 747 3650 828">
    <p class='ocr_par' dir='ltr' id='par_1_53' title="bbox 2002 747 3650 828">
     <span class='ocr_line' id='line_1_53' title="bbox 2002 747 3650 828; baseline -0.006 -18"><span class='ocrx_word' id='word_1_380' title='bbox 2002 766 2114 811; x_wconf 83' lang='lat' dir='ltr'>stus</span> <span class='ocrx_word' id='word_1_381' title='bbox 2137 773 2434 828; x_wconf 85' lang='lat' dir='ltr'>resurgens</span> <span class='ocrx_word' id='word_1_382' title='bbox 2466 773 2534 810; x_wconf 77' lang='lat' dir='ltr'>ea;</span> <span class='ocrx_word' id='word_1_383' title='bbox 2562 757 2792 809; x_wconf 87' lang='lat' dir='ltr'>mortuis</span> <span class='ocrx_word' id='word_1_384' title='bbox 2820 755 2931 824; x_wconf 76' lang='lat' dir='ltr'>jam</span> <span class='ocrx_word' id='word_1_385' title='bbox 2955 768 3063 806; x_wconf 85' lang='lat' dir='ltr'>non</span> <span class='ocrx_word' id='word_1_386' title='bbox 3085 753 3344 812; x_wconf 87' lang='lat' dir='ltr'>moritur,</span> <span class='ocrx_word' id='word_1_387' title='bbox 3384 762 3530 802; x_wconf 87' lang='lat' dir='ltr'>mors</span> <span class='ocrx_word' id='word_1_388' title='bbox 3562 747 3650 800; x_wconf 84' lang='lat' dir='ltr'>illi</span> 
     </span>
    </p>
   </div>
   <div class='ocr_carea' id='block_1_54' title="bbox 2000 833 3653 914">
    <p class='ocr_par' dir='ltr' id='par_1_54' title="bbox 2000 833 3653 914">
     <span class='ocr_line' id='line_1_54' title="bbox 2000 833 3653 914; baseline -0.007 -14"><span class='ocrx_word' id='word_1_389' title='bbox 2000 847 2153 900; x_wconf 90' lang='lat' dir='ltr'>ultra</span> <span class='ocrx_word' id='word_1_390' title='bbox 2183 862 2293 901; x_wconf 83' lang='lat' dir='ltr'>non</span> <span class='ocrx_word' id='word_1_391' title='bbox 2314 846 2691 901; x_wconf 86' lang='lat' dir='ltr'>dominabitur</span> <span class='ocrx_word' id='word_1_392' title='bbox 2715 846 2884 914; x_wconf 82' lang='lat' dir='ltr'>(Rom.</span> <span class='ocrx_word' id='word_1_393' title='bbox 2911 842 3010 896; x_wconf 69' lang='lat' dir='ltr'>vrl.</span> <span class='ocrx_word' id='word_1_394' title='bbox 3036 840 3218 897; x_wconf 86' lang='lat' dir='ltr'>Verba</span> <span class='ocrx_word' id='word_1_395' title='bbox 3249 838 3361 894; x_wconf 88' lang='lat' dir='ltr'>ista</span> <span class='ocrx_word' id='word_1_396' title='bbox 3389 833 3653 907; x_wconf 85' lang='lat' dir='ltr'>Apostoli</span> 
     </span>
    </p>
   </div>
   <div class='ocr_carea' id='block_1_55' title="bbox 2004 925 3650 1004">
    <p class='ocr_par' dir='ltr' id='par_1_55' title="bbox 2004 925 3650 1004">
     <span class='ocr_line' id='line_1_55' title="bbox 2004 925 3650 1004; baseline -0.007 -15"><span class='ocrx_word' id='word_1_397' title='bbox 2004 939 2171 1004; x_wconf 90' lang='lat' dir='ltr'>sunt,</span> <span class='ocrx_word' id='word_1_398' title='bbox 2202 938 2401 989; x_wconf 89' lang='lat' dir='ltr'>tamen</span> <span class='ocrx_word' id='word_1_399' title='bbox 2429 951 2503 988; x_wconf 91' lang='lat' dir='ltr'>ne</span> <span class='ocrx_word' id='word_1_400' title='bbox 2531 932 2950 988; x_wconf 89' lang='lat' dir='ltr'>obliviscamur</span> <span class='ocrx_word' id='word_1_401' title='bbox 2989 930 3146 1001; x_wconf 90' lang='lat' dir='ltr'>quod</span> <span class='ocrx_word' id='word_1_402' title='bbox 3199 925 3378 982; x_wconf 90' lang='lat' dir='ltr'>semel</span> <span class='ocrx_word' id='word_1_403' title='bbox 3430 925 3650 979; x_wconf 82' lang='lat' dir='ltr'>factum</span> 
     </span>
    </p>
   </div>
   <div class='ocr_carea' id='block_1_56' title="bbox 2002 1012 3651 1090">
    <p class='ocr_par' dir='ltr' id='par_1_56' title="bbox 2002 1012 3651 1090">
     <span class='ocr_line' id='line_1_56' title="bbox 2002 1012 3651 1090; baseline -0.007 -12"><span class='ocrx_word' id='word_1_404' title='bbox 2002 1024 2178 1090; x_wconf 90' lang='lat' dir='ltr'>est,in</span> <span class='ocrx_word' id='word_1_405' title='bbox 2211 1024 2494 1079; x_wconf 88' lang='lat' dir='ltr'>memoria</span> <span class='ocrx_word' id='word_1_406' title='bbox 2517 1026 2718 1077; x_wconf 84' lang='lat' dir='ltr'>nostra</span> <span class='ocrx_word' id='word_1_407' title='bbox 2731 1019 2892 1076; x_wconf 89' lang='lat' dir='ltr'>omni</span> <span class='ocrx_word' id='word_1_408' title='bbox 2909 1035 3061 1073; x_wconf 89' lang='lat' dir='ltr'>anno</span> <span class='ocrx_word' id='word_1_409' title='bbox 3084 1015 3418 1082; x_wconf 69' lang='lat' dir='ltr'>ﬁtQuoties</span> <span class='ocrx_word' id='word_1_410' title='bbox 3431 1012 3651 1085; x_wconf 86' lang='lat' dir='ltr'>pascha</span> 
     </span>
    </p>
   </div>
   <div class='ocr_carea' id='block_1_57' title="bbox 2004 1101 3651 1183">
    <p class='ocr_par' dir='ltr' id='par_1_57' title="bbox 2004 1101 3651 1183">
     <span class='ocr_line' id='line_1_57' title="bbox 2004 1101 3651 1183; baseline -0.007 -16"><span class='ocrx_word' id='word_1_411' title='bbox 2004 1111 2354 1180; x_wconf 87' lang='lat' dir='ltr'>celebratur,</span> <span class='ocrx_word' id='word_1_412' title='bbox 2389 1111 2655 1183; x_wconf 91' lang='lat' dir='ltr'>nunquid</span> <span class='ocrx_word' id='word_1_413' title='bbox 2693 1113 2862 1165; x_wconf 90' lang='lat' dir='ltr'>toties</span> <span class='ocrx_word' id='word_1_414' title='bbox 2893 1107 3163 1163; x_wconf 88' lang='lat' dir='ltr'>Christus</span> <span class='ocrx_word' id='word_1_415' title='bbox 3189 1101 3506 1160; x_wconf 86' lang='lat' dir='ltr'>occiditur?</span> <span class='ocrx_word' id='word_1_416' title='bbox 3538 1101 3651 1157; x_wconf 89' lang='lat' dir='ltr'>Sed</span> 
     </span>
    </p>
   </div>
   <div class='ocr_carea' id='block_1_58' title="bbox 2003 1189 3650 1264">
    <p class='ocr_par' dir='ltr' id='par_1_58' title="bbox 2003 1189 3650 1264">
     <span class='ocr_line' id='line_1_58' title="bbox 2003 1189 3650 1264; baseline -0.008 -8"><span class='ocrx_word' id='word_1_417' title='bbox 2003 1206 2200 1256; x_wconf 89' lang='lat' dir='ltr'>tamen</span> <span class='ocrx_word' id='word_1_418' title='bbox 2260 1200 2661 1257; x_wconf 82' lang='lat' dir='ltr'>anniversaria</span> <span class='ocrx_word' id='word_1_419' title='bbox 2708 1196 3029 1254; x_wconf 90' lang='lat' dir='ltr'>recordatio</span> <span class='ocrx_word' id='word_1_420' title='bbox 3072 1195 3449 1264; x_wconf 69' lang='lat' dir='ltr'>repraesentat</span> <span class='ocrx_word' id='word_1_421' title='bbox 3492 1189 3650 1260; x_wconf 85' lang='lat' dir='ltr'>quod</span> 
     </span>
    </p>
   </div>
   <div class='ocr_carea' id='block_1_59' title="bbox 2004 1281 3647 1357">
    <p class='ocr_par' dir='ltr' id='par_1_59' title="bbox 2004 1281 3647 1357">
     <span class='ocr_line' id='line_1_59' title="bbox 2004 1281 3647 1357; baseline -0.008 -13"><span class='ocrx_word' id='word_1_422' title='bbox 2004 1290 2144 1344; x_wconf 89' lang='lat' dir='ltr'>olim</span> <span class='ocrx_word' id='word_1_423' title='bbox 2179 1291 2396 1346; x_wconf 81' lang='lat' dir='ltr'>factum</span> <span class='ocrx_word' id='word_1_424' title='bbox 2430 1293 2539 1357; x_wconf 89' lang='lat' dir='ltr'>est,</span> <span class='ocrx_word' id='word_1_425' title='bbox 2573 1294 2630 1344; x_wconf 93' lang='lat' dir='ltr'>et</span> <span class='ocrx_word' id='word_1_426' title='bbox 2662 1289 2746 1344; x_wconf 90' lang='lat' dir='ltr'>sic</span> <span class='ocrx_word' id='word_1_427' title='bbox 2777 1304 2884 1342; x_wconf 91' lang='lat' dir='ltr'>nos</span> <span class='ocrx_word' id='word_1_428' title='bbox 2913 1284 3050 1340; x_wconf 83' lang='lat' dir='ltr'>facit</span> <span class='ocrx_word' id='word_1_429' title='bbox 3090 1281 3329 1350; x_wconf 90' lang='lat' dir='ltr'>moveri,</span> <span class='ocrx_word' id='word_1_430' title='bbox 3363 1284 3647 1348; x_wconf 89' lang='lat' dir='ltr'>tanquam</span> 
     </span>
    </p>
   </div>
   <div class='ocr_carea' id='block_1_60' title="bbox 2004 1369 3642 1450">
    <p class='ocr_par' dir='ltr' id='par_1_60' title="bbox 2004 1369 3642 1450">
     <span class='ocr_line' id='line_1_60' title="bbox 2004 1369 3642 1450; baseline -0.008 -17"><span class='ocrx_word' id='word_1_431' title='bbox 2004 1380 2307 1434; x_wconf 90' lang='lat' dir='ltr'>videamus</span> <span class='ocrx_word' id='word_1_432' title='bbox 2340 1385 2683 1450; x_wconf 75' lang='lat' dir='ltr'>praesentem</span> <span class='ocrx_word' id='word_1_433' title='bbox 2719 1375 3038 1431; x_wconf 90' lang='lat' dir='ltr'>Dominum</span> <span class='ocrx_word' id='word_1_434' title='bbox 3071 1372 3129 1426; x_wconf 89' lang='lat' dir='ltr'>in</span> <span class='ocrx_word' id='word_1_435' title='bbox 3175 1386 3364 1425; x_wconf 89' lang='lat' dir='ltr'>cruce.</span> <span class='ocrx_word' id='word_1_436' title='bbox 3418 1373 3554 1422; x_wconf 85' lang='lat' dir='ltr'>Item</span> <span class='ocrx_word' id='word_1_437' title='bbox 3582 1369 3642 1421; x_wconf 90' lang='lat' dir='ltr'>in</span> 
     </span>
    </p>
   </div>
   <div class='ocr_carea' id='block_1_61' title="bbox 2001 1457 3646 1538">
    <p class='ocr_par' dir='ltr' id='par_1_61' title="bbox 2001 1457 3646 1538">
     <span class='ocr_line' id='line_1_61' title="bbox 2001 1457 3646 1538; baseline -0.009 -16"><span class='ocrx_word' id='word_1_438' title='bbox 2001 1485 2182 1538; x_wconf 66' lang='lat' dir='ltr'>cmpos.</span> <span class='ocrx_word' id='word_1_439' title='bbox 2242 1469 2424 1538; x_wconf 83' lang='lat' dir='ltr'>priori</span> <span class='ocrx_word' id='word_1_440' title='bbox 2477 1468 2604 1521; x_wconf 88' lang='lat' dir='ltr'>Psal</span> <span class='ocrx_word' id='word_1_441' title='bbox 2653 1481 2766 1520; x_wconf 79' lang='lat' dir='ltr'>xxi.</span> <span class='ocrx_word' id='word_1_442' title='bbox 2835 1466 2960 1519; x_wconf 87' lang='lat' dir='ltr'>Vota</span> <span class='ocrx_word' id='word_1_443' title='bbox 2990 1477 3111 1515; x_wconf 90' lang='lat' dir='ltr'>mea</span> <span class='ocrx_word' id='word_1_444' title='bbox 3140 1457 3395 1513; x_wconf 87' lang='lat' dir='ltr'>reddam.</span> <span class='ocrx_word' id='word_1_445' title='bbox 3445 1461 3646 1509; x_wconf 87' lang='lat' dir='ltr'>Sacra-</span> 
     </span>
    </p>
   </div>
   <div class='ocr_carea' id='block_1_62' title="bbox 2003 1545 3643 1627">
    <p class='ocr_par' dir='ltr' id='par_1_62' title="bbox 2003 1545 3643 1627">
     <span class='ocr_line' id='line_1_62' title="bbox 2003 1545 3643 1627; baseline -0.007 -17"><span class='ocrx_word' id='word_1_446' title='bbox 2003 1561 2202 1611; x_wconf 90' lang='lat' dir='ltr'>menta</span> <span class='ocrx_word' id='word_1_447' title='bbox 2234 1556 2492 1627; x_wconf 91' lang='lat' dir='ltr'>corporis</span> <span class='ocrx_word' id='word_1_448' title='bbox 2524 1559 2579 1610; x_wconf 90' lang='lat' dir='ltr'>et</span> <span class='ocrx_word' id='word_1_449' title='bbox 2609 1552 2914 1625; x_wconf 84' lang='lat' dir='ltr'>sanguinis</span> <span class='ocrx_word' id='word_1_450' title='bbox 2965 1548 3196 1606; x_wconf 88' lang='lat' dir='ltr'>Domini</span> <span class='ocrx_word' id='word_1_451' title='bbox 3233 1546 3346 1602; x_wconf 88' lang='lat' dir='ltr'>mei</span> <span class='ocrx_word' id='word_1_452' title='bbox 3379 1545 3643 1600; x_wconf 88' lang='lat' dir='ltr'>reddam.</span> 
     </span>
    </p>
   </div>
   <div class='ocr_carea' id='block_1_63' title="bbox 2002 1651 3642 1728">
    <p class='ocr_par' dir='ltr' id='par_1_63' title="bbox 2002 1651 3642 1728">
     <span class='ocr_line' id='line_1_63' title="bbox 2002 1651 3642 1728; baseline -0.007 -18"><span class='ocrx_word' id='word_1_453' title='bbox 2002 1658 2187 1711; x_wconf 86' lang='lat' dir='ltr'>Edent</span> <span class='ocrx_word' id='word_1_454' title='bbox 2207 1673 2472 1728; x_wconf 85' lang='lat' dir='ltr'>pauperes</span> <span class='ocrx_word' id='word_1_455' title='bbox 2495 1659 2544 1710; x_wconf 90' lang='lat' dir='ltr'>ct</span> <span class='ocrx_word' id='word_1_456' title='bbox 2571 1655 2989 1710; x_wconf 86' lang='lat' dir='ltr'>saturabuntur.</span> <span class='ocrx_word' id='word_1_457' title='bbox 3010 1651 3194 1704; x_wconf 88' lang='lat' dir='ltr'>Edent</span> <span class='ocrx_word' id='word_1_458' title='bbox 3213 1651 3642 1716; x_wconf 90' lang='lat' dir='ltr'>contemptores</span> 
     </span>
    </p>
   </div>
   <div class='ocr_carea' id='block_1_64' title="bbox 2003 1735 3640 1812">
    <p class='ocr_par' dir='ltr' id='par_1_64' title="bbox 2003 1735 3640 1812">
     <span class='ocr_line' id='line_1_64' title="bbox 2003 1735 3640 1812; baseline -0.007 -12"><span class='ocrx_word' id='word_1_459' title='bbox 2003 1746 2217 1812; x_wconf 82' lang='lat' dir='ltr'>saeculi,</span> <span class='ocrx_word' id='word_1_460' title='bbox 2243 1751 2299 1800; x_wconf 93' lang='lat' dir='ltr'>et</span> <span class='ocrx_word' id='word_1_461' title='bbox 2335 1746 2745 1812; x_wconf 88' lang='lat' dir='ltr'>mutabuntur,</span> <span class='ocrx_word' id='word_1_462' title='bbox 2777 1748 2826 1798; x_wconf 85' lang='lat' dir='ltr'>ct</span> <span class='ocrx_word' id='word_1_463' title='bbox 2855 1742 3158 1796; x_wconf 84' lang='lat' dir='ltr'>laudabunt</span> <span class='ocrx_word' id='word_1_464' title='bbox 3205 1738 3519 1799; x_wconf 86' lang='lat' dir='ltr'>Dominum,</span> <span class='ocrx_word' id='word_1_465' title='bbox 3542 1735 3640 1805; x_wconf 86' lang='lat' dir='ltr'>qui</span> 
     </span>
    </p>
   </div>
   <div class='ocr_carea' id='block_1_65' title="bbox 1996 1823 3636 1905">
    <p class='ocr_par' dir='ltr' id='par_1_65' title="bbox 1996 1823 3636 1905">
     <span class='ocr_line' id='line_1_65' title="bbox 1996 1823 3636 1905; baseline -0.007 -15"><span class='ocrx_word' id='word_1_466' title='bbox 1996 1837 2284 1905; x_wconf 86' lang='lat' dir='ltr'>requirunt</span> <span class='ocrx_word' id='word_1_467' title='bbox 2313 1851 2463 1889; x_wconf 88' lang='lat' dir='ltr'>eum.</span> <span class='ocrx_word' id='word_1_468' title='bbox 2500 1834 2653 1888; x_wconf 90' lang='lat' dir='ltr'>Laus</span> <span class='ocrx_word' id='word_1_469' title='bbox 2701 1831 2934 1888; x_wconf 89' lang='lat' dir='ltr'>Domini</span> <span class='ocrx_word' id='word_1_470' title='bbox 2984 1827 3265 1884; x_wconf 91' lang='lat' dir='ltr'>eructatio</span> <span class='ocrx_word' id='word_1_471' title='bbox 3309 1823 3636 1881; x_wconf 90' lang='lat' dir='ltr'>saturitatis</span> 
     </span>
    </p>
   </div>
   <div class='ocr_carea' id='block_1_66' title="bbox 1995 1914 3635 1995">
    <p class='ocr_par' dir='ltr' id='par_1_66' title="bbox 1995 1914 3635 1995">
     <span class='ocr_line' id='line_1_66' title="bbox 1995 1914 3635 1995; baseline -0.009 -16"><span class='ocrx_word' id='word_1_472' title='bbox 1995 1926 2145 1995; x_wconf 83' lang='lat' dir='ltr'>ejus,</span> <span class='ocrx_word' id='word_1_473' title='bbox 2194 1927 2378 1980; x_wconf 81' lang='lat' dir='ltr'>vivent</span> <span class='ocrx_word' id='word_1_474' title='bbox 2413 1924 2576 1979; x_wconf 84' lang='lat' dir='ltr'>corda</span> <span class='ocrx_word' id='word_1_475' title='bbox 2623 1938 2812 1977; x_wconf 86' lang='lat' dir='ltr'>eorum</span> <span class='ocrx_word' id='word_1_476' title='bbox 2853 1923 2913 1975; x_wconf 90' lang='lat' dir='ltr'>in</span> <span class='ocrx_word' id='word_1_477' title='bbox 2959 1918 3215 1973; x_wconf 74' lang='lat' dir='ltr'>saeculum</span> <span class='ocrx_word' id='word_1_478' title='bbox 3256 1914 3470 1980; x_wconf 75' lang='lat' dir='ltr'>saeculi,</span> <span class='ocrx_word' id='word_1_479' title='bbox 3499 1927 3635 1966; x_wconf 88' lang='lat' dir='ltr'>nam</span> 
     </span>
    </p>
   </div>
   <div class='ocr_carea' id='block_1_67' title="bbox 1994 2003 3640 2079">
    <p class='ocr_par' dir='ltr' id='par_1_67' title="bbox 1994 2003 3640 2079">
     <span class='ocr_line' id='line_1_67' title="bbox 1994 2003 3640 2079; baseline -0.007 -11"><span class='ocrx_word' id='word_1_480' title='bbox 1994 2015 2162 2068; x_wconf 91' lang='lat' dir='ltr'>cibus</span> <span class='ocrx_word' id='word_1_481' title='bbox 2205 2013 2304 2068; x_wconf 88' lang='lat' dir='ltr'>ille</span> <span class='ocrx_word' id='word_1_482' title='bbox 2330 2017 2421 2068; x_wconf 89' lang='lat' dir='ltr'>est</span> <span class='ocrx_word' id='word_1_483' title='bbox 2465 2012 2678 2068; x_wconf 90' lang='lat' dir='ltr'>cordis.</span> <span class='ocrx_word' id='word_1_484' title='bbox 2732 2011 2798 2065; x_wconf 87' lang='lat' dir='ltr'>In</span> <span class='ocrx_word' id='word_1_485' title='bbox 2839 2008 3180 2079; x_wconf 75' lang='lat' dir='ltr'>expositione</span> <span class='ocrx_word' id='word_1_486' title='bbox 3222 2003 3436 2058; x_wconf 90' lang='lat' dir='ltr'>Psalmi</span> <span class='ocrx_word' id='word_1_487' title='bbox 3464 2018 3559 2057; x_wconf 80' lang='lat' dir='ltr'>un</span> <span class='ocrx_word' id='word_1_488' title='bbox 3587 2009 3640 2056; x_wconf 85' lang='lat' dir='ltr'>et</span> 
     </span>
    </p>
   </div>
   <div class='ocr_carea' id='block_1_68' title="bbox 1994 2092 3635 2170">
    <p class='ocr_par' dir='ltr' id='par_1_68' title="bbox 1994 2092 3635 2170">
     <span class='ocr_line' id='line_1_68' title="bbox 1994 2092 3635 2170; baseline -0.009 -12"><span class='ocrx_word' id='word_1_489' title='bbox 1994 2119 2186 2157; x_wconf 84' lang='lat' dir='ltr'>xcvm.</span> <span class='ocrx_word' id='word_1_490' title='bbox 2223 2104 2316 2170; x_wconf 83' lang='lat' dir='ltr'>(De</span> <span class='ocrx_word' id='word_1_491' title='bbox 2345 2117 2514 2169; x_wconf 86' lang='lat' dir='ltr'>cons.,</span> <span class='ocrx_word' id='word_1_492' title='bbox 2537 2101 2663 2155; x_wconf 86' lang='lat' dir='ltr'>dist.</span> <span class='ocrx_word' id='word_1_493' title='bbox 2704 2102 2762 2165; x_wconf 90' lang='lat'>2,</span> <span class='ocrx_word' id='word_1_494' title='bbox 2795 2115 2842 2153; x_wconf 92' lang='lat' dir='ltr'>c.</span> <span class='ocrx_word' id='word_1_495' title='bbox 2872 2099 3090 2165; x_wconf 89' lang='lat' dir='ltr'>Prima,</span> <span class='ocrx_word' id='word_1_496' title='bbox 3112 2098 3164 2149; x_wconf 89' lang='lat' dir='ltr'>et</span> <span class='ocrx_word' id='word_1_497' title='bbox 3186 2092 3284 2148; x_wconf 90' lang='lat' dir='ltr'>lib.</span> <span class='ocrx_word' id='word_1_498' title='bbox 3309 2108 3362 2148; x_wconf 85' lang='grc' dir='ltr'>ιν</span> <span class='ocrx_word' id='word_1_499' title='bbox 3386 2094 3635 2146; x_wconf 85' lang='lat' dir='ltr'>Sentent.</span> 
     </span>
    </p>
   </div>
   <div class='ocr_carea' id='block_1_69' title="bbox 1991 2179 3640 2265">
    <p class='ocr_par' dir='ltr' id='par_1_69' title="bbox 1991 2179 3640 2265">
     <span class='ocr_line' id='line_1_69' title="bbox 1991 2179 3640 2265; baseline -0.008 -17"><span class='ocrx_word' id='word_1_500' title='bbox 1991 2193 2096 2248; x_wconf 87' lang='lat' dir='ltr'>dit.</span> <span class='ocrx_word' id='word_1_501' title='bbox 2133 2195 2218 2260; x_wconf 92' lang='grc'>10,</span> <span class='ocrx_word' id='word_1_502' title='bbox 2254 2193 2283 2265; x_wconf 86' lang='lat'>§</span> <span class='ocrx_word' id='word_1_503' title='bbox 2313 2193 2388 2264; x_wconf 90' lang='lat' dir='ltr'>a.)</span> <span class='ocrx_word' id='word_1_504' title='bbox 2419 2193 2634 2259; x_wconf 89' lang='lat' dir='ltr'>Prima,</span> <span class='ocrx_word' id='word_1_505' title='bbox 2686 2189 2899 2261; x_wconf 89' lang='lat' dir='ltr'>inquit,</span> <span class='ocrx_word' id='word_1_506' title='bbox 2938 2185 3174 2242; x_wconf 70' lang='lat' dir='ltr'>haeresis</span> <span class='ocrx_word' id='word_1_507' title='bbox 3233 2184 3290 2238; x_wconf 92' lang='lat' dir='ltr'>in</span> <span class='ocrx_word' id='word_1_508' title='bbox 3330 2179 3640 2252; x_wconf 89' lang='lat' dir='ltr'>discipulis</span> 
     </span>
    </p>
   </div>
   <div class='ocr_carea' id='block_1_70' title="bbox 1995 2271 3639 2344">
    <p class='ocr_par' dir='ltr' id='par_1_70' title="bbox 1995 2271 3639 2344">
     <span class='ocr_line' id='line_1_70' title="bbox 1995 2271 3639 2344; baseline -0.009 -7"><span class='ocrx_word' id='word_1_509' title='bbox 1995 2282 2209 2337; x_wconf 88' lang='lat' dir='ltr'>Christi</span> <span class='ocrx_word' id='word_1_510' title='bbox 2241 2282 2402 2337; x_wconf 90' lang='lat' dir='ltr'>velut</span> <span class='ocrx_word' id='word_1_511' title='bbox 2422 2299 2454 2336; x_wconf 88' lang='lat' dir='ltr'>a</span> <span class='ocrx_word' id='word_1_512' title='bbox 2477 2279 2695 2335; x_wconf 87' lang='lat' dir='ltr'>duritia</span> <span class='ocrx_word' id='word_1_513' title='bbox 2717 2276 3007 2334; x_wconf 87' lang='lat' dir='ltr'>sermonis</span> <span class='ocrx_word' id='word_1_514' title='bbox 3030 2275 3154 2344; x_wconf 83' lang='lat' dir='ltr'>ejus</span> <span class='ocrx_word' id='word_1_515' title='bbox 3175 2274 3328 2328; x_wconf 85' lang='lat' dir='ltr'>facta</span> <span class='ocrx_word' id='word_1_516' title='bbox 3356 2275 3465 2326; x_wconf 89' lang='lat' dir='ltr'>est.</span> <span class='ocrx_word' id='word_1_517' title='bbox 3492 2271 3639 2325; x_wconf 91' lang='lat' dir='ltr'>Cum</span> 
     </span>
    </p>
   </div>
   <div class='ocr_carea' id='block_1_71' title="bbox 1996 2365 3634 2439">
    <p class='ocr_par' dir='ltr' id='par_1_71' title="bbox 1996 2365 3634 2439">
     <span class='ocr_line' id='line_1_71' title="bbox 1996 2365 3634 2439; baseline -0.009 -14"><span class='ocrx_word' id='word_1_518' title='bbox 1996 2371 2151 2426; x_wconf 91' lang='lat' dir='ltr'>enim</span> <span class='ocrx_word' id='word_1_519' title='bbox 2187 2371 2425 2425; x_wconf 91' lang='lat' dir='ltr'>diceret.</span> <span class='ocrx_word' id='word_1_520' title='bbox 2445 2370 2565 2424; x_wconf 82' lang='lat' dir='ltr'>Nisi</span> <span class='ocrx_word' id='word_1_521' title='bbox 2594 2369 2719 2439; x_wconf 86' lang='lat' dir='ltr'>quis</span> <span class='ocrx_word' id='word_1_522' title='bbox 2745 2365 3164 2420; x_wconf 77' lang='lat' dir='ltr'>manducauerit</span> <span class='ocrx_word' id='word_1_523' title='bbox 3181 2374 3407 2416; x_wconf 88' lang='lat' dir='ltr'>carnem</span> <span class='ocrx_word' id='word_1_524' title='bbox 3425 2373 3634 2426; x_wconf 84' lang='lat' dir='ltr'>meam,</span> 
     </span>
    </p>
   </div>
   <div class='ocr_carea' id='block_1_72' title="bbox 1996 2458 3640 2537">
    <p class='ocr_par' dir='ltr' id='par_1_72' title="bbox 1996 2458 3640 2537">
     <span class='ocr_line' id='line_1_72' title="bbox 1996 2458 3640 2537; baseline -0.009 -15"><span class='ocrx_word' id='word_1_525' title='bbox 1996 2473 2046 2522; x_wconf 88' lang='lat' dir='ltr'>et</span> <span class='ocrx_word' id='word_1_526' title='bbox 2079 2468 2277 2523; x_wconf 86' lang='lat' dir='ltr'>biberit</span> <span class='ocrx_word' id='word_1_527' title='bbox 2307 2468 2640 2537; x_wconf 86' lang='lat' dir='ltr'>sanguinem</span> <span class='ocrx_word' id='word_1_528' title='bbox 2671 2480 2874 2528; x_wconf 87' lang='lat' dir='ltr'>meum,</span> <span class='ocrx_word' id='word_1_529' title='bbox 2897 2477 3007 2516; x_wconf 87' lang='lat' dir='ltr'>non</span> <span class='ocrx_word' id='word_1_530' title='bbox 3037 2458 3250 2514; x_wconf 84' lang='lat' dir='ltr'>habebit</span> <span class='ocrx_word' id='word_1_531' title='bbox 3278 2458 3448 2512; x_wconf 88' lang='lat' dir='ltr'>vitam</span> <span class='ocrx_word' id='word_1_532' title='bbox 3476 2462 3640 2512; x_wconf 65' lang='lat' dir='ltr'>aeter-</span> 
     </span>
    </p>
   </div>
   <div class='ocr_carea' id='block_1_73' title="bbox 1994 2543 3636 2622">
    <p class='ocr_par' dir='ltr' id='par_1_73' title="bbox 1994 2543 3636 2622">
     <span class='ocr_line' id='line_1_73' title="bbox 1994 2543 3636 2622; baseline -0.009 -12"><span class='ocrx_word' id='word_1_533' title='bbox 1994 2574 2126 2611; x_wconf 89' lang='lat' dir='ltr'>nam</span> <span class='ocrx_word' id='word_1_534' title='bbox 2165 2559 2338 2622; x_wconf 87' lang='lat' dir='ltr'>(Joan.</span> <span class='ocrx_word' id='word_1_535' title='bbox 2384 2562 2455 2621; x_wconf 85' lang='lat' dir='ltr'>v1)</span> <span class='ocrx_word' id='word_1_536' title='bbox 2488 2573 2506 2608; x_wconf 85' lang='lat'><em>:</em></span> <span class='ocrx_word' id='word_1_537' title='bbox 2533 2553 2618 2607; x_wconf 88' lang='lat' dir='ltr'>illi</span> <span class='ocrx_word' id='word_1_538' title='bbox 2650 2569 2764 2608; x_wconf 90' lang='lat' dir='ltr'>non</span> <span class='ocrx_word' id='word_1_539' title='bbox 2806 2550 3225 2620; x_wconf 88' lang='lat' dir='ltr'>intelligentes,</span> <span class='ocrx_word' id='word_1_540' title='bbox 3259 2547 3534 2600; x_wconf 87' lang='lat' dir='ltr'>dixerunt</span> <span class='ocrx_word' id='word_1_541' title='bbox 3564 2543 3636 2597; x_wconf 90' lang='lat' dir='ltr'>ad</span> 
     </span>
    </p>
   </div>
   <div class='ocr_carea' id='block_1_74' title="bbox 1995 2631 3638 2709">
    <p class='ocr_par' dir='ltr' id='par_1_74' title="bbox 1995 2631 3638 2709">
     <span class='ocr_line' id='line_1_74' title="bbox 1995 2631 3638 2709; baseline -0.011 -9"><span class='ocrx_word' id='word_1_542' title='bbox 1995 2647 2241 2702; x_wconf 85' lang='lat' dir='ltr'>invicem</span> <span class='ocrx_word' id='word_1_543' title='bbox 2268 2662 2280 2700; x_wconf 90' lang='lat'><strong>:</strong></span> <span class='ocrx_word' id='word_1_544' title='bbox 2302 2647 2482 2698; x_wconf 85' lang='lat' dir='ltr'>Durus</span> <span class='ocrx_word' id='word_1_545' title='bbox 2501 2647 2580 2697; x_wconf 82' lang='lat' dir='ltr'>est</span> <span class='ocrx_word' id='word_1_546' title='bbox 2603 2643 2691 2696; x_wconf 91' lang='lat' dir='ltr'>hic</span> <span class='ocrx_word' id='word_1_547' title='bbox 2708 2639 3034 2709; x_wconf 85' lang='lat' dir='ltr'>sermo,quis</span> <span class='ocrx_word' id='word_1_548' title='bbox 3051 2641 3228 2707; x_wconf 82' lang='lat' dir='ltr'>potest</span> <span class='ocrx_word' id='word_1_549' title='bbox 3252 2649 3376 2688; x_wconf 90' lang='lat' dir='ltr'>eum</span> <span class='ocrx_word' id='word_1_550' title='bbox 3401 2631 3597 2685; x_wconf 87' lang='lat' dir='ltr'>audire</span> <span class='ocrx_word' id='word_1_551' title='bbox 3613 2632 3638 2682; x_wconf 77' lang='lat'>.’</span> 
     </span>
    </p>
   </div>
   <div class='ocr_carea' id='block_1_75' title="bbox 1995 2724 3637 2806">
    <p class='ocr_par' dir='ltr' id='par_1_75' title="bbox 1995 2724 3637 2806">
     <span class='ocr_line' id='line_1_75' title="bbox 1995 2724 3637 2806; baseline -0.011 -17"><span class='ocrx_word' id='word_1_552' title='bbox 1995 2734 2178 2806; x_wconf 88' lang='lat' dir='ltr'>(ibid.)</span> <span class='ocrx_word' id='word_1_553' title='bbox 2214 2734 2483 2788; x_wconf 90' lang='lat' dir='ltr'>Dicentes</span> <span class='ocrx_word' id='word_1_554' title='bbox 2515 2732 2654 2802; x_wconf 89' lang='lat' dir='ltr'>quia</span> <span class='ocrx_word' id='word_1_555' title='bbox 2681 2731 2867 2784; x_wconf 90' lang='lat' dir='ltr'>durus</span> <span class='ocrx_word' id='word_1_556' title='bbox 2897 2731 2986 2782; x_wconf 89' lang='lat' dir='ltr'>est</span> <span class='ocrx_word' id='word_1_557' title='bbox 3017 2724 3110 2780; x_wconf 90' lang='lat' dir='ltr'>hic</span> <span class='ocrx_word' id='word_1_558' title='bbox 3153 2738 3367 2789; x_wconf 90' lang='lat' dir='ltr'>sermo,</span> <span class='ocrx_word' id='word_1_559' title='bbox 3401 2735 3637 2790; x_wconf 91' lang='lat' dir='ltr'>separa-</span> 
     </span>
    </p>
   </div>
   <div class='ocr_carea' id='block_1_76' title="bbox 1993 2808 3638 2891">
    <p class='ocr_par' dir='ltr' id='par_1_76' title="bbox 1993 2808 3638 2891">
     <span class='ocr_line' id='line_1_76' title="bbox 1993 2808 3638 2891; baseline -0.01 -13"><span class='ocrx_word' id='word_1_560' title='bbox 1993 2829 2199 2878; x_wconf 89' lang='lat' dir='ltr'>verunt</span> <span class='ocrx_word' id='word_1_561' title='bbox 2230 2840 2291 2877; x_wconf 79' lang='lat' dir='ltr'>so</span> <span class='ocrx_word' id='word_1_562' title='bbox 2321 2822 2392 2876; x_wconf 89' lang='lat' dir='ltr'>ab</span> <span class='ocrx_word' id='word_1_563' title='bbox 2426 2820 2544 2891; x_wconf 92' lang='lat' dir='ltr'>illo,</span> <span class='ocrx_word' id='word_1_564' title='bbox 2577 2818 2862 2875; x_wconf 88' lang='lat' dir='ltr'>remansit</span> <span class='ocrx_word' id='word_1_565' title='bbox 2891 2831 3021 2871; x_wconf 88' lang='lat' dir='ltr'>cum</span> <span class='ocrx_word' id='word_1_566' title='bbox 3053 2810 3362 2868; x_wconf 89' lang='lat' dir='ltr'>duodecim</span> <span class='ocrx_word' id='word_1_567' title='bbox 3390 2826 3403 2875; x_wconf 91' lang='lat'><strong>;</strong></span> <span class='ocrx_word' id='word_1_568' title='bbox 3449 2808 3638 2862; x_wconf 83' lang='lat' dir='ltr'>disce-</span> 
     </span>
    </p>
   </div>
   <div class='ocr_carea' id='block_1_77' title="bbox 1996 2896 3636 2978">
    <p class='ocr_par' dir='ltr' id='par_1_77' title="bbox 1996 2896 3636 2978">
     <span class='ocr_line' id='line_1_77' title="bbox 1996 2896 3636 2978; baseline -0.012 -10"><span class='ocrx_word' id='word_1_569' title='bbox 1996 2912 2270 2968; x_wconf 88' lang='lat' dir='ltr'>dentibus</span> <span class='ocrx_word' id='word_1_570' title='bbox 2296 2910 2437 2978; x_wconf 87' lang='lat' dir='ltr'>illis,</span> <span class='ocrx_word' id='word_1_571' title='bbox 2462 2908 2741 2964; x_wconf 84' lang='lat' dir='ltr'>instruxit</span> <span class='ocrx_word' id='word_1_572' title='bbox 2763 2921 2863 2961; x_wconf 92' lang='lat' dir='ltr'>eos</span> <span class='ocrx_word' id='word_1_573' title='bbox 2884 2904 2984 2976; x_wconf 90' lang='lat' dir='ltr'>qui</span> <span class='ocrx_word' id='word_1_574' title='bbox 3018 2896 3636 2966; x_wconf 88' lang='lat' dir='ltr'>remanserant,Spiri-</span> 
     </span>
    </p>
   </div>
   <div class='ocr_carea' id='block_1_78' title="bbox 1995 2985 3639 3070">
    <p class='ocr_par' dir='ltr' id='par_1_78' title="bbox 1995 2985 3639 3070">
     <span class='ocr_line' id='line_1_78' title="bbox 1995 2985 3639 3070; baseline -0.013 -13"><span class='ocrx_word' id='word_1_575' title='bbox 1995 3012 2080 3057; x_wconf 89' lang='lat' dir='ltr'>tus</span> <span class='ocrx_word' id='word_1_576' title='bbox 2107 3011 2203 3068; x_wconf 87' lang='lat' dir='ltr'>est,</span> <span class='ocrx_word' id='word_1_577' title='bbox 2239 3000 2452 3070; x_wconf 90' lang='lat' dir='ltr'>inquit,</span> <span class='ocrx_word' id='word_1_578' title='bbox 2483 2999 2580 3068; x_wconf 87' lang='lat' dir='ltr'>qui</span> <span class='ocrx_word' id='word_1_579' title='bbox 2607 2995 2872 3063; x_wconf 82' lang='lat' dir='ltr'>viviﬁcat,</span> <span class='ocrx_word' id='word_1_580' title='bbox 2898 3008 3024 3047; x_wconf 88' lang='lat' dir='ltr'>caro</span> <span class='ocrx_word' id='word_1_581' title='bbox 3050 2990 3196 3045; x_wconf 80' lang='lat' dir='ltr'>nihil</span> <span class='ocrx_word' id='word_1_582' title='bbox 3211 2986 3449 3060; x_wconf 86' lang='lat' dir='ltr'>prodest.</span> <span class='ocrx_word' id='word_1_583' title='bbox 3471 2985 3639 3040; x_wconf 84' lang='lat' dir='ltr'>Verba</span> 
     </span>
    </p>
   </div>
   <div class='ocr_carea' id='block_1_79' title="bbox 1998 3072 3636 3161">
    <p class='ocr_par' dir='ltr' id='par_1_79' title="bbox 1998 3072 3636 3161">
     <span class='ocr_line' id='line_1_79' title="bbox 1998 3072 3636 3161; baseline -0.013 -15"><span class='ocrx_word' id='word_1_584' title='bbox 1998 3106 2122 3161; x_wconf 68' lang='lat' dir='ltr'>quae</span> <span class='ocrx_word' id='word_1_585' title='bbox 2153 3091 2361 3144; x_wconf 83' lang='lat' dir='ltr'>locutus</span> <span class='ocrx_word' id='word_1_586' title='bbox 2390 3104 2512 3143; x_wconf 87' lang='lat' dir='ltr'>sum</span> <span class='ocrx_word' id='word_1_587' title='bbox 2543 3087 2711 3154; x_wconf 87' lang='lat' dir='ltr'>vobis,</span> <span class='ocrx_word' id='word_1_588' title='bbox 2743 3085 2978 3154; x_wconf 85' lang='lat' dir='ltr'>spiritus</span> <span class='ocrx_word' id='word_1_589' title='bbox 3014 3087 3067 3135; x_wconf 87' lang='lat' dir='ltr'>et</span> <span class='ocrx_word' id='word_1_590' title='bbox 3106 3079 3223 3134; x_wconf 87' lang='lat' dir='ltr'>vita</span> <span class='ocrx_word' id='word_1_591' title='bbox 3261 3078 3388 3131; x_wconf 87' lang='lat' dir='ltr'>sunt</span> <span class='ocrx_word' id='word_1_592' title='bbox 3432 3072 3636 3142; x_wconf 89' lang='lat' dir='ltr'>(ibid.),</span> 
     </span>
    </p>
   </div>
   <div class='ocr_carea' id='block_1_80' title="bbox 2001 3169 3639 3258">
    <p class='ocr_par' dir='ltr' id='par_1_80' title="bbox 2001 3169 3639 3258">
     <span class='ocr_line' id='line_1_80' title="bbox 2001 3169 3639 3258; baseline -0.012 -15"><span class='ocrx_word' id='word_1_593' title='bbox 2001 3189 2057 3243; x_wconf 85' lang='lat' dir='ltr'>id</span> <span class='ocrx_word' id='word_1_594' title='bbox 2078 3185 2565 3258; x_wconf 89' lang='lat' dir='ltr'>estspiritualiter</span> <span class='ocrx_word' id='word_1_595' title='bbox 2580 3180 2962 3253; x_wconf 88' lang='lat' dir='ltr'>intelligenda</span> <span class='ocrx_word' id='word_1_596' title='bbox 2980 3181 3139 3233; x_wconf 87' lang='lat' dir='ltr'>sunt.</span> <span class='ocrx_word' id='word_1_597' title='bbox 3156 3170 3500 3230; x_wconf 85' lang='lat' dir='ltr'>Intellexisti</span> <span class='ocrx_word' id='word_1_598' title='bbox 3517 3169 3639 3258; x_wconf 86' lang='lat' dir='ltr'>spi-</span> 
     </span>
    </p>
   </div>
   <div class='ocr_carea' id='block_1_81' title="bbox 2001 3257 3642 3345">
    <p class='ocr_par' dir='ltr' id='par_1_81' title="bbox 2001 3257 3642 3345">
     <span class='ocr_line' id='line_1_81' title="bbox 2001 3257 3642 3345; baseline -0.013 -13"><span class='ocrx_word' id='word_1_599' title='bbox 2001 3257 2317 3332; x_wconf 83' lang='lat' dir='ltr'>ritualiter?</span> <span class='ocrx_word' id='word_1_600' title='bbox 2338 3273 2590 3345; x_wconf 89' lang='lat' dir='ltr'>Spiritus</span> <span class='ocrx_word' id='word_1_601' title='bbox 2615 3275 2673 3327; x_wconf 90' lang='lat' dir='ltr'>et</span> <span class='ocrx_word' id='word_1_602' title='bbox 2690 3270 2813 3325; x_wconf 90' lang='lat' dir='ltr'>vita</span> <span class='ocrx_word' id='word_1_603' title='bbox 2834 3273 2975 3324; x_wconf 91' lang='lat' dir='ltr'>sunt</span> <span class='ocrx_word' id='word_1_604' title='bbox 2999 3284 3011 3322; x_wconf 87' lang='lat'>:</span> <span class='ocrx_word' id='word_1_605' title='bbox 3039 3262 3375 3321; x_wconf 81' lang='lat' dir='ltr'>intellexisti</span> <span class='ocrx_word' id='word_1_606' title='bbox 3393 3257 3642 3315; x_wconf 88' lang='lat' dir='ltr'>carnali-</span> 
     </span>
    </p>
   </div>
   <div class='ocr_carea' id='block_1_82' title="bbox 2000 3347 3644 3431">
    <p class='ocr_par' dir='ltr' id='par_1_82' title="bbox 2000 3347 3644 3431">
     <span class='ocr_line' id='line_1_82' title="bbox 2000 3347 3644 3431; baseline -0.013 -11"><span class='ocrx_word' id='word_1_607' title='bbox 2000 3365 2118 3421; x_wconf 84' lang='lat' dir='ltr'>ter?</span> <span class='ocrx_word' id='word_1_608' title='bbox 2138 3366 2315 3419; x_wconf 89' lang='lat' dir='ltr'>etiam</span> <span class='ocrx_word' id='word_1_609' title='bbox 2343 3362 2540 3418; x_wconf 86' lang='lat' dir='ltr'>sicilia</span> <span class='ocrx_word' id='word_1_610' title='bbox 2560 3359 2812 3431; x_wconf 87' lang='lat' dir='ltr'>Spiritus</span> <span class='ocrx_word' id='word_1_611' title='bbox 2834 3363 2890 3412; x_wconf 92' lang='lat' dir='ltr'>et</span> <span class='ocrx_word' id='word_1_612' title='bbox 2910 3358 3026 3411; x_wconf 91' lang='lat' dir='ltr'>vita</span> <span class='ocrx_word' id='word_1_613' title='bbox 3060 3357 3219 3419; x_wconf 89' lang='lat' dir='ltr'>sunt,</span> <span class='ocrx_word' id='word_1_614' title='bbox 3253 3351 3352 3406; x_wconf 86' lang='lat' dir='ltr'>sed</span> <span class='ocrx_word' id='word_1_615' title='bbox 3386 3347 3491 3403; x_wconf 87' lang='lat' dir='ltr'>tibi</span> <span class='ocrx_word' id='word_1_616' title='bbox 3527 3362 3644 3400; x_wconf 88' lang='lat' dir='ltr'>non</span> 
     </span>
    </p>
   </div>
   <div class='ocr_carea' id='block_1_83' title="bbox 2003 3440 3640 3523">
    <p class='ocr_par' dir='ltr' id='par_1_83' title="bbox 2003 3440 3640 3523">
     <span class='ocr_line' id='line_1_83' title="bbox 2003 3440 3640 3523; baseline -0.014 -14"><span class='ocrx_word' id='word_1_617' title='bbox 2003 3457 2166 3509; x_wconf 90' lang='lat' dir='ltr'>sunt.</span> <span class='ocrx_word' id='word_1_618' title='bbox 2217 3450 2608 3523; x_wconf 86' lang='lat' dir='ltr'>Spiritualiter</span> <span class='ocrx_word' id='word_1_619' title='bbox 2657 3446 2965 3516; x_wconf 84' lang='lat' dir='ltr'>intelligite</span> <span class='ocrx_word' id='word_1_620' title='bbox 3026 3459 3157 3515; x_wconf 66' lang='lat' dir='ltr'>quae</span> <span class='ocrx_word' id='word_1_621' title='bbox 3194 3440 3427 3496; x_wconf 91' lang='lat' dir='ltr'>locutus</span> <span class='ocrx_word' id='word_1_622' title='bbox 3485 3451 3640 3490; x_wconf 87' lang='lat' dir='ltr'>sum.</span> 
     </span>
    </p>
   </div>
   <div class='ocr_carea' id='block_1_84' title="bbox 2002 3523 3642 3608">
    <p class='ocr_par' dir='ltr' id='par_1_84' title="bbox 2002 3523 3642 3608">
     <span class='ocr_line' id='line_1_84' title="bbox 2002 3523 3642 3608; baseline -0.014 -8"><span class='ocrx_word' id='word_1_623' title='bbox 2002 3543 2156 3608; x_wconf 80' lang='lat' dir='ltr'>(Eod.</span> <span class='ocrx_word' id='word_1_624' title='bbox 2190 3559 2236 3597; x_wconf 70' lang='grc' dir='ltr'>τι.</span> <span class='ocrx_word' id='word_1_625' title='bbox 2271 3550 2320 3596; x_wconf 92' lang='lat' dir='ltr'>et</span> <span class='ocrx_word' id='word_1_626' title='bbox 2349 3542 2420 3595; x_wconf 90' lang='lat' dir='ltr'>De</span> <span class='ocrx_word' id='word_1_627' title='bbox 2448 3556 2594 3594; x_wconf 86' lang='lat' dir='ltr'>cons.</span> <span class='ocrx_word' id='word_1_628' title='bbox 2629 3539 2767 3594; x_wconf 85' lang='lat' dir='ltr'>dist.</span> <span class='ocrx_word' id='word_1_629' title='bbox 2807 3537 2863 3602; x_wconf 87' lang='lat'>2,</span> <span class='ocrx_word' id='word_1_630' title='bbox 2914 3551 2959 3589; x_wconf 86' lang='lat' dir='ltr'>c.</span> <span class='ocrx_word' id='word_1_631' title='bbox 3011 3534 3126 3588; x_wconf 85' lang='lat' dir='ltr'>Non</span> <span class='ocrx_word' id='word_1_632' title='bbox 3169 3529 3311 3599; x_wconf 89' lang='lat' dir='ltr'>hoc.)</span> <span class='ocrx_word' id='word_1_633' title='bbox 3362 3526 3488 3581; x_wconf 86' lang='lat' dir='ltr'>Non</span> <span class='ocrx_word' id='word_1_634' title='bbox 3532 3523 3642 3578; x_wconf 91' lang='lat' dir='ltr'>hoc</span> 
     </span>
    </p>
   </div>
   <div class='ocr_carea' id='block_1_85' title="bbox 2004 3612 3643 3703">
    <p class='ocr_par' dir='ltr' id='par_1_85' title="bbox 2004 3612 3643 3703">
     <span class='ocr_line' id='line_1_85' title="bbox 2004 3612 3643 3703; baseline -0.014 -16"><span class='ocrx_word' id='word_1_635' title='bbox 2004 3648 2215 3703; x_wconf 89' lang='lat' dir='ltr'>corpus</span> <span class='ocrx_word' id='word_1_636' title='bbox 2247 3631 2401 3700; x_wconf 89' lang='lat' dir='ltr'>quod</span> <span class='ocrx_word' id='word_1_637' title='bbox 2433 3627 2642 3682; x_wconf 89' lang='lat' dir='ltr'>videtis</span> <span class='ocrx_word' id='word_1_638' title='bbox 2667 3621 3083 3680; x_wconf 89' lang='lat' dir='ltr'>manducaturi</span> <span class='ocrx_word' id='word_1_639' title='bbox 3114 3619 3278 3682; x_wconf 89' lang='lat' dir='ltr'>estis,</span> <span class='ocrx_word' id='word_1_640' title='bbox 3313 3621 3370 3671; x_wconf 91' lang='lat' dir='ltr'>et</span> <span class='ocrx_word' id='word_1_641' title='bbox 3398 3612 3643 3703; x_wconf 81' lang='lat' dir='ltr'>bibituri</span> 
     </span>
    </p>
   </div>
   <div class='ocr_carea' id='block_1_86' title="bbox 2003 3701 3643 3788">
    <p class='ocr_par' dir='ltr' id='par_1_86' title="bbox 2003 3701 3643 3788">
     <span class='ocr_line' id='line_1_86' title="bbox 2003 3701 3643 3788; baseline -0.012 -14"><span class='ocrx_word' id='word_1_642' title='bbox 2003 3701 2170 3775; x_wconf 83' lang='lat' dir='ltr'>illum</span> <span class='ocrx_word' id='word_1_643' title='bbox 2205 3718 2576 3788; x_wconf 87' lang='lat' dir='ltr'>sanguinem,</span> <span class='ocrx_word' id='word_1_644' title='bbox 2611 3730 2784 3786; x_wconf 90' lang='lat' dir='ltr'>quem</span> <span class='ocrx_word' id='word_1_645' title='bbox 2809 3711 2996 3766; x_wconf 87' lang='lat' dir='ltr'>fusuri</span> <span class='ocrx_word' id='word_1_646' title='bbox 3019 3713 3157 3764; x_wconf 90' lang='lat' dir='ltr'>sunt</span> <span class='ocrx_word' id='word_1_647' title='bbox 3187 3707 3286 3777; x_wconf 91' lang='lat' dir='ltr'>qui</span> <span class='ocrx_word' id='word_1_648' title='bbox 3310 3721 3401 3760; x_wconf 92' lang='lat' dir='ltr'>me</span> <span class='ocrx_word' id='word_1_649' title='bbox 3419 3701 3643 3758; x_wconf 87' lang='lat' dir='ltr'>cruciﬁ-</span> 
     </span>
    </p>
   </div>
   <div class='ocr_carea' id='block_1_87' title="bbox 2004 3789 3640 3882">
    <p class='ocr_par' dir='ltr' id='par_1_87' title="bbox 2004 3789 3640 3882">
     <span class='ocr_line' id='line_1_87' title="bbox 2004 3789 3640 3882; baseline -0.014 -17"><span class='ocrx_word' id='word_1_650' title='bbox 2004 3814 2163 3882; x_wconf 89' lang='lat' dir='ltr'>gent.</span> <span class='ocrx_word' id='word_1_651' title='bbox 2211 3810 2651 3862; x_wconf 89' lang='lat' dir='ltr'>Sacramentum</span> <span class='ocrx_word' id='word_1_652' title='bbox 2707 3801 2937 3871; x_wconf 91' lang='lat' dir='ltr'>aliquod</span> <span class='ocrx_word' id='word_1_653' title='bbox 2987 3799 3154 3854; x_wconf 88' lang='lat' dir='ltr'>vobis</span> <span class='ocrx_word' id='word_1_654' title='bbox 3213 3789 3640 3854; x_wconf 90' lang='lat' dir='ltr'>commendavi,</span> 
     </span>
    </p>
   </div>
   <div class='ocr_carea' id='block_1_88' title="bbox 2005 3882 3641 3969">
    <p class='ocr_par' dir='ltr' id='par_1_88' title="bbox 2005 3882 3641 3969">
     <span class='ocr_line' id='line_1_88' title="bbox 2005 3882 3641 3969; baseline -0.013 -16"><span class='ocrx_word' id='word_1_655' title='bbox 2005 3895 2391 3969; x_wconf 84' lang='lat' dir='ltr'>spiritualiter</span> <span class='ocrx_word' id='word_1_656' title='bbox 2422 3891 2780 3947; x_wconf 89' lang='lat' dir='ltr'>intellectum</span> <span class='ocrx_word' id='word_1_657' title='bbox 2814 3886 3124 3943; x_wconf 87' lang='lat' dir='ltr'>viviﬁcavit</span> <span class='ocrx_word' id='word_1_658' title='bbox 3141 3901 3266 3950; x_wconf 91' lang='lat' dir='ltr'>vos,</span> <span class='ocrx_word' id='word_1_659' title='bbox 3288 3898 3420 3937; x_wconf 91' lang='lat' dir='ltr'>caro</span> <span class='ocrx_word' id='word_1_660' title='bbox 3445 3882 3641 3934; x_wconf 89' lang='lat' dir='ltr'>autem</span> 
     </span>
    </p>
   </div>
   <div class='ocr_carea' id='block_1_89' title="bbox 2005 3967 3644 4055">
    <p class='ocr_par' dir='ltr' id='par_1_89' title="bbox 2005 3967 3644 4055">
     <span class='ocr_line' id='line_1_89' title="bbox 2005 3967 3644 4055; baseline -0.013 -14"><span class='ocrx_word' id='word_1_661' title='bbox 2005 3967 2118 4041; x_wconf 82' lang='lat' dir='ltr'>non</span> <span class='ocrx_word' id='word_1_662' title='bbox 2153 3985 2388 4055; x_wconf 84' lang='lat' dir='ltr'>prodest</span> <span class='ocrx_word' id='word_1_663' title='bbox 2418 3982 2764 4052; x_wconf 90' lang='lat' dir='ltr'>quidquam.</span> <span class='ocrx_word' id='word_1_664' title='bbox 2789 3978 2898 4033; x_wconf 90' lang='lat' dir='ltr'>Sed</span> <span class='ocrx_word' id='word_1_665' title='bbox 2924 3974 3217 4046; x_wconf 90' lang='lat' dir='ltr'>quomodo</span> <span class='ocrx_word' id='word_1_666' title='bbox 3240 3971 3322 4026; x_wconf 91' lang='lat' dir='ltr'>illi</span> <span class='ocrx_word' id='word_1_667' title='bbox 3342 3967 3644 4023; x_wconf 88' lang='lat' dir='ltr'>intellexe-</span> 
     </span>
    </p>
   </div>
   <div class='ocr_carea' id='block_1_90' title="bbox 2005 4055 3636 4141">
    <p class='ocr_par' dir='ltr' id='par_1_90' title="bbox 2005 4055 3636 4141">
     <span class='ocr_line' id='line_1_90' title="bbox 2005 4055 3636 4141; baseline -0.013 -12"><span class='ocrx_word' id='word_1_668' title='bbox 2005 4079 2164 4130; x_wconf 93' lang='lat' dir='ltr'>runt.</span> <span class='ocrx_word' id='word_1_669' title='bbox 2183 4074 2429 4127; x_wconf 86' lang='lat' dir='ltr'>Carnem</span> <span class='ocrx_word' id='word_1_670' title='bbox 2452 4071 2667 4141; x_wconf 90' lang='lat' dir='ltr'>quippe</span> <span class='ocrx_word' id='word_1_671' title='bbox 2690 4068 2774 4122; x_wconf 90' lang='lat' dir='ltr'>sic</span> <span class='ocrx_word' id='word_1_672' title='bbox 2806 4064 3236 4127; x_wconf 90' lang='lat' dir='ltr'>intellexerunt,</span> <span class='ocrx_word' id='word_1_673' title='bbox 3261 4057 3555 4129; x_wconf 91' lang='lat' dir='ltr'>quomodo</span> <span class='ocrx_word' id='word_1_674' title='bbox 3577 4055 3636 4107; x_wconf 90' lang='lat' dir='ltr'>in</span> 
     </span>
    </p>
   </div>
   <div class='ocr_carea' id='block_1_91' title="bbox 2005 4145 3644 4226">
    <p class='ocr_par' dir='ltr' id='par_1_91' title="bbox 2005 4145 3644 4226">
     <span class='ocr_line' id='line_1_91' title="bbox 2005 4145 3644 4226; baseline -0.016 -7"><span class='ocrx_word' id='word_1_675' title='bbox 2005 4165 2281 4219; x_wconf 87' lang='lat' dir='ltr'>cadavere</span> <span class='ocrx_word' id='word_1_676' title='bbox 2298 4160 2593 4226; x_wconf 90' lang='lat' dir='ltr'>venditur,</span> <span class='ocrx_word' id='word_1_677' title='bbox 2609 4162 2710 4211; x_wconf 90' lang='lat' dir='ltr'>aut</span> <span class='ocrx_word' id='word_1_678' title='bbox 2730 4156 2788 4209; x_wconf 91' lang='lat' dir='ltr'>in</span> <span class='ocrx_word' id='word_1_679' title='bbox 2810 4151 3053 4207; x_wconf 90' lang='lat' dir='ltr'>macello</span> <span class='ocrx_word' id='word_1_680' title='bbox 3076 4148 3415 4203; x_wconf 89' lang='lat' dir='ltr'>dilaniatur.</span> <span class='ocrx_word' id='word_1_681' title='bbox 3449 4145 3644 4213; x_wconf 82' lang='lat' dir='ltr'>Augu-</span> 
     </span>
    </p>
   </div>
   <div class='ocr_carea' id='block_1_92' title="bbox 2003 4231 3647 4308">
    <p class='ocr_par' dir='ltr' id='par_1_92' title="bbox 2003 4231 3647 4308">
     <span class='ocr_line' id='line_1_92' title="bbox 2003 4231 3647 4308; baseline -0.015 1"><span class='ocrx_word' id='word_1_682' title='bbox 2003 4256 2179 4308; x_wconf 90' lang='lat' dir='ltr'>stinus</span> <span class='ocrx_word' id='word_1_683' title='bbox 2227 4256 2386 4306; x_wconf 86' lang='lat' dir='ltr'>tract.</span> <span class='ocrx_word' id='word_1_684' title='bbox 2425 4250 2496 4302; x_wconf 91' lang='lat'>27</span> <span class='ocrx_word' id='word_1_685' title='bbox 2530 4251 2587 4302; x_wconf 87' lang='lat' dir='ltr'>in</span> <span class='ocrx_word' id='word_1_686' title='bbox 2619 4250 2900 4303; x_wconf 88' lang='lat' dir='ltr'>Joannem.</span> <span class='ocrx_word' id='word_1_687' title='bbox 2945 4242 3130 4298; x_wconf 84' lang='lat' dir='ltr'>Sciens</span> <span class='ocrx_word' id='word_1_688' title='bbox 3168 4242 3355 4293; x_wconf 88' lang='lat' dir='ltr'>autem</span> <span class='ocrx_word' id='word_1_689' title='bbox 3382 4236 3530 4290; x_wconf 77' lang='lat' dir='ltr'>Iesus</span> <span class='ocrx_word' id='word_1_690' title='bbox 3562 4231 3647 4286; x_wconf 91' lang='lat' dir='ltr'>ait</span> 
     </span>
    </p>
   </div>
   <div class='ocr_carea' id='block_1_93' title="bbox 2004 4320 3646 4412">
    <p class='ocr_par' dir='ltr' id='par_1_93' title="bbox 2004 4320 3646 4412">
     <span class='ocr_line' id='line_1_93' title="bbox 2004 4320 3646 4412; baseline -0.013 -14"><span class='ocrx_word' id='word_1_691' title='bbox 2004 4343 2226 4412; x_wconf 88' lang='lat' dir='ltr'>(Ibid.):</span> <span class='ocrx_word' id='word_1_692' title='bbox 2260 4336 2849 4399; x_wconf 65' lang='lat' dir='ltr'>Hocvosscandalizat,</span> <span class='ocrx_word' id='word_1_693' title='bbox 2884 4331 3023 4402; x_wconf 92' lang='lat' dir='ltr'>quia</span> <span class='ocrx_word' id='word_1_694' title='bbox 3045 4329 3161 4384; x_wconf 89' lang='lat' dir='ltr'>dixi</span> <span class='ocrx_word' id='word_1_695' title='bbox 3179 4322 3456 4394; x_wconf 90' lang='lat' dir='ltr'>vobis,do</span> <span class='ocrx_word' id='word_1_696' title='bbox 3471 4320 3646 4377; x_wconf 89' lang='lat' dir='ltr'>vobis</span> 
     </span>
    </p>
   </div>
   <div class='ocr_carea' id='block_1_94' title="bbox 2003 4417 3642 4490">
    <p class='ocr_par' dir='ltr' id='par_1_94' title="bbox 2003 4417 3642 4490">
     <span class='ocr_line' id='line_1_94' title="bbox 2003 4417 3642 4490; baseline -0.013 -4"><span class='ocrx_word' id='word_1_697' title='bbox 2003 4447 2239 4486; x_wconf 88' lang='lat' dir='ltr'>carnem</span> <span class='ocrx_word' id='word_1_698' title='bbox 2260 4444 2447 4483; x_wconf 88' lang='lat' dir='ltr'>meam</span> <span class='ocrx_word' id='word_1_699' title='bbox 2469 4425 2842 4490; x_wconf 88' lang='lat' dir='ltr'>manducare,</span> <span class='ocrx_word' id='word_1_700' title='bbox 2864 4428 2918 4475; x_wconf 86' lang='lat' dir='ltr'>et</span> <span class='ocrx_word' id='word_1_701' title='bbox 2949 4417 3298 4489; x_wconf 87' lang='lat' dir='ltr'>sanguinem</span> <span class='ocrx_word' id='word_1_702' title='bbox 3320 4428 3514 4468; x_wconf 89' lang='lat' dir='ltr'>meum</span> <span class='ocrx_word' id='word_1_703' title='bbox 3543 4427 3642 4481; x_wconf 90' lang='lat' dir='ltr'>po-</span> 
     </span>
    </p>
   </div>
   <div class='ocr_carea' id='block_1_95' title="bbox 246 4500 3646 4604">
    <p class='ocr_par' dir='ltr' id='par_1_95' title="bbox 246 4500 3646 4604">
     <span class='ocr_line' id='line_1_95' title="bbox 246 4500 3646 4604; baseline -0.003 -14"><span class='ocrx_word' id='word_1_704' title='bbox 246 4539 359 4595; x_wconf 85' lang='lat' dir='ltr'>est.</span> <span class='ocrx_word' id='word_1_705' title='bbox 393 4500 512 4604; x_wconf 75' lang='lat' dir='ltr'>qua</span> <span class='ocrx_word' id='word_1_706' title='bbox 553 4500 1004 4604; x_wconf 46' lang='lat' dir='ltr'>debethuisque</span> <span class='ocrx_word' id='word_1_707' title='bbox 1038 4549 1382 4588; x_wconf 89' lang='lat' dir='ltr'>conservare</span> <span class='ocrx_word' id='word_1_708' title='bbox 1412 4500 1672 4588; x_wconf 72' lang='lat' dir='ltr'>animam</span> <span class='ocrx_word' id='word_1_709' title='bbox 1705 4549 1896 4598; x_wconf 88' lang='lat' dir='ltr'>suam,</span> <span class='ocrx_word' id='word_1_710' title='bbox 1928 4513 1975 4577; x_wconf 81' lang='lat' dir='ltr'>D</span> <span class='ocrx_word' id='word_1_711' title='bbox 2007 4519 2172 4573; x_wconf 63' lang='lat' dir='ltr'>tam?</span> <span class='ocrx_word' id='word_1_712' title='bbox 2216 4519 2274 4572; x_wconf 66' lang='grc' dir='ltr'>δέ</span> <span class='ocrx_word' id='word_1_713' title='bbox 2317 4532 2445 4586; x_wconf 70' lang='grc'>8⁷⁸90</span> <span class='ocrx_word' id='word_1_714' title='bbox 2493 4514 2744 4569; x_wconf 60' lang='lat' dir='ltr'>viderim</span> <span class='ocrx_word' id='word_1_715' title='bbox 2773 4510 2976 4565; x_wconf 56' lang='lat' dir='ltr'>Filium</span> <span class='ocrx_word' id='word_1_716' title='bbox 3005 4500 3646 4604; x_wconf 43' lang='grc' dir='ltr'>Ῐιθηίνῖίδ-αδεεηίξθξξξῃι</span> 
     </span>
    </p>
   </div>
   <div class='ocr_carea' id='block_1_96' title="bbox 248 4621 1898 4693">
    <p class='ocr_par' dir='ltr' id='par_1_96' title="bbox 248 4621 1898 4693">
     <span class='ocr_line' id='line_1_96' title="bbox 248 4621 1898 4693; baseline -0.001 -15"><span class='ocrx_word' id='word_1_717' title='bbox 248 4623 352 4678; x_wconf 88' lang='lat' dir='ltr'>sed</span> <span class='ocrx_word' id='word_1_718' title='bbox 388 4623 637 4693; x_wconf 87' lang='lat' dir='ltr'>ﬁgurate</span> <span class='ocrx_word' id='word_1_719' title='bbox 669 4622 885 4676; x_wconf 89' lang='lat' dir='ltr'>dictum</span> <span class='ocrx_word' id='word_1_720' title='bbox 926 4639 938 4677; x_wconf 90' lang='lat'><strong>:</strong></span> <span class='ocrx_word' id='word_1_721' title='bbox 972 4622 1200 4692; x_wconf 87' lang='lat' dir='ltr'>perdat,</span> <span class='ocrx_word' id='word_1_722' title='bbox 1224 4621 1281 4675; x_wconf 90' lang='lat' dir='ltr'>id</span> <span class='ocrx_word' id='word_1_723' title='bbox 1305 4626 1414 4685; x_wconf 90' lang='lat' dir='ltr'>est,</span> <span class='ocrx_word' id='word_1_724' title='bbox 1456 4622 1704 4692; x_wconf 89' lang='lat' dir='ltr'>perimat</span> <span class='ocrx_word' id='word_1_725' title='bbox 1725 4627 1898 4693; x_wconf 92' lang='lat' dir='ltr'>atque</span> 
     </span>
    </p>
   </div>
   <div class='ocr_carea' id='block_1_97' title="bbox 245 4708 1898 4780">
    <p class='ocr_par' dir='ltr' id='par_1_97' title="bbox 245 4708 1898 4780">
     <span class='ocr_line' id='line_1_97' title="bbox 245 4708 1898 4780; baseline -0.001 -15"><span class='ocrx_word' id='word_1_726' title='bbox 245 4710 489 4765; x_wconf 85' lang='lat' dir='ltr'>amittat</span> <span class='ocrx_word' id='word_1_727' title='bbox 533 4709 661 4778; x_wconf 84' lang='lat' dir='ltr'>ejus</span> <span class='ocrx_word' id='word_1_728' title='bbox 692 4725 867 4764; x_wconf 91' lang='lat' dir='ltr'>usum</span> <span class='ocrx_word' id='word_1_729' title='bbox 920 4725 1095 4780; x_wconf 90' lang='lat' dir='ltr'>quem</span> <span class='ocrx_word' id='word_1_730' title='bbox 1152 4726 1307 4763; x_wconf 91' lang='lat' dir='ltr'>nunc</span> <span class='ocrx_word' id='word_1_731' title='bbox 1348 4708 1523 4763; x_wconf 89' lang='lat' dir='ltr'>habet</span> <span class='ocrx_word' id='word_1_732' title='bbox 1564 4724 1898 4779; x_wconf 89' lang='lat' dir='ltr'>perversum</span> 
     </span>
    </p>
   </div>
   <div class='ocr_carea' id='block_1_98' title="bbox 251 4797 1904 4870">
    <p class='ocr_par' dir='ltr' id='par_1_98' title="bbox 251 4797 1904 4870">
     <span class='ocr_line' id='line_1_98' title="bbox 251 4797 1904 4870; baseline -0.001 -17"><span class='ocrx_word' id='word_1_733' title='bbox 251 4799 481 4854; x_wconf 89' lang='lat' dir='ltr'>scilicet</span> <span class='ocrx_word' id='word_1_734' title='bbox 495 4803 668 4868; x_wconf 87' lang='lat' dir='ltr'>atque</span> <span class='ocrx_word' id='word_1_735' title='bbox 693 4803 1259 4869; x_wconf 56' lang='lat' dir='ltr'>praposterumquo</span> <span class='ocrx_word' id='word_1_736' title='bbox 1283 4797 1598 4852; x_wconf 88' lang='lat' dir='ltr'>inclinatur</span> <span class='ocrx_word' id='word_1_737' title='bbox 1615 4803 1904 4870; x_wconf 91' lang='lat' dir='ltr'>tempora-</span> 
     </span>
    </p>
   </div>
   <div class='ocr_carea' id='block_1_99' title="bbox 248 4888 1903 4960">
    <p class='ocr_par' dir='ltr' id='par_1_99' title="bbox 248 4888 1903 4960">
     <span class='ocr_line' id='line_1_99' title="bbox 248 4888 1903 4960; baseline -0.001 -16"><span class='ocrx_word' id='word_1_738' title='bbox 248 4889 414 4944; x_wconf 88' lang='lat' dir='ltr'>libus</span> <span class='ocrx_word' id='word_1_739' title='bbox 444 4895 508 4942; x_wconf 89' lang='lat' dir='ltr'>ut</span> <span class='ocrx_word' id='word_1_740' title='bbox 530 4894 748 4944; x_wconf 68' lang='lat' dir='ltr'>aeterna</span> <span class='ocrx_word' id='word_1_741' title='bbox 786 4906 901 4944; x_wconf 91' lang='lat' dir='ltr'>non</span> <span class='ocrx_word' id='word_1_742' title='bbox 948 4895 1188 4960; x_wconf 66' lang='lat' dir='ltr'>quaerat.</span> <span class='ocrx_word' id='word_1_743' title='bbox 1215 4888 1508 4958; x_wconf 88' lang='lat' dir='ltr'>Scriptum</span> <span class='ocrx_word' id='word_1_744' title='bbox 1539 4893 1628 4942; x_wconf 88' lang='lat' dir='ltr'>est</span> <span class='ocrx_word' id='word_1_745' title='bbox 1657 4905 1669 4942; x_wconf 93' lang='lat'>:</span> <span class='ocrx_word' id='word_1_746' title='bbox 1696 4889 1775 4942; x_wconf 85' lang='lat' dir='ltr'>Da</span> <span class='ocrx_word' id='word_1_747' title='bbox 1806 4889 1903 4941; x_wconf 90' lang='lat' dir='ltr'>mi-</span> 
     </span>
    </p>
   </div>
   <div class='ocr_carea' id='block_1_100' title="bbox 247 4977 1904 5048">
    <p class='ocr_par' dir='ltr' id='par_1_100' title="bbox 247 4977 1904 5048">
     <span class='ocr_line' id='line_1_100' title="bbox 247 4977 1904 5048; baseline -0.001 -15"><span class='ocrx_word' id='word_1_748' title='bbox 247 4977 542 5043; x_wconf 75' lang='lat' dir='ltr'>sericordi,</span> <span class='ocrx_word' id='word_1_749' title='bbox 573 4981 712 5033; x_wconf 88' lang='lat' dir='ltr'>etne</span> <span class='ocrx_word' id='word_1_750' title='bbox 741 4979 1007 5048; x_wconf 86' lang='lat' dir='ltr'>suscipias</span> <span class='ocrx_word' id='word_1_751' title='bbox 1048 4981 1387 5048; x_wconf 87' lang='lat' dir='ltr'>peccatorem</span> <span class='ocrx_word' id='word_1_752' title='bbox 1421 4979 1603 5044; x_wconf 88' lang='lat' dir='ltr'>(Eccli.</span> <span class='ocrx_word' id='word_1_753' title='bbox 1641 4979 1764 5047; x_wconf 84' lang='lat' dir='ltr'>xu).</span> <span class='ocrx_word' id='word_1_754' title='bbox 1803 4978 1904 5031; x_wconf 89' lang='lat' dir='ltr'>Po-</span> 
     </span>
    </p>
   </div>
   <div class='ocr_carea' id='block_1_101' title="bbox 254 5065 1903 5137">
    <p class='ocr_par' dir='ltr' id='par_1_101' title="bbox 254 5065 1903 5137">
     <span class='ocr_line' id='line_1_101' title="bbox 254 5065 1903 5137; baseline -0.002 -15"><span class='ocrx_word' id='word_1_755' title='bbox 254 5065 471 5122; x_wconf 85' lang='lat' dir='ltr'>sterior</span> <span class='ocrx_word' id='word_1_756' title='bbox 501 5081 634 5137; x_wconf 90' lang='lat' dir='ltr'>pars</span> <span class='ocrx_word' id='word_1_757' title='bbox 667 5066 846 5135; x_wconf 90' lang='lat' dir='ltr'>hujus</span> <span class='ocrx_word' id='word_1_758' title='bbox 879 5068 1176 5121; x_wconf 75' lang='lat' dir='ltr'>sententiae</span> <span class='ocrx_word' id='word_1_759' title='bbox 1209 5067 1440 5120; x_wconf 90' lang='lat' dir='ltr'>videtur</span> <span class='ocrx_word' id='word_1_760' title='bbox 1462 5071 1656 5119; x_wconf 87' lang='lat' dir='ltr'>vetare</span> <span class='ocrx_word' id='word_1_761' title='bbox 1687 5066 1903 5119; x_wconf 85' lang='lat' dir='ltr'>benefi-</span> 
     </span>
    </p>
   </div>
   <div class='ocr_carea' id='block_1_102' title="bbox 255 5153 1903 5226">
    <p class='ocr_par' dir='ltr' id='par_1_102' title="bbox 255 5153 1903 5226">
     <span class='ocr_line' id='line_1_102' title="bbox 255 5153 1903 5226; baseline -0.002 -16"><span class='ocrx_word' id='word_1_762' title='bbox 255 5154 534 5210; x_wconf 86' lang='lat' dir='ltr'>centiam.</span> <span class='ocrx_word' id='word_1_763' title='bbox 566 5155 663 5209; x_wconf 85' lang='lat' dir='ltr'>Ait</span> <span class='ocrx_word' id='word_1_764' title='bbox 684 5155 840 5210; x_wconf 91' lang='lat' dir='ltr'>enim</span> <span class='ocrx_word' id='word_1_765' title='bbox 868 5171 880 5209; x_wconf 92' lang='lat'>:</span> <span class='ocrx_word' id='word_1_766' title='bbox 904 5156 977 5210; x_wconf 87' lang='lat' dir='ltr'>Ne</span> <span class='ocrx_word' id='word_1_767' title='bbox 1003 5157 1270 5226; x_wconf 82' lang='lat' dir='ltr'>suscipias</span> <span class='ocrx_word' id='word_1_768' title='bbox 1294 5162 1645 5224; x_wconf 85' lang='lat' dir='ltr'>peccatorem.</span> <span class='ocrx_word' id='word_1_769' title='bbox 1682 5153 1903 5207; x_wconf 90' lang='lat' dir='ltr'>Intelli-</span> 
     </span>
    </p>
   </div>
   <div class='ocr_carea' id='block_1_103' title="bbox 251 5244 1905 5316">
    <p class='ocr_par' dir='ltr' id='par_1_103' title="bbox 251 5244 1905 5316">
     <span class='ocr_line' id='line_1_103' title="bbox 251 5244 1905 5316; baseline -0.003 -16"><span class='ocrx_word' id='word_1_770' title='bbox 251 5260 360 5316; x_wconf 79' lang='lat' dir='ltr'>gas</span> <span class='ocrx_word' id='word_1_771' title='bbox 393 5247 758 5315; x_wconf 84' lang='lat' dir='ltr'>peccatorem</span> <span class='ocrx_word' id='word_1_772' title='bbox 819 5244 1065 5315; x_wconf 84' lang='lat' dir='ltr'>ﬁgurate</span> <span class='ocrx_word' id='word_1_773' title='bbox 1110 5245 1354 5308; x_wconf 90' lang='lat' dir='ltr'>dictum,</span> <span class='ocrx_word' id='word_1_774' title='bbox 1390 5259 1492 5313; x_wconf 90' lang='lat' dir='ltr'>pro</span> <span class='ocrx_word' id='word_1_775' title='bbox 1527 5246 1784 5313; x_wconf 89' lang='lat' dir='ltr'>peccato,</span> <span class='ocrx_word' id='word_1_776' title='bbox 1841 5245 1905 5295; x_wconf 91' lang='lat' dir='ltr'>ut</span> 
     </span>
    </p>
   </div>
   <div class='ocr_carea' id='block_1_104' title="bbox 249 5332 1903 5404">
    <p class='ocr_par' dir='ltr' id='par_1_104' title="bbox 249 5332 1903 5404">
     <span class='ocr_line' id='line_1_104' title="bbox 249 5332 1903 5404; baseline -0.004 -16"><span class='ocrx_word' id='word_1_777' title='bbox 249 5337 563 5404; x_wconf 86' lang='lat' dir='ltr'>peccatum</span> <span class='ocrx_word' id='word_1_778' title='bbox 597 5334 725 5404; x_wconf 86' lang='lat' dir='ltr'>ejus</span> <span class='ocrx_word' id='word_1_779' title='bbox 761 5349 875 5387; x_wconf 91' lang='lat' dir='ltr'>non</span> <span class='ocrx_word' id='word_1_780' title='bbox 901 5333 1212 5403; x_wconf 88' lang='lat' dir='ltr'>suscipias.</span> <span class='ocrx_word' id='word_1_781' title='bbox 1244 5334 1376 5386; x_wconf 89' lang='lat' dir='ltr'>Item</span> <span class='ocrx_word' id='word_1_782' title='bbox 1408 5333 1462 5385; x_wconf 90' lang='lat' dir='ltr'>in</span> <span class='ocrx_word' id='word_1_783' title='bbox 1499 5333 1635 5402; x_wconf 85' lang='lat' dir='ltr'>psal.</span> <span class='ocrx_word' id='word_1_784' title='bbox 1670 5349 1756 5395; x_wconf 81' lang='grc' dir='ltr'>ιιι,</span> <span class='ocrx_word' id='word_1_785' title='bbox 1788 5332 1903 5383; x_wconf 80' lang='lat' dir='ltr'>tra-</span> 
     </span>
    </p>
   </div>
   <div class='ocr_carea' id='block_1_105' title="bbox 250 5419 1905 5492">
    <p class='ocr_par' dir='ltr' id='par_1_105' title="bbox 250 5419 1905 5492">
     <span class='ocr_line' id='line_1_105' title="bbox 250 5419 1905 5492; baseline -0.003 -16"><span class='ocrx_word' id='word_1_786' title='bbox 250 5429 411 5476; x_wconf 82' lang='lat' dir='ltr'>ctans</span> <span class='ocrx_word' id='word_1_787' title='bbox 442 5422 514 5476; x_wconf 84' lang='lat' dir='ltr'>de</span> <span class='ocrx_word' id='word_1_788' title='bbox 548 5421 684 5476; x_wconf 86' lang='lat' dir='ltr'>Iuda</span> <span class='ocrx_word' id='word_1_789' title='bbox 714 5423 981 5477; x_wconf 86' lang='lat' dir='ltr'>traditore</span> <span class='ocrx_word' id='word_1_790' title='bbox 1015 5423 1248 5477; x_wconf 86' lang='lat' dir='ltr'>Domini.</span> <span class='ocrx_word' id='word_1_791' title='bbox 1278 5421 1450 5486; x_wconf 88' lang='lat' dir='ltr'>Eum,</span> <span class='ocrx_word' id='word_1_792' title='bbox 1490 5420 1700 5492; x_wconf 89' lang='lat' dir='ltr'>inquit,</span> <span class='ocrx_word' id='word_1_793' title='bbox 1736 5419 1905 5474; x_wconf 90' lang='lat' dir='ltr'>adhi-</span> 
     </span>
    </p>
   </div>
   <div class='ocr_carea' id='block_1_106' title="bbox 251 5507 1904 5581">
    <p class='ocr_par' dir='ltr' id='par_1_106' title="bbox 251 5507 1904 5581">
     <span class='ocr_line' id='line_1_106' title="bbox 251 5507 1904 5581; baseline -0.002 -17"><span class='ocrx_word' id='word_1_794' title='bbox 251 5509 386 5564; x_wconf 89' lang='lat' dir='ltr'>buit</span> <span class='ocrx_word' id='word_1_795' title='bbox 416 5509 488 5564; x_wconf 91' lang='lat' dir='ltr'>ad</span> <span class='ocrx_word' id='word_1_796' title='bbox 524 5510 879 5580; x_wconf 88' lang='lat' dir='ltr'>convivium,</span> <span class='ocrx_word' id='word_1_797' title='bbox 899 5511 956 5564; x_wconf 90' lang='lat' dir='ltr'>in</span> <span class='ocrx_word' id='word_1_798' title='bbox 982 5527 1096 5581; x_wconf 91' lang='lat' dir='ltr'>quo</span> <span class='ocrx_word' id='word_1_799' title='bbox 1116 5510 1379 5580; x_wconf 92' lang='lat' dir='ltr'>corporis</span> <span class='ocrx_word' id='word_1_800' title='bbox 1420 5513 1476 5564; x_wconf 91' lang='lat' dir='ltr'>et</span> <span class='ocrx_word' id='word_1_801' title='bbox 1497 5508 1804 5580; x_wconf 86' lang='lat' dir='ltr'>sanguinis</span> <span class='ocrx_word' id='word_1_802' title='bbox 1838 5507 1904 5560; x_wconf 88' lang='lat' dir='ltr'>ﬁ-</span> 
     </span>
    </p>
   </div>
   <div class='ocr_carea' id='block_1_107' title="bbox 252 5598 1907 5674">
    <p class='ocr_par' dir='ltr' id='par_1_107' title="bbox 252 5598 1907 5674">
     <span class='ocr_line' id='line_1_107' title="bbox 252 5598 1907 5674; baseline -0.005 -20"><span class='ocrx_word' id='word_1_803' title='bbox 252 5613 466 5674; x_wconf 83' lang='lat' dir='ltr'>guram</span> <span class='ocrx_word' id='word_1_804' title='bbox 499 5599 808 5673; x_wconf 87' lang='lat' dir='ltr'>discipulis</span> <span class='ocrx_word' id='word_1_805' title='bbox 834 5598 1266 5654; x_wconf 87' lang='lat' dir='ltr'>commendavit</span> <span class='ocrx_word' id='word_1_806' title='bbox 1293 5602 1348 5652; x_wconf 92' lang='lat' dir='ltr'>et</span> <span class='ocrx_word' id='word_1_807' title='bbox 1388 5598 1648 5652; x_wconf 90' lang='lat' dir='ltr'>tradidit.</span> <span class='ocrx_word' id='word_1_808' title='bbox 1681 5600 1812 5652; x_wconf 86' lang='lat' dir='ltr'>Item</span> <span class='ocrx_word' id='word_1_809' title='bbox 1846 5598 1907 5648; x_wconf 86' lang='lat' dir='ltr'>in</span> 
     </span>
    </p>
   </div>
   <div class='ocr_carea' id='block_1_108' title="bbox 2007 4587 3646 4678">
    <p class='ocr_par' dir='ltr' id='par_1_108' title="bbox 2007 4587 3646 4678">
     <span class='ocr_line' id='line_1_108' title="bbox 2007 4587 3646 4678; baseline -0.013 -16"><span class='ocrx_word' id='word_1_810' title='bbox 2007 4609 2104 4662; x_wconf 87' lang='lat' dir='ltr'>ubi</span> <span class='ocrx_word' id='word_1_811' title='bbox 2120 4608 2277 4678; x_wconf 86' lang='lat' dir='ltr'>prius</span> <span class='ocrx_word' id='word_1_812' title='bbox 2299 4609 2438 4661; x_wconf 89' lang='lat' dir='ltr'>erat.</span> <span class='ocrx_word' id='word_1_813' title='bbox 2463 4602 2610 4668; x_wconf 88' lang='lat' dir='ltr'>Quid</span> <span class='ocrx_word' id='word_1_814' title='bbox 2633 4606 2722 4656; x_wconf 89' lang='lat' dir='ltr'>est</span> <span class='ocrx_word' id='word_1_815' title='bbox 2746 4601 2855 4654; x_wconf 93' lang='lat' dir='ltr'>hoc</span> <span class='ocrx_word' id='word_1_816' title='bbox 2875 4598 2902 4651; x_wconf 75' lang='lat' dir='ltr'>‘I</span> <span class='ocrx_word' id='word_1_817' title='bbox 2933 4597 3079 4651; x_wconf 87' lang='lat' dir='ltr'>Hinc</span> <span class='ocrx_word' id='word_1_818' title='bbox 3113 4593 3286 4650; x_wconf 86' lang='lat' dir='ltr'>solvit</span> <span class='ocrx_word' id='word_1_819' title='bbox 3313 4591 3468 4662; x_wconf 91' lang='lat' dir='ltr'>quod</span> <span class='ocrx_word' id='word_1_820' title='bbox 3511 4587 3646 4678; x_wconf 88' lang='lat' dir='ltr'>illos</span> 
     </span>
    </p>
   </div>
   <div class='ocr_carea' id='block_1_109' title="bbox 2011 4676 3642 4762">
    <p class='ocr_par' dir='ltr' id='par_1_109' title="bbox 2011 4676 3642 4762">
     <span class='ocr_line' id='line_1_109' title="bbox 2011 4676 3642 4762; baseline -0.014 -9"><span class='ocrx_word' id='word_1_821' title='bbox 2011 4676 2290 4762; x_wconf 84' lang='lat' dir='ltr'>moverat,</span> <span class='ocrx_word' id='word_1_822' title='bbox 2333 4694 2468 4749; x_wconf 89' lang='lat' dir='ltr'>hinc</span> <span class='ocrx_word' id='word_1_823' title='bbox 2521 4689 2748 4761; x_wconf 89' lang='lat' dir='ltr'>aperuit</span> <span class='ocrx_word' id='word_1_824' title='bbox 2779 4688 2933 4742; x_wconf 91' lang='lat' dir='ltr'>unde</span> <span class='ocrx_word' id='word_1_825' title='bbox 2971 4686 3204 4740; x_wconf 82' lang='lat' dir='ltr'>fuerant</span> <span class='ocrx_word' id='word_1_826' title='bbox 3243 4676 3642 4736; x_wconf 88' lang='lat' dir='ltr'>scandalizati.</span> 
     </span>
    </p>
   </div>
   <div class='ocr_carea' id='block_1_110' title="bbox 2011 4769 3651 4855">
    <p class='ocr_par' dir='ltr' id='par_1_110' title="bbox 2011 4769 3651 4855">
     <span class='ocr_line' id='line_1_110' title="bbox 2011 4769 3651 4855; baseline -0.013 -14"><span class='ocrx_word' id='word_1_827' title='bbox 2011 4786 2152 4841; x_wconf 83' lang='lat' dir='ltr'>Hinc</span> <span class='ocrx_word' id='word_1_828' title='bbox 2177 4785 2365 4855; x_wconf 86' lang='lat' dir='ltr'>plane,</span> <span class='ocrx_word' id='word_1_829' title='bbox 2385 4783 2433 4837; x_wconf 91' lang='lat' dir='ltr'>si</span> <span class='ocrx_word' id='word_1_830' title='bbox 2452 4779 2862 4850; x_wconf 78' lang='lat' dir='ltr'>intelligerent.</span> <span class='ocrx_word' id='word_1_831' title='bbox 2889 4774 2978 4830; x_wconf 90' lang='lat' dir='ltr'>Illi</span> <span class='ocrx_word' id='word_1_832' title='bbox 3001 4777 3192 4828; x_wconf 89' lang='lat' dir='ltr'>autem</span> <span class='ocrx_word' id='word_1_833' title='bbox 3219 4769 3508 4841; x_wconf 88' lang='lat' dir='ltr'>putabant</span> <span class='ocrx_word' id='word_1_834' title='bbox 3528 4781 3651 4821; x_wconf 84' lang='lat' dir='ltr'>ero-</span> 
     </span>
    </p>
   </div>
   <div class='ocr_carea' id='block_1_111' title="bbox 2014 4855 3649 4946">
    <p class='ocr_par' dir='ltr' id='par_1_111' title="bbox 2014 4855 3649 4946">
     <span class='ocr_line' id='line_1_111' title="bbox 2014 4855 3649 4946; baseline -0.013 -16"><span class='ocrx_word' id='word_1_835' title='bbox 2014 4879 2288 4946; x_wconf 87' lang='lat' dir='ltr'>gaturum</span> <span class='ocrx_word' id='word_1_836' title='bbox 2324 4887 2534 4941; x_wconf 91' lang='lat' dir='ltr'>corpus</span> <span class='ocrx_word' id='word_1_837' title='bbox 2559 4883 2755 4932; x_wconf 83' lang='lat' dir='ltr'>suum,</span> <span class='ocrx_word' id='word_1_838' title='bbox 2788 4865 2887 4919; x_wconf 92' lang='lat' dir='ltr'>ille</span> <span class='ocrx_word' id='word_1_839' title='bbox 2912 4862 3059 4917; x_wconf 83' lang='lat' dir='ltr'>dixit</span> <span class='ocrx_word' id='word_1_840' title='bbox 3089 4877 3152 4916; x_wconf 90' lang='lat' dir='ltr'>se</span> <span class='ocrx_word' id='word_1_841' title='bbox 3183 4873 3564 4914; x_wconf 90' lang='lat' dir='ltr'>ascensurum</span> <span class='ocrx_word' id='word_1_842' title='bbox 3589 4855 3649 4908; x_wconf 92' lang='lat' dir='ltr'>in</span> 
     </span>
    </p>
   </div>
   <div class='ocr_carea' id='block_1_112' title="bbox 2014 4944 3650 5031">
    <p class='ocr_par' dir='ltr' id='par_1_112' title="bbox 2014 4944 3650 5031">
     <span class='ocr_line' id='line_1_112' title="bbox 2014 4944 3650 5031; baseline -0.013 -13"><span class='ocrx_word' id='word_1_843' title='bbox 2014 4944 2243 5025; x_wconf 79' lang='lat' dir='ltr'>coelum,</span> <span class='ocrx_word' id='word_1_844' title='bbox 2278 4961 2480 5031; x_wconf 91' lang='lat' dir='ltr'>utique</span> <span class='ocrx_word' id='word_1_845' title='bbox 2501 4958 2816 5027; x_wconf 88' lang='lat' dir='ltr'>integrum.</span> <span class='ocrx_word' id='word_1_846' title='bbox 2849 4952 2980 5007; x_wconf 86' lang='lat' dir='ltr'>Cum</span> <span class='ocrx_word' id='word_1_847' title='bbox 2998 4950 3251 5005; x_wconf 85' lang='lat' dir='ltr'>videritis</span> <span class='ocrx_word' id='word_1_848' title='bbox 3276 4948 3457 5017; x_wconf 80' lang='lat' dir='ltr'>ﬁlium</span> <span class='ocrx_word' id='word_1_849' title='bbox 3476 4944 3650 4999; x_wconf 82' lang='lat' dir='ltr'>homi-</span> 
     </span>
    </p>
   </div>
   <div class='ocr_carea' id='block_1_113' title="bbox 2015 5032 3652 5113">
    <p class='ocr_par' dir='ltr' id='par_1_113' title="bbox 2015 5032 3652 5113">
     <span class='ocr_line' id='line_1_113' title="bbox 2015 5032 3652 5113; baseline -0.012 -8"><span class='ocrx_word' id='word_1_850' title='bbox 2015 5053 2102 5105; x_wconf 84' lang='lat' dir='ltr'>nis</span> <span class='ocrx_word' id='word_1_851' title='bbox 2132 5050 2509 5104; x_wconf 84' lang='lat' dir='ltr'>ascendentem</span> <span class='ocrx_word' id='word_1_852' title='bbox 2537 5047 2633 5101; x_wconf 88' lang='lat' dir='ltr'>ubi</span> <span class='ocrx_word' id='word_1_853' title='bbox 2664 5047 2781 5100; x_wconf 83' lang='lat' dir='ltr'>erat</span> <span class='ocrx_word' id='word_1_854' title='bbox 2811 5043 2990 5113; x_wconf 89' lang='lat' dir='ltr'>prius,</span> <span class='ocrx_word' id='word_1_855' title='bbox 3023 5043 3174 5094; x_wconf 91' lang='lat' dir='ltr'>certe</span> <span class='ocrx_word' id='word_1_856' title='bbox 3204 5036 3291 5091; x_wconf 91' lang='lat' dir='ltr'>vel</span> <span class='ocrx_word' id='word_1_857' title='bbox 3321 5040 3460 5090; x_wconf 90' lang='lat' dir='ltr'>tunc</span> <span class='ocrx_word' id='word_1_858' title='bbox 3491 5032 3652 5087; x_wconf 88' lang='lat' dir='ltr'>vide-</span> 
     </span>
    </p>
   </div>
   <div class='ocr_carea' id='block_1_114' title="bbox 2021 5127 3654 5207">
    <p class='ocr_par' dir='ltr' id='par_1_114' title="bbox 2021 5127 3654 5207">
     <span class='ocr_line' id='line_1_114' title="bbox 2021 5127 3654 5207; baseline -0.013 -13"><span class='ocrx_word' id='word_1_859' title='bbox 2021 5141 2178 5205; x_wconf 89' lang='lat' dir='ltr'>bitis,</span> <span class='ocrx_word' id='word_1_860' title='bbox 2202 5139 2338 5207; x_wconf 88' lang='lat' dir='ltr'>quia</span> <span class='ocrx_word' id='word_1_861' title='bbox 2359 5155 2470 5192; x_wconf 90' lang='lat' dir='ltr'>non</span> <span class='ocrx_word' id='word_1_862' title='bbox 2495 5152 2559 5191; x_wconf 89' lang='lat' dir='ltr'>eo</span> <span class='ocrx_word' id='word_1_863' title='bbox 2580 5134 2772 5199; x_wconf 92' lang='lat' dir='ltr'>modo,</span> <span class='ocrx_word' id='word_1_864' title='bbox 2797 5147 2912 5202; x_wconf 90' lang='lat' dir='ltr'>quo</span> <span class='ocrx_word' id='word_1_865' title='bbox 2936 5127 3175 5199; x_wconf 90' lang='lat' dir='ltr'>putatis,</span> <span class='ocrx_word' id='word_1_866' title='bbox 3215 5128 3412 5196; x_wconf 90' lang='lat' dir='ltr'>erogat</span> <span class='ocrx_word' id='word_1_867' title='bbox 3443 5136 3654 5191; x_wconf 89' lang='lat' dir='ltr'>corpus</span> 
     </span>
    </p>
   </div>
   <div class='ocr_carea' id='block_1_115' title="bbox 2022 5213 3655 5294">
    <p class='ocr_par' dir='ltr' id='par_1_115' title="bbox 2022 5213 3655 5294">
     <span class='ocr_line' id='line_1_115' title="bbox 2022 5213 3655 5294; baseline -0.015 -10"><span class='ocrx_word' id='word_1_868' title='bbox 2022 5244 2218 5294; x_wconf 89' lang='lat' dir='ltr'>suum,</span> <span class='ocrx_word' id='word_1_869' title='bbox 2256 5227 2342 5280; x_wconf 91' lang='lat' dir='ltr'>vel</span> <span class='ocrx_word' id='word_1_870' title='bbox 2390 5231 2529 5280; x_wconf 91' lang='lat' dir='ltr'>tunc</span> <span class='ocrx_word' id='word_1_871' title='bbox 2586 5221 2946 5292; x_wconf 83' lang='lat' dir='ltr'>intelligetis,</span> <span class='ocrx_word' id='word_1_872' title='bbox 2986 5217 3125 5287; x_wconf 88' lang='lat' dir='ltr'>quia</span> <span class='ocrx_word' id='word_1_873' title='bbox 3166 5213 3353 5286; x_wconf 80' lang='lat' dir='ltr'>gratia</span> <span class='ocrx_word' id='word_1_874' title='bbox 3381 5213 3509 5282; x_wconf 92' lang='lat' dir='ltr'>ejus</span> <span class='ocrx_word' id='word_1_875' title='bbox 3540 5225 3655 5263; x_wconf 89' lang='lat' dir='ltr'>non</span> 
     </span>
    </p>
   </div>
   <div class='ocr_carea' id='block_1_116' title="bbox 2021 5302 3650 5371">
    <p class='ocr_par' dir='ltr' id='par_1_116' title="bbox 2021 5302 3650 5371">
     <span class='ocr_line' id='line_1_116' title="bbox 2021 5302 3650 5371; baseline -0.014 0"><span class='ocrx_word' id='word_1_876' title='bbox 2021 5315 2390 5371; x_wconf 90' lang='lat' dir='ltr'>consumitur</span> <span class='ocrx_word' id='word_1_877' title='bbox 2428 5312 2747 5368; x_wconf 88' lang='lat' dir='ltr'>morsibus.</span> <span class='ocrx_word' id='word_1_878' title='bbox 2782 5310 2913 5363; x_wconf 87' lang='lat' dir='ltr'>Item</span> <span class='ocrx_word' id='word_1_879' title='bbox 2948 5309 3127 5361; x_wconf 83' lang='lat' dir='ltr'>tractu</span> <span class='ocrx_word' id='word_1_880' title='bbox 3155 5304 3226 5358; x_wconf 88' lang='grc'>50</span> <span class='ocrx_word' id='word_1_881' title='bbox 3255 5305 3313 5356; x_wconf 86' lang='lat' dir='ltr'>in</span> <span class='ocrx_word' id='word_1_882' title='bbox 3359 5302 3650 5356; x_wconf 85' lang='lat' dir='ltr'>Joannem.</span> 
     </span>
    </p>
   </div>
   <div class='ocr_carea' id='block_1_117' title="bbox 2017 5399 3650 5482">
    <p class='ocr_par' dir='ltr' id='par_1_117' title="bbox 2017 5399 3650 5482">
     <span class='ocr_line' id='line_1_117' title="bbox 2017 5399 3650 5482; baseline -0.015 -13"><span class='ocrx_word' id='word_1_883' title='bbox 2017 5416 2100 5482; x_wconf 93' lang='lat' dir='ltr'>(L.</span> <span class='ocrx_word' id='word_1_884' title='bbox 2143 5430 2216 5468; x_wconf 83' lang='lat' dir='ltr'>IV.</span> <span class='ocrx_word' id='word_1_885' title='bbox 2261 5413 2504 5468; x_wconf 86' lang='lat' dir='ltr'>Sentent.</span> <span class='ocrx_word' id='word_1_886' title='bbox 2540 5410 2667 5466; x_wconf 86' lang='lat' dir='ltr'>dist.</span> <span class='ocrx_word' id='word_1_887' title='bbox 2702 5409 2788 5473; x_wconf 87' lang='grc'>10,</span> <span class='ocrx_word' id='word_1_888' title='bbox 2821 5408 2846 5474; x_wconf 89' lang='lat'><strong>§</strong></span> <span class='ocrx_word' id='word_1_889' title='bbox 2876 5408 2956 5473; x_wconf 86' lang='lat' dir='ltr'>a.)</span> <span class='ocrx_word' id='word_1_890' title='bbox 2986 5408 3135 5457; x_wconf 91' lang='lat' dir='ltr'>Dum</span> <span class='ocrx_word' id='word_1_891' title='bbox 3189 5399 3429 5453; x_wconf 88' lang='lat' dir='ltr'>ﬁniatur</span> <span class='ocrx_word' id='word_1_892' title='bbox 3470 5409 3650 5448; x_wconf 71' lang='lat' dir='ltr'>saecu-</span> 
     </span>
    </p>
   </div>
   <div class='ocr_carea' id='block_1_118' title="bbox 2014 5482 3654 5561">
    <p class='ocr_par' dir='ltr' id='par_1_118' title="bbox 2014 5482 3654 5561">
     <span class='ocr_line' id='line_1_118' title="bbox 2014 5482 3654 5561; baseline -0.015 -2"><span class='ocrx_word' id='word_1_893' title='bbox 2014 5503 2136 5557; x_wconf 91' lang='lat' dir='ltr'>lum</span> <span class='ocrx_word' id='word_1_894' title='bbox 2169 5519 2403 5558; x_wconf 89' lang='lat' dir='ltr'>sursum</span> <span class='ocrx_word' id='word_1_895' title='bbox 2424 5505 2513 5557; x_wconf 89' lang='lat' dir='ltr'>est</span> <span class='ocrx_word' id='word_1_896' title='bbox 2535 5494 2942 5561; x_wconf 89' lang='lat' dir='ltr'>Dominus,sed</span> <span class='ocrx_word' id='word_1_897' title='bbox 2959 5498 3155 5547; x_wconf 90' lang='lat' dir='ltr'>tamen</span> <span class='ocrx_word' id='word_1_898' title='bbox 3175 5489 3268 5542; x_wconf 92' lang='lat' dir='ltr'>hic</span> <span class='ocrx_word' id='word_1_899' title='bbox 3290 5485 3463 5540; x_wconf 91' lang='lat' dir='ltr'>etiam</span> <span class='ocrx_word' id='word_1_900' title='bbox 3483 5482 3654 5538; x_wconf 90' lang='lat' dir='ltr'>nobi-</span> 
     </span>
    </p>
   </div>
   <div class='ocr_carea' id='block_1_119' title="bbox 2018 5573 3654 5654">
    <p class='ocr_par' dir='ltr' id='par_1_119' title="bbox 2018 5573 3654 5654">
     <span class='ocr_line' id='line_1_119' title="bbox 2018 5573 3654 5654; baseline -0.012 -8"><span class='ocrx_word' id='word_1_901' title='bbox 2018 5609 2148 5646; x_wconf 90' lang='lat' dir='ltr'>cum</span> <span class='ocrx_word' id='word_1_902' title='bbox 2171 5596 2262 5646; x_wconf 89' lang='lat' dir='ltr'>est</span> <span class='ocrx_word' id='word_1_903' title='bbox 2294 5590 2505 5645; x_wconf 87' lang='lat' dir='ltr'>veritas</span> <span class='ocrx_word' id='word_1_904' title='bbox 2533 5587 2836 5643; x_wconf 90' lang='lat' dir='ltr'>Dominus.</span> <span class='ocrx_word' id='word_1_905' title='bbox 2875 5582 3101 5654; x_wconf 89' lang='lat' dir='ltr'>Corpus</span> <span class='ocrx_word' id='word_1_906' title='bbox 3132 5575 3288 5631; x_wconf 88' lang='lat' dir='ltr'>enim</span> <span class='ocrx_word' id='word_1_907' title='bbox 3321 5573 3379 5630; x_wconf 88' lang='lat' dir='ltr'>in</span> <span class='ocrx_word' id='word_1_908' title='bbox 3412 5588 3526 5647; x_wconf 91' lang='lat' dir='ltr'>quo</span> <span class='ocrx_word' id='word_1_909' title='bbox 3559 5589 3654 5628; x_wconf 88' lang='lat' dir='ltr'>re-</span> 
     </span>
    </p>
   </div>
  </div>
