3970 6058
330 254 428 310 151
1408 261 1477 312 D.
1517 258 1760 312 IVONIS
1798 256 2295 312 (‘ABNOTENSIS
2330 258 2653 314 RPISCOPI
3628 263 3744 315 152

328 377 601 449 surrexit,
624 393 742 433 uno
772 376 899 433 loco
932 391 1062 433 esse
1087 381 1334 450 oportet,
1366 379 1581 435 veritas
1613 382 1809 436 autem
1838 379 1967 450 ejus
2001 379 2057 448 Α
2086 379 2299 435 dixerit
2321 396 2535 453 corpus
2558 380 2789 437 Domini
2819 380 2879 437 in
2911 381 3296 452 sequentibus
3328 383 3745 459 manifestans,

335 468 552 540 ubique
573 467 789 523 diffusa
805 470 915 523 est.
938 468 1334 523 Itemtractatu
1358 468 1422 523 12
1443 470 1502 523 in
1518 474 1808 526 Joannem.
1829 468 1975 534 Quia
2084 468 2534 541 intelligendum
2569 475 2677 539 est,
2713 471 2926 543 inquit,
2959 471 3111 542 quod
3157 471 3243 527 eis
3288 472 3414 543 jam
3461 474 3743 531 omnibus

332 558 527 631 tetigit
555 558 878 625 hominem,
912 557 1218 613 confessus
1248 562 1337 613 est
1365 563 1574 625 Deum,
1605 564 1662 615 et
1693 558 1975 614 Dominus
2084 557 2466 615 distribuerat
2488 566 2929 616 sacramentum
2945 560 3279 633 corporiset
3299 563 3739 634 sanguinissui.

328 646 643 704 consolans
662 663 791 715 nos,
819 646 920 717 qui
940 646 1000 701 in
1025 647 1169 703 celo
1193 648 1318 717 jam
1342 648 1641 704 Christum
1674 649 1975 704 sedentem

330 736 611 793 manibus
641 741 1005 792 contrectare
1036 753 1150 793 non
1191 753 1532 809 possumus,
1565 738 1666 793 sed
1701 738 1812 792 fide
1842 753 1976 792 con-

330 827 576 899 tingere,
605 826 687 882 ait
706 825 791 880 illi
815 842 829 881 :
856 828 1008 897 Quia
1046 826 1242 882 vidisti
1276 843 1366 883 me
1406 827 1622 895 Thema,
1654 827 1978 886 credidisti;

339 917 487 973 beati
513 917 611 989 qui
636 930 749 972 non
770 915 1025 971 viderunt
1052 916 1473 973 etcrediderunt
1503 919 1683 989 (Joan.
1714 917 1979 988 xx).ltem

341 1008 399 1062 in
432 1021 688 1062 sermone
717 1004 949 1076 quodam
978 1006 1047 1060 de
1074 1006 1249 1061 verbis
1280 1008 1568 1078 Evangelii
1597 1007 1733 1078 (64).
1768 1005 1983 1061 Invitat

335 1095 618 1152 Dominus
648 1109 869 1161 servos,
898 1095 1249 1166 preparavit
1278 1096 1541 1167 seipsum
1570 1096 1791 1150 cibum.
1842 1093 1983 1158 Quis

333 1185 548 1241 audeat
578 1184 936 1239 manducare
965 1184 1278 1241 Dominum
1301 1202 1477 1240 suum
1500 1188 1522 1240 Ρ
1544 1186 1613 1240 Et
1638 1188 1832 1239 tamen
1865 1183 1981 1239 ait:

331 1274 439 1340 Qui
457 1273 1049 1343 manducatme,vivit
1072 1279 1311 1346 propter
1334 1274 1701 1340 me.Quando
1718 1273 1986 1327 Christus

334 1363 753 1433 manducatur,
814 1362 935 1417 vita
986 1363 1406 1433 manducatur,
1446 1378 1554 1418 nec
1600 1361 1886 1417 occiditur
1926 1364 1989 1415 ut

335 1453 747 1522 manducetur,
771 1453 871 1507 sed
902 1456 1166 1508 mortuos
1188 1452 1447 1508 viviﬁcat
1471 1452 1708 1525 quando
1734 1451 1989 1505 mandu-

334 1545 523 1609 catur,
548 1540 686 1613 quia
714 1540 1039 1596 resurrexit
1060 1542 1290 1597 occisus
1317 1558 1331 1597 :
1354 1559 1461 1598 nec
1482 1541 1715 1613 quando
1737 1540 1987 1595 mandu-

337 1635 525 1698 catur,
554 1634 750 1701 partes
780 1631 851 1685 de
883 1630 983 1685 illo
1024 1630 1301 1697 facimus,
1342 1635 1401 1686 et
1431 1631 1669 1702 quidem
1701 1628 1759 1683 in
1792 1644 1988 1684 sacra-

340 1723 542 1776 mento
566 1720 649 1775 sic
680 1719 764 1775 fit.
790 1719 1016 1775 Norunt
1052 1719 1252 1775 lideles
1289 1719 1790 1793 quemadmodum
1824 1734 1989 1772 man-

340 1809 559 1865 ducent
586 1825 823 1865 carnem
858 1808 1077 1863 Christi
1119 1810 1529 1881 unusquisque
1559 1812 1783 1879 partem
1821 1822 1990 1863 suam

347 1898 559 1969 accipit
596 1914 700 1969 per
756 1901 954 1969 partes
985 1898 1397 1965 manducatur,
1434 1906 1487 1953 et
1520 1901 1718 1953 manet
1766 1897 1993 1968 integer

345 1991 528 2043 totus.
553 1986 660 2041 Per
678 1989 871 2057 partes
894 1986 1285 2042 manducatur
1313 1986 1373 2041 in
1398 1987 1995 2051 sacramento,manet

346 2076 567 2147 integer
594 2077 754 2130 totus
787 2074 845 2128 in
872 2072 1038 2143 coelo,
1074 2079 1272 2130 manet
1302 2075 1529 2147 integer
1556 2078 1718 2129 totus
1741 2074 1797 2128 in
1817 2074 1993 2128 corde

343 2172 471 2221 tuo.
505 2166 660 2220 Item.
694 2163 856 2229 Quod
888 2163 1099 2220 videtis
1132 2163 1191 2219 in
1224 2163 1391 2219 altari
1413 2164 1583 2236 panis
1616 2167 1706 2219 est
1734 2167 1793 2218 et
1822 2162 1989 2231 calix,

341 2254 499 2326 quod
523 2254 697 2309 etiam
713 2252 1053 2309 oculivestri
1073 2252 1234 2309 vobis
1254 2253 1779 2325 renuntiantzquod
1798 2255 1991 2307 autem

340 2342 487 2398 ﬂdes
509 2340 769 2415 postulat
789 2340 1154 2409 instruenda,
1179 2342 1347 2414 panis
1369 2345 1459 2398 est
1485 2340 1881 2414 corpus,oalix
1904 2344 1993 2397 est

341 2432 607 2505 sanguis.
632 2431 890 2487 Breviter
911 2432 1148 2503 quidem
1170 2432 1280 2487 hoc
1295 2431 1520 2488 dictum
1543 2436 1652 2499 est,
1678 2431 1834 2503 quod
1857 2430 1990 2486 ﬁdei

342 2521 584 2578 forsitan
604 2521 874 2577 sufﬁcere
896 2521 1103 2577 debeat
1123 2521 1246 2589 sed,
1269 2521 1414 2578 ﬁdes
1435 2520 1881 2579 instructionem
1896 2520 1993 2576 de-

347 2610 589 2668 siderat.
609 2611 763 2667 Dicit
786 2610 945 2668 enim
976 2612 1270 2683 PrOpheta
1302 2611 1460 2669 :Nisi
1483 2611 1991 2681 credideritis,non

341 2700 687 2773 intelligetis
717 2701 958 2773 (leam).
988 2701 1238 2757 Potestis
1262 2717 1398 2772 ergo
1420 2701 1612 2758 dicere
1634 2700 1777 2756 mihi
1802 2718 1815 2756 :
1843 2701 1991 2755 Pre-

340 2789 552 2861 cepisti
580 2793 645 2844 ut
664 2790 999 2855 credamus,
1027 2806 1250 2862 expone
1282 2794 1346 2845 ut
1364 2789 1993 2862 intelligamus.Potest

341 2876 498 2933 enim
518 2877 715 2933 animo
737 2877 1072 2949 cujuspiam
1096 2878 1368 2949 cogitatio
1391 2878 1527 2935 talis
1551 2877 1991 2934 oboriri.Domi-

341 2980 454 3022 nus
481 2964 658 3020 Jesus
686 2965 957 3022 Christus
983 2966 1256 3023 novimus
1288 2969 1443 3024 unde
1475 2966 1697 3039 accepit
1729 2982 1987 3037 carnem,

341 3055 413 3111 de
441 3053 669 3126 virgine
693 3054 917 3111 scilicet
947 3056 1129 3113 Maria
1157 3074 1170 3113 :
1209 3057 1404 3113 infans
1442 3057 1696 3114 Iactatus
1736 3061 1846 3128 est,
1879 3075 1987 3112 nu-

2085 646 2151 701 Et
2179 649 2346 703 alibi:
2360 648 2566 704 Videte
2588 649 2701 705 fide
2716 654 2990 705 manente
3010 649 3178 722 signa
3199 650 3443 707 variata.
3469 652 3553 707 Ibi
3576 658 3743 723 petra

2085 735 2551 807 Christus,nobis
2573 738 2842 795 Christus
2863 740 3019 811 quod
3044 739 3102 794 in
3126 738 3296 796 altari
3339 740 3438 796 Dei
3476 743 3737 813 ponitur.

2088 825 2157 879 Et
2187 824 2269 879 illi
2295 843 2396 897 pro
2420 844 2634 899 magno
2656 832 3025 884 sacramento
3049 828 3314 899 ejusdem
3337 829 3550 885 Christi
3577 832 3740 888 bibe-

2090 919 2228 969 runt
2247 931 2463 987 aquam
2508 920 2787 973 ﬂuentem
2832 918 2905 973 de
2953 921 3139 990 petra,
3173 934 3280 974 nos
3306 919 3443 990 quid
3462 919 3742 977 bibamus

2091 1014 2310 1059 norunt
2340 1004 2561 1062 ﬁdeles.
2588 1006 2645 1062 Si
2675 1007 2929 1079 speciem
2960 1007 3253 1064 visibilem
3277 1009 3739 1077 attendas,aliud

2091 1097 2182 1149 est
2198 1111 2212 1149 :
2227 1094 2275 1150 si
2288 1092 2719 1167 intelligibilem
2740 1095 2787 1150 si
2796 1095 3529 1168 gniﬁcationem,eumdem
3545 1102 3743 1170 potum

2092 1183 2458 1256 spiritualem
2483 1185 2922 1241 biberuntJlem
2946 1188 3010 1241 in
3022 1187 3349 1243 sermonede
3368 1188 3547 1243 verbis
3562 1193 3744 1245 Evan-

2094 1274 2229 1341 gelii
2276 1275 2447 1329 Tract.
2495 1274 2566 1328 26
2618 1276 2675 1329 in
2724 1276 3012 1331 Joannem.
3063 1276 3160 1346 (De
3213 1292 3387 1343 conm,
3435 1278 3563 1333 dist.
3594 1281 3649 1345 2,
3687 1293 3743 1335 c.

2098 1361 2240 1428 Quid
2259 1366 2371 1424 est;
2402 1363 2497 1418 lib.
2524 1379 2581 1417 ιν
2608 1362 2858 1419 Sentent.
2891 1364 3019 1420 dist.
3044 1366 3098 1433 9,
3122 1367 3249 1436 §a.)
3280 1365 3427 1429 Quid
3458 1371 3550 1422 est
3573 1366 3742 1422 Chri-

2096 1455 2249 1505 stum
2272 1452 2655 1507 manducare?
2679 1453 2803 1508 Non
2829 1458 2919 1508 est
2943 1454 3052 1509 hoc
3076 1453 3269 1509 solum
3293 1454 3352 1509 in
3373 1460 3742 1512 sacramento

2096 1556 2308 1612 corpus
2329 1541 2458 1610 ejus
2484 1541 2778 1614 accipere.
2796 1541 2959 1597 Multi
2982 1543 3139 1598 enim
3158 1543 3397 1615 indigne
3417 1544 3741 1617 accipiunt,

2098 1630 2169 1685 de
2186 1630 2400 1701 quibus
2424 1630 2504 1685 ait
2523 1631 2841 1702 Apostolus
2866 1647 2880 1686 :
2922 1632 3062 1700 Quid
3091 1633 3387 1689 manducat
3407 1637 3459 1689 et
3486 1634 3621 1689 bibit
3640 1652 3744 1691 ca-

2100 1718 2258 1774 licem
2283 1720 2514 1775 Domini
2552 1719 2778 1789 indigne
2802 1720 3073 1792 iudicium
3102 1722 3213 1777 sibi
3235 1722 3541 1779 manducet
3574 1728 3628 1779 et
3655 1723 3741 1779 bi-

2102 1807 2200 1861 bit.
2236 1807 2346 1863 Sed
2372 1810 2664 1878 quomodo
2688 1810 3135 1867 manducandus
3154 1815 3245 1867 est
3262 1811 3559 1868 Christus?
3585 1815 3747 1879 Quo-

2102 1897 2276 1952 modo
2308 1897 2433 1969 ipse
2465 1897 2647 1955 dicit:
2681 1900 2787 1967 Qui
2828 1899 3124 1955 manducet
3170 1917 3402 1957 carnem
3444 1917 3648 1970 meam,
3695 1906 3754 1958 et

2103 1986 2240 2041 bibit
2268 1988 2596 2058 sanguinem
2644 2004 2847 2058 meum,
2881 1991 2939 2044 in
2988 2006 3079 2045 me
3102 1996 3307 2061 manet,
3345 1994 3401 2048 et
3443 2007 3541 2061 ego
3581 1992 3641 2047 in
3684 2007 3750 2048 eo

2101 2076 2453 2147 (loan.vx.)Si
2486 2077 2545 2132 in
2580 2095 2671 2133 me
2702 2083 2924 2149 manet,
2939 2084 2997 2135 et
3024 2095 3130 2153 ego
3170 2081 3227 2135 in
3273 2097 3361 2149 eo,
3394 2085 3535 2137 tunc
3552 2080 3741 2138 bibit:

2101 2164 2203 2235 qui
2236 2168 2429 2219 autem
2477 2164 2534 2219 in
2567 2182 2662 2221 me
2699 2181 2813 2221 non
2836 2173 3055 2237 manet,
3086 2182 3192 2221 nec
3233 2183 3337 2239 ego
3359 2168 3419 2222 in
3455 2167 3577 2236 illo,
3609 2176 3665 2223 et
3695 2167 3749 2223 si

2099 2253 3030 2325 accipitsacramentum,acquirit
3056 2270 3339 2327 magnum
3362 2260 3748 2327 tormentum.

2102 2344 2233 2399 Item
2259 2358 2331 2399 ex
2359 2348 2591 2399 tractatu
2622 2344 2921 2412 Evangelii
2961 2344 3259 2399 secundum
3301 2346 3564 2402 Joannem
3597 2348 3751 2416 (aen-

2099 2435 2233 2488 tent.
2266 2432 2413 2503 339).
2446 2431 2606 2489 Talis
2633 2436 2757 2489 erat
2780 2433 2810 2488 J
2820 2433 2989 2500 udas,
3022 2437 3079 2488 et
3107 2438 3303 2489 tamen
3356 2450 3490 2489 cum
3522 2434 3749 2492 sanctis

2100 2521 2383 2593 apostolis
2405 2521 2678 2577 undecim
2705 2522 3053 2589 intrabat,et
3084 2523 3377 2590 exihat,ad
3408 2524 3599 2594 ipsam
3626 2541 3747 2580 om-

2100 2627 2239 2666 nam
2281 2610 2645 2667 Dominicam
2689 2610 2908 2682 pariter
2939 2611 3208 2667 accessit.
3233 2611 3577 2667 Conversari
3608 2628 3746 2668 cum

2100 2699 2219 2755 illis
2253 2700 2463 2772 potuit,
2494 2715 2593 2755 eos
2626 2699 2937 2770 inquinare
2962 2716 3077 2755 non
3110 2700 3319 2772 potuit.
3355 2705 3429 2756 De
3458 2716 3575 2757 uno
3596 2718 3748 2772 pane

2099 2789 2323 2861 accepit
2351 2793 2408 2845 et
2433 2789 2637 2859 Judas,
2664 2789 2887 2859 accepit
2924 2792 2982 2845 et
3010 2788 3239 2859 Petrus,
3270 2794 3329 2846 et
3370 2794 3565 2846 tamen
3615 2806 3745 2862 que

2100 2895 2236 2949 pars
2268 2878 2424 2933 ﬁdeli
2456 2894 2589 2933 cum
2615 2877 2868 2932 infideli?
2890 2878 3094 2933 Petrus
3132 2880 3289 2934 enim
3313 2879 3527 2951 accipit
3557 2880 3629 2935 ad
3654 2880 3745 2935 vi-

2096 2972 2218 3022 tam
2240 2970 2297 3022 et
2325 2967 2509 3022 Judas
2540 2968 2763 3038 accepit
2791 2967 2862 3021 ad
2887 2972 3154 3023 mortem.
3178 2970 3316 3023 Item
3350 2970 3407 3023 in
3443 2969 3586 3024 libro
3609 2968 3745 3025 Sen—

2099 3054 2398 3110 tentiarum
2419 3055 2695 3125 Proeperi.
2733 3058 2936 3110 Escam
2968 3053 3096 3110 vite
3128 3055 3374 3127 accepit,
3400 3056 3745 3113 aeternitatis

347 3144 527 3199 tritus
547 3144 1271 3217 est,crevit,adjuvenilem
1286 3150 1514 3203 etatem
1537 3147 1857 3219 perductus
1878 3152 1989 3216 est,
2022 3128 2065 3195 (ἶ
2102 3142 2377 3214 poculum
2395 3142 2565 3210 bibit,
2590 3142 2691 3215 qui
2712 3142 2771 3197 in
2795 3142 3029 3198 Christo
3054 3144 3453 3215 manet,eujus
3470 3144 3742 3201 Christus

341 3232 504 3306 ligno
524 3250 853 3308 suspensus
874 3239 984 3303 est,
1008 3235 1373 3308 interfectus,
1392 3238 1462 3293 de
1485 3236 1642 3309 ligno
1663 3236 1986 3309 depositus,

341 3323 609 3396 sepultus
656 3329 768 3394 est,
816 3325 992 3381 tertia
1021 3324 1114 3380 die
1148 3326 1485 3393 resurrexit,
1520 3342 1635 3397 quo
1684 3327 1778 3382 die
1809 3325 1991 3382 voluit

338 3415 602 3470 ascendit
631 3413 688 3469 in
714 3413 949 3471 coelum.
977 3413 1120 3470 Illuc
1142 3413 1351 3471 levavit
1374 3432 1585 3487 corpus
1617 3432 1811 3487 suum,
1833 3416 1988 3471 unde

337 3507 623 3558 venturus
645 3502 1016 3572 estjudicare
1037 3504 1195 3559 vivos
1218 3508 1275 3559 et
1298 3509 1581 3573 mortuos,
1606 3504 1685 3559 ibi
1708 3512 1794 3561 est
1816 3505 1989 3560 modo

342 3590 553 3646 sedens
584 3592 655 3646 ad
680 3591 981 3647 dexteram
1006 3592 1529 3657 Patris.Quomodo
1554 3609 1690 3665 ergo
1715 3594 1884 3666 panis
1900 3597 1991 3649 est

341 3694 555 3749 corpus
585 3680 713 3751 ejus
743 3684 801 3735 et
830 3679 999 3750 calix,
1026 3681 1111 3736 vel
1144 3683 1299 3753 quod
1320 3682 1498 3738 habet
1522 3682 1987 3755 calix,quomodo

340 3770 430 3824 est
457 3768 699 3840 sanguis
728 3770 857 3836 ejus
875 3769 903 3824 ‘l
934 3770 1069 3840 Ista,
1085 3771 1313 3842 fratres,
1340 3771 1469 3828 ideo
1494 3772 1776 3828 dicuntur
1795 3790 1987 3828 sacra-

342 3861 537 3912 menta
561 3858 701 3927 quia
726 3858 784 3911 in
811 3857 896 3913 eis
928 3858 1086 3914 aliud
1117 3860 1366 3928 videtur,
1402 3865 1457 3915 et
1507 3860 1668 3916 aliud
1716 3861 1988 3934 intelligi-

338 3948 456 4001 tur.
484 3946 647 4009 Quod
680 3947 910 4001 videtur
928 3947 1183 4018 speciem
1210 3948 1387 4005 habet
1407 3950 1792 4021 corporalem,
1832 3951 1987 4022 quod

340 4033 695 4107 intelligitur
723 4036 980 4091 fructum
1005 4036 1181 4092 habet
1205 4036 1730 4109 spiritualemJtem
1751 4039 1846 4106 lib,
1865 4057 1984 4096 vm.

343 4128 424 4180 De
445 4124 719 4196 baptismo
741 4128 929 4181 contra
949 4126 1281 4197 Donatistas,
1303 4143 1423 4199 cap.
1447 4128 1535 4182 50.
1562 4128 1778 4185 lnducit
1806 4131 1990 4184 autem

336 4216 403 4269 B.
437 4212 780 4284 Cyprianum
810 4215 888 4269 sic
918 4214 1229 4272 dicentem:
1256 4216 1402 4272 Nam
1438 4218 1672 4288 quando
1704 4217 1988 4274 Dominus

336 4305 506 4357 vocat
534 4302 713 4372 (Joan.
737 4303 814 4373 v1)
864 4319 1079 4376 corpus
1101 4322 1275 4361 suum
1306 4322 1541 4377 panem,
1573 4308 1643 4363 de
1670 4307 1987 4363 multorum

338 4405 658 4463 granorum
672 4391 741 4446 ad
753 4392 1028 4448 unatione
1041 4395 1702 4468 congestum,populum
1718 4400 1983 4454 nostrum

2096 3233 2458 3290 inhabitator
2501 3236 2611 3290 est.
2649 3232 2793 3291 Nam
2826 3231 2928 3304 qui
2961 3231 3259 3290 discordat
3290 3250 3323 3289 a
3354 3232 3607 3303 Christo,
3636 3250 3743 3289 nec

2097 3340 2332 3379 carnem
2378 3322 2596 3379 Christi
2652 3322 2992 3391 manducet,
3043 3338 3151 3378 nec
3192 3322 3543 3395 sanguinem
3592 3321 3744 3379 bibit

2096 3412 2328 3469 etiamsi
2357 3416 2534 3469 tante
2565 3411 2646 3467 rei
2690 3416 3128 3468 sacramentum
3187 3412 3260 3468 ad
3308 3411 3591 3482 judicium
3621 3428 3741 3469 sue

2096 3500 2570 3573 praesumptionis
2595 3500 2855 3571 quotidie
2887 3499 3289 3556 indifferenter
3322 3499 3594 3572 accipiat.

2102 3664 2235 3719 CAP.
2284 3664 2338 3719 9.
2370 3693 2439 3703 —-
2466 3664 2621 3718 Sicut
2666 3664 2727 3717 in
2770 3676 3019 3718 sermone
3064 3662 3304 3729 Domini,
3356 3679 3417 3718 ea
3468 3679 3585 3734 que
3631 3676 3742 3720 non

2166 3744 2327 3789 erant
2366 3750 2483 3790 esse
2530 3737 2915 3805 ceperunt,sic
2932 3736 3377 3806 operationeeius
3396 3752 3457 3790 ea
3476 3752 3593 3805 que
3611 3744 3742 3790 sunt

2168 3809 2227 3862 in
2257 3806 2752 3861 aliudcommutari
2770 3823 2781 3860 :
2805 3815 3076 3877 praeterea
3114 3808 3449 3877 sacriﬁcium
3483 3806 3745 3863 Ecclesia!

2167 3878 2373 3933 duobus
2401 3878 2614 3947 conﬁci,
2646 3877 2863 3933 duobus
2891 3885 3159 3944 constare,
3184 3879 3242 3933 id
3283 3882 3362 3933 est
3384 3877 3607 3934 visibili
3633 3880 3742 3933 ele-

2167 3954 2480 4005 mentorum
2508 3950 2705 4020 specie,
2744 3953 2795 4004 et
2830 3951 3105 4005 invisibili
3134 3951 3358 4006 Domini
3397 3952 3582 4005 nostri
3608 3955 3745 4007 Jesu

2170 4022 2378 4076 Christi
2407 4037 2573 4076 carne
2603 4024 2653 4076 et
2681 4022 2966 4094 sanguine.
3002 4021 3367 4094 Lari/rancus.
3412 4022 3505 4092 (De
3548 4037 3741 4078 sacra-

2166 4102 2350 4150 mento
2377 4108 2529 4164 corp.
2562 4108 2680 4165 cap.
2710 4093 2745 4146 5
2774 4109 2901 4149 cum
2929 4093 3323 4166 sequentibus).

2167 4217 2227 4273 Si
2256 4220 2417 4272 tanta
2443 4216 2532 4273 vis
2563 4220 2652 4273 est
2672 4216 2730 4272 in
2751 4233 3018 4273 sermone
3040 4217 3297 4289 Domini,
3323 4222 3387 4273 ut
3416 4218 3744 4290 inciperent

2097 4323 2226 4362 esse
2256 4323 2381 4378 que
2416 4322 2530 4362 non
2562 4310 2753 4374 erant,
2776 4310 2996 4377 quanto
3028 4306 3218 4379 magis
3242 4307 3609 4379 operatorius
3629 4312 3740 4377 est,

2096 4400 2161 4451 ut
2189 4396 2310 4452 sint
2340 4412 2467 4467 que
2498 4399 2684 4463 erant,
2718 4400 2774 4450 et
2803 4396 2864 4450 in
2905 4394 3063 4451 aliud
3093 4396 3572 4451 commutentur?
3601 4396 3742 4451 Esse

339 4494 527 4569 quem,
563 4480 835 4569 portabat
877 4481 947 4536 de
980 4483 1259 4552 gentibus
1281 4484 1504 4541 indicat
1534 4486 1859 4543 adunatum
1886 4504 1899 4543 :
1932 4490 1990 4543 et
2018 4504 2065 4569 Β
2097 4484 2335 4558 quidem
2351 4487 2936 4556 queerant,testatur
2953 4485 3278 4540 secundum
3298 4483 3584 4539 visibilem
3616 4499 3744 4555 spe-

341 4568 575 4639 quando
607 4568 960 4639 sanguinem
988 4586 1161 4626 suum
1186 4572 1390 4628 vinum
1416 4573 1779 4646 appellat,de
1800 4575 1985 4633 botris

340 4659 519 4727 atque
549 4655 736 4712 acinis
766 4656 1038 4728 plurimis
1069 4676 1436 4730 expressum,
1479 4666 1656 4733 atque
1696 4665 1752 4718 in
1799 4681 1984 4719 unum

338 4748 607 4800 coactum
647 4761 884 4819 gregem
917 4746 1056 4803 item
1091 4754 1358 4804 nostrum
1406 4750 1703 4821 signiﬁcat
1740 4754 1985 4809 commi-

338 4833 811 4890 stioneadunate
826 4834 1225 4893 multitudinis
1239 4838 1834 4909 copulatum.ltem.ln
1848 4858 1987 4913 pre-

340 4922 491 4977 senti
522 4939 624 4993 per
640 4922 836 4992 fidem,
861 4923 918 4978 in
944 4925 1215 4996 presenti
1236 4943 1338 4997 per
1351 4926 1610 4997 signum,
1636 4928 1692 4983 in
1712 4930 1984 5000 presenti

334 5026 440 5081 per
455 5009 827 5083 baptismatis
848 5016 1370 5086 sacramentum,in
1386 5018 1651 5087 presenti
1668 5035 1771 5090 per
1782 5018 1985 5077 altaris

338 5099 536 5155 cibum
577 5104 635 5156 et
677 5104 902 5173 potum.
958 5104 1093 5158 Item
1122 5105 1181 5159 in
1214 5104 1404 5161 eodem
1429 5108 1753 5176 Evangelia.
1786 5112 1864 5164 De
1895 5109 1985 5166 his

330 5204 528 5245 sermo
561 5190 937 5262 erat,inquit,
960 5208 1095 5247 cum
1128 5193 1237 5249 hoc
1268 5194 1587 5266 Apostolus
1615 5197 1857 5267 diceret,
1882 5200 1983 5269 qui

334 5277 574 5335 Domini
608 5294 823 5351 corpus
841 5280 1001 5336 velut
1030 5279 1213 5337 alium
1248 5283 1572 5354 quemlibet
1602 5284 1799 5341 cibum
1827 5286 1984 5341 indi-

365 5372 523 5425 orete
554 5365 1033 5441 negligenterque
1062 5370 1380 5428 sumebant
1410 5372 1454 5444 (ι
1486 5372 1608 5429 Cor.
1638 5374 1742 5445 xi),
1774 5373 1980 5445 etquid

2097 4575 2247 4630 ciem
2279 4572 2661 4629 :commutari
2693 4589 2828 4629 vero
2850 4573 3525 4629 secunduminteriorem
3542 4588 3741 4629 essen-

2095 4662 2330 4733 tiam,in
2354 4667 2623 4718 naturam
2640 4660 2874 4717 illarum
2898 4678 3091 4717 rerum
3118 4678 3245 4733 que
3267 4667 3402 4718 ante
3417 4677 3530 4719 non
3551 4665 3738 4717 erant.

2098 4754 2198 4822 (De
2227 4768 2404 4821 conm,
2436 4752 2562 4808 dist.
2595 4752 2649 4815 2,
2682 4768 2727 4807 c.
2764 4754 2874 4807 Iloc
2902 4760 2980 4807 est
3010 4752 3152 4821 quod
3180 4752 3436 4819 dicimus,
3465 4760 3516 4808 et
3536 4752 3633 4807 lib.
3685 4768 3739 4807 ιν

2096 4842 2509 4899 Sententiarum
2539 4840 2669 4896 dist.
2703 4841 2792 4909 40,
2822 4842 2947 4909 §b.)
2978 4840 3095 4895 Hoc
3125 4845 3215 4896 est
3272 4842 3427 4912 quod
3485 4840 3741 4897 dicimus

2094 4932 2250 5003 quod
2273 4932 2464 4987 modis
2486 4930 2761 4986 omnibus
2778 4929 3100 5001 approbare
3120 4930 3741 4995 contendimus,sacri-

2093 5022 2292 5076 ficium
2325 5020 2596 5077 Ecclesie
2629 5018 2859 5074 duobus
2917 5016 3145 5086 conﬁci,
3179 5019 3412 5074 duobus
3445 5024 3739 5091 constare,

2092 5108 2311 5165 visibili
2344 5107 2772 5164 elementorum
2788 5105 3065 5177 specie,et
3086 5104 3361 5161 invisibili
3386 5106 3620 5162 Domini
3638 5122 3741 5163 no-

2094 5198 2202 5254 stri
2232 5198 2373 5254 Jesu
2408 5196 2626 5254 Christi
2650 5210 2823 5251 carne
2852 5198 2911 5249 et
2941 5194 3251 5266 sanguine,
3283 5200 3652 5251 sacramento
3685 5199 3743 5251 et

2092 5303 2153 5343 re
2186 5285 2556 5352 sacramenti,
2592 5285 2649 5339 id
2683 5288 2773 5341 est
2802 5298 3041 5356 corpore
3064 5283 3276 5340 Christi
3308 5284 3495 5341 :sicut
3522 5284 3738 5341 Christi

2092 5392 2344 5447 persona
2374 5377 2603 5432 constat
2634 5377 2691 5430 et
2718 5372 3029 5431 coniicitur
3067 5372 3184 5431 Deo
3224 5376 3283 5431 et
3311 5373 3569 5444 homine,
3603 5388 3739 5431 cum

407 5578 520 5651 (64)
551 5579 739 5655 Hujus
770 5586 1060 5646 sermonis
1090 5590 1234 5663 Aug.
1267 5588 1503 5648 initium
1534 5593 1623 5649 est
1655 5607 1669 5650 ε
1707 5592 1921 5654 Veritas
1950 5611 2076 5671 quae
2102 5599 2181 5659 est
2222 5592 2488 5659 Christus.
