1991 3030
104 109 161 136 153

481 110 640 137 DECRETI
658 110 753 137 PARS
774 111 807 136 ll.
823 123 858 128 —
877 110 927 135 DE
943 108 1047 142 CORP,
1067 110 1114 136 ΒΤ
1131 108 1240 136 SANG.
1260 110 1357 145 DOH.,
1376 111 1454 137 ETC.

1761 107 1813 137 154

103 171 171 207 ipse
186 170 321 199 Christus
336 178 422 199 verus
439 171 478 199 sit
493 171 582 206 Deus,
596 173 626 199 et
639 179 727 200 verus
741 172 830 199 homo
840 171 855 199 ?
869 170 939 206 quia
952 173 979 205 Α
995 178 1037 203 ce,
1053 173 1082 199 et
1096 171 1249 208 sanguinis
1263 172 1327 207 ejus
1341 172 1377 200 de
1391 172 1482 200 latere
1496 171 1642 200 emanatio
1658 171 1813 207 ﬁguratur.

104 216 204 244 omnis
219 224 267 244 res
281 215 398 243 illarum
416 224 513 244 rerum
531 219 665 244 naturam
688 218 717 244 et
736 216 887 244 veritatem
903 216 933 243 in

103 268 135 288 se
151 261 285 288 continet
299 268 333 288 ex
349 261 459 296 quibus
479 260 643 288 conﬁcitur.
660 261 821 289 Conﬁcitur
835 262 933 288 autem

104 304 285 333 sacriﬁcium
300 304 434 333 Ecclesia
451 305 577 340 duobus,
594 308 777 334 sacramento
792 307 821 333 et
840 313 869 332 re
884 313 932 332 sa-

103 350 259 384 cramenti,
275 350 305 377 id
322 353 366 378 est
380 358 502 386 corpore
517 350 638 378 Christi.
654 353 705 378 Est
719 350 810 386 igitur
834 357 933 377 sacra-

104 397 253 427 mentum,
269 396 297 422 et
312 403 358 422 res
375 394 561 430 sacramenti,
577 395 605 422 id
622 397 665 423 est
687 403 793 430 corpus
816 393 933 422 Christi.

103 439 231 467 Christus
247 439 326 467 enim
343 447 492 475 resurgam
507 448 523 466 a
538 440 657 467 mortuis
659 440 722 475 jam
735 447 791 467 non
804 439 933 474 moritur,

103 491 183 512 mors
206 484 251 512 illi
271 484 347 512 ultra
362 492 418 512 non
440 484 632 512 dominabitur
654 485 742 520 (Rom.
757 492 797 518 v1,
813 484 852 519 9).
877 483 933 511 Sed

98 528 182 556 sicut
204 528 277 556 dicit
299 528 433 557 Andreas
457 528 608 564 apostolus
625 537 631 556 :
648 529 719 557 Cum
743 536 808 556 vere
830 535 934 556 carnes

100 573 169 608 ejus
184 572 214 600 in
230 573 316 600 terris
332 573 393 600 sint
418 576 565 608 comestae,
582 576 610 600 et
634 581 699 600 vere
725 573 845 609 sanguis
870 573 934 608 ejus

100 618 141 645 sit
159 617 282 652 bibitus,
300 618 363 653 ipse
388 620 487 645 tamen
512 626 604 654 usque
620 618 648 645 in
665 620 797 654 tempora
812 617 934 645 restitu-

101 662 195 689 tionis
212 662 358 696 omnium,
374 662 403 689 in
421 663 590 690 ccelestibus
612 663 647 690 ad
664 664 812 690 dexteram
828 662 934 695 Patris,

102 706 220 742 integer
235 711 399 742 perseverat
415 710 444 735 et
460 708 554 735 vivus.
572 708 601 735 Si
618 708 724 742 quieris
741 708 859 735 modum
877 715 934 743 quo

99 751 129 777 id
148 751 211 778 ﬁeri
230 752 463 787 possit,breviter
478 753 513 779 ad
532 761 659 787 praesens
675 752 837 788 respondeo
853 760 860 779 :
877 752 935 787 My-

99 796 228 823 sterium
243 796 311 824 ﬁdei
327 797 405 824 credi
423 797 582 824 salubriter
599 800 703 832 potest,
720 796 857 833 vestigari
874 796 934 824 uti-

99 840 170 868 liter
185 848 242 868 non
267 843 364 876 potest
381 850 387 869 :
404 843 460 876 Qui
484 842 634 869 manduca!
655 850 765 869 carnem
790 849 893 877 meam,
908 841 934 869 et

100 885 173 912 bibit
188 886 356 919 :anguinem
380 894 484 919 meum,
501 887 588 913 inme
612 889 716 919 manet,
741 889 765 914 et
780 894 826 922 ego
850 887 881 914 in
904 893 934 914 eo

97 930 194 964 (Joan.
220 934 284 965 v1):
302 938 355 957 nec
381 931 498 965 quando
527 932 752 965 manducamus,
779 932 875 966 partes
899 931 935 958 de

101 973 156 1001 illo
174 973 307 1002 iacimus.
325 974 410 1001 Absit
424 975 501 1001 enim
519 978 551 1002 ut
567 975 608 1002 sic
624 975 824 1011 intelligamus
839 975 936 1002 Chris-

101 1021 169 1046 tum
185 1019 375 1054 manducare,
393 1020 643 1054 quemadmodum
661 1020 700 1046 illi
717 1019 933 1055 intellexerunt,

101 1064 168 1099 qui,
180 1072 247 1091 cum
264 1064 402 1092 audirent
420 1065 575 1092 Dominum
592 1065 737 1092 dicentem
756 1073 762 1092 :
780 1065 841 1093 Νι.ςί
852 1072 936 1092 man-

100 1108 271 1136 ducaverilis
290 1117 400 1137 carnem
430 1110 500 1137 Filii
528 1110 659 1142 hominis,
684 1112 708 1136 et
732 1109 855 1136 biberita's
878 1110 936 1145 ejus

101 1154 280 1188 sanguinem,
296 1162 352 1181 non
374 1154 508 1181 habebitis
524 1155 612 1181 vitam
637 1156 666 1181 in
683 1154 755 1181 vobis
771 1165 780 1182 .-
795 1154 935 1181 continuo

103 1197 324 1232 responderunt
341 1207 347 1225 :
366 1198 456 1225 Durus
470 1200 509 1225 est
525 1199 570 1225 hic
584 1206 682 1232 sermo,
698 1207 759 1233 quis
774 1199 861 1233 potest
873 1206 936 1226 eum

102 1242 231 1270 audire?
245 1242 347 1277 (ibid),
375 1243 552 1270 Putaverunt
576 1251 713 1278 namque,
732 1244 808 1270 sicut
831 1243 935 1271 beatus

103 1286 290 1322 Augustinus
306 1287 377 1314 dicit
393 1287 422 1314 in
440 1287 539 1314 multis
557 1287 722 1323 locis,quod
739 1288 768 1315 in
784 1287 872 1315 terris
886 1288 936 1316 dc-

102 1333 225 1366 gentem
242 1330 399 1358 Dominum
417 1331 446 1358 in
463 1332 553 1360 frusta
570 1334 669 1359 essent
685 1332 879 1365 concisuri,et
894 1331 936 1359 sic

101 1383 210 1402 carnes
226 1375 300 1410 ejus,
317 1378 368 1402 aut
383 1375 474 1403 elixus
500 1376 528 1403 in
555 1376 710 1409 lebelibus,
728 1378 778 1403 aut
800 1384 883 1403 assae
905 1376 935 1403 iu

102 1419 236 1447 verubus
251 1423 348 1447 essent
364 1420 521 1447 comesturi
539 1428 545 1447 π
563 1423 613 1447 aut
628 1421 653 1448 si
670 1421 723 1447 hoc
740 1420 861 1455 nollent,
878 1428 936 1447 non

101 1466 228 1499 possent
252 1464 316 1498 ejus
343 1472 407 1491 esse
432 1464 581 1499 discipuli,
608 1469 761 1500 propterea
784 1464 936 1501 elegerunt

101 1508 197 1541 abire,
216 1510 245 1535 et
256 1508 317 1543 jam
335 1508 464 1544 amplius
481 1517 546 1536 cum
562 1518 594 1537 eo
611 1518 667 1537 non
686 1509 844 1537 ire.Procul
859 1516 937 1537 aver-

101 1554 146 1580 tat
162 1553 240 1580 Deus
262 1553 297 1580 ab
326 1543 454 1580 Ecclesia
478 1562 532 1581 sua
556 1553 644 1581 talem
671 1552 865 1581 sententiam!
890 1553 936 1581 Bic
951 1543 973 1578 (ἶ

104 1605 212 1632 nempe
239 1597 269 1624 in
294 1598 380 1625 terris
398 1597 584 1625 immolatum
610 1598 760 1625 Christum
777 1598 936 1626 manduca-

104 1649 174 1669 mus
190 1644 219 1669 et
234 1641 375 1677 bibimus,
392 1645 424 1669 ut
440 1642 467 1669 in
485 1643 654 1670 coelestibus
670 1644 706 1670 ad
723 1643 870 1671 dexteram
887 1643 937 1670 Pa-

103 1686 160 1713 tris
178 1686 289 1721 integer
304 1695 421 1723 semper
436 1687 542 1715 cxistat
557 1690 586 1715 et
601 1688 695 1715 vivus.
712 1689 760 1722 (De
775 1696 860 1722 eorum,
871 1688 935 1716 dist.

103 1731 133 1766 2,
150 1738 175 1758 ε.
193 1731 264 1759 Dum
286 1733 448 1767 frangitur).
470 1733 544 1760 Dum
573 1732 719 1768 frangitur
744 1732 841 1760 hostia
864 1733 936 1760 dum

103 1776 228 1810 sanguis
244 1776 279 1803 de
304 1776 393 1804 calice
416 1776 445 1804 in
462 1785 512 1804 ora
536 1777 667 1804 ﬁdelium
691 1777 847 1805 funditur:
865 1776 936 1813 quid

103 1819 186 1847 aliud
203 1828 292 1855 quam
308 1821 452 1848 Dominici
477 1821 608 1857 corporis
624 1822 653 1848 in
671 1830 756 1849 cruce
773 1821 935 1849 immolatio

103 1864 233 1900 ejusque
257 1866 412 1901 sanguinis
437 1866 471 1893 de
498 1866 588 1894 latere
613 1867 716 1894 effusio
740 1866 936 1902 designatur?

104 1909 154 1944 (De
170 1913 257 1937 consl.
273 1909 336 1937 dist.
354 1911 382 1945 2,
397 1918 420 1937 ε.
438 1912 493 1938 Ito:
508 1913 582 1944 aut.,
598 1912 623 1938 et
638 1911 685 1938 lib.
704 1919 730 1939 1v
746 1911 934 1939 Sententdist.

105 1954 150 1986 10,
167 1953 236 1990 §d).
254 1954 311 1982 Nos
336 1957 432 1982 autem
449 1955 479 1982 in
504 1956 600 1990 specie
617 1956 701 1991 panis
726 1958 753 1984 et
768 1956 826 1983 vini
847 1964 936 1992 quam

103 1998 252 2033 videmus,
269 2007 316 2026 res
340 1999 513 2033 invisibiles,
530 2000 557 2027 id
576 2002 620 2028 est
644 2000 750 2028 Christi
776 2009 891 2029 carnem
907 2003 936 2029 et

104 2042 284 2078 sanguinem
313 2043 504 2078 honoramus,
532 2053 585 2072 nec
614 2045 750 2072 similiter
778 2046 935 2082 pendimus

104 2086 160 2114 has
185 2087 260 2114 duas
283 2088 406 2123 species,
423 2089 674 2124 quemadmodum
691 2092 758 2117 ante
784 2098 935 2118 consecra-

105 2131 219 2159 tionem
236 2132 438 2167 pendebamus
456 2141 462 2161 :
480 2141 547 2161 cum
569 2134 694 2162 ﬁdeliter
710 2135 854 2163 fateamur
868 2136 935 2163 ante

104 2176 358 2204 consecrationem
375 2185 480 2213 panem
497 2186 561 2206 esse
576 2180 604 2206 et
618 2179 814 2215 vinum,quod
830 2181 936 2208 natura

987 215 1151 252 Utrumque
1180 217 1284 244 beatus
1312 218 1469 253 Gregorius
1498 216 1562 252 (lib.
1579 225 1607 244 1v
1633 216 1813 251 Dialogorum

986 268 1046 295 cap.
1062 261 1107 296 58)
1123 260 1245 289 solerter
1267 262 1403 297 attendit,
1427 264 1455 289 et
1478 261 1630 289 enucleate
1654 261 1683 288 in
1709 262 1812 296 quarto

987 304 1062 332 libro
1091 304 1278 341 Dialogorum
1307 306 1426 342 exponit
1453 306 1578 334 dicens:
1607 306 1677 340 Ejus
1705 305 1815 341 quippe

988 356 1055 376 caro
1070 349 1110 377 ibi
1125 350 1262 384 sumitur,
1280 351 1344 386 ejus
1369 350 1490 386 sanguis
1506 358 1564 378 non
1585 349 1647 385 jam
1662 349 1692 377 in
1709 357 1815 377 manus

988 393 1165 429 inﬁdelium,
1182 395 1232 422 sed
1257 394 1286 422 in
1302 403 1353 423 ora
1368 395 1500 423 ﬁdelium
1524 395 1667 422 funditur.
1685 395 1814 422 Pensan-

988 438 1058 466 dum
1075 447 1143 475 ergo
1165 440 1210 467 est
1225 439 1312 475 quale
1336 440 1390 468 hoc
1405 439 1584 467 sacriﬁcium
1599 439 1649 473 sit,
1666 439 1744 475 quod
1761 446 1812 474 pro

988 482 1172 511 absolutione
1182 486 1281 512 nostra
1296 486 1418 512 mortem
1436 484 1579 520 unigeniti
1597 483 1660 511 Filii
1676 483 1816 517 Dei,sem-

988 536 1040 563 per
1054 528 1196 556 imitatur.
1213 529 1349 557 Imitatur
1364 529 1507 564 dixit,non
1523 530 1670 565 operatur,
1686 528 1755 563 quia
1771 536 1814 556 rc-

988 581 1103 609 surgens
1117 581 1152 601 ea:
1165 575 1283 602 mortuis
1292 574 1352 610 jam
1367 581 1423 602 non
1438 575 1569 607 moritur,
1584 581 1660 601 morr
1675 573 1721 601 illi
1738 574 1815 601 ultra

988 625 1044 646 non
1067 618 1260 646 dominabitur
1282 620 1371 653 (Rom.
1387 619 1437 654 v1).
1453 620 1524 646 Caro
1545 626 1614 654 ergo
1629 620 1657 646 et
1680 617 1812 653 sanguis,

989 662 1097 698 quibus
1113 664 1149 690 ad
1165 663 1381 699 impetrandam
1396 672 1447 699 pro
1463 663 1589 699 peccatis
1605 662 1714 690 nostris
1730 662 1817 689 mise-

989 707 1145 735 ricordiam
1162 707 1292 743 quotidie
1308 708 1427 741 alimur,
1443 707 1551 736 Christi
1576 715 1683 743 corpus
1702 708 1731 734 et
1746 714 1815 734 san-

989 751 1055 788 guis
1069 755 1282 787 vocantur,non
1299 753 1394 781 solum
1406 752 1476 788 quia
1484 751 1681 780 essentialiter
1690 751 1720 779 id
1734 753 1815 784 sunt,

989 796 1183 833 qualitatibus
1199 797 1325 825 multum
1336 797 1549 833 discrepantes,
1561 804 1661 824 verum
1677 796 1765 824 etiam
1781 803 1815 823 eo

987 832 1145 870 1ocutionis
1161 842 1257 876 modo,
1274 850 1329 877 quo
1344 850 1391 870 res
1407 832 1577 877 signiﬁcans
1593 841 1763 877 signiﬁcata!
1774 840 1816 868 rei

989 886 1131 915 vocabulo
1147 886 1222 914 solet
1236 886 1472 922 nuncupari.Nec
1483 886 1564 922 justo
1579 885 1737 921 quisquam
1754 893 1816 912 mo-

988 931 1113 964 vebitur,
1131 931 1155 959 si
1170 931 1273 958 eadem
1289 939 1366 965 caro,
1382 931 1518 966 idemque
1541 930 1664 966 sanguis
1679 929 1725 958 sui
1739 929 1816 965 ipso-

989 984 1055 1003 rum
1081 978 1264 1003 sacramenta
1288 976 1423 1010 existant,
1440 975 1603 1003 secundum
1628 974 1707 1002 aliud
1727 975 1816 1009 atque

990 1020 1069 1048 aliud
1086 1022 1284 1056 accepta,cum
1301 1019 1364 1056 ipse
1378 1020 1522 1048 Dominus
1536 1021 1622 1047 Jesus
1636 1020 1703 1055 post
1717 1026 1817 1046 resur-

990 1065 1149 1093 rectionem
1167 1073 1252 1093 suam
1277 1065 1322 1093 sui
1338 1064 1434 1100 ipsius
1458 1064 1574 1092 diversa
1588 1067 1754 1100 temporum
1772 1071 1818 1090 ra-

989 1111 1079 1143 tione,
1095 1112 1196 1146 typum
1212 1110 1347 1146 gesserit,
1363 1111 1392 1137 et
1415 1109 1551 1145 ﬁguram.
1566 1110 1717 1144 Apparcns
1736 1108 1815 1136 enim

990 1155 1107 1183 duobus
1130 1155 1285 1190 discipulis
1309 1155 1483 1189 locutusque
1506 1153 1549 1181 eis
1573 1155 1718 1189 quantum
1743 1152 1817 1180 satis

990 1207 1054 1227 esse
1066 1199 1221 1234 judicavit,
1237 1199 1308 1226 dum
1326 1198 1410 1226 ﬁnxit
1424 1206 1455 1226 se
1472 1197 1589 1233 longius
1604 1197 1737 1231 ire,sicut
1751 1197 1817 1225 bea-

989 1246 1038 1271 tus
1054 1243 1238 1279 Augustinus
1262 1243 1333 1271 dicit
1359 1242 1536 1279 signiﬁcavit
1558 1249 1590 1269 se
1616 1244 1684 1277 post
1707 1250 1816 1278 paucos

990 1288 1053 1316 dies
1068 1288 1096 1315 in
1113 1287 1219 1316 caelum
1235 1294 1438 1315 escensurum.
1455 1287 1537 1319 Quod
1554 1286 1610 1314 iter
1625 1286 1710 1321 longe
1725 1293 1817 1313 remo-

990 1336 1053 1361 tum
1067 1335 1112 1361 est
1127 1342 1144 1360 ει
1156 1332 1307 1360 communi
1332 1331 1487 1359 hominum
1503 1330 1572 1364 vita,
1587 1339 1651 1366 qua:
1676 1329 1750 1366 ipsis
1774 1332 1818 1357 est

991 1378 1107 1405 duobus
1122 1376 1277 1413 discipulis
1292 1375 1512 1404 evidentissima
1527 1375 1663 1410 ﬁgurata.
1680 1374 1815 1402 Christus

991 1430 1059 1459 ergo
1073 1422 1182 1450 Christi
1197 1424 1241 1450 est
1264 1423 1479 1449 sacramentum
1496 1419 1614 1455 longius
1628 1418 1761 1446 videlicet
1775 1418 1817 1445 ire

991 1474 1021 1494 se
1036 1466 1152 1502 ﬁngens
1166 1465 1284 1502 longius
1298 1472 1353 1493 suo
1368 1467 1500 1500 tempore
1516 1463 1704 1491 ascendentis
1718 1462 1749 1489 in
1765 1470 1818 1489 cm-

989 1510 1051 1538 lum
1068 1511 1143 1546 (Luc.
1159 1510 1236 1546 xxxv)
1252 1518 1259 1537 :
1275 1509 1354 1537 idem
1369 1509 1513 1544 ejusdem,
1530 1516 1582 1536 nec
1597 1510 1696 1535 tamen
1712 1515 1817 1542 usque-

991 1563 1108 1592 quaque
1130 1555 1275 1591 ejusdem.
1290 1554 1384 1582 Verus
1412 1560 1541 1589 namque
1569 1552 1658 1585 Deus,
1674 1553 1703 1579 et
1730 1559 1817 1580 verus

991 1601 1090 1633 homo,
1105 1602 1135 1628 et
1149 1600 1263 1636 ﬁngens
1279 1601 1308 1627 et
1322 1598 1495 1627 ascendens.
1511 1597 1722 1625 Verumtamen
1738 1595 1818 1624 aliud

991 1648 1036 1674 est
1050 1646 1223 1681 ﬁgmentum
1238 1643 1347 1672 terreni
1361 1642 1488 1676 itineris,
1504 1642 1584 1670 aliud
1601 1641 1631 1669 in
1647 1641 1754 1669 caelum
1769 1648 1817 1668 as-

992 1690 1143 1719 cendentis
1166 1689 1286 1718 veritas.
1312 1690 1370 1717 Nec
1393 1687 1501 1723 aliquis
1525 1687 1567 1714 ita
1594 1685 1765 1722 desipuerit,
1786 1686 1819 1712 ut

991 1737 1146 1772 propterea
1171 1734 1317 1770 abnegare
1341 1733 1502 1769 praesumat
1525 1731 1685 1767 ﬁngentem
1705 1738 1737 1758 se
1752 1729 1816 1758 lon-

991 1780 1057 1816 gius
1072 1779 1125 1813 ire,
1141 1787 1206 1807 esse
1216 1786 1318 1806 verum
1331 1777 1494 1810 Christum,
1510 1776 1579 1811 quia
1594 1776 1735 1812 ﬁgmento
1751 1774 1815 1802 lon-

991 1824 1081 1861 gioris
1105 1823 1219 1852 itineris
1242 1822 1420 1859 signiﬁcavit
1451 1829 1553 1848 verum
1589 1820 1738 1848 Christum
1768 1827 1815 1847 as-

991 1877 1149 1897 censurum
1164 1868 1194 1896 in
1217 1867 1332 1895 caelum.
1349 1868 1439 1894 Porro
1463 1866 1680 1893 sacramentum
1702 1863 1768 1891 ﬁdei
1786 1863 1816 1891 in

990 1914 1055 1951 ipsa
1082 1914 1118 1941 ad
1143 1912 1324 1941 Bonifacium
1350 1910 1475 1947 epistola
1499 1910 1603 1938 beatus
1632 1908 1818 1945 Augustinus

991 1959 1171 1996 baptismum
1186 1959 1269 1986 vocat
1292 1956 1340 1993 (ad
1363 1956 1541 1992 Boni/"nciam
1554 1955 1636 1990 epist.
1651 1954 1708 1990 23).
1725 1953 1816 1981 Verus

991 2006 1089 2032 autem
1099 2002 1264 2039 baptismus
1284 2003 1399 2029 constat
1409 2008 1467 2028 non
1482 2002 1542 2027 tam
1554 1999 1703 2026 ablatione
1713 2005 1816 2033 corpo-

990 2048 1031 2077 ris
1045 2055 1135 2084 quam
1159 2047 1216 2075 ﬁde
1240 2046 1336 2074 cordis
1353 2054 1360 2073 :
1378 2043 1627 2081 quemadmodum
1655 2041 1817 2078 apostolica

990 2092 1122 2120 doctrina
1131 2090 1221 2119 tradit
1230 2090 1331 2118 dicens
1343 2097 1349 2117 :
1364 2088 1432 2117 Fide
1443 2088 1590 2116 mundans
1600 2086 1689 2114 corda
1699 2093 1814 2114 eorum.

990 2137 1024 2165 Et
1038 2136 1109 2164 alibi
1126 2145 1132 2164 ε
1149 2135 1251 2164 Salvos
1266 2134 1335 2162 facit
1349 2133 1570 2169 baptisma,non
1587 2131 1685 2160 carnis
1699 2130 1816 2166 deposi-

989 2181 1029 2209 tio
1046 2180 1189 2214 sordium,
1205 2180 1256 2208 sed
1272 2178 1457 2207 conscientiae
1473 2177 1555 2205 bonis
1573 2175 1765 2212 interrogatio
1780 2175 1817 2203 ad

106 2221 255 2255 formavit,
271 2224 337 2257 post
353 2222 604 2251 consecrationem
620 2231 687 2251 vero
704 2232 820 2252 carnem
835 2224 933 2252 Chris-
948 2230 973 2263 Β
987 2225 1218 2260 Deum,alterum
1229 2226 1329 2252 tamen
1339 2223 1524 2260 signiﬁcatur
1535 2231 1586 2258 per
1596 2220 1814 2249 alterum.Nam

104 2265 140 2298 ti,
151 2268 181 2293 et
196 2266 373 2302 sanguinem
389 2268 545 2303 esse,quod
561 2268 724 2296 benedictio
741 2269 930 2297 consecravit.

107 2311 332 2339 Sacramentum
358 2319 426 2348 ergo
451 2313 582 2348 corporis
606 2313 712 2341 Christi
740 2315 883 2349 quantum
899 2314 934 2341 ad

108 2354 139 2382 id
155 2358 278 2391 spectat,
295 2357 373 2391 quod
389 2357 418 2384 in
435 2365 521 2384 cruce
546 2358 717 2385 immolatus
732 2361 786 2392 est,
803 2359 866 2394 ipse
881 2360 935 2386 Do-

109 2399 211 2428 minus
225 2400 313 2428 Jesus
327 2400 473 2429 Christus.
490 2402 561 2429 Caro
577 2402 641 2437 ejus
657 2404 711 2436 est,
729 2411 816 2438 quam
842 2403 936 2430 forma

108 2444 196 2480 panis
211 2447 342 2481 opertam
355 2446 516 2481 accipimus
525 2446 553 2473 in
566 2449 760 2480 sacramento,
771 2449 799 2475 et
814 2447 935 2484 sanguis

109 2489 174 2524 ejus
189 2497 274 2525 quem
283 2490 340 2517 sub
351 2490 409 2517 vini
422 2491 518 2526 specie
527 2499 559 2518 ac
581 2500 684 2527 sapore
696 2494 851 2527 potamus:
868 2500 935 2520 caro

107 2532 244 2561 videlicet
253 2534 394 2568 carnis,et
404 2535 525 2570 sanguis
536 2538 753 2563 sacramentum
765 2538 808 2563 est
815 2537 935 2573 sangui-

110 2578 169 2606 nis.
185 2579 278 2606 Carne
292 2580 320 2606 et
335 2579 478 2615 sanguine
493 2585 618 2615 utroque
633 2580 783 2614 invisibili,
800 2580 936 2617 intelligi-

108 2621 174 2658 bili,
189 2622 336 2658 spirituali
351 2624 537 2660 signiﬁcatur
559 2633 664 2660 corpus
689 2625 804 2653 visibile
819 2626 935 2654 Domini

108 2666 204 2695 nostri
215 2669 244 2695 et
254 2666 534 2704 palpabile,plenum
546 2669 676 2697 omnium
684 2670 934 2705 gratiavirtulum,

108 2710 248 2740 etdivina
257 2712 553 2747 majestate.0uorum
564 2713 688 2741 alterum
698 2715 767 2741 dum
778 2714 933 2751 frangitur,

107 2757 138 2784 et
149 2755 178 2784 in
191 2756 294 2792 populi
302 2756 428 2785 salutem
439 2757 720 2791 dividitur,alterum
733 2767 798 2788 vero
809 2759 934 2788 eﬁusum

109 2800 147 2829 de
160 2800 252 2829 calice
263 2800 299 2829 ab
308 2808 358 2829 ore
368 2801 499 2829 ﬁdelium
508 2801 730 2838 sumitur,mors
744 2803 768 2838 ej
774 2811 809 2832 ue
823 2804 853 2831 in
868 2811 933 2832 cru-

993 2280 1044 2308 per
1058 2270 1238 2299 ablutionem
1252 2277 1311 2305 qua
1325 2267 1439 2304 corpori
1454 2267 1634 2295 extrinsecus
1650 2265 1817 2299 adhibetur,

990 2315 1126 2352 purgatio
1137 2314 1242 2342 anima
1252 2313 1528 2349 exprimitur,quum
1538 2311 1610 2339 ﬁdes
1620 2310 1742 2338 interior
1751 2317 1818 2345 ope-

990 2363 1082 2395 ratur,
1098 2361 1277 2394 vocaturque
1292 2358 1365 2386 ﬁdes
1381 2356 1558 2393 baptismus,
1575 2356 1736 2384 secundum
1751 2361 1815 2382 eam

991 2404 1148 2432 locutionis
1164 2403 1300 2439 ﬁguram,
1318 2410 1376 2438 qua
1391 2402 1564 2437 mysterium
1580 2400 1644 2436 ejus
1662 2399 1713 2433 rei,
1729 2400 1815 2434 cujus

990 2448 1164 2484 mysterium
1174 2446 1347 2482 est,censeri
1358 2445 1476 2474 nomine
1492 2444 1650 2473 consuevit.
1663 2444 1759 2479 Hujus
1775 2442 1818 2471 rei

990 2501 1079 2521 causa
1094 2494 1139 2520 est
1152 2491 1328 2525 similitudo,
1344 2499 1433 2526 quam
1449 2490 1478 2517 in
1495 2490 1679 2517 sacramento
1695 2490 1723 2516 et
1739 2487 1769 2515 in
1785 2494 1816 2515 re

991 2536 1169 2565 sacramenti
1181 2536 1302 2572 reperiri
1314 2543 1430 2570 semper
1441 2542 1560 2562 necesse
1570 2533 1705 2568 est,sicut
1718 2532 1749 2560 in
1765 2532 1816 2559 ba-

990 2582 1100 2617 ptismo
1116 2581 1187 2609 etin
1204 2581 1261 2608 ﬁde
1273 2589 1280 2614 ;
1293 2582 1451 2615 utrumque
1460 2579 1538 2607 enim
1554 2578 1816 2614 lavat,purgat,pu-

989 2625 1095 2659 riﬁcat,
1117 2625 1190 2652 illud
1216 2632 1345 2658 carnem,
1371 2624 1449 2652 istud
1473 2625 1613 2651 mentem.
1641 2622 1723 2650 Sicut
1747 2627 1815 2655 ergo

990 2669 1119 2698 caelestis
1135 2669 1286 2706 panis,qui
1301 2676 1367 2697 vere
1382 2668 1490 2696 Christi
1505 2676 1573 2696 caro
1587 2669 1642 2700 est,
1659 2674 1711 2694 suo
1727 2664 1814 2692 modo

989 2719 1110 2744 vocatur
1121 2724 1226 2752 corpus
1235 2714 1353 2750 Christi,
1363 2723 1428 2743 cum
1440 2722 1540 2743 revera
1547 2714 1586 2742 sit
1595 2713 1814 2741 sacramentum

989 2760 1121 2797 corporis
1136 2760 1256 2793 Christi,
1271 2759 1351 2788 illius
1365 2759 1499 2787 videlicet
1513 2757 1590 2793 quod
1613 2755 1737 2792 visibile,
1753 2756 1816 2793 pal-

989 2805 1097 2841 pabile,
1115 2804 1251 2839 mortale,
1267 2804 1298 2832 in
1323 2811 1408 2831 cruce
1432 2803 1561 2838 positum
1574 2803 1620 2830 est
1638 2803 1816 2836 vocaturque
