3970 6058
348 174 451 235 155

1419 184 1487 235 D.
1529 180 1769 235 IVONIS
1805 175 2307 232 CARNOTENSIS
2343 178 2666 232 EPISCOPI

3651 176 3774 235 156

342 301 474 372 ipsa
504 301 698 356 carnis
730 300 1213 375 immolatio,quaa
1245 304 1565 361 sacerdotis
1595 303 1869 359 manibus
1900 300 1985 374 ﬁt,
2015 300 2071 367 Α
2102 298 2169 355 Et
2198 315 2542 372 corporeum
2566 300 2712 357 illud
2744 317 2963 357 manna
2992 301 3166 358 hodie
3197 301 3494 375 plerisque
3523 304 3584 361 in
3617 305 3772 363 locis

342 389 555 445 Christi
590 391 1327 462 passio,mors,cruciﬁxio,
1359 411 1474 450 non
1507 393 1591 450 rei
1620 391 1993 460 veritate,sed

342 479 705 551 signiﬁcanti
738 482 1037 552 mysterio,
1072 482 1156 537 sic
1186 489 1622 540 sacramentum
1671 483 1809 539 ﬁdei
1839 481 1996 552 quod

341 570 641 641 baptisma
670 569 965 641 intelligit,
1001 570 1146 626 ﬁdes
1176 576 1284 626 est.
1339 573 1450 642 (De
1478 577 1672 642 const.,
1704 572 1828 627 dist.
1859 572 1914 637 2,
1946 585 1993 625 c.

340 658 518 715 Semel
546 663 597 713 et
631 659 726 713 lib.
762 676 818 714 ιν
846 659 1090 715 Sentent.
1122 659 1247 715 dist.
1284 662 1372 727 12,
1407 661 1434 733 ἕ
1471 662 1546 733 g).
1576 660 1769 717 Semel
1798 662 1998 714 immo'

341 746 496 803 latus
528 752 615 803 est
645 748 913 804 Christus
945 748 1004 803 in
1037 750 1379 821 semetipso,
1414 755 1469 805 et
1509 756 1705 807 tamen
1737 749 1998 822 quotidie

342 835 687 891 immolatur
714 836 775 891 in
806 842 1196 906 sacramento,
1229 840 1385 909 quod
1419 839 1500 895 ita
1550 839 2003 911 intelligendum

340 929 450 993 est,
484 925 623 997 quia
672 925 1147 983 manifestatione
1195 928 1288 984 sui
1333 928 1593 1001 corporis
1643 929 1703 985 in
1753 928 1998 984 distinc-

338 1015 495 1068 tione
525 1013 926 1070 membrorum
959 1032 1205 1073 suorum
1239 1019 1530 1087 omnium,
1552 1035 1726 1074 verus
1760 1023 1911 1073 Deus
1943 1006 2000 1073 ot

336 1118 508 1157 verus
567 1102 764 1172 homo,
817 1104 995 1160 semel
1054 1110 1285 1162 tantum
1344 1107 1403 1163 in
1463 1124 1635 1164 cruce
1694 1108 1999 1179 pependit’

338 1192 586 1248 offerens
615 1192 775 1248 Patri
806 1195 1070 1266 seipsum
1102 1195 1357 1251 hostiam
1388 1196 1604 1265 vivam,
1632 1195 1996 1269 passibilem,

338 1280 669 1348 mortalem,
721 1283 985 1338 vivorum
1038 1287 1095 1338 et
1146 1289 1513 1341 mortuorum
1569 1285 1998 1356 redemptionis

338 1370 657 1441 efﬁcacem,
690 1387 893 1426 eorum
927 1372 1150 1429 scilicet
1200 1390 1347 1445 quos
1380 1373 1625 1430 altitudo
1658 1374 1837 1429 divini
1868 1391 2000 1430 con-

340 1458 456 1515 silii
507 1460 884 1517 redimendos
928 1462 1239 1533 judicavit,
1294 1464 1746 1535 praedestinavit,
1777 1462 2001 1519 vocavit

341 1546 532 1603 modis
564 1552 741 1619 atque
773 1550 1161 1620 temporibus,
1206 1551 1424 1623 quibus
1456 1551 1513 1606 id
1560 1552 1684 1607 ﬁeri
1714 1568 1997 1623 congrue-

339 1636 461 1692 bat.
513 1638 776 1698 Quonam
829 1639 1001 1695 modo
1034 1641 1203 1698 nanis
1253 1641 1547 1697 efﬁciatur
1577 1659 1734 1698 caro.
1764 1642 1996 1697 vinum-

513 1638 776 1703 Quonam
829 1639 1001 1695 modo
1033 1641 1203 1711 panis
1253 1641 1547 1697 efﬁciatur
1577 1659 1734 1713 caro,
1764 1642 1996 1697 vinum-
2024 1674 2072 1740 Β
2110 1640 2460 1711 sanguinem
2492 1657 2667 1711 quem
2701 1658 2803 1711 per
2832 1640 3124 1697 insaniam
3157 1641 3457 1711 fuderunt,
3499 1657 3599 1711 per
3629 1657 3769 1713 gra-

513 1732 885 1783 convertatur
921 1728 981 1783 in
1038 1730 1407 1798 sanguinem,
1442 1732 1754 1798 utriusque
1801 1748 1995 1787 essen-
2051 1748 2057 1753 ’
2104 1728 2246 1784 tiam
2281 1729 2574 1785 biberunt.
2608 1734 2746 1785 Item
2795 1732 2855 1785 in
2886 1729 3119 1786 homilia
3162 1732 3362 1798 psalmi
3389 1747 3587 1786 xxvm.
3621 1730 3769 1785 Sus-

340 1741 454 1797 que
504 1732 885 1783 convertatur
921 1728 981 1783 in
1038 1730 1407 1803 sanguinem,
1442 1732 1754 1803 utriusque
1801 1748 1995 1787 essen-

339 1814 559 1872 tialiter
590 1820 821 1873 mutata
851 1823 1082 1888 natura,
1116 1820 1203 1875 vel
1250 1824 1448 1876 utrum
1482 1822 1537 1877 in
1571 1837 1872 1877 secessum
1902 1837 1997 1876 va-

340 1906 484 1960 dant
516 1922 678 1963 more
711 1907 976 1963 ciborum
1001 1910 1428 1977 communium,
1448 1911 1634 1982 justus
1664 1910 1765 1982 qui
1796 1927 1865 1965 ea:
1892 1910 1996 1980 ﬁde

332 1994 477 2049 .vivit
507 1994 808 2065 (Habacuc.
845 1997 931 2067 ιι),
967 1998 1218 2054 scrutari
1249 2000 1633 2071 argumentis,
1654 2004 1712 2054 et
1736 1998 1996 2069 concipe-

330 2099 404 2138 .re
452 2083 680 2140 ratione
736 2102 853 2141 non
911 2088 1137 2158 quaerit.
1173 2088 1393 2144 Mavult
1447 2089 1603 2145 enim
1662 2088 1996 2144 ccelestibus

342 2172 640 2244 mysteriis
666 2191 824 2230 nunc
854 2174 1027 2231 ﬁdem
1057 2176 1359 2246 adhibere,
1392 2181 1456 2232 ut
1487 2177 1557 2233 ad
1592 2176 1726 2231 ﬁdei
1758 2175 1996 2247 praemia

342 2261 533 2319 valeat
561 2264 913 2335 quandoque
937 2265 1441 2337 pervenire,quam
1476 2266 1535 2321 in
1567 2265 1662 2321 his
1685 2282 1812 2337 qua:
1845 2281 1999 2321 com-

344 2350 629 2422 prehendi
660 2369 773 2407 non
808 2357 1076 2423 possunt,
1108 2370 1464 2425 supervacue
1494 2354 1781 2421 laborare,
1803 2353 1997 2411 sciens

344 2440 630 2511 scriptum
666 2456 679 2494 :
709 2441 921 2497 Altiora
969 2446 1021 2498 te
1050 2458 1118 2498 ne
1163 2445 1474 2515 quaesieris,
1508 2452 1560 2499 et
1585 2445 1818 2515 fortiora
1852 2452 1900 2498 te
1930 2458 1998 2498 ne

339 2536 622 2585 scrutatus
648 2531 846 2601 fueris,
877 2532 971 2587 sed
1001 2548 1123 2602 quae
1150 2534 1414 2603 praecepit
1446 2534 1546 2588 tibi
1578 2538 1745 2601 Deus,
1780 2532 1889 2588 illa
1917 2547 2001 2588 co-

340 2618 457 2689 gita
485 2635 719 2690 semper,
751 2628 801 2675 et
852 2621 909 2674 in
937 2620 1192 2691 pluribus
1238 2622 1493 2691 operibus
1539 2623 1657 2692 eius
1697 2638 1768 2677 ne
1819 2621 1999 2694 fueris

340 2709 590 2763 curiosus
621 2708 810 2773 (Eccli.
844 2710 947 2780 ιιι).
980 2710 1036 2763 Si
1069 2709 1366 2765 credimus
1396 2726 1530 2765 vero
1562 2709 1999 2781 salubriterque

344 2797 691 2852 manducari
740 2797 799 2852 in
832 2797 1005 2854 terris
1036 2815 1071 2854 a
1099 2798 1274 2870 digne
1323 2798 1785 2870 percipientibus
1816 2798 2001 2854 domi-

342 2900 486 2940 num
515 2884 719 2943 Jesum
745 2886 1070 2953 Christum,
1104 2892 1169 2942 ut
1196 2886 1518 2943 certissime
1550 2891 1858 2943 teneamus
1890 2886 1999 2941 exi-

337 2978 492 3031 stere
549 2974 719 3031 illum
781 2975 841 3030 in
902 2975 1239 3032 ccslestibus
1300 2976 1728 3048 incorruptum.
1781 2976 2000 3047 Ineptis

2108 389 2451 446 invenitur:
2504 392 2605 446 sed
2660 408 2816 447 nunc
2858 408 2975 447 non
3019 395 3110 447 est
3154 392 3303 447 tanti
3349 410 3443 449 res
3491 395 3771 451 miraculi

2108 478 2248 545 quia
2290 478 2447 534 venit
2498 481 2654 551 quod
2712 480 3038 552 perfectum
3073 484 3184 547 est,
3216 482 3536 552 perfectum
3568 488 3769 542 autem

2110 568 2279 639 panis
2310 569 2379 623 de
2410 567 2795 641 cmlo,corpus
2825 586 2893 624 ex
2922 568 3258 640 Virgine,de
3275 586 3394 642 quo
3433 572 3576 629 satis
3607 574 3768 629 Evan

2108 656 2327 729 gelium
2360 664 2415 713 te
2459 660 2628 714 docet
2658 664 2877 730 quanto
2908 659 3317 730 praestantiora
3346 659 3467 716 haec
3498 662 3770 733 superio-

2110 746 2293 801 ribus.
2326 746 2459 801 Item
2506 750 2562 802 in
2596 748 2826 803 homilia
2854 748 3152 804 undecima
3180 750 3388 820 psalmi
3415 768 3591 807 iurqu
3620 767 3633 806 :
3666 752 3777 807 Ac-

2110 839 2417 891 cesserunt
2442 835 2629 892 Judaei
2661 841 2727 892 ut
2754 836 3051 892 Christum
3093 838 3520 911 cruciﬁgerent,
3554 857 3660 897 nos
3692 841 3768 896 ad

2109 940 2246 979 eum
2278 925 2723 992 accedamus,ut
2752 942 2964 996 corpus
2997 930 3053 982 et
3082 927 3428 999 sanguinem
3460 930 3590 1000 ejus
3621 929 3775 985 acci-

2113 1014 2463 1085 piamus.Illi
2496 1016 2566 1071 de
2598 1015 2871 1072 cruciﬁxo
2892 1016 3181 1073 tenebrati
3213 1022 3487 1088 sunt,nos
3519 1019 3772 1075 mandu-

2113 1103 2299 1159 cando
2331 1104 2676 1159 cruciﬁxum
2709 1109 2766 1160 et
2796 1105 3048 1162 bibendo
3090 1105 3520 1162 illuminamur.
3550 1109 3616 1163 Et
3640 1118 3775 1179 post

2106 1209 2288 1263 pauca
2317 1210 2336 1247 :
2367 1196 2512 1249 Vere
2543 1210 2794 1266 magnus
2825 1194 3004 1261 Deus,
3032 1199 3089 1250 et
3120 1205 3335 1267 magna
3366 1196 3776 1253 misericordia

2110 1283 2400 1353 ejus,vere
2430 1283 2530 1353 qui
2565 1283 2733 1339 nobis
2757 1284 2917 1339 dedit
2934 1284 3293 1340 manducare
3314 1301 3532 1358 corpus
3566 1302 3772 1357 suum,

2111 1371 2169 1426 in
2202 1388 2317 1442 quo
2366 1376 2532 1427 tanta
2588 1389 2904 1443 perpessus
2952 1377 3059 1441 est,
3091 1378 3148 1429 et
3193 1375 3543 1447 sanguinem
3592 1391 3773 1431 suum

2108 1461 2466 1516 bibereJtem
2496 1462 2556 1516 in
2587 1462 2813 1517 homilia
2841 1462 3047 1534 psalmi
3075 1480 3176 1518 va
3210 1480 3223 1518 :
3251 1463 3421 1519 Modo
3454 1462 3775 1519 homicidia

2110 1551 2364 1606 donatus
2424 1555 2513 1607 est
2564 1551 2732 1606 fusus
2766 1551 3012 1623 sanguis
3063 1552 3414 1620 innocentis,
3446 1557 3504 1608 et
3562 1553 3770 1624 ipsum

2110 1640 2460 1711 sanguinem
2492 1657 2667 1711 quem
2701 1658 2803 1711 per
2832 1640 3124 1697 insaniam
3157 1641 3457 1711 fuderunt,
3499 1657 3599 1711 per
3629 1657 3776 1713 gra-

2103 1818 2255 1890 cepit
2300 1818 2568 1874 Christus
2598 1820 2670 1874 de
2703 1824 2859 1874 terra
2891 1824 3130 1888 terram,
3165 1821 3306 1891 quia
3335 1837 3469 1875 caro
3500 1820 3571 1875 de
3608 1823 3774 1876 terra

2104 1909 2293 1975 est,de
2324 1923 2496 1963 carne
2528 1908 2723 1964 Maria.-
2741 1908 2989 1980 virginis
3021 1925 3258 1964 carnem
3291 1909 3596 1981 accepit,et
3627 1907 3776 1980 quia

2103 1996 2163 2050 in
2194 1996 2322 2067 ipsa
2350 2013 2523 2052 carne
2570 1996 2663 2051 hic
2693 1997 3036 2065 ambulavit,
3072 2003 3133 2053 et
3183 1998 3375 2069 ipsam
3425 2014 3662 2053 carnem
3689 1997 3765 2053 ad

2105 2086 2582 2141 manducandum
2638 2086 2711 2140 ad
2767 2085 3020 2142 salutem
3092 2086 3276 2155 dedit,
3334 2103 3507 2143 nemo
3565 2091 3767 2143 autem

2105 2172 2263 2227 illam
2321 2189 2559 2228 carnem
2610 2174 2953 2243 manducat,
3004 2175 3118 2231 nisi
3184 2175 3356 2247 prius
3415 2176 3767 2232 adoraverit-

2114 2264 2243 2318 Item
2279 2265 2339 2317 in
2362 2262 2556 2318 eadem
2587 2264 2684 2334 (De
2713 2279 2885 2331 cons.,
2919 2263 3052 2319 dist.
3082 2267 3139 2332 2,
3170 2281 3216 2319 c.
3251 2266 3367 2320 Non
3400 2264 3499 2319 hoc
3526 2263 3769 2336 corpus).

2106 2353 2231 2410 Non
2264 2353 2373 2407 hoc
2403 2369 2617 2423 corpus
2650 2353 2805 2424 quod
2837 2353 3048 2408 videtis
3083 2352 3495 2409 manducaturi
3526 2353 3777 2420 estis,et

2106 2441 2347 2497 bibituri
2378 2440 2545 2497 illum
2578 2440 2926 2513 sanguinem
2952 2458 3127 2513 quem
3159 2440 3349 2497 fusuri
3371 2445 3512 2496 sunt
3543 2440 3645 2512 qui
3670 2456 3770 2497 me

2108 2531 2473 2603 cruciﬁgent,
2526 2531 2724 2602 ipsum
2776 2531 3015 2602 quidem
3049 2536 3108 2586 et
3156 2548 3270 2587 non
3306 2530 3528 2602 ipsum,
3557 2529 3760 2601 ipsum

2108 2619 2501 2691 invisibiliter,
2536 2637 2650 2676 non
2681 2619 2878 2692 ipsum
2909 2619 3237 2676 visibiliter.
3276 2620 3424 2677 Unde
3460 2618 3717 2675 subditur
3750 2635 3771 2674 :

2107 2710 2179 2765 Et
2207 2710 2257 2765 si
2286 2726 2524 2767 necesse
2554 2714 2644 2766 est
2673 2708 2818 2764 illud
2843 2708 3156 2765 visibiliter
3186 2709 3486 2778 celebrari,
3522 2723 3765 2765 necesse

2110 2803 2198 2853 est
2227 2803 2425 2854 tamen
2454 2797 2829 2854 invisibiliter
2857 2797 3125 2869 intelligi.
3159 2802 3226 2853 In
3253 2814 3505 2854 sermone
3532 2796 3605 2852 ad
3634 2812 3770 2852 neo-

2106 2886 2324 2958 phytos.
2374 2890 2495 2942 Hoc
2553 2886 2795 2958 accipite
2851 2887 2910 2941 in
2963 2903 3133 2957 pane,
3167 2888 3323 2958 quod
3375 2886 3653 2959 pependit
3704 2885 3768 2941 in

2113 2991 2315 3042 cruce;
2350 2980 2407 3030 et
2427 2978 2533 3030 hoc
2550 2976 2797 3047 accipite
2827 2975 2887 3030 in
2903 2974 3269 3047 calice,quod
3301 2976 3559 3032 eﬂusum
3581 2978 3670 3031 est
3698 2975 3774 3029 de

338 3064 519 3130 enim,
558 3062 609 3118 si
641 3062 803 3119 dicas
837 3068 1146 3135 propterea
1194 3036 1577 3136 Sareptanam
1610 3064 1847 3119 viduam
1880 3036 1997 3119 non
2031 3036 2074 3103 (ἶ
2111 3036 2323 3119 Christi
2352 3036 2848 3119 latere.Erit.enim
2880 3063 2966 3119 illi
3000 3036 3159 3121 mors
3187 3082 3304 3121 nou
3334 3064 3579 3136 vita,qui
3611 3064 3767 3120 aesti-

339 3150 604 3223 potuisse
635 3152 939 3208 comedere
972 3151 1188 3221 oleum,
1222 3168 1338 3223 quo
1371 3152 1583 3223 plenus
1599 3156 1724 3208 erat
1750 3152 2000 3225 lychnus

342 3256 506 3309 suus,
540 3241 680 3312 quia
711 3257 878 3296 sacra
908 3246 1163 3297 testante
1191 3241 1439 3297 historia
1470 3240 1718 3313 lychnus
1749 3241 1860 3297 olei
1892 3242 2001 3296 im-

340 3330 609 3385 minutus
668 3346 784 3385 non
841 3334 949 3396 est,
986 3346 1119 3385 cum
1172 3331 1376 3386 eadem
1435 3330 1747 3403 Scriptura
1794 3331 1997 3388 dicat:

339 3418 487 3473 Abiit
510 3421 562 3472 et
589 3419 719 3488 fecit
740 3418 909 3489 juxta
936 3418 1159 3474 verbum
1192 3418 1395 3487 Heliae,
1426 3427 1479 3475 et
1522 3419 1758 3476 comedit
1803 3422 1918 3491 ipse
1945 3410 2001 3476 et

338 3505 466 3571 illa,
515 3513 568 3561 et
614 3505 805 3561 domus
850 3508 971 3579 ejus
1015 3508 1116 3579 (III
1159 3510 1286 3578 Reg.
1339 3509 1500 3579 xvu).
1549 3508 1674 3565 Non
1723 3501 2001 3565 dissimili

338 3593 602 3665 gravaris
632 3596 921 3663 vecordia,
955 3597 1004 3652 si
1033 3597 1250 3653 idcirco
1284 3598 1547 3653 moliaris
1582 3603 1865 3667 astruere,
1884 3616 2000 3654 non

338 3698 512 3754 posse
542 3684 613 3739 ab
646 3684 903 3740 Ecclesia
932 3686 1085 3741 sumi
1116 3702 1347 3742 carnem
1395 3690 1453 3743 et
1500 3686 1851 3760 sanguinem
1886 3688 1997 3743 Re-

340 3772 834 3844 demptoris,quia
866 3774 1173 3846 Apostolus
1205 3775 1383 3830 dicit:
1421 3776 1676 3830 Christus
1706 3780 2001 3845 resurgen‘

341 3879 414 3918 ea:
436 3864 670 3918 mortuis
690 3863 816 3933 jam
844 3879 954 3918 non
997 3866 1257 3931 moritur,
1290 3879 1437 3919 mors
1468 3865 1561 3918 illi
1589 3865 1735 3920 ultra
1768 3881 1877 3921 non
1905 3865 1998 3921 do-

337 3952 647 4008 minabitur
672 3952 852 4020 (Rom.
885 3954 984 4021 v1).
1016 3951 1311 4023 Corporali
1345 3951 1582 4022 quidem
1616 3969 1716 4007 ore
1748 3954 1995 4009 mandu-

340 4057 547 4097 camus
575 4046 632 4097 et
661 4041 941 4109 bibimus,
976 4041 1206 4113 quoties
1237 4040 1308 4095 de
1337 4039 1506 4096 altari
1559 4040 1880 4113 Dominico,
1907 4042 1993 4115 ip-

331 4147 479 4197 ,sum
536 4131 910 4186 Dominicum
959 4147 1171 4204 corpus
1224 4147 1327 4203 per
1377 4146 1618 4185 manum
1678 4132 1997 4189 sacerdotis

339 4218 683 4291 accipimus.
716 4220 1016 4291 Spirituali
1068 4236 1203 4276 vero
1235 4236 1334 4276 ore
1381 4220 1574 4276 cordis
1606 4218 1994 4291 spiritualiter

339 4308 669 4363 comeditur
696 4316 749 4363 et
778 4309 1071 4379 hauritur,
1106 4310 1343 4381 quando
1375 4308 1635 4365 suaviter
1662 4314 1719 4365 et
1747 4310 1990 4379 utiliter,

2112 3154 2356 3208 maverit
2374 3153 2714 3209 mendacem
2728 3153 2909 3209 vitam
2941 3158 3045 3209 Leo
3056 3171 3201 3226 papa
3213 3156 3273 3210 in
3289 3169 3545 3210 sermone
3557 3153 3620 3208 de
3628 3154 3769 3224 ieju-

2109 3244 2204 3296 nio
2215 3243 2441 3313 septimi
2452 3243 2840 3297 mensisllanc
2853 3242 3280 3298 confessionem
3295 3242 3774 3298 dilectissimito-

2110 3334 2169 3387 to
2199 3332 2371 3387 corde
2389 3331 2948 3404 promentes,impia
2988 3330 3395 3387 haereticorum
3429 3333 3776 3387 commenta

2112 3420 2698 3493 respuite,utjejunia
2711 3425 2902 3476 vestra
2916 3425 2974 3476 et
2996 3420 3380 3493 eleemosynaa
3404 3418 3569 3475 nulla
3581 3419 3777 3491 cogita

2109 3510 2493 3566 tioneerroris
2509 3509 3036 3581 polluantur.Tunc
3047 3510 3252 3564 etenim
3264 3509 3536 3565 sacriﬁcii
3550 3508 3759 3565 munda

2108 3603 2197 3654 est
2225 3599 2460 3665 oblatio,
2493 3603 2549 3653 et
2575 3598 2984 3654 misericordiae
3015 3602 3218 3654 sancta
3248 3597 3503 3669 largitio,
3522 3597 3755 3668 Quando

2110 3689 2159 3744 si
2191 3689 2289 3760 qui
2320 3688 2434 3743 ista
2463 3688 2821 3760 dependunt,
2857 3687 3012 3760 quod
3044 3690 3361 3759 operantur
3390 3685 3754 3760 intelligunt.

2092 3777 2253 3845 ,Nam
2287 3776 2512 3832 dicente
2564 3776 2830 3843 Domino,
2862 3777 2982 3832 Nisi
3025 3776 3494 3831 manducaverztis
3531 3791 3755 3831 carnem

2106 3865 2251 3922 Filii
2282 3865 2541 3930 hominis,
2588 3874 2641 3920 et
2673 3864 2928 3921 biberitis
2966 3868 3083 3937 ejus
3130 3867 3480 3934 sanguinem,
3524 3880 3634 3920 non
3664 3865 3757 3919 ha-

2109 3954 2303 4009 bebitis
2333 3955 2501 4008 vitam
2558 3953 2617 4007 in
2659 3954 2809 4009 vobis
2841 3954 3022 4024 (Joan.
3057 3954 3154 4023 v1),
3202 3955 3286 4009 sic
3333 3970 3511 4009 sacrm
3561 3955 3760 4009 missae

2106 4042 2545 4098 communicare
2579 4041 2826 4112 debetis,
2863 4046 2928 4097 ut
2968 4040 3113 4097 nihil
3147 4059 3388 4114 prorsus
3420 4043 3490 4098 de
3518 4042 3759 4098 veritate

2107 4132 2368 4204 corporis
2397 4130 2614 4187 Christi
2644 4135 2701 4186 et
2733 4131 3041 4203 sanguinis
3091 4130 3430 4203 ambigatis,
3461 4130 3571 4186 hoc
3598 4131 3755 4186 enim

2105 4237 2204 4277 ore
2234 4220 2489 4275 sumitur
2527 4220 2683 4291 quod
2716 4219 2829 4275 ﬁde
2878 4220 3154 4286 creditur,
3187 4224 3243 4275 et
3290 4221 3510 4276 frustra
3539 4220 3611 4275 ab
3641 4218 3758 4275 illis

2103 4316 2293 4364 Amen
2321 4309 2556 4377 dicitur,
2591 4326 2624 4364 a
2654 4309 2870 4380 quibus
2918 4314 3123 4364 contra
3173 4309 3226 4363 id
3272 4310 3424 4380 quod
3473 4309 3760 4380 accipitur

337 4396 494 4452 sicut
521 4397 729 4453 beatus
778 4399 1141 4468 Augustinus
1184 4400 1344 4471 dicit,
1380 4400 1437 4454 in
1473 4400 1756 4456 memoria
1786 4416 1986 4456 recon-
2019 4407 2066 4472 ι)
2097 4398 2454 4469 disputatur.
2515 4397 2648 4452 Item
2699 4399 2760 4452 in
2835 4397 3066 4469 epistola
3140 4398 3437 4453 Anathotio
3511 4398 3758 4470 episcopo

339 4485 681 4557 ditur,quod
716 4487 1056 4559 unigenitus
1088 4487 1266 4543 Filius
1298 4488 1399 4545 Dei
1432 4506 1535 4560 pro
1569 4489 1761 4545 salute
1794 4490 1997 4548 mundi

339 4591 573 4630 carnem
604 4576 913 4647 accepit,in
945 4592 1116 4633 cruce
1148 4578 1791 4649 pependit,resurrexit,
1822 4596 1997 4651 appa-

339 4664 479 4729 ruit,
511 4664 796 4731 ascendit,
848 4666 956 4733 Ego
989 4683 1130 4733 sum,
1166 4666 1380 4737 inquit,
1412 4668 1581 4737 panis
1612 4668 1765 4720 vivus
1793 4669 1889 4739 qui
1920 4668 1995 4723 de

336 4752 470 4807 calo
500 4751 756 4808 descendi
785 4753 962 4825 (Joan.
983 4754 1062 4826 γι)
1097 4772 1109 4810 :
1143 4756 1243 4810 sed
1277 4770 1409 4810 caro
1441 4771 1555 4810 non
1587 4755 1891 4810 descendit
1923 4757 1993 4811 de

338 4840 504 4910 cmlo,
537 4841 647 4897 hoc
673 4846 761 4898 est
800 4858 1035 4899 carnem
1080 4843 1409 4915 assumpsit
1448 4843 1507 4898 in
1546 4843 1721 4899 terris
1769 4860 1834 4899 ex
1860 4844 1992 4899 Vir-

337 4929 489 5001 gine.
525 4930 829 4994 Quomodo
853 4948 990 5004 ergo
1014 4932 1183 5003 panis
1205 4931 1507 4987 descendit
1533 4933 1605 4989 de
1636 4932 1862 4998 coelo,et
1892 4952 1992 5006 pa-

336 5018 428 5074 nis
450 5018 799 5083 vivusPOuia
821 5020 975 5076 idem
1000 5021 1289 5077 Dominus
1310 5026 1511 5077 noster
1531 5021 1703 5078 Jesus
1725 5023 1992 5079 Christus

335 5124 578 5164 consors
600 5112 691 5164 est
713 5108 1037 5165 divinitatis
1059 5114 1115 5164 et
1134 5110 1393 5181 corporis
1421 5127 1433 5165 :
1462 5114 1519 5166 et
1544 5115 1607 5165 tu
1642 5112 1743 5183 qui
1775 5112 1992 5184 accipis

334 5213 569 5253 carnem
604 5195 809 5252 divinae
829 5197 991 5254 illius
1022 5198 1454 5265 substantiaaﬁn
1483 5199 1585 5255 illo
1618 5200 1993 5272 participaris

336 5286 641 5343 alimento.
679 5287 1001 5343 Ambrosius
1019 5289 1175 5358 epist.
1207 5288 1298 5354 62,
1334 5288 1429 5343 lib.
1464 5305 1564 5343 vm
1595 5289 1669 5343 ad
1703 5291 1989 5358 lrenmum,

337 5373 559 5436 Quaeris
590 5392 625 5431 a
652 5391 744 5431 me
775 5392 881 5432 cur
908 5376 1190 5432 Dominus
1225 5380 1380 5432 Deus
1415 5375 1631 5447 pluerit
1651 5393 1864 5432 manna
1888 5395 1991 5449 po-

335 5461 474 5532 pulo
500 5470 755 5535 patrum,
780 5469 836 5521 et
866 5481 1021 5522 nunc
1046 5481 1160 5520 non
1185 5464 1435 5537 pluat.Si
1456 5465 1789 5537 cognoscis,
1820 5465 1991 5543 pluit,

337 5552 396 5604 et
424 5550 682 5621 quotidie
711 5553 862 5626 pluit
890 5570 1110 5611 manna
1134 5553 1207 5610 de
1255 5553 1399 5611 cosio
1430 5554 1823 5612 servientibus
1852 5555 1989 5613 sibi.

2106 4489 2301 4542 missa.
2353 4486 2482 4558 (Leo
2510 4488 2553 4555 ι,
2585 4487 2817 4557 epistola
2848 4487 2937 4551 40,
2971 4487 3023 4555 l,
3056 4503 3105 4558 q.
3145 4488 3196 4554 1,
3227 4488 3288 4542 in
3338 4488 3583 4543 Ecclesia
3611 4487 3755 4559 Dei).

2100 4575 2280 4631 Aliter
2307 4575 2463 4630 enim
2498 4576 2555 4631 in
2588 4574 2844 4631 Ecclesia
2873 4576 2976 4631 Dei
3005 4591 3129 4645 quae
3160 4592 3373 4647 corpus
3399 4580 3489 4631 est
3519 4575 3755 4647 Christi,

2094 4681 2208 4723 nec
2238 4667 2364 4721 rata
2394 4669 2534 4720 sunt
2556 4665 2906 4731 sacerdotia,
2940 4679 3046 4719 nec
3076 4680 3210 4720 vera
3239 4664 3670 4730 sacriﬁcia,nisi
3698 4665 3757 4720 in

2101 4762 2312 4811 nostra
2357 4753 2711 4827 proprietate
2760 4758 2981 4809 natura
3014 4771 3187 4809 verus
3238 4770 3345 4809 nos
3378 4754 3638 4809 Pontifex
3670 4771 3761 4811 re-

2103 4842 2575 4914 conciliet,verus
2609 4842 2974 4899 immaculati
3007 4843 3142 4915 agni
3174 4843 3419 4915 sanguis
3449 4843 3752 4901 emundet.

2102 4935 2209 4999 Qui
2239 4932 2374 4989 licet
2419 4933 2479 4987 in
2509 4933 2700 4988 Patris
2749 4934 2987 4987 dextera
3033 4931 3417 5001 constitutus,
3447 4932 3509 4988 in
3554 4932 3757 4988 eadem

2101 5026 2301 5078 tamen
2323 5037 2498 5077 carne
2511 5038 2689 5093 quam
2713 5021 3041 5093 assumpsit
3071 5038 3140 5077 ex
3170 5020 3760 5093 Virgine,sacramen-

2098 5115 2223 5166 tum
2258 5109 2693 5182 propitiationis
2739 5109 3099 5180 exsequitur.
3133 5110 3266 5165 Item
3316 5111 3375 5165 in
3405 5124 3654 5165 sermone
3685 5110 3761 5164 De

2095 5199 2353 5271 passione
2385 5199 2617 5253 Domini
2648 5199 2799 5269 (Leo,
2827 5214 2992 5253 serm.
3025 5198 3138 5265 41).
3171 5197 3399 5253 Fefellit
3425 5214 3561 5271 ergo
3591 5197 3759 5254 illum

2100 5285 2441 5357 malignitas
2474 5303 2604 5350 sua,
2633 5287 2836 5342 intulit
2866 5287 3223 5358 supplicium
3273 5287 3415 5343 Filio
3450 5287 3569 5354 Dei,
3603 5288 3759 5358 quod

2098 5374 2327 5431 cunctis
2358 5373 2496 5429 ﬁliis
2526 5374 2835 5432 hominum
2867 5376 3186 5432 remedium
3236 5380 3580 5445 verteretur,
3611 5376 3763 5432 fudit

2102 5462 2828 5537 sanguinemjustum,qui
2855 5463 3284 5521 reconciliando
3310 5465 3532 5520 mundo
3554 5468 3760 5536 etprae-

2098 5554 2287 5615 mium
2320 5560 2475 5611 esset
2505 5559 2561 5613 et
2591 5555 3141 5628 poculum.Sanctus
3172 5554 3464 5626 Gregorius
3493 5556 3555 5609 in
3584 5554 3760 5611 homi-
