  <div class='ocr_page' id='page_1' title='image "/cluster/home/n/w/nwhite01/storage/ocr_20150623/161/hvd.32044054760194/124.png"; bbox 0 0 1991 3030; ppageno 0'>
   <div class='ocr_carea' id='block_1_1' title="bbox 127 94 180 122">
    <p class='ocr_par' dir='ltr' id='par_1_1' title="bbox 127 94 180 122">
     <span class='ocr_line' id='line_1_1' title="bbox 127 94 180 122; baseline 0.019 -1"><span class='ocrx_word' id='word_1_1' title='bbox 127 94 180 122; x_wconf 74' lang='grc'><strong>157</strong></span> 
     </span>
    </p>
   </div>
   <div class='ocr_carea' id='block_1_2' title="bbox 501 97 1477 133">
    <p class='ocr_par' dir='ltr' id='par_1_2' title="bbox 501 97 1477 133">
     <span class='ocr_line' id='line_1_2' title="bbox 501 97 1477 133; baseline 0.003 -9"><span class='ocrx_word' id='word_1_2' title='bbox 501 98 656 125; x_wconf 73' lang='lat' dir='ltr'><strong>DECRET!</strong></span> <span class='ocrx_word' id='word_1_3' title='bbox 675 100 769 126; x_wconf 76' lang='lat' dir='ltr'><strong>PARS</strong></span> <span class='ocrx_word' id='word_1_4' title='bbox 787 98 823 126; x_wconf 86' lang='lat' dir='ltr'><strong>Il.</strong></span> <span class='ocrx_word' id='word_1_5' title='bbox 840 112 873 118; x_wconf 92' lang='lat'><strong>-</strong></span> <span class='ocrx_word' id='word_1_6' title='bbox 898 99 947 126; x_wconf 79' lang='lat' dir='ltr'><strong>DE</strong></span> <span class='ocrx_word' id='word_1_7' title='bbox 966 97 1069 127; x_wconf 80' lang='lat' dir='ltr'><strong>CORP.</strong></span> <span class='ocrx_word' id='word_1_8' title='bbox 1088 100 1135 127; x_wconf 80' lang='lat' dir='ltr'><strong>ET</strong></span> <span class='ocrx_word' id='word_1_9' title='bbox 1153 99 1260 128; x_wconf 76' lang='lat' dir='ltr'><strong>SANG.</strong></span> <span class='ocrx_word' id='word_1_10' title='bbox 1279 100 1379 133; x_wconf 60' lang='lat'><strong>13011.,</strong></span> <span class='ocrx_word' id='word_1_11' title='bbox 1398 100 1477 128; x_wconf 78' lang='lat' dir='ltr'><strong>ETC.</strong></span> 
     </span>
    </p>
   </div>
   <div class='ocr_carea' id='block_1_3' title="bbox 1783 99 1834 127">
    <p class='ocr_par' dir='ltr' id='par_1_3' title="bbox 1783 99 1834 127">
     <span class='ocr_line' id='line_1_3' title="bbox 1783 99 1834 127; baseline -0.02 0"><span class='ocrx_word' id='word_1_12' title='bbox 1783 99 1834 127; x_wconf 84' lang='grc'><strong>158</strong></span> 
     </span>
    </p>
   </div>
   <div class='ocr_carea' id='block_1_4' title="bbox 127 157 1833 199">
    <p class='ocr_par' dir='ltr' id='par_1_4' title="bbox 127 157 1833 199">
     <span class='ocr_line' id='line_1_4' title="bbox 127 157 1833 199; baseline 0.004 -14"><span class='ocrx_word' id='word_1_13' title='bbox 127 157 169 185; x_wconf 83' lang='lat' dir='ltr'><strong>lia</strong></span> <span class='ocrx_word' id='word_1_14' title='bbox 180 157 316 193; x_wconf 82' lang='lat' dir='ltr'><strong>paschali.</strong></span> <span class='ocrx_word' id='word_1_15' title='bbox 332 159 420 193; x_wconf 84' lang='lat' dir='ltr'><strong>(Hom.</strong></span> <span class='ocrx_word' id='word_1_16' title='bbox 436 158 472 186; x_wconf 83' lang='lat'><strong><em>22</em></strong></span> <span class='ocrx_word' id='word_1_17' title='bbox 497 160 526 188; x_wconf 83' lang='lat' dir='ltr'><strong>in</strong></span> <span class='ocrx_word' id='word_1_18' title='bbox 550 161 722 197; x_wconf 78' lang='lat' dir='ltr'><strong>Evangelia.)</strong></span> <span class='ocrx_word' id='word_1_19' title='bbox 745 161 889 194; x_wconf 81' lang='lat' dir='ltr'><strong>Quidnam</strong></span> <span class='ocrx_word' id='word_1_20' title='bbox 915 161 955 190; x_wconf 90' lang='lat' dir='ltr'><strong>sit</strong></span> <span class='ocrx_word' id='word_1_21' title='bbox 967 163 996 196; x_wconf 76' lang='grc' dir='ltr'><strong>Α</strong></span> <span class='ocrx_word' id='word_1_22' title='bbox 1010 170 1137 198; x_wconf 82' lang='lat' dir='ltr'><strong>namque</strong></span> <span class='ocrx_word' id='word_1_23' title='bbox 1152 162 1312 199; x_wconf 85' lang='lat' dir='ltr'><strong>singularis</strong></span> <span class='ocrx_word' id='word_1_24' title='bbox 1333 162 1437 198; x_wconf 83' lang='lat' dir='ltr'><strong>hostia,</strong></span> <span class='ocrx_word' id='word_1_25' title='bbox 1454 162 1489 191; x_wconf 92' lang='lat' dir='ltr'><strong>ab</strong></span> <span class='ocrx_word' id='word_1_26' title='bbox 1505 162 1625 191; x_wconf 86' lang='lat' dir='ltr'><strong>interitu</strong></span> <span class='ocrx_word' id='word_1_27' title='bbox 1641 164 1749 191; x_wconf 71' lang='lat' dir='ltr'><strong>mterno</strong></span> <span class='ocrx_word' id='word_1_28' title='bbox 1767 163 1833 191; x_wconf 81' lang='lat' dir='ltr'><strong>ani-</strong></span> 
     </span>
    </p>
   </div>
   <div class='ocr_carea' id='block_1_5' title="bbox 127 203 956 240">
    <p class='ocr_par' dir='ltr' id='par_1_5' title="bbox 127 203 956 240">
     <span class='ocr_line' id='line_1_5' title="bbox 127 203 956 240; baseline 0.005 -10"><span class='ocrx_word' id='word_1_29' title='bbox 127 203 253 239; x_wconf 80' lang='lat' dir='ltr'><strong>sanguis</strong></span> <span class='ocrx_word' id='word_1_30' title='bbox 268 203 348 239; x_wconf 90' lang='lat' dir='ltr'><strong>agni,</strong></span> <span class='ocrx_word' id='word_1_31' title='bbox 364 212 422 232; x_wconf 90' lang='lat' dir='ltr'><strong>non</strong></span> <span class='ocrx_word' id='word_1_32' title='bbox 438 204 496 240; x_wconf 85' lang='lat' dir='ltr'><strong>iam</strong></span> <span class='ocrx_word' id='word_1_33' title='bbox 511 206 668 240; x_wconf 89' lang='lat' dir='ltr'><strong>audiendo,</strong></span> <span class='ocrx_word' id='word_1_34' title='bbox 681 206 732 234; x_wconf 88' lang='lat' dir='ltr'><strong>sed</strong></span> <span class='ocrx_word' id='word_1_35' title='bbox 743 205 871 234; x_wconf 87' lang='lat' dir='ltr'><strong>bibendo</strong></span> <span class='ocrx_word' id='word_1_36' title='bbox 882 206 956 234; x_wconf 89' lang='lat' dir='ltr'><strong>didi-</strong></span> 
     </span>
    </p>
   </div>
   <div class='ocr_carea' id='block_1_6' title="bbox 128 247 956 287">
    <p class='ocr_par' dir='ltr' id='par_1_6' title="bbox 128 247 956 287">
     <span class='ocr_line' id='line_1_6' title="bbox 128 247 956 287; baseline 0.006 -13"><span class='ocrx_word' id='word_1_37' title='bbox 128 247 226 275; x_wconf 82' lang='lat' dir='ltr'><strong>cistis.</strong></span> <span class='ocrx_word' id='word_1_38' title='bbox 238 247 291 280; x_wconf 88' lang='lat' dir='ltr'><strong>Qui</strong></span> <span class='ocrx_word' id='word_1_39' title='bbox 303 249 426 284; x_wconf 79' lang='lat' dir='ltr'><strong>sanguis</strong></span> <span class='ocrx_word' id='word_1_40' title='bbox 436 257 526 285; x_wconf 83' lang='lat' dir='ltr'><strong>super</strong></span> <span class='ocrx_word' id='word_1_41' title='bbox 541 253 700 286; x_wconf 87' lang='lat' dir='ltr'><strong>utrumque</strong></span> <span class='ocrx_word' id='word_1_42' title='bbox 711 253 823 286; x_wconf 79' lang='lat' dir='ltr'><strong>postem</strong></span> <span class='ocrx_word' id='word_1_43' title='bbox 835 251 956 287; x_wconf 81' lang='lat' dir='ltr'><strong>ponitur</strong></span> 
     </span>
    </p>
   </div>
   <div class='ocr_carea' id='block_1_7' title="bbox 128 292 954 331">
    <p class='ocr_par' dir='ltr' id='par_1_7' title="bbox 128 292 954 331">
     <span class='ocr_line' id='line_1_7' title="bbox 128 292 954 331; baseline 0.005 -12"><span class='ocrx_word' id='word_1_44' title='bbox 128 292 312 328; x_wconf 76' lang='lat' dir='ltr'><strong>(Exod.xu),</strong></span> <span class='ocrx_word' id='word_1_45' title='bbox 327 294 443 328; x_wconf 80' lang='lat' dir='ltr'><strong>quando</strong></span> <span class='ocrx_word' id='word_1_46' title='bbox 468 302 526 322; x_wconf 90' lang='lat' dir='ltr'><strong>non</strong></span> <span class='ocrx_word' id='word_1_47' title='bbox 553 294 650 323; x_wconf 86' lang='lat' dir='ltr'><strong>solum</strong></span> <span class='ocrx_word' id='word_1_48' title='bbox 674 303 723 323; x_wconf 88' lang='lat' dir='ltr'><strong>ore</strong></span> <span class='ocrx_word' id='word_1_49' title='bbox 747 295 888 331; x_wconf 86' lang='lat' dir='ltr'><strong>corporis,</strong></span> <span class='ocrx_word' id='word_1_50' title='bbox 903 296 954 324; x_wconf 85' lang='lat' dir='ltr'><strong>sed</strong></span> 
     </span>
    </p>
   </div>
   <div class='ocr_carea' id='block_1_8' title="bbox 127 337 954 375">
    <p class='ocr_par' dir='ltr' id='par_1_8' title="bbox 127 337 954 375">
     <span class='ocr_line' id='line_1_8' title="bbox 127 337 954 375; baseline 0.005 -11"><span class='ocrx_word' id='word_1_51' title='bbox 127 337 217 364; x_wconf 87' lang='lat' dir='ltr'><strong>etiam</strong></span> <span class='ocrx_word' id='word_1_52' title='bbox 235 344 284 365; x_wconf 88' lang='lat' dir='ltr'><strong>ore</strong></span> <span class='ocrx_word' id='word_1_53' title='bbox 295 338 391 366; x_wconf 88' lang='lat' dir='ltr'><strong>cordis</strong></span> <span class='ocrx_word' id='word_1_54' title='bbox 406 338 542 366; x_wconf 78' lang='lat' dir='ltr'><strong>hauritur</strong></span> <span class='ocrx_word' id='word_1_55' title='bbox 556 340 780 375; x_wconf 74' lang='lat' dir='ltr'><strong>(LANFRANCUB).</strong></span> <span class='ocrx_word' id='word_1_56' title='bbox 799 340 879 368; x_wconf 84' lang='lat' dir='ltr'><strong>Dicet</strong></span> <span class='ocrx_word' id='word_1_57' title='bbox 900 340 954 368; x_wconf 88' lang='lat' dir='ltr'><strong>ali-</strong></span> 
     </span>
    </p>
   </div>
   <div class='ocr_carea' id='block_1_9' title="bbox 128 381 954 420">
    <p class='ocr_par' dir='ltr' id='par_1_9' title="bbox 128 381 954 420">
     <span class='ocr_line' id='line_1_9' title="bbox 128 381 954 420; baseline 0.006 -12"><span class='ocrx_word' id='word_1_58' title='bbox 128 381 293 417; x_wconf 80' lang='lat' dir='ltr'><strong>quiszouod</strong></span> <span class='ocrx_word' id='word_1_59' title='bbox 302 384 332 410; x_wconf 85' lang='lat' dir='ltr'><strong>tu</strong></span> <span class='ocrx_word' id='word_1_60' title='bbox 342 383 450 411; x_wconf 84' lang='lat' dir='ltr'><strong>asseris</strong></span> <span class='ocrx_word' id='word_1_61' title='bbox 458 392 559 411; x_wconf 90' lang='lat' dir='ltr'><strong>verum</strong></span> <span class='ocrx_word' id='word_1_62' title='bbox 572 393 678 420; x_wconf 87' lang='lat' dir='ltr'><strong>corpus</strong></span> <span class='ocrx_word' id='word_1_63' title='bbox 687 385 806 420; x_wconf 76' lang='lat' dir='ltr'><strong>Christi,</strong></span> <span class='ocrx_word' id='word_1_64' title='bbox 821 386 850 412; x_wconf 90' lang='lat' dir='ltr'><strong>in</strong></span> <span class='ocrx_word' id='word_1_65' title='bbox 861 385 954 413; x_wconf 85' lang='lat' dir='ltr'><strong>sacris</strong></span> 
     </span>
    </p>
   </div>
   <div class='ocr_carea' id='block_1_10' title="bbox 127 426 954 466">
    <p class='ocr_par' dir='ltr' id='par_1_10' title="bbox 127 426 954 466">
     <span class='ocr_line' id='line_1_10' title="bbox 127 426 954 466; baseline 0.006 -13"><span class='ocrx_word' id='word_1_66' title='bbox 127 426 238 454; x_wconf 88' lang='lat' dir='ltr'><strong>litteris</strong></span> <span class='ocrx_word' id='word_1_67' title='bbox 262 427 427 463; x_wconf 80' lang='lat' dir='ltr'><strong>appellatur</strong></span> <span class='ocrx_word' id='word_1_68' title='bbox 449 428 573 464; x_wconf 79' lang='lat' dir='ltr'><strong>species,</strong></span> <span class='ocrx_word' id='word_1_69' title='bbox 598 429 773 465; x_wconf 78' lang='lat' dir='ltr'><strong>similitudo,</strong></span> <span class='ocrx_word' id='word_1_70' title='bbox 789 430 895 466; x_wconf 85' lang='lat' dir='ltr'><strong>ﬁgura,</strong></span> <span class='ocrx_word' id='word_1_71' title='bbox 912 430 954 458; x_wconf 88' lang='lat' dir='ltr'><strong>si-</strong></span> 
     </span>
    </p>
   </div>
   <div class='ocr_carea' id='block_1_11' title="bbox 127 472 954 508">
    <p class='ocr_par' dir='ltr' id='par_1_11' title="bbox 127 472 954 508">
     <span class='ocr_line' id='line_1_11' title="bbox 127 472 954 508; baseline 0.006 -10"><span class='ocrx_word' id='word_1_72' title='bbox 127 478 234 506; x_wconf 86' lang='lat' dir='ltr'><strong>gnum,</strong></span> <span class='ocrx_word' id='word_1_73' title='bbox 250 472 434 508; x_wconf 75' lang='lat' dir='ltr'><strong>mysterium,</strong></span> <span class='ocrx_word' id='word_1_74' title='bbox 446 476 674 502; x_wconf 79' lang='lat' dir='ltr'><strong>sacramentum.</strong></span> <span class='ocrx_word' id='word_1_75' title='bbox 687 474 751 502; x_wconf 76' lang='lat' dir='ltr'><strong>Hzec</strong></span> <span class='ocrx_word' id='word_1_76' title='bbox 762 477 859 503; x_wconf 86' lang='lat' dir='ltr'><strong>autem</strong></span> <span class='ocrx_word' id='word_1_77' title='bbox 869 483 954 503; x_wconf 83' lang='lat' dir='ltr'><strong>voca-</strong></span> 
     </span>
    </p>
   </div>
   <div class='ocr_carea' id='block_1_12' title="bbox 126 515 955 555">
    <p class='ocr_par' dir='ltr' id='par_1_12' title="bbox 126 515 955 555">
     <span class='ocr_line' id='line_1_12' title="bbox 126 515 955 555; baseline 0.006 -13"><span class='ocrx_word' id='word_1_78' title='bbox 126 515 201 542; x_wconf 84' lang='lat' dir='ltr'><strong>bula</strong></span> <span class='ocrx_word' id='word_1_79' title='bbox 211 516 247 543; x_wconf 83' lang='lat' dir='ltr'><strong>ad</strong></span> <span class='ocrx_word' id='word_1_80' title='bbox 259 516 370 552; x_wconf 86' lang='lat' dir='ltr'><strong>aliquid</strong></span> <span class='ocrx_word' id='word_1_81' title='bbox 378 518 547 546; x_wconf 87' lang='lat' dir='ltr'><strong>sunt.Nulla</strong></span> <span class='ocrx_word' id='word_1_82' title='bbox 557 527 624 547; x_wconf 88' lang='lat' dir='ltr'><strong>vero</strong></span> <span class='ocrx_word' id='word_1_83' title='bbox 637 527 700 555; x_wconf 69' lang='lat' dir='ltr'><strong>que</strong></span> <span class='ocrx_word' id='word_1_84' title='bbox 712 519 748 547; x_wconf 87' lang='lat' dir='ltr'><strong>ad</strong></span> <span class='ocrx_word' id='word_1_85' title='bbox 761 519 872 555; x_wconf 88' lang='lat' dir='ltr'><strong>aliquid</strong></span> <span class='ocrx_word' id='word_1_86' title='bbox 884 521 955 547; x_wconf 84' lang='lat' dir='ltr'><strong>sunt</strong></span> 
     </span>
    </p>
   </div>
   <div class='ocr_carea' id='block_1_13' title="bbox 126 561 952 599">
    <p class='ocr_par' dir='ltr' id='par_1_13' title="bbox 126 561 952 599">
     <span class='ocr_line' id='line_1_13' title="bbox 126 561 952 599; baseline 0.006 -12"><span class='ocrx_word' id='word_1_87' title='bbox 126 562 255 595; x_wconf 83' lang='lat' dir='ltr'><strong>possunt</strong></span> <span class='ocrx_word' id='word_1_88' title='bbox 270 568 334 589; x_wconf 84' lang='lat' dir='ltr'><strong>esse</strong></span> <span class='ocrx_word' id='word_1_89' title='bbox 350 561 377 589; x_wconf 93' lang='lat' dir='ltr'><strong>id</strong></span> <span class='ocrx_word' id='word_1_90' title='bbox 394 562 471 597; x_wconf 85' lang='lat' dir='ltr'><strong>quod</strong></span> <span class='ocrx_word' id='word_1_91' title='bbox 487 566 557 590; x_wconf 90' lang='lat' dir='ltr'><strong>sunt</strong></span> <span class='ocrx_word' id='word_1_92' title='bbox 571 571 616 597; x_wconf 86' lang='lat' dir='ltr'><strong>ea,</strong></span> <span class='ocrx_word' id='word_1_93' title='bbox 631 564 667 591; x_wconf 87' lang='lat' dir='ltr'><strong>ad</strong></span> <span class='ocrx_word' id='word_1_94' title='bbox 687 572 751 599; x_wconf 68' lang='lat' dir='ltr'><strong>qua:</strong></span> <span class='ocrx_word' id='word_1_95' title='bbox 766 564 952 592; x_wconf 81' lang='lat' dir='ltr'><strong>referuntur:</strong></span> 
     </span>
    </p>
   </div>
   <div class='ocr_carea' id='block_1_14' title="bbox 127 610 951 646">
    <p class='ocr_par' dir='ltr' id='par_1_14' title="bbox 127 610 951 646">
     <span class='ocr_line' id='line_1_14' title="bbox 127 610 951 646; baseline 0.002 -10"><span class='ocrx_word' id='word_1_96' title='bbox 127 617 189 636; x_wconf 90' lang='lat' dir='ltr'><strong>non</strong></span> <span class='ocrx_word' id='word_1_97' title='bbox 201 612 320 645; x_wconf 83' lang='lat' dir='ltr'><strong>estergo</strong></span> <span class='ocrx_word' id='word_1_98' title='bbox 333 618 439 646; x_wconf 88' lang='lat' dir='ltr'><strong>corpus</strong></span> <span class='ocrx_word' id='word_1_99' title='bbox 451 610 566 638; x_wconf 90' lang='lat' dir='ltr'><strong>Christi.</strong></span> <span class='ocrx_word' id='word_1_100' title='bbox 582 612 685 639; x_wconf 86' lang='lat' dir='ltr'><strong>Verum</strong></span> <span class='ocrx_word' id='word_1_101' title='bbox 700 612 745 639; x_wconf 87' lang='lat' dir='ltr'><strong>his</strong></span> <span class='ocrx_word' id='word_1_102' title='bbox 762 612 911 639; x_wconf 79' lang='lat' dir='ltr'><strong>vocabulis</strong></span> <span class='ocrx_word' id='word_1_103' title='bbox 923 612 951 638; x_wconf 88' lang='lat' dir='ltr'><strong>in</strong></span> 
     </span>
    </p>
   </div>
   <div class='ocr_carea' id='block_1_15' title="bbox 128 653 952 690">
    <p class='ocr_par' dir='ltr' id='par_1_15' title="bbox 128 653 952 690">
     <span class='ocr_line' id='line_1_15' title="bbox 128 653 952 690; baseline 0.004 -10"><span class='ocrx_word' id='word_1_104' title='bbox 128 653 212 681; x_wconf 90' lang='lat' dir='ltr'><strong>nullo</strong></span> <span class='ocrx_word' id='word_1_105' title='bbox 228 655 430 690; x_wconf 64' lang='lat' dir='ltr'><strong>prescribitur</strong></span> <span class='ocrx_word' id='word_1_106' title='bbox 447 655 523 690; x_wconf 86' lang='lat' dir='ltr'><strong>ﬁdei,</strong></span> <span class='ocrx_word' id='word_1_107' title='bbox 541 664 599 690; x_wconf 86' lang='lat' dir='ltr'><strong>qua</strong></span> <span class='ocrx_word' id='word_1_108' title='bbox 614 656 773 689; x_wconf 81' lang='lat' dir='ltr'><strong>credimus,</strong></span> <span class='ocrx_word' id='word_1_109' title='bbox 790 659 818 683; x_wconf 89' lang='lat' dir='ltr'><strong>et</strong></span> <span class='ocrx_word' id='word_1_110' title='bbox 838 657 952 684; x_wconf 78' lang='lat' dir='ltr'><strong>veritati</strong></span> 
     </span>
    </p>
   </div>
   <div class='ocr_carea' id='block_1_16' title="bbox 127 699 950 736">
    <p class='ocr_par' dir='ltr' id='par_1_16' title="bbox 127 699 950 736">
     <span class='ocr_line' id='line_1_16' title="bbox 127 699 950 736; baseline 0.004 -11"><span class='ocrx_word' id='word_1_111' title='bbox 127 706 219 733; x_wconf 84' lang='lat' dir='ltr'><strong>quam</strong></span> <span class='ocrx_word' id='word_1_112' title='bbox 237 699 422 727; x_wconf 82' lang='lat' dir='ltr'><strong>defendimus</strong></span> <span class='ocrx_word' id='word_1_113' title='bbox 438 700 487 735; x_wconf 75' lang='lat' dir='ltr'><strong>(De.</strong></span> <span class='ocrx_word' id='word_1_114' title='bbox 502 709 586 734; x_wconf 75' lang='lat' dir='ltr'><strong>c0715.,</strong></span> <span class='ocrx_word' id='word_1_115' title='bbox 604 702 669 728; x_wconf 80' lang='lat' dir='ltr'><strong>dist.</strong></span> <span class='ocrx_word' id='word_1_116' title='bbox 682 702 709 736; x_wconf 77' lang='lat'><strong>2,</strong></span> <span class='ocrx_word' id='word_1_117' title='bbox 726 710 748 729; x_wconf 90' lang='lat' dir='ltr'><strong>c.</strong></span> <span class='ocrx_word' id='word_1_118' title='bbox 766 702 885 736; x_wconf 79' lang='lat' dir='ltr'><strong>Species,</strong></span> <span class='ocrx_word' id='word_1_119' title='bbox 903 701 950 728; x_wconf 83' lang='lat' dir='ltr'><strong>lib.</strong></span> 
     </span>
    </p>
   </div>
   <div class='ocr_carea' id='block_1_17' title="bbox 126 743 952 781">
    <p class='ocr_par' dir='ltr' id='par_1_17' title="bbox 126 743 952 781">
     <span class='ocr_line' id='line_1_17' title="bbox 126 743 952 781; baseline 0.005 -12"><span class='ocrx_word' id='word_1_120' title='bbox 126 751 156 769; x_wconf 84' lang='grc' dir='ltr'>ιν</span> <span class='ocrx_word' id='word_1_121' title='bbox 168 743 254 776; x_wconf 83' lang='lat' dir='ltr'><strong>Sent.,</strong></span> <span class='ocrx_word' id='word_1_122' title='bbox 269 743 332 771; x_wconf 82' lang='lat' dir='ltr'><strong>dist.</strong></span> <span class='ocrx_word' id='word_1_123' title='bbox 347 744 375 778; x_wconf 82' lang='lat'><strong>9,</strong></span> <span class='ocrx_word' id='word_1_124' title='bbox 391 745 404 778; x_wconf 88' lang='lat'><strong>§</strong></span> <span class='ocrx_word' id='word_1_125' title='bbox 418 744 452 779; x_wconf 86' lang='lat' dir='ltr'><strong>c).</strong></span> <span class='ocrx_word' id='word_1_126' title='bbox 468 745 584 780; x_wconf 82' lang='lat' dir='ltr'><strong>Species</strong></span> <span class='ocrx_word' id='word_1_127' title='bbox 600 754 726 781; x_wconf 83' lang='lat' dir='ltr'><strong>namque</strong></span> <span class='ocrx_word' id='word_1_128' title='bbox 745 749 772 773; x_wconf 85' lang='lat' dir='ltr'><strong>et</strong></span> <span class='ocrx_word' id='word_1_129' title='bbox 789 746 952 773; x_wconf 84' lang='lat' dir='ltr'><strong>similitudo</strong></span> 
     </span>
    </p>
   </div>
   <div class='ocr_carea' id='block_1_18' title="bbox 127 786 952 826">
    <p class='ocr_par' dir='ltr' id='par_1_18' title="bbox 127 786 952 826">
     <span class='ocr_line' id='line_1_18' title="bbox 127 786 952 826; baseline 0.005 -12"><span class='ocrx_word' id='word_1_130' title='bbox 127 786 249 815; x_wconf 86' lang='lat' dir='ltr'><strong>illarum</strong></span> <span class='ocrx_word' id='word_1_131' title='bbox 258 796 357 816; x_wconf 88' lang='lat' dir='ltr'><strong>rerum</strong></span> <span class='ocrx_word' id='word_1_132' title='bbox 366 789 660 825; x_wconf 73' lang='lat' dir='ltr'><strong>vocabulasunt,qua:</strong></span> <span class='ocrx_word' id='word_1_133' title='bbox 669 792 735 817; x_wconf 82' lang='lat' dir='ltr'><strong>ante</strong></span> <span class='ocrx_word' id='word_1_134' title='bbox 743 791 859 818; x_wconf 86' lang='lat' dir='ltr'><strong>fuerunt</strong></span> <span class='ocrx_word' id='word_1_135' title='bbox 868 791 952 826; x_wconf 85' lang='lat' dir='ltr'><strong>panis</strong></span> 
     </span>
    </p>
   </div>
   <div class='ocr_carea' id='block_1_19' title="bbox 126 831 952 869">
    <p class='ocr_par' dir='ltr' id='par_1_19' title="bbox 126 831 952 869">
     <span class='ocr_line' id='line_1_19' title="bbox 126 831 952 869; baseline 0.005 -11"><span class='ocrx_word' id='word_1_136' title='bbox 126 833 157 858; x_wconf 89' lang='lat' dir='ltr'><strong>et</strong></span> <span class='ocrx_word' id='word_1_137' title='bbox 173 831 244 859; x_wconf 89' lang='lat' dir='ltr'><strong>vini.</strong></span> <span class='ocrx_word' id='word_1_138' title='bbox 262 832 342 860; x_wconf 90' lang='lat' dir='ltr'><strong>Unde</strong></span> <span class='ocrx_word' id='word_1_139' title='bbox 359 833 388 860; x_wconf 92' lang='lat' dir='ltr'><strong>in</strong></span> <span class='ocrx_word' id='word_1_140' title='bbox 406 833 462 860; x_wconf 87' lang='lat' dir='ltr'><strong>ﬁne</strong></span> <span class='ocrx_word' id='word_1_141' title='bbox 487 834 640 869; x_wconf 85' lang='lat' dir='ltr'><strong>cujusdam</strong></span> <span class='ocrx_word' id='word_1_142' title='bbox 665 834 771 869; x_wconf 66' lang='lat' dir='ltr'><strong>Missae,</strong></span> <span class='ocrx_word' id='word_1_143' title='bbox 798 838 899 862; x_wconf 81' lang='lat' dir='ltr'><strong>oratur</strong></span> <span class='ocrx_word' id='word_1_144' title='bbox 924 837 952 862; x_wconf 87' lang='lat' dir='ltr'><strong>et</strong></span> 
     </span>
    </p>
   </div>
   <div class='ocr_carea' id='block_1_20' title="bbox 127 876 950 914">
    <p class='ocr_par' dir='ltr' id='par_1_20' title="bbox 127 876 950 914">
     <span class='ocr_line' id='line_1_20' title="bbox 127 876 950 914; baseline 0.005 -11"><span class='ocrx_word' id='word_1_145' title='bbox 127 876 260 904; x_wconf 89' lang='lat' dir='ltr'><strong>dicitur:</strong></span> <span class='ocrx_word' id='word_1_146' title='bbox 278 877 434 905; x_wconf 87' lang='lat' dir='ltr'><strong>Perﬁciant</strong></span> <span class='ocrx_word' id='word_1_147' title='bbox 448 878 476 905; x_wconf 87' lang='lat' dir='ltr'><strong>in</strong></span> <span class='ocrx_word' id='word_1_148' title='bbox 498 879 593 913; x_wconf 87' lang='lat' dir='ltr'><strong>nobis,</strong></span> <span class='ocrx_word' id='word_1_149' title='bbox 614 879 746 911; x_wconf 82' lang='lat' dir='ltr'><strong>Domine,</strong></span> <span class='ocrx_word' id='word_1_150' title='bbox 771 888 950 914; x_wconf 71' lang='lat' dir='ltr'><strong>qumsumus,</strong></span> 
     </span>
    </p>
   </div>
   <div class='ocr_carea' id='block_1_21' title="bbox 126 923 951 959">
    <p class='ocr_par' dir='ltr' id='par_1_21' title="bbox 126 923 951 959">
     <span class='ocr_line' id='line_1_21' title="bbox 126 923 951 959; baseline 0.006 -12"><span class='ocrx_word' id='word_1_151' title='bbox 126 923 182 948; x_wconf 85' lang='lat' dir='ltr'><strong>tua</strong></span> <span class='ocrx_word' id='word_1_152' title='bbox 202 924 388 949; x_wconf 85' lang='lat' dir='ltr'><strong>sacramenta</strong></span> <span class='ocrx_word' id='word_1_153' title='bbox 410 923 486 958; x_wconf 89' lang='lat' dir='ltr'><strong>quod</strong></span> <span class='ocrx_word' id='word_1_154' title='bbox 517 924 677 958; x_wconf 78' lang='lat' dir='ltr'><strong>continent,</strong></span> <span class='ocrx_word' id='word_1_155' title='bbox 709 927 741 951; x_wconf 88' lang='lat' dir='ltr'><strong>ut</strong></span> <span class='ocrx_word' id='word_1_156' title='bbox 766 925 843 959; x_wconf 91' lang='lat' dir='ltr'><strong>quod</strong></span> <span class='ocrx_word' id='word_1_157' title='bbox 874 933 951 952; x_wconf 88' lang='lat' dir='ltr'><strong>nunc</strong></span> 
     </span>
    </p>
   </div>
   <div class='ocr_carea' id='block_1_22' title="bbox 126 965 952 1003">
    <p class='ocr_par' dir='ltr' id='par_1_22' title="bbox 126 965 952 1003">
     <span class='ocr_line' id='line_1_22' title="bbox 126 965 952 1003; baseline 0.005 -11"><span class='ocrx_word' id='word_1_158' title='bbox 126 965 228 1000; x_wconf 84' lang='lat' dir='ltr'><strong>specie</strong></span> <span class='ocrx_word' id='word_1_159' title='bbox 241 966 381 1001; x_wconf 80' lang='lat' dir='ltr'><strong>gerimus,</strong></span> <span class='ocrx_word' id='word_1_160' title='bbox 399 975 496 994; x_wconf 89' lang='lat' dir='ltr'><strong>rerum</strong></span> <span class='ocrx_word' id='word_1_161' title='bbox 512 968 630 995; x_wconf 81' lang='lat' dir='ltr'><strong>veritate</strong></span> <span class='ocrx_word' id='word_1_162' title='bbox 646 969 806 1003; x_wconf 82' lang='lat' dir='ltr'><strong>capiamus.</strong></span> <span class='ocrx_word' id='word_1_163' title='bbox 821 969 952 997; x_wconf 82' lang='lat' dir='ltr'><strong>Postulat</strong></span> 
     </span>
    </p>
   </div>
   <div class='ocr_carea' id='block_1_23' title="bbox 125 1009 951 1049">
    <p class='ocr_par' dir='ltr' id='par_1_23' title="bbox 125 1009 951 1049">
     <span class='ocr_line' id='line_1_23' title="bbox 125 1009 951 1049; baseline 0.005 -12"><span class='ocrx_word' id='word_1_164' title='bbox 125 1009 238 1046; x_wconf 88' lang='lat' dir='ltr'><strong>quippe</strong></span> <span class='ocrx_word' id='word_1_165' title='bbox 253 1011 389 1039; x_wconf 84' lang='lat' dir='ltr'><strong>sacerdos</strong></span> <span class='ocrx_word' id='word_1_166' title='bbox 405 1014 437 1038; x_wconf 88' lang='lat' dir='ltr'><strong>ut</strong></span> <span class='ocrx_word' id='word_1_167' title='bbox 453 1020 559 1047; x_wconf 89' lang='lat' dir='ltr'><strong>corpus</strong></span> <span class='ocrx_word' id='word_1_168' title='bbox 570 1013 685 1047; x_wconf 79' lang='lat' dir='ltr'><strong>Christi,</strong></span> <span class='ocrx_word' id='word_1_169' title='bbox 699 1014 774 1049; x_wconf 84' lang='lat' dir='ltr'><strong>quod</strong></span> <span class='ocrx_word' id='word_1_170' title='bbox 788 1014 843 1040; x_wconf 85' lang='lat' dir='ltr'><strong>sub</strong></span> <span class='ocrx_word' id='word_1_171' title='bbox 856 1014 951 1049; x_wconf 86' lang='lat' dir='ltr'><strong>specie</strong></span> 
     </span>
    </p>
   </div>
   <div class='ocr_carea' id='block_1_24' title="bbox 126 1054 951 1093">
    <p class='ocr_par' dir='ltr' id='par_1_24' title="bbox 126 1054 951 1093">
     <span class='ocr_line' id='line_1_24' title="bbox 126 1054 951 1093; baseline 0.006 -12"><span class='ocrx_word' id='word_1_172' title='bbox 126 1054 214 1089; x_wconf 84' lang='lat' dir='ltr'><strong>panis</strong></span> <span class='ocrx_word' id='word_1_173' title='bbox 230 1063 263 1082; x_wconf 86' lang='lat' dir='ltr'><strong>ac</strong></span> <span class='ocrx_word' id='word_1_174' title='bbox 277 1055 335 1083; x_wconf 86' lang='lat' dir='ltr'><strong>vini</strong></span> <span class='ocrx_word' id='word_1_175' title='bbox 352 1064 428 1084; x_wconf 92' lang='lat' dir='ltr'><strong>nunc</strong></span> <span class='ocrx_word' id='word_1_176' title='bbox 445 1057 564 1093; x_wconf 80' lang='lat' dir='ltr'><strong>geritur,</strong></span> <span class='ocrx_word' id='word_1_177' title='bbox 576 1058 731 1086; x_wconf 83' lang='lat' dir='ltr'><strong>manifesta</strong></span> <span class='ocrx_word' id='word_1_178' title='bbox 741 1058 853 1086; x_wconf 87' lang='lat' dir='ltr'><strong>visione</strong></span> <span class='ocrx_word' id='word_1_179' title='bbox 865 1059 951 1086; x_wconf 85' lang='lat' dir='ltr'><strong>sicuti</strong></span> 
     </span>
    </p>
   </div>
   <div class='ocr_carea' id='block_1_25' title="bbox 125 1100 951 1137">
    <p class='ocr_par' dir='ltr' id='par_1_25' title="bbox 125 1100 951 1137">
     <span class='ocr_line' id='line_1_25' title="bbox 125 1100 951 1137; baseline 0.005 -12"><span class='ocrx_word' id='word_1_180' title='bbox 125 1107 229 1126; x_wconf 78' lang='lat' dir='ltr'><strong>revera</strong></span> <span class='ocrx_word' id='word_1_181' title='bbox 239 1102 294 1132; x_wconf 87' lang='lat' dir='ltr'><strong>est,</strong></span> <span class='ocrx_word' id='word_1_182' title='bbox 305 1100 479 1136; x_wconf 80' lang='lat' dir='ltr'><strong>quandoque</strong></span> <span class='ocrx_word' id='word_1_183' title='bbox 491 1101 632 1136; x_wconf 85' lang='lat' dir='ltr'><strong>capiatur.</strong></span> <span class='ocrx_word' id='word_1_184' title='bbox 647 1102 686 1129; x_wconf 87' lang='lat' dir='ltr'><strong>De</strong></span> <span class='ocrx_word' id='word_1_185' title='bbox 703 1111 760 1137; x_wconf 82' lang='lat' dir='ltr'><strong>qua</strong></span> <span class='ocrx_word' id='word_1_186' title='bbox 769 1102 879 1129; x_wconf 87' lang='lat' dir='ltr'><strong>visione</strong></span> <span class='ocrx_word' id='word_1_187' title='bbox 897 1103 951 1129; x_wconf 87' lang='lat' dir='ltr'><strong>Do-</strong></span> 
     </span>
    </p>
   </div>
   <div class='ocr_carea' id='block_1_26' title="bbox 126 1143 950 1182">
    <p class='ocr_par' dir='ltr' id='par_1_26' title="bbox 126 1143 950 1182">
     <span class='ocr_line' id='line_1_26' title="bbox 126 1143 950 1182; baseline 0.002 -12"><span class='ocrx_word' id='word_1_188' title='bbox 126 1143 229 1171; x_wconf 86' lang='lat' dir='ltr'><strong>minus</strong></span> <span class='ocrx_word' id='word_1_189' title='bbox 245 1144 274 1171; x_wconf 89' lang='lat' dir='ltr'><strong>in</strong></span> <span class='ocrx_word' id='word_1_190' title='bbox 291 1145 445 1180; x_wconf 85' lang='lat' dir='ltr'><strong>Evangelio</strong></span> <span class='ocrx_word' id='word_1_191' title='bbox 462 1146 624 1173; x_wconf 86' lang='lat' dir='ltr'><strong>secundum</strong></span> <span class='ocrx_word' id='word_1_192' title='bbox 649 1147 791 1174; x_wconf 86' lang='lat' dir='ltr'><strong>Joannem</strong></span> <span class='ocrx_word' id='word_1_193' title='bbox 816 1148 855 1174; x_wconf 85' lang='lat' dir='ltr'><strong>ait</strong></span> <span class='ocrx_word' id='word_1_194' title='bbox 880 1148 950 1182; x_wconf 83' lang='lat' dir='ltr'><strong>(cap.</strong></span> 
     </span>
    </p>
   </div>
   <div class='ocr_carea' id='block_1_27' title="bbox 125 1188 952 1226">
    <p class='ocr_par' dir='ltr' id='par_1_27' title="bbox 125 1188 952 1226">
     <span class='ocr_line' id='line_1_27' title="bbox 125 1188 952 1226; baseline 0.006 -12"><span class='ocrx_word' id='word_1_195' title='bbox 125 1188 201 1222; x_wconf 80' lang='lat' dir='ltr'><strong>xw):</strong></span> <span class='ocrx_word' id='word_1_196' title='bbox 215 1188 269 1222; x_wconf 78' lang='lat' dir='ltr'><strong>Qui</strong></span> <span class='ocrx_word' id='word_1_197' title='bbox 281 1189 374 1224; x_wconf 75' lang='lat' dir='ltr'><strong>diligit</strong></span> <span class='ocrx_word' id='word_1_198' title='bbox 390 1198 441 1221; x_wconf 80' lang='lat' dir='ltr'><strong>me,</strong></span> <span class='ocrx_word' id='word_1_199' title='bbox 453 1191 585 1224; x_wconf 75' lang='lat' dir='ltr'><strong>diligetur</strong></span> <span class='ocrx_word' id='word_1_200' title='bbox 599 1200 615 1218; x_wconf 82' lang='grc' dir='ltr'><em>α</em></span> <span class='ocrx_word' id='word_1_201' title='bbox 627 1191 708 1218; x_wconf 80' lang='lat' dir='ltr'><strong>Putre</strong></span> <span class='ocrx_word' id='word_1_202' title='bbox 725 1200 791 1223; x_wconf 83' lang='lat' dir='ltr'><strong>meo,</strong></span> <span class='ocrx_word' id='word_1_203' title='bbox 810 1194 835 1218; x_wconf 84' lang='lat' dir='ltr'><strong>et</strong></span> <span class='ocrx_word' id='word_1_204' title='bbox 848 1200 893 1226; x_wconf 79' lang='lat' dir='ltr'><strong>ego</strong></span> <span class='ocrx_word' id='word_1_205' title='bbox 913 1192 952 1218; x_wconf 87' lang='lat' dir='ltr'><strong>di-</strong></span> 
     </span>
    </p>
   </div>
   <div class='ocr_carea' id='block_1_28' title="bbox 126 1232 950 1269">
    <p class='ocr_par' dir='ltr' id='par_1_28' title="bbox 126 1232 950 1269">
     <span class='ocr_line' id='line_1_28' title="bbox 126 1232 950 1269; baseline 0.006 -11"><span class='ocrx_word' id='word_1_206' title='bbox 126 1232 220 1267; x_wconf 77' lang='lat' dir='ltr'><strong>ligam</strong></span> <span class='ocrx_word' id='word_1_207' title='bbox 234 1240 307 1266; x_wconf 84' lang='lat' dir='ltr'><strong>eum,</strong></span> <span class='ocrx_word' id='word_1_208' title='bbox 323 1238 350 1261; x_wconf 81' lang='lat' dir='ltr'><strong>et</strong></span> <span class='ocrx_word' id='word_1_209' title='bbox 377 1236 561 1269; x_wconf 72' lang='lat' dir='ltr'><strong>mani/astabo</strong></span> <span class='ocrx_word' id='word_1_210' title='bbox 589 1236 615 1262; x_wconf 86' lang='lat' dir='ltr'><strong>ei</strong></span> <span class='ocrx_word' id='word_1_211' title='bbox 644 1237 789 1269; x_wconf 81' lang='lat' dir='ltr'><strong>meipsum.</strong></span> <span class='ocrx_word' id='word_1_212' title='bbox 815 1237 950 1268; x_wconf 79' lang='lat' dir='ltr'><strong>Quamvis</strong></span> 
     </span>
    </p>
   </div>
   <div class='ocr_carea' id='block_1_29' title="bbox 127 1277 951 1315">
    <p class='ocr_par' dir='ltr' id='par_1_29' title="bbox 127 1277 951 1315">
     <span class='ocr_line' id='line_1_29' title="bbox 127 1277 951 1315; baseline 0.006 -12"><span class='ocrx_word' id='word_1_213' title='bbox 127 1285 187 1304; x_wconf 87' lang='lat' dir='ltr'><strong>non</strong></span> <span class='ocrx_word' id='word_1_214' title='bbox 210 1277 444 1313; x_wconf 87' lang='lat' dir='ltr'><strong>improbabiliter</strong></span> <span class='ocrx_word' id='word_1_215' title='bbox 454 1279 572 1314; x_wconf 86' lang='lat' dir='ltr'><strong>quidem</strong></span> <span class='ocrx_word' id='word_1_216' title='bbox 585 1283 731 1315; x_wconf 84' lang='lat' dir='ltr'><strong>exponant</strong></span> <span class='ocrx_word' id='word_1_217' title='bbox 742 1281 795 1308; x_wconf 89' lang='lat' dir='ltr'><strong>hoc</strong></span> <span class='ocrx_word' id='word_1_218' title='bbox 806 1281 878 1314; x_wconf 90' lang='lat' dir='ltr'><strong>Ioco,</strong></span> <span class='ocrx_word' id='word_1_219' title='bbox 891 1290 951 1308; x_wconf 73' lang='lat' dir='ltr'><strong>car-</strong></span> 
     </span>
    </p>
   </div>
   <div class='ocr_carea' id='block_1_30' title="bbox 126 1320 951 1360">
    <p class='ocr_par' dir='ltr' id='par_1_30' title="bbox 126 1320 951 1360">
     <span class='ocr_line' id='line_1_30' title="bbox 126 1320 951 1360; baseline 0.005 -12"><span class='ocrx_word' id='word_1_220' title='bbox 126 1320 175 1348; x_wconf 92' lang='lat' dir='ltr'><strong>nis</strong></span> <span class='ocrx_word' id='word_1_221' title='bbox 181 1323 209 1348; x_wconf 88' lang='lat' dir='ltr'><strong>et</strong></span> <span class='ocrx_word' id='word_1_222' title='bbox 216 1322 371 1358; x_wconf 85' lang='lat' dir='ltr'><strong>sanguinis</strong></span> <span class='ocrx_word' id='word_1_223' title='bbox 378 1324 527 1351; x_wconf 84' lang='lat' dir='ltr'><strong>veritatem</strong></span> <span class='ocrx_word' id='word_1_224' title='bbox 534 1325 636 1360; x_wconf 85' lang='lat' dir='ltr'><strong>,ipsam</strong></span> <span class='ocrx_word' id='word_1_225' title='bbox 648 1326 816 1352; x_wconf 89' lang='lat' dir='ltr'><strong>eorumdem</strong></span> <span class='ocrx_word' id='word_1_226' title='bbox 825 1326 951 1353; x_wconf 74' lang='lat' dir='ltr'><strong>efﬁcien-</strong></span> 
     </span>
    </p>
   </div>
   <div class='ocr_carea' id='block_1_31' title="bbox 125 1366 950 1405">
    <p class='ocr_par' dir='ltr' id='par_1_31' title="bbox 125 1366 950 1405">
     <span class='ocr_line' id='line_1_31' title="bbox 125 1366 950 1405; baseline 0.006 -13"><span class='ocrx_word' id='word_1_227' title='bbox 125 1366 211 1399; x_wconf 83' lang='lat' dir='ltr'><strong>tiam,</strong></span> <span class='ocrx_word' id='word_1_228' title='bbox 231 1366 258 1393; x_wconf 90' lang='lat' dir='ltr'><strong>id</strong></span> <span class='ocrx_word' id='word_1_229' title='bbox 273 1369 317 1394; x_wconf 89' lang='lat' dir='ltr'><strong>est</strong></span> <span class='ocrx_word' id='word_1_230' title='bbox 328 1370 511 1403; x_wconf 78' lang='lat' dir='ltr'><strong>peccatorum</strong></span> <span class='ocrx_word' id='word_1_231' title='bbox 524 1369 738 1397; x_wconf 81' lang='lat' dir='ltr'><strong>remissionem.</strong></span> <span class='ocrx_word' id='word_1_232' title='bbox 753 1370 813 1397; x_wconf 86' lang='lat' dir='ltr'><strong>lllis</strong></span> <span class='ocrx_word' id='word_1_233' title='bbox 825 1378 950 1405; x_wconf 87' lang='lat' dir='ltr'><strong>namque</strong></span> 
     </span>
    </p>
   </div>
   <div class='ocr_carea' id='block_1_32' title="bbox 126 1410 949 1450">
    <p class='ocr_par' dir='ltr' id='par_1_32' title="bbox 126 1410 949 1450">
     <span class='ocr_line' id='line_1_32' title="bbox 126 1410 949 1450; baseline 0.005 -13"><span class='ocrx_word' id='word_1_234' title='bbox 126 1410 224 1438; x_wconf 86' lang='lat' dir='ltr'><strong>modis</strong></span> <span class='ocrx_word' id='word_1_235' title='bbox 241 1411 379 1439; x_wconf 86' lang='lat' dir='ltr'><strong>omnibus</strong></span> <span class='ocrx_word' id='word_1_236' title='bbox 391 1421 457 1440; x_wconf 87' lang='lat' dir='ltr'><strong>vera</strong></span> <span class='ocrx_word' id='word_1_237' title='bbox 469 1421 535 1441; x_wconf 85' lang='lat' dir='ltr'><strong>caro</strong></span> <span class='ocrx_word' id='word_1_238' title='bbox 549 1416 576 1441; x_wconf 89' lang='lat' dir='ltr'><strong>et</strong></span> <span class='ocrx_word' id='word_1_239' title='bbox 587 1414 708 1449; x_wconf 82' lang='lat' dir='ltr'><strong>sanguis</strong></span> <span class='ocrx_word' id='word_1_240' title='bbox 724 1415 832 1447; x_wconf 82' lang='lat' dir='ltr'><strong>existit,</strong></span> <span class='ocrx_word' id='word_1_241' title='bbox 844 1415 892 1450; x_wconf 87' lang='lat' dir='ltr'><strong>qui</strong></span> <span class='ocrx_word' id='word_1_242' title='bbox 906 1415 949 1441; x_wconf 90' lang='lat' dir='ltr'><strong>di-</strong></span> 
     </span>
    </p>
   </div>
   <div class='ocr_carea' id='block_1_33' title="bbox 123 1455 949 1494">
    <p class='ocr_par' dir='ltr' id='par_1_33' title="bbox 123 1455 949 1494">
     <span class='ocr_line' id='line_1_33' title="bbox 123 1455 949 1494; baseline 0.006 -13"><span class='ocrx_word' id='word_1_243' title='bbox 123 1462 183 1490; x_wconf 86' lang='lat' dir='ltr'><strong>gne</strong></span> <span class='ocrx_word' id='word_1_244' title='bbox 196 1455 373 1491; x_wconf 87' lang='lat' dir='ltr'><strong>percipiunt.</strong></span> <span class='ocrx_word' id='word_1_245' title='bbox 391 1457 472 1484; x_wconf 87' lang='lat' dir='ltr'><strong>Unde</strong></span> <span class='ocrx_word' id='word_1_246' title='bbox 488 1460 608 1485; x_wconf 87' lang='lat' dir='ltr'><strong>sanctus</strong></span> <span class='ocrx_word' id='word_1_247' title='bbox 624 1460 780 1494; x_wconf 81' lang='lat' dir='ltr'><strong>Gregorius</strong></span> <span class='ocrx_word' id='word_1_248' title='bbox 798 1459 826 1486; x_wconf 93' lang='lat' dir='ltr'><strong>in</strong></span> <span class='ocrx_word' id='word_1_249' title='bbox 846 1462 949 1494; x_wconf 84' lang='lat' dir='ltr'><strong>quarto</strong></span> 
     </span>
    </p>
   </div>
   <div class='ocr_carea' id='block_1_34' title="bbox 124 1498 948 1539">
    <p class='ocr_par' dir='ltr' id='par_1_34' title="bbox 124 1498 948 1539">
     <span class='ocr_line' id='line_1_34' title="bbox 124 1498 948 1539; baseline 0.007 -14"><span class='ocrx_word' id='word_1_250' title='bbox 124 1498 313 1535; x_wconf 80' lang='lat' dir='ltr'><strong>Dialogorum</strong></span> <span class='ocrx_word' id='word_1_251' title='bbox 343 1501 417 1529; x_wconf 88' lang='lat' dir='ltr'><strong>libro</strong></span> <span class='ocrx_word' id='word_1_252' title='bbox 440 1502 509 1538; x_wconf 84' lang='lat' dir='ltr'><strong>(cap.</strong></span> <span class='ocrx_word' id='word_1_253' title='bbox 526 1503 590 1537; x_wconf 79' lang='lat'><strong>59):</strong></span> <span class='ocrx_word' id='word_1_254' title='bbox 607 1506 685 1530; x_wconf 86' lang='lat' dir='ltr'><strong>Tunc</strong></span> <span class='ocrx_word' id='word_1_255' title='bbox 701 1512 768 1531; x_wconf 75' lang='lat' dir='ltr'><strong>vera</strong></span> <span class='ocrx_word' id='word_1_256' title='bbox 792 1512 843 1539; x_wconf 86' lang='lat' dir='ltr'><strong>pro</strong></span> <span class='ocrx_word' id='word_1_257' title='bbox 865 1504 948 1531; x_wconf 87' lang='lat' dir='ltr'><strong>nobis</strong></span> 
     </span>
    </p>
   </div>
   <div class='ocr_carea' id='block_1_35' title="bbox 124 1543 947 1583">
    <p class='ocr_par' dir='ltr' id='par_1_35' title="bbox 124 1543 947 1583">
     <span class='ocr_line' id='line_1_35' title="bbox 124 1543 947 1583; baseline 0.007 -13"><span class='ocrx_word' id='word_1_258' title='bbox 124 1543 185 1571; x_wconf 89' lang='lat' dir='ltr'><strong>Deo</strong></span> <span class='ocrx_word' id='word_1_259' title='bbox 196 1543 294 1572; x_wconf 87' lang='lat' dir='ltr'><strong>hostia</strong></span> <span class='ocrx_word' id='word_1_260' title='bbox 305 1546 370 1579; x_wconf 87' lang='lat' dir='ltr'><strong>erit,</strong></span> <span class='ocrx_word' id='word_1_261' title='bbox 383 1554 449 1574; x_wconf 91' lang='lat' dir='ltr'><strong>cum</strong></span> <span class='ocrx_word' id='word_1_262' title='bbox 460 1548 656 1583; x_wconf 86' lang='lat' dir='ltr'><strong>nosmetipsos</strong></span> <span class='ocrx_word' id='word_1_263' title='bbox 670 1548 795 1576; x_wconf 87' lang='lat' dir='ltr'><strong>hostiam</strong></span> <span class='ocrx_word' id='word_1_264' title='bbox 817 1549 947 1576; x_wconf 62' lang='lat' dir='ltr'><strong>ferimus.</strong></span> 
     </span>
    </p>
   </div>
   <div class='ocr_carea' id='block_1_36' title="bbox 126 1593 949 1634">
    <p class='ocr_par' dir='ltr' id='par_1_36' title="bbox 126 1593 949 1634">
     <span class='ocr_line' id='line_1_36' title="bbox 126 1593 949 1634; baseline 0.007 -14"><span class='ocrx_word' id='word_1_265' title='bbox 126 1593 177 1621; x_wconf 83' lang='lat' dir='ltr'><strong>Est</strong></span> <span class='ocrx_word' id='word_1_266' title='bbox 191 1593 310 1629; x_wconf 85' lang='lat' dir='ltr'><strong>quidem</strong></span> <span class='ocrx_word' id='word_1_267' title='bbox 328 1596 416 1623; x_wconf 87' lang='lat' dir='ltr'><strong>etiam</strong></span> <span class='ocrx_word' id='word_1_268' title='bbox 434 1598 647 1632; x_wconf 80' lang='lat' dir='ltr'><strong>peccatoribus,</strong></span> <span class='ocrx_word' id='word_1_269' title='bbox 664 1600 692 1625; x_wconf 87' lang='lat' dir='ltr'><strong>et</strong></span> <span class='ocrx_word' id='word_1_270' title='bbox 715 1598 832 1634; x_wconf 84' lang='lat' dir='ltr'><strong>indigne</strong></span> <span class='ocrx_word' id='word_1_271' title='bbox 859 1598 949 1634; x_wconf 83' lang='lat' dir='ltr'><strong>porci-</strong></span> 
     </span>
    </p>
   </div>
   <div class='ocr_carea' id='block_1_37' title="bbox 125 1637 948 1678">
    <p class='ocr_par' dir='ltr' id='par_1_37' title="bbox 125 1637 948 1678">
     <span class='ocr_line' id='line_1_37' title="bbox 125 1637 948 1678; baseline 0.007 -14"><span class='ocrx_word' id='word_1_272' title='bbox 125 1637 278 1673; x_wconf 86' lang='lat' dir='ltr'><strong>pientibue</strong></span> <span class='ocrx_word' id='word_1_273' title='bbox 292 1647 360 1667; x_wconf 91' lang='lat' dir='ltr'><strong>vera</strong></span> <span class='ocrx_word' id='word_1_274' title='bbox 375 1640 481 1668; x_wconf 78' lang='lat' dir='ltr'><strong>Christi</strong></span> <span class='ocrx_word' id='word_1_275' title='bbox 499 1650 575 1675; x_wconf 85' lang='lat' dir='ltr'><strong>caro,</strong></span> <span class='ocrx_word' id='word_1_276' title='bbox 593 1650 738 1678; x_wconf 83' lang='lat' dir='ltr'><strong>verosque</strong></span> <span class='ocrx_word' id='word_1_277' title='bbox 751 1643 883 1678; x_wconf 82' lang='lat' dir='ltr'><strong>sanguis,</strong></span> <span class='ocrx_word' id='word_1_278' title='bbox 898 1644 948 1670; x_wconf 83' lang='lat' dir='ltr'><strong>sed</strong></span> 
     </span>
    </p>
   </div>
   <div class='ocr_carea' id='block_1_38' title="bbox 125 1683 948 1721">
    <p class='ocr_par' dir='ltr' id='par_1_38' title="bbox 125 1683 948 1721">
     <span class='ocr_line' id='line_1_38' title="bbox 125 1683 948 1721; baseline 0.006 -12"><span class='ocrx_word' id='word_1_279' title='bbox 125 1683 256 1710; x_wconf 81' lang='lat' dir='ltr'><strong>essentia</strong></span> <span class='ocrx_word' id='word_1_280' title='bbox 264 1691 319 1711; x_wconf 91' lang='lat' dir='ltr'><strong>non</strong></span> <span class='ocrx_word' id='word_1_281' title='bbox 328 1684 612 1713; x_wconf 84' lang='lat' dir='ltr'><strong>salubriefﬁcientia.</strong></span> <span class='ocrx_word' id='word_1_282' title='bbox 626 1686 718 1721; x_wconf 81' lang='lat' dir='ltr'><strong>Hujus</strong></span> <span class='ocrx_word' id='word_1_283' title='bbox 738 1686 777 1714; x_wconf 80' lang='lat' dir='ltr'><strong>rei</strong></span> <span class='ocrx_word' id='word_1_284' title='bbox 787 1686 869 1714; x_wconf 86' lang='lat' dir='ltr'><strong>testis</strong></span> <span class='ocrx_word' id='word_1_285' title='bbox 881 1687 948 1714; x_wconf 85' lang='lat' dir='ltr'><strong>bea-</strong></span> 
     </span>
    </p>
   </div>
   <div class='ocr_carea' id='block_1_39' title="bbox 124 1727 946 1766">
    <p class='ocr_par' dir='ltr' id='par_1_39' title="bbox 124 1727 946 1766">
     <span class='ocr_line' id='line_1_39' title="bbox 124 1727 946 1766; baseline 0.006 -13"><span class='ocrx_word' id='word_1_286' title='bbox 124 1727 176 1754; x_wconf 83' lang='lat' dir='ltr'><strong>tus</strong></span> <span class='ocrx_word' id='word_1_287' title='bbox 185 1727 369 1763; x_wconf 82' lang='lat' dir='ltr'><strong>Augustinus</strong></span> <span class='ocrx_word' id='word_1_288' title='bbox 379 1729 407 1756; x_wconf 92' lang='lat' dir='ltr'><strong>in</strong></span> <span class='ocrx_word' id='word_1_289' title='bbox 421 1730 523 1764; x_wconf 88' lang='lat' dir='ltr'><strong>quinto</strong></span> <span class='ocrx_word' id='word_1_290' title='bbox 536 1730 610 1757; x_wconf 91' lang='lat' dir='ltr'><strong>libro</strong></span> <span class='ocrx_word' id='word_1_291' title='bbox 623 1731 662 1757; x_wconf 87' lang='lat' dir='ltr'><strong>De</strong></span> <span class='ocrx_word' id='word_1_292' title='bbox 678 1731 946 1766; x_wconf 82' lang='lat' dir='ltr'><strong>baptismo(mp.8),</strong></span> 
     </span>
    </p>
   </div>
   <div class='ocr_carea' id='block_1_40' title="bbox 124 1770 948 1812">
    <p class='ocr_par' dir='ltr' id='par_1_40' title="bbox 124 1770 948 1812">
     <span class='ocr_line' id='line_1_40' title="bbox 124 1770 948 1812; baseline 0.007 -14"><span class='ocrx_word' id='word_1_293' title='bbox 124 1770 228 1799; x_wconf 87' lang='lat' dir='ltr'><strong>dicens</strong></span> <span class='ocrx_word' id='word_1_294' title='bbox 241 1771 341 1800; x_wconf 87' lang='lat' dir='ltr'><strong>:sicut</strong></span> <span class='ocrx_word' id='word_1_295' title='bbox 349 1774 425 1801; x_wconf 89' lang='lat' dir='ltr'><strong>enim</strong></span> <span class='ocrx_word' id='word_1_296' title='bbox 436 1774 526 1802; x_wconf 82' lang='lat' dir='ltr'><strong>Judas</strong></span> <span class='ocrx_word' id='word_1_297' title='bbox 536 1776 588 1811; x_wconf 82' lang='lat' dir='ltr'><strong>(De</strong></span> <span class='ocrx_word' id='word_1_298' title='bbox 601 1776 948 1812; x_wconf 77' lang='lat' dir='ltr'><strong>cons.,dist.2,c.Sicu!ju—</strong></span> 
     </span>
    </p>
   </div>
   <div class='ocr_carea' id='block_1_41' title="bbox 123 1815 945 1856">
    <p class='ocr_par' dir='ltr' id='par_1_41' title="bbox 123 1815 945 1856">
     <span class='ocr_line' id='line_1_41' title="bbox 123 1815 945 1856; baseline 0.009 -14"><span class='ocrx_word' id='word_1_299' title='bbox 123 1815 184 1849; x_wconf 75' lang='lat' dir='ltr'><strong>das,</strong></span> <span class='ocrx_word' id='word_1_300' title='bbox 199 1820 226 1844; x_wconf 72' lang='lat' dir='ltr'><strong>at</strong></span> <span class='ocrx_word' id='word_1_301' title='bbox 241 1816 289 1844; x_wconf 84' lang='lat' dir='ltr'><strong>lib.</strong></span> <span class='ocrx_word' id='word_1_302' title='bbox 304 1826 331 1844; x_wconf 87' lang='grc' dir='ltr'>ιν</span> <span class='ocrx_word' id='word_1_303' title='bbox 346 1818 433 1852; x_wconf 84' lang='lat' dir='ltr'><strong>Scnt.,</strong></span> <span class='ocrx_word' id='word_1_304' title='bbox 449 1819 513 1846; x_wconf 79' lang='lat' dir='ltr'><strong>dist.</strong></span> <span class='ocrx_word' id='word_1_305' title='bbox 527 1820 555 1854; x_wconf 82' lang='lat'><strong>9,</strong></span> <span class='ocrx_word' id='word_1_306' title='bbox 571 1821 584 1853; x_wconf 86' lang='lat'>§</span> <span class='ocrx_word' id='word_1_307' title='bbox 600 1821 624 1856; x_wconf 65' lang='grc' dir='ltr'><strong>ΙΙ)</strong></span> <span class='ocrx_word' id='word_1_308' title='bbox 641 1821 687 1848; x_wconf 92' lang='lat' dir='ltr'><strong>cui</strong></span> <span class='ocrx_word' id='word_1_309' title='bbox 704 1821 847 1848; x_wconf 79' lang='lat' dir='ltr'><strong>bucellam</strong></span> <span class='ocrx_word' id='word_1_310' title='bbox 859 1822 945 1849; x_wconf 83' lang='lat' dir='ltr'><strong>tradi-</strong></span> 
     </span>
    </p>
   </div>
   <div class='ocr_carea' id='block_1_42' title="bbox 122 1859 946 1900">
    <p class='ocr_par' dir='ltr' id='par_1_42' title="bbox 122 1859 946 1900">
     <span class='ocr_line' id='line_1_42' title="bbox 122 1859 946 1900; baseline 0.008 -13"><span class='ocrx_word' id='word_1_311' title='bbox 122 1859 167 1888; x_wconf 88' lang='lat' dir='ltr'><strong>dit</strong></span> <span class='ocrx_word' id='word_1_312' title='bbox 178 1861 330 1897; x_wconf 84' lang='lat' dir='ltr'><strong>Dominus,</strong></span> <span class='ocrx_word' id='word_1_313' title='bbox 341 1871 398 1890; x_wconf 90' lang='lat' dir='ltr'><strong>non</strong></span> <span class='ocrx_word' id='word_1_314' title='bbox 414 1863 525 1890; x_wconf 86' lang='lat' dir='ltr'><strong>malum</strong></span> <span class='ocrx_word' id='word_1_315' title='bbox 538 1864 772 1900; x_wconf 87' lang='lat' dir='ltr'><strong>accipiendo,sed</strong></span> <span class='ocrx_word' id='word_1_316' title='bbox 786 1866 861 1893; x_wconf 86' lang='lat' dir='ltr'><strong>male</strong></span> <span class='ocrx_word' id='word_1_317' title='bbox 873 1867 946 1894; x_wconf 84' lang='lat' dir='ltr'><strong>acci-</strong></span> 
     </span>
    </p>
   </div>
   <div class='ocr_carea' id='block_1_43' title="bbox 120 1904 945 1947">
    <p class='ocr_par' dir='ltr' id='par_1_43' title="bbox 120 1904 945 1947">
     <span class='ocr_line' id='line_1_43' title="bbox 120 1904 945 1947; baseline 0.008 -16"><span class='ocrx_word' id='word_1_318' title='bbox 120 1904 242 1940; x_wconf 84' lang='lat' dir='ltr'><strong>piendo,</strong></span> <span class='ocrx_word' id='word_1_319' title='bbox 258 1905 356 1933; x_wconf 89' lang='lat' dir='ltr'><strong>locum</strong></span> <span class='ocrx_word' id='word_1_320' title='bbox 374 1907 402 1934; x_wconf 92' lang='lat' dir='ltr'><strong>in</strong></span> <span class='ocrx_word' id='word_1_321' title='bbox 424 1915 454 1934; x_wconf 86' lang='lat' dir='ltr'><strong>se</strong></span> <span class='ocrx_word' id='word_1_322' title='bbox 479 1907 594 1936; x_wconf 85' lang='lat' dir='ltr'><strong>diabolo</strong></span> <span class='ocrx_word' id='word_1_323' title='bbox 620 1910 752 1944; x_wconf 73' lang='lat' dir='ltr'><strong>prmbuit,</strong></span> <span class='ocrx_word' id='word_1_324' title='bbox 770 1911 812 1938; x_wconf 89' lang='lat' dir='ltr'><strong>sic</strong></span> <span class='ocrx_word' id='word_1_325' title='bbox 829 1910 945 1947; x_wconf 87' lang='lat' dir='ltr'><strong>indigne</strong></span> 
     </span>
    </p>
   </div>
   <div class='ocr_carea' id='block_1_44' title="bbox 120 1949 944 1985">
    <p class='ocr_par' dir='ltr' id='par_1_44' title="bbox 120 1949 944 1985">
     <span class='ocr_line' id='line_1_44' title="bbox 120 1949 944 1985; baseline 0.008 -9"><span class='ocrx_word' id='word_1_326' title='bbox 120 1949 250 1985; x_wconf 84' lang='lat' dir='ltr'><strong>quisque</strong></span> <span class='ocrx_word' id='word_1_327' title='bbox 258 1959 379 1979; x_wconf 88' lang='lat' dir='ltr'><strong>sumens</strong></span> <span class='ocrx_word' id='word_1_328' title='bbox 391 1951 574 1980; x_wconf 90' lang='lat' dir='ltr'><strong>Dominicum</strong></span> <span class='ocrx_word' id='word_1_329' title='bbox 587 1957 803 1982; x_wconf 85' lang='lat' dir='ltr'><strong>sacramentum</strong></span> <span class='ocrx_word' id='word_1_330' title='bbox 812 1964 869 1983; x_wconf 86' lang='lat' dir='ltr'><strong>non</strong></span> <span class='ocrx_word' id='word_1_331' title='bbox 882 1956 944 1982; x_wconf 87' lang='lat' dir='ltr'><strong>efﬁ-</strong></span> 
     </span>
    </p>
   </div>
   <div class='ocr_carea' id='block_1_45' title="bbox 120 1993 945 2034">
    <p class='ocr_par' dir='ltr' id='par_1_45' title="bbox 120 1993 945 2034">
     <span class='ocr_line' id='line_1_45' title="bbox 120 1993 945 2034; baseline 0.008 -14"><span class='ocrx_word' id='word_1_332' title='bbox 120 1993 171 2027; x_wconf 88' lang='lat' dir='ltr'><strong>cit,</strong></span> <span class='ocrx_word' id='word_1_333' title='bbox 190 1996 221 2021; x_wconf 91' lang='lat' dir='ltr'><strong>ut</strong></span> <span class='ocrx_word' id='word_1_334' title='bbox 236 1995 306 2029; x_wconf 88' lang='lat' dir='ltr'><strong>quia</strong></span> <span class='ocrx_word' id='word_1_335' title='bbox 320 1995 382 2031; x_wconf 84' lang='lat' dir='ltr'><strong>ipse</strong></span> <span class='ocrx_word' id='word_1_336' title='bbox 399 1996 495 2025; x_wconf 89' lang='lat' dir='ltr'><strong>malus</strong></span> <span class='ocrx_word' id='word_1_337' title='bbox 511 2000 565 2030; x_wconf 87' lang='lat' dir='ltr'><strong>est,</strong></span> <span class='ocrx_word' id='word_1_338' title='bbox 583 1998 678 2033; x_wconf 88' lang='lat' dir='ltr'><strong>ipsum</strong></span> <span class='ocrx_word' id='word_1_339' title='bbox 696 1999 806 2027; x_wconf 84' lang='lat' dir='ltr'><strong>malum</strong></span> <span class='ocrx_word' id='word_1_340' title='bbox 823 2000 871 2034; x_wconf 87' lang='lat' dir='ltr'><strong>sit,</strong></span> <span class='ocrx_word' id='word_1_341' title='bbox 895 2002 945 2027; x_wconf 87' lang='lat' dir='ltr'><strong>aut</strong></span> 
     </span>
    </p>
   </div>
   <div class='ocr_carea' id='block_1_46' title="bbox 119 2038 944 2080">
    <p class='ocr_par' dir='ltr' id='par_1_46' title="bbox 119 2038 944 2080">
     <span class='ocr_line' id='line_1_46' title="bbox 119 2038 944 2080; baseline 0.008 -15"><span class='ocrx_word' id='word_1_342' title='bbox 119 2038 192 2074; x_wconf 84' lang='lat' dir='ltr'><strong>quia</strong></span> <span class='ocrx_word' id='word_1_343' title='bbox 203 2047 261 2066; x_wconf 88' lang='lat' dir='ltr'><strong>non</strong></span> <span class='ocrx_word' id='word_1_344' title='bbox 273 2040 308 2067; x_wconf 87' lang='lat' dir='ltr'><strong>ad</strong></span> <span class='ocrx_word' id='word_1_345' title='bbox 319 2040 444 2068; x_wconf 85' lang='lat' dir='ltr'><strong>salutem</strong></span> <span class='ocrx_word' id='word_1_346' title='bbox 459 2042 574 2078; x_wconf 85' lang='lat' dir='ltr'><strong>accipit,</strong></span> <span class='ocrx_word' id='word_1_347' title='bbox 587 2043 659 2070; x_wconf 89' lang='lat' dir='ltr'><strong>nihil</strong></span> <span class='ocrx_word' id='word_1_348' title='bbox 670 2045 821 2079; x_wconf 88' lang='lat' dir='ltr'><strong>acceperit.</strong></span> <span class='ocrx_word' id='word_1_349' title='bbox 834 2045 944 2080; x_wconf 89' lang='lat' dir='ltr'><strong>Corpus</strong></span> 
     </span>
    </p>
   </div>
   <div class='ocr_carea' id='block_1_47' title="bbox 120 2084 944 2124">
    <p class='ocr_par' dir='ltr' id='par_1_47' title="bbox 120 2084 944 2124">
     <span class='ocr_line' id='line_1_47' title="bbox 120 2084 944 2124; baseline 0.007 -13"><span class='ocrx_word' id='word_1_350' title='bbox 120 2084 230 2112; x_wconf 84' lang='lat' dir='ltr'><strong>etenim</strong></span> <span class='ocrx_word' id='word_1_351' title='bbox 247 2084 361 2113; x_wconf 89' lang='lat' dir='ltr'><strong>Domini</strong></span> <span class='ocrx_word' id='word_1_352' title='bbox 378 2087 642 2115; x_wconf 88' lang='lat' dir='ltr'><strong>eratnihilominus</strong></span> <span class='ocrx_word' id='word_1_353' title='bbox 654 2088 700 2116; x_wconf 87' lang='lat' dir='ltr'><strong>his</strong></span> <span class='ocrx_word' id='word_1_354' title='bbox 710 2090 818 2124; x_wconf 89' lang='lat' dir='ltr'><strong>quibus</strong></span> <span class='ocrx_word' id='word_1_355' title='bbox 829 2090 944 2117; x_wconf 89' lang='lat' dir='ltr'><strong>diccbat</strong></span> 
     </span>
    </p>
   </div>
   <div class='ocr_carea' id='block_1_48' title="bbox 119 2133 943 2174">
    <p class='ocr_par' dir='ltr' id='par_1_48' title="bbox 119 2133 943 2174">
     <span class='ocr_line' id='line_1_48' title="bbox 119 2133 943 2174; baseline 0.008 -15"><span class='ocrx_word' id='word_1_356' title='bbox 119 2133 292 2169; x_wconf 78' lang='lat' dir='ltr'><strong>Apostolus:</strong></span> <span class='ocrx_word' id='word_1_357' title='bbox 306 2136 364 2171; x_wconf 81' lang='lat' dir='ltr'><strong>Qui</strong></span> <span class='ocrx_word' id='word_1_358' title='bbox 378 2136 523 2164; x_wconf 75' lang='lat' dir='ltr'><strong>manducet</strong></span> <span class='ocrx_word' id='word_1_359' title='bbox 539 2139 563 2164; x_wconf 86' lang='lat' dir='ltr'><strong>el</strong></span> <span class='ocrx_word' id='word_1_360' title='bbox 579 2138 647 2165; x_wconf 80' lang='lat' dir='ltr'><strong>bibit</strong></span> <span class='ocrx_word' id='word_1_361' title='bbox 662 2138 786 2173; x_wconf 75' lang='lat' dir='ltr'><strong>indigne,</strong></span> <span class='ocrx_word' id='word_1_362' title='bbox 804 2139 943 2174; x_wconf 77' lang='lat' dir='ltr'><strong>judicium</strong></span> 
     </span>
    </p>
   </div>
   <div class='ocr_carea' id='block_1_49' title="bbox 115 2178 941 2218">
    <p class='ocr_par' dir='ltr' id='par_1_49' title="bbox 115 2178 941 2218">
     <span class='ocr_line' id='line_1_49' title="bbox 115 2178 941 2218; baseline 0.01 -15"><span class='ocrx_word' id='word_1_363' title='bbox 115 2178 173 2204; x_wconf 76' lang='lat' dir='ltr'><strong>sibi</strong></span> <span class='ocrx_word' id='word_1_364' title='bbox 185 2178 334 2206; x_wconf 79' lang='lat' dir='ltr'><strong>manducat</strong></span> <span class='ocrx_word' id='word_1_365' title='bbox 349 2182 374 2207; x_wconf 88' lang='lat' dir='ltr'><strong>et</strong></span> <span class='ocrx_word' id='word_1_366' title='bbox 383 2180 451 2208; x_wconf 78' lang='lat' dir='ltr'><strong>bibit</strong></span> <span class='ocrx_word' id='word_1_367' title='bbox 460 2181 482 2216; x_wconf 88' lang='grc' dir='ltr'><strong>(Ι</strong></span> <span class='ocrx_word' id='word_1_368' title='bbox 496 2181 617 2209; x_wconf 81' lang='lat' dir='ltr'><strong>Corinth.</strong></span> <span class='ocrx_word' id='word_1_369' title='bbox 634 2183 683 2218; x_wconf 68' lang='grc' dir='ltr'>χι).</span> <span class='ocrx_word' id='word_1_370' title='bbox 696 2183 845 2211; x_wconf 87' lang='lat' dir='ltr'><strong>Invenitur</strong></span> <span class='ocrx_word' id='word_1_371' title='bbox 853 2183 941 2211; x_wconf 84' lang='lat' dir='ltr'><strong>etiam</strong></span> 
     </span>
    </p>
   </div>
   <div class='ocr_carea' id='block_1_50' title="bbox 1011 207 1832 244">
    <p class='ocr_par' dir='ltr' id='par_1_50' title="bbox 1011 207 1832 244">
     <span class='ocr_line' id='line_1_50' title="bbox 1011 207 1832 244; baseline 0.001 -10"><span class='ocrx_word' id='word_1_372' title='bbox 1011 215 1088 234; x_wconf 88' lang='lat' dir='ltr'><strong>mam</strong></span> <span class='ocrx_word' id='word_1_373' title='bbox 1101 207 1206 241; x_wconf 84' lang='lat' dir='ltr'><strong>salvat,</strong></span> <span class='ocrx_word' id='word_1_374' title='bbox 1219 216 1282 243; x_wconf 71' lang='lat' dir='ltr'><strong>quae</strong></span> <span class='ocrx_word' id='word_1_375' title='bbox 1293 207 1374 235; x_wconf 87' lang='lat' dir='ltr'><strong>illam</strong></span> <span class='ocrx_word' id='word_1_376' title='bbox 1391 208 1476 235; x_wconf 87' lang='lat' dir='ltr'><strong>nobis</strong></span> <span class='ocrx_word' id='word_1_377' title='bbox 1491 209 1614 235; x_wconf 86' lang='lat' dir='ltr'><strong>mortem</strong></span> <span class='ocrx_word' id='word_1_378' title='bbox 1629 207 1776 244; x_wconf 88' lang='lat' dir='ltr'><strong>Unigeniti</strong></span> <span class='ocrx_word' id='word_1_379' title='bbox 1789 214 1832 235; x_wconf 87' lang='lat' dir='ltr'><strong>re-</strong></span> 
     </span>
    </p>
   </div>
   <div class='ocr_carea' id='block_1_51' title="bbox 1009 251 1829 288">
    <p class='ocr_par' dir='ltr' id='par_1_51' title="bbox 1009 251 1829 288">
     <span class='ocr_line' id='line_1_51' title="bbox 1009 251 1829 288; baseline 0.001 -10"><span class='ocrx_word' id='word_1_380' title='bbox 1009 253 1104 287; x_wconf 86' lang='lat' dir='ltr'><strong>parat,</strong></span> <span class='ocrx_word' id='word_1_381' title='bbox 1117 260 1169 287; x_wconf 86' lang='lat' dir='ltr'><strong>per</strong></span> <span class='ocrx_word' id='word_1_382' title='bbox 1181 255 1411 280; x_wconf 84' lang='lat' dir='ltr'><strong>sacramentum.</strong></span> <span class='ocrx_word' id='word_1_383' title='bbox 1429 252 1461 279; x_wconf 87' lang='lat' dir='ltr'><strong>Et</strong></span> <span class='ocrx_word' id='word_1_384' title='bbox 1477 254 1543 288; x_wconf 89' lang='lat' dir='ltr'><strong>post</strong></span> <span class='ocrx_word' id='word_1_385' title='bbox 1557 251 1656 288; x_wconf 83' lang='lat' dir='ltr'><strong>aliqua</strong></span> <span class='ocrx_word' id='word_1_386' title='bbox 1671 252 1753 287; x_wconf 80' lang='lat' dir='ltr'><strong>(idem</strong></span> <span class='ocrx_word' id='word_1_387' title='bbox 1768 260 1829 287; x_wconf 87' lang='lat' dir='ltr'><strong>cap.</strong></span> 
     </span>
    </p>
   </div>
   <div class='ocr_carea' id='block_1_52' title="bbox 1008 295 1830 332">
    <p class='ocr_par' dir='ltr' id='par_1_52' title="bbox 1008 295 1830 332">
     <span class='ocr_line' id='line_1_52' title="bbox 1008 295 1830 332; baseline 0.001 -10"><span class='ocrx_word' id='word_1_388' title='bbox 1008 295 1069 329; x_wconf 79' lang='lat'><strong>59):</strong></span> <span class='ocrx_word' id='word_1_389' title='bbox 1082 296 1135 327; x_wconf 85' lang='lat' dir='ltr'><strong>Qui</strong></span> <span class='ocrx_word' id='word_1_390' title='bbox 1150 295 1298 332; x_wconf 87' lang='lat' dir='ltr'><strong>passionis</strong></span> <span class='ocrx_word' id='word_1_391' title='bbox 1308 296 1469 324; x_wconf 73' lang='lat' dir='ltr'><strong>Dominicae</strong></span> <span class='ocrx_word' id='word_1_392' title='bbox 1482 296 1621 332; x_wconf 78' lang='lat' dir='ltr'><strong>mysteria</strong></span> <span class='ocrx_word' id='word_1_393' title='bbox 1638 295 1830 330; x_wconf 86' lang='lat' dir='ltr'><strong>celebramus,</strong></span> 
     </span>
    </p>
   </div>
   <div class='ocr_carea' id='block_1_53' title="bbox 1009 339 1832 376">
    <p class='ocr_par' dir='ltr' id='par_1_53' title="bbox 1009 339 1832 376">
     <span class='ocr_line' id='line_1_53' title="bbox 1009 339 1832 376; baseline 0 -9"><span class='ocrx_word' id='word_1_394' title='bbox 1009 340 1150 368; x_wconf 84' lang='lat' dir='ltr'><strong>debemus</strong></span> <span class='ocrx_word' id='word_1_395' title='bbox 1160 340 1269 368; x_wconf 90' lang='lat' dir='ltr'><strong>imitari</strong></span> <span class='ocrx_word' id='word_1_396' title='bbox 1284 341 1360 376; x_wconf 91' lang='lat' dir='ltr'><strong>quod</strong></span> <span class='ocrx_word' id='word_1_397' title='bbox 1373 340 1509 368; x_wconf 86' lang='lat' dir='ltr'><strong>colimus.</strong></span> <span class='ocrx_word' id='word_1_398' title='bbox 1523 340 1604 373; x_wconf 87' lang='lat' dir='ltr'><strong>Quod</strong></span> <span class='ocrx_word' id='word_1_399' title='bbox 1616 348 1683 368; x_wconf 88' lang='lat' dir='ltr'><strong>vero</strong></span> <span class='ocrx_word' id='word_1_400' title='bbox 1690 340 1774 376; x_wconf 81' lang='lat' dir='ltr'><strong>panis</strong></span> <span class='ocrx_word' id='word_1_401' title='bbox 1786 339 1832 367; x_wconf 92' lang='lat' dir='ltr'><strong>di-</strong></span> 
     </span>
    </p>
   </div>
   <div class='ocr_carea' id='block_1_54' title="bbox 1009 384 1830 421">
    <p class='ocr_par' dir='ltr' id='par_1_54' title="bbox 1009 384 1830 421">
     <span class='ocr_line' id='line_1_54' title="bbox 1009 384 1830 421; baseline 0.001 -10"><span class='ocrx_word' id='word_1_402' title='bbox 1009 385 1085 412; x_wconf 88' lang='lat' dir='ltr'><strong>citur</strong></span> <span class='ocrx_word' id='word_1_403' title='bbox 1097 387 1237 413; x_wconf 89' lang='lat' dir='ltr'><strong>consueto</strong></span> <span class='ocrx_word' id='word_1_404' title='bbox 1249 393 1337 413; x_wconf 64' lang='lat' dir='ltr'><strong>sacrae</strong></span> <span class='ocrx_word' id='word_1_405' title='bbox 1354 385 1510 421; x_wconf 69' lang='lat' dir='ltr'><strong>Scriptura:</strong></span> <span class='ocrx_word' id='word_1_406' title='bbox 1522 393 1602 413; x_wconf 87' lang='lat' dir='ltr'><strong>more</strong></span> <span class='ocrx_word' id='word_1_407' title='bbox 1611 385 1639 412; x_wconf 91' lang='lat' dir='ltr'><strong>id</strong></span> <span class='ocrx_word' id='word_1_408' title='bbox 1652 384 1695 419; x_wconf 86' lang='lat' dir='ltr'><strong>ﬁt,</strong></span> <span class='ocrx_word' id='word_1_409' title='bbox 1708 393 1773 421; x_wconf 68' lang='lat' dir='ltr'><strong>quae</strong></span> <span class='ocrx_word' id='word_1_410' title='bbox 1785 393 1830 412; x_wconf 91' lang='lat' dir='ltr'><strong>res</strong></span> 
     </span>
    </p>
   </div>
   <div class='ocr_carea' id='block_1_55' title="bbox 1009 429 1830 465">
    <p class='ocr_par' dir='ltr' id='par_1_55' title="bbox 1009 429 1830 465">
     <span class='ocr_line' id='line_1_55' title="bbox 1009 429 1830 465; baseline -0.002 -8"><span class='ocrx_word' id='word_1_411' title='bbox 1009 429 1155 465; x_wconf 83' lang='lat' dir='ltr'><strong>quaslibet</strong></span> <span class='ocrx_word' id='word_1_412' title='bbox 1166 432 1249 457; x_wconf 89' lang='lat' dir='ltr'><strong>vocat</strong></span> <span class='ocrx_word' id='word_1_413' title='bbox 1259 430 1429 457; x_wconf 86' lang='lat' dir='ltr'><strong>nominibus</strong></span> <span class='ocrx_word' id='word_1_414' title='bbox 1438 429 1555 457; x_wconf 86' lang='lat' dir='ltr'><strong>illarum</strong></span> <span class='ocrx_word' id='word_1_415' title='bbox 1567 437 1713 464; x_wconf 88' lang='lat' dir='ltr'><strong>rerum,ex</strong></span> <span class='ocrx_word' id='word_1_416' title='bbox 1722 430 1830 465; x_wconf 88' lang='lat' dir='ltr'><strong>quibus</strong></span> 
     </span>
    </p>
   </div>
   <div class='ocr_carea' id='block_1_56' title="bbox 1009 472 1830 510">
    <p class='ocr_par' dir='ltr' id='par_1_56' title="bbox 1009 472 1830 510">
     <span class='ocr_line' id='line_1_56' title="bbox 1009 472 1830 510; baseline -0.001 -9"><span class='ocrx_word' id='word_1_417' title='bbox 1009 482 1060 501; x_wconf 90' lang='lat' dir='ltr'><strong>seu</strong></span> <span class='ocrx_word' id='word_1_418' title='bbox 1073 482 1135 510; x_wconf 77' lang='lat' dir='ltr'><strong>quae</strong></span> <span class='ocrx_word' id='word_1_419' title='bbox 1147 482 1211 502; x_wconf 88' lang='lat' dir='ltr'><strong>esse</strong></span> <span class='ocrx_word' id='word_1_420' title='bbox 1224 476 1375 510; x_wconf 85' lang='lat' dir='ltr'><strong>putantur,</strong></span> <span class='ocrx_word' id='word_1_421' title='bbox 1388 476 1485 502; x_wconf 86' lang='lat' dir='ltr'><strong>etnon</strong></span> <span class='ocrx_word' id='word_1_422' title='bbox 1498 476 1578 509; x_wconf 90' lang='lat' dir='ltr'><strong>sunt,</strong></span> <span class='ocrx_word' id='word_1_423' title='bbox 1590 482 1641 502; x_wconf 87' lang='lat' dir='ltr'><strong>seu</strong></span> <span class='ocrx_word' id='word_1_424' title='bbox 1663 474 1772 510; x_wconf 88' lang='lat' dir='ltr'><strong>quibus</strong></span> <span class='ocrx_word' id='word_1_425' title='bbox 1788 472 1830 500; x_wconf 87' lang='lat' dir='ltr'><strong>si-</strong></span> 
     </span>
    </p>
   </div>
   <div class='ocr_carea' id='block_1_57' title="bbox 1008 518 1829 554">
    <p class='ocr_par' dir='ltr' id='par_1_57' title="bbox 1008 518 1829 554">
     <span class='ocr_line' id='line_1_57' title="bbox 1008 518 1829 554; baseline -0.001 -8"><span class='ocrx_word' id='word_1_426' title='bbox 1008 518 1092 546; x_wconf 84' lang='lat' dir='ltr'><strong>miles</strong></span> <span class='ocrx_word' id='word_1_427' title='bbox 1107 518 1206 554; x_wconf 90' lang='lat' dir='ltr'><strong>aliquo</strong></span> <span class='ocrx_word' id='word_1_428' title='bbox 1222 519 1309 547; x_wconf 90' lang='lat' dir='ltr'><strong>modo</strong></span> <span class='ocrx_word' id='word_1_429' title='bbox 1326 519 1464 547; x_wconf 88' lang='lat' dir='ltr'><strong>existunt.</strong></span> <span class='ocrx_word' id='word_1_430' title='bbox 1481 518 1563 546; x_wconf 90' lang='lat' dir='ltr'><strong>Unde</strong></span> <span class='ocrx_word' id='word_1_431' title='bbox 1574 518 1678 546; x_wconf 88' lang='lat' dir='ltr'><strong>beatus</strong></span> <span class='ocrx_word' id='word_1_432' title='bbox 1689 518 1829 553; x_wconf 81' lang='lat' dir='ltr'><strong>Hierony-</strong></span> 
     </span>
    </p>
   </div>
   <div class='ocr_carea' id='block_1_58' title="bbox 1008 562 1829 599">
    <p class='ocr_par' dir='ltr' id='par_1_58' title="bbox 1008 562 1829 599">
     <span class='ocr_line' id='line_1_58' title="bbox 1008 562 1829 599; baseline -0.002 -8"><span class='ocrx_word' id='word_1_433' title='bbox 1008 571 1075 591; x_wconf 88' lang='lat' dir='ltr'><strong>mus</strong></span> <span class='ocrx_word' id='word_1_434' title='bbox 1090 563 1119 591; x_wconf 92' lang='lat' dir='ltr'><strong>in</strong></span> <span class='ocrx_word' id='word_1_435' title='bbox 1133 563 1262 592; x_wconf 87' lang='lat' dir='ltr'><strong>secundo</strong></span> <span class='ocrx_word' id='word_1_436' title='bbox 1279 563 1521 599; x_wconf 83' lang='lat' dir='ltr'><strong>Explauationum</strong></span> <span class='ocrx_word' id='word_1_437' title='bbox 1538 562 1612 591; x_wconf 90' lang='lat' dir='ltr'><strong>libro</strong></span> <span class='ocrx_word' id='word_1_438' title='bbox 1636 570 1725 599; x_wconf 86' lang='lat' dir='ltr'><strong>super</strong></span> <span class='ocrx_word' id='word_1_439' title='bbox 1749 562 1829 590; x_wconf 62' lang='lat' dir='ltr'><strong>Osca!</strong></span> 
     </span>
    </p>
   </div>
   <div class='ocr_carea' id='block_1_59' title="bbox 1007 606 1829 645">
    <p class='ocr_par' dir='ltr' id='par_1_59' title="bbox 1007 606 1829 645">
     <span class='ocr_line' id='line_1_59' title="bbox 1007 606 1829 645; baseline -0.004 -9"><span class='ocrx_word' id='word_1_440' title='bbox 1007 608 1048 644; x_wconf 84' lang='lat' dir='ltr'><strong>(in</strong></span> <span class='ocrx_word' id='word_1_441' title='bbox 1063 616 1123 645; x_wconf 89' lang='lat' dir='ltr'><strong>cap.</strong></span> <span class='ocrx_word' id='word_1_442' title='bbox 1140 611 1188 644; x_wconf 84' lang='lat' dir='ltr'><strong>v):</strong></span> <span class='ocrx_word' id='word_1_443' title='bbox 1205 610 1361 644; x_wconf 83' lang='lat' dir='ltr'><strong>Postquam</strong></span> <span class='ocrx_word' id='word_1_444' title='bbox 1379 616 1494 636; x_wconf 88' lang='lat' dir='ltr'><strong>reversa</strong></span> <span class='ocrx_word' id='word_1_445' title='bbox 1508 607 1596 635; x_wconf 81' lang='lat' dir='ltr'><strong>fuerit</strong></span> <span class='ocrx_word' id='word_1_446' title='bbox 1614 609 1693 635; x_wconf 85' lang='lat' dir='ltr'><strong>terra</strong></span> <span class='ocrx_word' id='word_1_447' title='bbox 1717 606 1746 633; x_wconf 92' lang='lat' dir='ltr'><strong>in</strong></span> <span class='ocrx_word' id='word_1_448' title='bbox 1768 608 1829 633; x_wconf 88' lang='lat' dir='ltr'><strong>ter-</strong></span> 
     </span>
    </p>
   </div>
   <div class='ocr_carea' id='block_1_60' title="bbox 1007 650 1827 688">
    <p class='ocr_par' dir='ltr' id='par_1_60' title="bbox 1007 650 1827 688">
     <span class='ocr_line' id='line_1_60' title="bbox 1007 650 1827 688; baseline -0.002 -9"><span class='ocrx_word' id='word_1_449' title='bbox 1007 660 1069 680; x_wconf 90' lang='lat' dir='ltr'><strong>ram</strong></span> <span class='ocrx_word' id='word_1_450' title='bbox 1086 661 1181 681; x_wconf 86' lang='lat' dir='ltr'><strong>suam.</strong></span> <span class='ocrx_word' id='word_1_451' title='bbox 1200 653 1234 680; x_wconf 90' lang='lat' dir='ltr'><strong>Et</strong></span> <span class='ocrx_word' id='word_1_452' title='bbox 1248 652 1376 688; x_wconf 85' lang='lat' dir='ltr'><strong>superbo</strong></span> <span class='ocrx_word' id='word_1_453' title='bbox 1389 652 1502 680; x_wconf 89' lang='lat' dir='ltr'><strong>homini</strong></span> <span class='ocrx_word' id='word_1_454' title='bbox 1520 660 1537 680; x_wconf 88' lang='lat' dir='ltr'><strong>a</strong></span> <span class='ocrx_word' id='word_1_455' title='bbox 1553 651 1686 687; x_wconf 85' lang='lat' dir='ltr'><strong>sapiente</strong></span> <span class='ocrx_word' id='word_1_456' title='bbox 1701 650 1827 678; x_wconf 90' lang='lat' dir='ltr'><strong>dicitur:</strong></span> 
     </span>
    </p>
   </div>
   <div class='ocr_carea' id='block_1_61' title="bbox 1007 699 1828 737">
    <p class='ocr_par' dir='ltr' id='par_1_61' title="bbox 1007 699 1828 737">
     <span class='ocr_line' id='line_1_61' title="bbox 1007 699 1828 737; baseline -0.004 -8"><span class='ocrx_word' id='word_1_457' title='bbox 1007 701 1078 735; x_wconf 81' lang='lat' dir='ltr'><strong>Quid</strong></span> <span class='ocrx_word' id='word_1_458' title='bbox 1087 701 1209 737; x_wconf 79' lang='lat' dir='ltr'><strong>superbis</strong></span> <span class='ocrx_word' id='word_1_459' title='bbox 1223 704 1299 729; x_wconf 82' lang='lat' dir='ltr'><strong>terra</strong></span> <span class='ocrx_word' id='word_1_460' title='bbox 1309 703 1335 729; x_wconf 77' lang='lat' dir='ltr'><strong>et</strong></span> <span class='ocrx_word' id='word_1_461' title='bbox 1348 702 1419 729; x_wconf 85' lang='lat' dir='ltr'><strong>cinis</strong></span> <span class='ocrx_word' id='word_1_462' title='bbox 1433 701 1447 728; x_wconf 76' lang='lat' dir='ltr'><strong>‘I</strong></span> <span class='ocrx_word' id='word_1_463' title='bbox 1465 701 1557 735; x_wconf 84' lang='lat' dir='ltr'><strong>(Eccli.</strong></span> <span class='ocrx_word' id='word_1_464' title='bbox 1571 700 1612 736; x_wconf 70' lang='grc' dir='ltr'><strong>ι.)</strong></span> <span class='ocrx_word' id='word_1_465' title='bbox 1627 700 1660 728; x_wconf 85' lang='lat' dir='ltr'><strong>Et</strong></span> <span class='ocrx_word' id='word_1_466' title='bbox 1679 699 1828 727; x_wconf 74' lang='lat' dir='ltr'><strong>Abraham</strong></span> 
     </span>
    </p>
   </div>
   <div class='ocr_carea' id='block_1_62' title="bbox 1006 743 1826 782">
    <p class='ocr_par' dir='ltr' id='par_1_62' title="bbox 1006 743 1826 782">
     <span class='ocr_line' id='line_1_62' title="bbox 1006 743 1826 782; baseline -0.002 -9"><span class='ocrx_word' id='word_1_467' title='bbox 1006 747 1066 773; x_wconf 88' lang='lat' dir='ltr'><strong>tres</strong></span> <span class='ocrx_word' id='word_1_468' title='bbox 1079 745 1157 774; x_wconf 86' lang='lat' dir='ltr'><strong>viros</strong></span> <span class='ocrx_word' id='word_1_469' title='bbox 1172 745 1281 774; x_wconf 85' lang='lat' dir='ltr'><strong>vidisse</strong></span> <span class='ocrx_word' id='word_1_470' title='bbox 1296 745 1414 782; x_wconf 84' lang='lat' dir='ltr'><strong>legitur,</strong></span> <span class='ocrx_word' id='word_1_471' title='bbox 1430 753 1499 773; x_wconf 88' lang='lat' dir='ltr'><strong>cum</strong></span> <span class='ocrx_word' id='word_1_472' title='bbox 1515 747 1613 773; x_wconf 85' lang='lat' dir='ltr'><strong>essent</strong></span> <span class='ocrx_word' id='word_1_473' title='bbox 1629 743 1725 781; x_wconf 86' lang='lat' dir='ltr'><strong>angeli</strong></span> <span class='ocrx_word' id='word_1_474' title='bbox 1749 743 1826 780; x_wconf 82' lang='lat' dir='ltr'><strong>(Gen.</strong></span> 
     </span>
    </p>
   </div>
   <div class='ocr_carea' id='block_1_63' title="bbox 1005 788 1826 826">
    <p class='ocr_par' dir='ltr' id='par_1_63' title="bbox 1005 788 1826 826">
     <span class='ocr_line' id='line_1_63' title="bbox 1005 788 1826 826; baseline -0.002 -8"><span class='ocrx_word' id='word_1_475' title='bbox 1005 792 1097 826; x_wconf 83' lang='lat' dir='ltr'><strong>xvm).</strong></span> <span class='ocrx_word' id='word_1_476' title='bbox 1113 791 1148 819; x_wconf 89' lang='lat' dir='ltr'><strong>Et</strong></span> <span class='ocrx_word' id='word_1_477' title='bbox 1162 791 1267 819; x_wconf 88' lang='lat' dir='ltr'><strong>beatus</strong></span> <span class='ocrx_word' id='word_1_478' title='bbox 1284 791 1477 826; x_wconf 86' lang='lat' dir='ltr'><strong>Hieronymus</strong></span> <span class='ocrx_word' id='word_1_479' title='bbox 1494 791 1522 818; x_wconf 90' lang='lat' dir='ltr'><strong>in</strong></span> <span class='ocrx_word' id='word_1_480' title='bbox 1539 790 1708 825; x_wconf 87' lang='lat' dir='ltr'><strong>supradicto</strong></span> <span class='ocrx_word' id='word_1_481' title='bbox 1723 788 1826 825; x_wconf 82' lang='lat' dir='ltr'><strong>Expla-</strong></span> 
     </span>
    </p>
   </div>
   <div class='ocr_carea' id='block_1_64' title="bbox 1006 834 1830 872">
    <p class='ocr_par' dir='ltr' id='par_1_64' title="bbox 1006 834 1830 872">
     <span class='ocr_line' id='line_1_64' title="bbox 1006 834 1830 872; baseline -0.002 -9"><span class='ocrx_word' id='word_1_482' title='bbox 1006 835 1157 863; x_wconf 89' lang='lat' dir='ltr'><strong>nalionum</strong></span> <span class='ocrx_word' id='word_1_483' title='bbox 1173 835 1247 864; x_wconf 92' lang='lat' dir='ltr'><strong>libro</strong></span> <span class='ocrx_word' id='word_1_484' title='bbox 1262 836 1341 864; x_wconf 63' lang='lat' dir='ltr'><strong>Osee</strong></span> <span class='ocrx_word' id='word_1_485' title='bbox 1358 835 1449 872; x_wconf 80' lang='lat' dir='ltr'><strong>(ibid).</strong></span> <span class='ocrx_word' id='word_1_486' title='bbox 1465 835 1553 867; x_wconf 86' lang='lat' dir='ltr'><strong>Quasi</strong></span> <span class='ocrx_word' id='word_1_487' title='bbox 1570 835 1649 863; x_wconf 85' lang='lat' dir='ltr'><strong>tinea</strong></span> <span class='ocrx_word' id='word_1_488' title='bbox 1663 834 1791 863; x_wconf 77' lang='lat' dir='ltr'><strong>efﬁcitur</strong></span> <span class='ocrx_word' id='word_1_489' title='bbox 1801 835 1830 861; x_wconf 87' lang='lat' dir='ltr'><strong>et</strong></span> 
     </span>
    </p>
   </div>
   <div class='ocr_carea' id='block_1_65' title="bbox 1006 878 1827 917">
    <p class='ocr_par' dir='ltr' id='par_1_65' title="bbox 1006 878 1827 917">
     <span class='ocr_line' id='line_1_65' title="bbox 1006 878 1827 917; baseline -0.002 -9"><span class='ocrx_word' id='word_1_490' title='bbox 1006 881 1139 917; x_wconf 87' lang='lat' dir='ltr'><strong>putredo,</strong></span> <span class='ocrx_word' id='word_1_491' title='bbox 1158 889 1215 909; x_wconf 87' lang='lat' dir='ltr'><strong>non</strong></span> <span class='ocrx_word' id='word_1_492' title='bbox 1231 880 1309 916; x_wconf 92' lang='lat' dir='ltr'><strong>quod</strong></span> <span class='ocrx_word' id='word_1_493' title='bbox 1326 881 1403 908; x_wconf 84' lang='lat' dir='ltr'><strong>Deus</strong></span> <span class='ocrx_word' id='word_1_494' title='bbox 1419 880 1496 908; x_wconf 80' lang='lat' dir='ltr'><strong>tinea</strong></span> <span class='ocrx_word' id='word_1_495' title='bbox 1511 880 1550 908; x_wconf 85' lang='lat' dir='ltr'><strong>sit</strong></span> <span class='ocrx_word' id='word_1_496' title='bbox 1564 882 1616 908; x_wconf 87' lang='lat' dir='ltr'><strong>aut</strong></span> <span class='ocrx_word' id='word_1_497' title='bbox 1632 879 1765 916; x_wconf 89' lang='lat' dir='ltr'><strong>putredo,</strong></span> <span class='ocrx_word' id='word_1_498' title='bbox 1776 878 1827 907; x_wconf 84' lang='lat' dir='ltr'><strong>sed</strong></span> 
     </span>
    </p>
   </div>
   <div class='ocr_carea' id='block_1_66' title="bbox 1006 924 1829 961">
    <p class='ocr_par' dir='ltr' id='par_1_66' title="bbox 1006 924 1829 961">
     <span class='ocr_line' id='line_1_66' title="bbox 1006 924 1829 961; baseline -0.004 -8"><span class='ocrx_word' id='word_1_499' title='bbox 1006 924 1224 953; x_wconf 78' lang='lat' dir='ltr'><strong>sustinentibus</strong></span> <span class='ocrx_word' id='word_1_500' title='bbox 1239 933 1351 961; x_wconf 84' lang='lat' dir='ltr'><strong>pcenas,</strong></span> <span class='ocrx_word' id='word_1_501' title='bbox 1368 925 1430 953; x_wconf 67' lang='lat' dir='ltr'><strong>haec</strong></span> <span class='ocrx_word' id='word_1_502' title='bbox 1455 925 1590 953; x_wconf 85' lang='lat' dir='ltr'><strong>universa</strong></span> <span class='ocrx_word' id='word_1_503' title='bbox 1614 924 1777 952; x_wconf 88' lang='lat' dir='ltr'><strong>videantur.</strong></span> <span class='ocrx_word' id='word_1_504' title='bbox 1794 924 1829 950; x_wconf 81' lang='lat' dir='ltr'><strong>Et</strong></span> 
     </span>
    </p>
   </div>
   <div class='ocr_carea' id='block_1_67' title="bbox 1005 968 1829 1006">
    <p class='ocr_par' dir='ltr' id='par_1_67' title="bbox 1005 968 1829 1006">
     <span class='ocr_line' id='line_1_67' title="bbox 1005 968 1829 1006; baseline -0.002 -9"><span class='ocrx_word' id='word_1_505' title='bbox 1005 969 1036 997; x_wconf 85' lang='lat' dir='ltr'><strong>in</strong></span> <span class='ocrx_word' id='word_1_506' title='bbox 1053 969 1209 1006; x_wconf 80' lang='lat' dir='ltr'><strong>Evangelia</strong></span> <span class='ocrx_word' id='word_1_507' title='bbox 1226 970 1392 998; x_wconf 87' lang='lat' dir='ltr'><strong>secundum</strong></span> <span class='ocrx_word' id='word_1_508' title='bbox 1417 969 1587 998; x_wconf 63' lang='lat' dir='ltr'><strong>Mattheum</strong></span> <span class='ocrx_word' id='word_1_509' title='bbox 1609 977 1616 997; x_wconf 87' lang='lat'>:</span> <span class='ocrx_word' id='word_1_510' title='bbox 1634 968 1664 996; x_wconf 84' lang='lat' dir='ltr'><strong>Si</strong></span> <span class='ocrx_word' id='word_1_511' title='bbox 1685 976 1750 1003; x_wconf 83' lang='lat' dir='ltr'><strong>ergo</strong></span> <span class='ocrx_word' id='word_1_512' title='bbox 1767 976 1829 996; x_wconf 87' lang='lat' dir='ltr'><strong>cum</strong></span> 
     </span>
    </p>
   </div>
   <div class='ocr_carea' id='block_1_68' title="bbox 1006 1013 1828 1050">
    <p class='ocr_par' dir='ltr' id='par_1_68' title="bbox 1006 1013 1828 1050">
     <span class='ocr_line' id='line_1_68' title="bbox 1006 1013 1828 1050; baseline 0 -8"><span class='ocrx_word' id='word_1_513' title='bbox 1006 1015 1069 1042; x_wconf 82' lang='lat' dir='ltr'><strong>sitis</strong></span> <span class='ocrx_word' id='word_1_514' title='bbox 1085 1015 1164 1049; x_wconf 85' lang='lat' dir='ltr'><strong>mali,</strong></span> <span class='ocrx_word' id='word_1_515' title='bbox 1175 1015 1262 1043; x_wconf 82' lang='lat' dir='ltr'><strong>nostis</strong></span> <span class='ocrx_word' id='word_1_516' title='bbox 1278 1015 1347 1043; x_wconf 86' lang='lat' dir='ltr'><strong>bona</strong></span> <span class='ocrx_word' id='word_1_517' title='bbox 1362 1015 1431 1043; x_wconf 82' lang='lat' dir='ltr'><strong>data</strong></span> <span class='ocrx_word' id='word_1_518' title='bbox 1445 1015 1511 1043; x_wconf 83' lang='lat' dir='ltr'><strong>dare</strong></span> <span class='ocrx_word' id='word_1_519' title='bbox 1525 1014 1594 1050; x_wconf 82' lang='lat' dir='ltr'><strong>ﬁliis</strong></span> <span class='ocrx_word' id='word_1_520' title='bbox 1605 1014 1705 1042; x_wconf 80' lang='lat' dir='ltr'><strong>vestris</strong></span> <span class='ocrx_word' id='word_1_521' title='bbox 1722 1013 1828 1049; x_wconf 81' lang='lat' dir='ltr'><strong>(Matth.</strong></span> 
     </span>
    </p>
   </div>
   <div class='ocr_carea' id='block_1_69' title="bbox 1006 1058 1821 1095">
    <p class='ocr_par' dir='ltr' id='par_1_69' title="bbox 1006 1058 1821 1095">
     <span class='ocr_line' id='line_1_69' title="bbox 1006 1058 1821 1095; baseline -0.004 -7"><span class='ocrx_word' id='word_1_522' title='bbox 1006 1059 1067 1095; x_wconf 83' lang='lat' dir='ltr'><strong>Vn).</strong></span> <span class='ocrx_word' id='word_1_523' title='bbox 1085 1059 1124 1087; x_wconf 91' lang='lat' dir='ltr'><strong>De</strong></span> <span class='ocrx_word' id='word_1_524' title='bbox 1139 1068 1197 1095; x_wconf 87' lang='lat' dir='ltr'><strong>qua</strong></span> <span class='ocrx_word' id='word_1_525' title='bbox 1217 1059 1365 1088; x_wconf 83' lang='lat' dir='ltr'><strong>sententia</strong></span> <span class='ocrx_word' id='word_1_526' title='bbox 1388 1059 1492 1087; x_wconf 87' lang='lat' dir='ltr'><strong>beatus</strong></span> <span class='ocrx_word' id='word_1_527' title='bbox 1518 1059 1701 1095; x_wconf 82' lang='lat' dir='ltr'><strong>Augustinus</strong></span> <span class='ocrx_word' id='word_1_528' title='bbox 1726 1058 1756 1085; x_wconf 88' lang='lat' dir='ltr'><strong>in</strong></span> <span class='ocrx_word' id='word_1_529' title='bbox 1778 1064 1821 1086; x_wconf 89' lang='lat' dir='ltr'><strong>se-</strong></span> 
     </span>
    </p>
   </div>
   <div class='ocr_carea' id='block_1_70' title="bbox 1006 1102 1827 1139">
    <p class='ocr_par' dir='ltr' id='par_1_70' title="bbox 1006 1102 1827 1139">
     <span class='ocr_line' id='line_1_70' title="bbox 1006 1102 1827 1139; baseline -0.002 -7"><span class='ocrx_word' id='word_1_530' title='bbox 1006 1104 1103 1132; x_wconf 89' lang='lat' dir='ltr'><strong>cundo</strong></span> <span class='ocrx_word' id='word_1_531' title='bbox 1118 1103 1193 1132; x_wconf 88' lang='lat' dir='ltr'><strong>libro</strong></span> <span class='ocrx_word' id='word_1_532' title='bbox 1210 1107 1248 1132; x_wconf 86' lang='lat' dir='ltr'><strong>De</strong></span> <span class='ocrx_word' id='word_1_533' title='bbox 1273 1111 1408 1132; x_wconf 86' lang='lat' dir='ltr'><strong>sermone</strong></span> <span class='ocrx_word' id='word_1_534' title='bbox 1432 1104 1461 1131; x_wconf 92' lang='lat' dir='ltr'><strong>in</strong></span> <span class='ocrx_word' id='word_1_535' title='bbox 1487 1105 1586 1132; x_wconf 89' lang='lat' dir='ltr'><strong>monte</strong></span> <span class='ocrx_word' id='word_1_536' title='bbox 1609 1103 1652 1131; x_wconf 85' lang='lat' dir='ltr'><strong>sic</strong></span> <span class='ocrx_word' id='word_1_537' title='bbox 1677 1102 1827 1139; x_wconf 85' lang='lat' dir='ltr'><strong>disputat:</strong></span> 
     </span>
    </p>
   </div>
   <div class='ocr_carea' id='block_1_71' title="bbox 1007 1151 1831 1185">
    <p class='ocr_par' dir='ltr' id='par_1_71' title="bbox 1007 1151 1831 1185">
     <span class='ocr_line' id='line_1_71' title="bbox 1007 1151 1831 1185; baseline -0.002 -5"><span class='ocrx_word' id='word_1_538' title='bbox 1007 1152 1156 1185; x_wconf 88' lang='lat' dir='ltr'><strong>Quomodo</strong></span> <span class='ocrx_word' id='word_1_539' title='bbox 1172 1152 1241 1180; x_wconf 89' lang='lat' dir='ltr'><strong>mali</strong></span> <span class='ocrx_word' id='word_1_540' title='bbox 1256 1153 1328 1180; x_wconf 87' lang='lat' dir='ltr'><strong>dant</strong></span> <span class='ocrx_word' id='word_1_541' title='bbox 1341 1153 1417 1180; x_wconf 86' lang='lat' dir='ltr'><strong>bona</strong></span> <span class='ocrx_word' id='word_1_542' title='bbox 1426 1152 1440 1180; x_wconf 70' lang='grc' dir='ltr'><strong>Τ</strong></span> <span class='ocrx_word' id='word_1_543' title='bbox 1453 1152 1509 1180; x_wconf 85' lang='lat' dir='ltr'><strong>Sed</strong></span> <span class='ocrx_word' id='word_1_544' title='bbox 1527 1151 1618 1180; x_wconf 90' lang='lat' dir='ltr'><strong>malos</strong></span> <span class='ocrx_word' id='word_1_545' title='bbox 1627 1153 1712 1179; x_wconf 84' lang='lat' dir='ltr'><strong>vocat</strong></span> <span class='ocrx_word' id='word_1_546' title='bbox 1725 1151 1831 1179; x_wconf 88' lang='lat' dir='ltr'><strong>mundi</strong></span> 
     </span>
    </p>
   </div>
   <div class='ocr_carea' id='block_1_72' title="bbox 1006 1198 1828 1234">
    <p class='ocr_par' dir='ltr' id='par_1_72' title="bbox 1006 1198 1828 1234">
     <span class='ocr_line' id='line_1_72' title="bbox 1006 1198 1828 1234; baseline -0.002 -8"><span class='ocrx_word' id='word_1_547' title='bbox 1006 1200 1164 1226; x_wconf 86' lang='lat' dir='ltr'><strong>amatores.</strong></span> <span class='ocrx_word' id='word_1_548' title='bbox 1181 1198 1261 1226; x_wconf 87' lang='lat' dir='ltr'><strong>Bona</strong></span> <span class='ocrx_word' id='word_1_549' title='bbox 1276 1206 1342 1226; x_wconf 88' lang='lat' dir='ltr'><strong>vero</strong></span> <span class='ocrx_word' id='word_1_550' title='bbox 1359 1206 1422 1234; x_wconf 65' lang='lat' dir='ltr'><strong>qua</strong></span> <span class='ocrx_word' id='word_1_551' title='bbox 1437 1198 1519 1232; x_wconf 85' lang='lat' dir='ltr'><strong>dant,</strong></span> <span class='ocrx_word' id='word_1_552' title='bbox 1532 1198 1696 1225; x_wconf 88' lang='lat' dir='ltr'><strong>secundum</strong></span> <span class='ocrx_word' id='word_1_553' title='bbox 1707 1204 1828 1225; x_wconf 85' lang='lat' dir='ltr'><strong>sensum</strong></span> 
     </span>
    </p>
   </div>
   <div class='ocr_carea' id='block_1_73' title="bbox 1005 1241 1829 1278">
    <p class='ocr_par' dir='ltr' id='par_1_73' title="bbox 1005 1241 1829 1278">
     <span class='ocr_line' id='line_1_73' title="bbox 1005 1241 1829 1278; baseline -0.002 -8"><span class='ocrx_word' id='word_1_554' title='bbox 1005 1250 1117 1278; x_wconf 88' lang='lat' dir='ltr'><strong>eorum,</strong></span> <span class='ocrx_word' id='word_1_555' title='bbox 1134 1243 1211 1270; x_wconf 88' lang='lat' dir='ltr'><strong>bona</strong></span> <span class='ocrx_word' id='word_1_556' title='bbox 1225 1243 1350 1270; x_wconf 87' lang='lat' dir='ltr'><strong>dicenda</strong></span> <span class='ocrx_word' id='word_1_557' title='bbox 1366 1244 1457 1270; x_wconf 86' lang='lat' dir='ltr'><strong>sunt:</strong></span> <span class='ocrx_word' id='word_1_558' title='bbox 1473 1242 1522 1277; x_wconf 91' lang='lat' dir='ltr'><strong>qui</strong></span> <span class='ocrx_word' id='word_1_559' title='bbox 1539 1242 1600 1270; x_wconf 67' lang='lat' dir='ltr'><strong>haec</strong></span> <span class='ocrx_word' id='word_1_560' title='bbox 1610 1251 1662 1278; x_wconf 90' lang='lat' dir='ltr'><strong>pro</strong></span> <span class='ocrx_word' id='word_1_561' title='bbox 1675 1242 1761 1269; x_wconf 87' lang='lat' dir='ltr'><strong>bonis</strong></span> <span class='ocrx_word' id='word_1_562' title='bbox 1776 1241 1829 1268; x_wconf 89' lang='lat' dir='ltr'><strong>ha-</strong></span> 
     </span>
    </p>
   </div>
   <div class='ocr_carea' id='block_1_74' title="bbox 1005 1285 1828 1323">
    <p class='ocr_par' dir='ltr' id='par_1_74' title="bbox 1005 1285 1828 1323">
     <span class='ocr_line' id='line_1_74' title="bbox 1005 1285 1828 1323; baseline -0.002 -9"><span class='ocrx_word' id='word_1_563' title='bbox 1005 1287 1086 1315; x_wconf 87' lang='lat' dir='ltr'><strong>bent.</strong></span> <span class='ocrx_word' id='word_1_564' title='bbox 1102 1287 1204 1315; x_wconf 87' lang='lat' dir='ltr'><strong>Adhuc</strong></span> <span class='ocrx_word' id='word_1_565' title='bbox 1219 1287 1310 1315; x_wconf 88' lang='lat' dir='ltr'><strong>iustat</strong></span> <span class='ocrx_word' id='word_1_566' title='bbox 1325 1286 1433 1323; x_wconf 86' lang='lat' dir='ltr'><strong>aliquis</strong></span> <span class='ocrx_word' id='word_1_567' title='bbox 1448 1289 1477 1314; x_wconf 86' lang='lat' dir='ltr'><strong>et</strong></span> <span class='ocrx_word' id='word_1_568' title='bbox 1492 1286 1580 1314; x_wconf 87' lang='lat' dir='ltr'><strong>dicit:</strong></span> <span class='ocrx_word' id='word_1_569' title='bbox 1598 1285 1772 1313; x_wconf 80' lang='lat' dir='ltr'><strong>Ambrosius</strong></span> <span class='ocrx_word' id='word_1_570' title='bbox 1787 1285 1828 1313; x_wconf 89' lang='lat' dir='ltr'><strong>De</strong></span> 
     </span>
    </p>
   </div>
   <div class='ocr_carea' id='block_1_75' title="bbox 1005 1329 1827 1367">
    <p class='ocr_par' dir='ltr' id='par_1_75' title="bbox 1005 1329 1827 1367">
     <span class='ocr_line' id='line_1_75' title="bbox 1005 1329 1827 1367; baseline -0.002 -8"><span class='ocrx_word' id='word_1_571' title='bbox 1005 1333 1200 1360; x_wconf 85' lang='lat' dir='ltr'><strong>sacramentis</strong></span> <span class='ocrx_word' id='word_1_572' title='bbox 1215 1331 1287 1359; x_wconf 88' lang='lat' dir='ltr'><strong>dicit</strong></span> <span class='ocrx_word' id='word_1_573' title='bbox 1303 1332 1364 1367; x_wconf 84' lang='lat' dir='ltr'><strong>(lib.</strong></span> <span class='ocrx_word' id='word_1_574' title='bbox 1380 1340 1419 1366; x_wconf 81' lang='lat' dir='ltr'><strong>iv,</strong></span> <span class='ocrx_word' id='word_1_575' title='bbox 1434 1339 1496 1367; x_wconf 83' lang='lat' dir='ltr'><strong>cap.</strong></span> <span class='ocrx_word' id='word_1_576' title='bbox 1512 1331 1550 1366; x_wconf 75' lang='grc'><strong>4).</strong></span> <span class='ocrx_word' id='word_1_577' title='bbox 1568 1330 1650 1358; x_wconf 87' lang='lat' dir='ltr'><strong>Sicut</strong></span> <span class='ocrx_word' id='word_1_578' title='bbox 1660 1329 1827 1358; x_wconf 89' lang='lat' dir='ltr'><strong>similitudi-</strong></span> 
     </span>
    </p>
   </div>
   <div class='ocr_carea' id='block_1_76' title="bbox 1005 1374 1828 1412">
    <p class='ocr_par' dir='ltr' id='par_1_76' title="bbox 1005 1374 1828 1412">
     <span class='ocr_line' id='line_1_76' title="bbox 1005 1374 1828 1412; baseline -0.004 -8"><span class='ocrx_word' id='word_1_579' title='bbox 1005 1384 1042 1404; x_wconf 88' lang='lat' dir='ltr'><strong>ne</strong></span> <span class='ocrx_word' id='word_1_580' title='bbox 1052 1376 1154 1404; x_wconf 89' lang='lat' dir='ltr'><strong>mortis</strong></span> <span class='ocrx_word' id='word_1_581' title='bbox 1162 1376 1329 1412; x_wconf 86' lang='lat' dir='ltr'><strong>sumpsisti,</strong></span> <span class='ocrx_word' id='word_1_582' title='bbox 1343 1376 1384 1404; x_wconf 87' lang='lat' dir='ltr'><strong>ita</strong></span> <span class='ocrx_word' id='word_1_583' title='bbox 1395 1375 1620 1403; x_wconf 85' lang='lat' dir='ltr'><strong>similitudinem</strong></span> <span class='ocrx_word' id='word_1_584' title='bbox 1628 1374 1747 1411; x_wconf 90' lang='lat' dir='ltr'><strong>pretiosi</strong></span> <span class='ocrx_word' id='word_1_585' title='bbox 1759 1382 1828 1402; x_wconf 86' lang='lat' dir='ltr'><strong>san-</strong></span> 
     </span>
    </p>
   </div>
   <div class='ocr_carea' id='block_1_77' title="bbox 1004 1420 1828 1457">
    <p class='ocr_par' dir='ltr' id='par_1_77' title="bbox 1004 1420 1828 1457">
     <span class='ocr_line' id='line_1_77' title="bbox 1004 1420 1828 1457; baseline -0.002 -9"><span class='ocrx_word' id='word_1_586' title='bbox 1004 1420 1103 1457; x_wconf 86' lang='lat' dir='ltr'><strong>guinis</strong></span> <span class='ocrx_word' id='word_1_587' title='bbox 1111 1420 1285 1449; x_wconf 87' lang='lat' dir='ltr'><strong>bibis.Unde</strong></span> <span class='ocrx_word' id='word_1_588' title='bbox 1296 1420 1382 1448; x_wconf 80' lang='lat' dir='ltr'><strong>infert</strong></span> <span class='ocrx_word' id='word_1_589' title='bbox 1394 1422 1422 1448; x_wconf 88' lang='lat' dir='ltr'><strong>et</strong></span> <span class='ocrx_word' id='word_1_590' title='bbox 1433 1420 1504 1447; x_wconf 91' lang='lat' dir='ltr'><strong>dicit</strong></span> <span class='ocrx_word' id='word_1_591' title='bbox 1513 1428 1571 1447; x_wconf 89' lang='lat' dir='ltr'><strong>non</strong></span> <span class='ocrx_word' id='word_1_592' title='bbox 1578 1427 1643 1447; x_wconf 86' lang='lat' dir='ltr'><strong>esse</strong></span> <span class='ocrx_word' id='word_1_593' title='bbox 1652 1426 1752 1447; x_wconf 88' lang='lat' dir='ltr'><strong>verum</strong></span> <span class='ocrx_word' id='word_1_594' title='bbox 1759 1427 1828 1446; x_wconf 85' lang='lat' dir='ltr'><strong>san-</strong></span> 
     </span>
    </p>
   </div>
   <div class='ocr_carea' id='block_1_78' title="bbox 1004 1463 1828 1501">
    <p class='ocr_par' dir='ltr' id='par_1_78' title="bbox 1004 1463 1828 1501">
     <span class='ocr_line' id='line_1_78' title="bbox 1004 1463 1828 1501; baseline -0.005 -7"><span class='ocrx_word' id='word_1_595' title='bbox 1004 1465 1123 1501; x_wconf 88' lang='lat' dir='ltr'><strong>guinem</strong></span> <span class='ocrx_word' id='word_1_596' title='bbox 1136 1465 1165 1494; x_wconf 90' lang='lat' dir='ltr'><strong>in</strong></span> <span class='ocrx_word' id='word_1_597' title='bbox 1176 1467 1442 1500; x_wconf 76' lang='lat' dir='ltr'><strong>sacramento;cum</strong></span> <span class='ocrx_word' id='word_1_598' title='bbox 1455 1473 1513 1492; x_wconf 86' lang='lat' dir='ltr'><strong>non</strong></span> <span class='ocrx_word' id='word_1_599' title='bbox 1524 1463 1563 1492; x_wconf 84' lang='lat' dir='ltr'><strong>sit</strong></span> <span class='ocrx_word' id='word_1_600' title='bbox 1574 1472 1640 1492; x_wconf 84' lang='lat' dir='ltr'><strong>vera</strong></span> <span class='ocrx_word' id='word_1_601' title='bbox 1650 1463 1828 1491; x_wconf 86' lang='lat' dir='ltr'><strong>morsinba-</strong></span> 
     </span>
    </p>
   </div>
   <div class='ocr_carea' id='block_1_79' title="bbox 1004 1507 1827 1546">
    <p class='ocr_par' dir='ltr' id='par_1_79' title="bbox 1004 1507 1827 1546">
     <span class='ocr_line' id='line_1_79' title="bbox 1004 1507 1827 1546; baseline -0.004 -8"><span class='ocrx_word' id='word_1_602' title='bbox 1004 1511 1123 1546; x_wconf 89' lang='lat' dir='ltr'><strong>ptismo.</strong></span> <span class='ocrx_word' id='word_1_603' title='bbox 1142 1511 1195 1538; x_wconf 91' lang='lat' dir='ltr'><strong>Sed</strong></span> <span class='ocrx_word' id='word_1_604' title='bbox 1211 1510 1332 1538; x_wconf 86' lang='lat' dir='ltr'><strong>fallitur.</strong></span> <span class='ocrx_word' id='word_1_605' title='bbox 1349 1510 1449 1545; x_wconf 87' lang='lat' dir='ltr'><strong>Neque</strong></span> <span class='ocrx_word' id='word_1_606' title='bbox 1463 1509 1542 1537; x_wconf 88' lang='lat' dir='ltr'><strong>enim</strong></span> <span class='ocrx_word' id='word_1_607' title='bbox 1556 1507 1760 1536; x_wconf 87' lang='lat' dir='ltr'><strong>similitudinis</strong></span> <span class='ocrx_word' id='word_1_608' title='bbox 1775 1508 1827 1536; x_wconf 81' lang='lat' dir='ltr'><strong>ad-</strong></span> 
     </span>
    </p>
   </div>
   <div class='ocr_carea' id='block_1_80' title="bbox 1003 1552 1827 1591">
    <p class='ocr_par' dir='ltr' id='par_1_80' title="bbox 1003 1552 1827 1591">
     <span class='ocr_line' id='line_1_80' title="bbox 1003 1552 1827 1591; baseline -0.004 -8"><span class='ocrx_word' id='word_1_609' title='bbox 1003 1555 1299 1590; x_wconf 84' lang='lat' dir='ltr'><strong>verbia,identitatem</strong></span> <span class='ocrx_word' id='word_1_610' title='bbox 1312 1562 1428 1591; x_wconf 87' lang='lat' dir='ltr'><strong>semper</strong></span> <span class='ocrx_word' id='word_1_611' title='bbox 1438 1553 1670 1590; x_wconf 87' lang='lat' dir='ltr'><strong>signiﬁcant,aut</strong></span> <span class='ocrx_word' id='word_1_612' title='bbox 1676 1552 1827 1588; x_wconf 65' lang='lat' dir='ltr'><strong>aequalita-</strong></span> 
     </span>
    </p>
   </div>
   <div class='ocr_carea' id='block_1_81' title="bbox 1002 1598 1826 1636">
    <p class='ocr_par' dir='ltr' id='par_1_81' title="bbox 1002 1598 1826 1636">
     <span class='ocr_line' id='line_1_81' title="bbox 1002 1598 1826 1636; baseline -0.005 -8"><span class='ocrx_word' id='word_1_613' title='bbox 1002 1601 1073 1628; x_wconf 89' lang='lat' dir='ltr'><strong>tem.</strong></span> <span class='ocrx_word' id='word_1_614' title='bbox 1084 1602 1117 1628; x_wconf 87' lang='lat' dir='ltr'><strong>In</strong></span> <span class='ocrx_word' id='word_1_615' title='bbox 1129 1599 1283 1636; x_wconf 84' lang='lat' dir='ltr'><strong>Evangelia</strong></span> <span class='ocrx_word' id='word_1_616' title='bbox 1295 1607 1421 1634; x_wconf 86' lang='lat' dir='ltr'><strong>namque</strong></span> <span class='ocrx_word' id='word_1_617' title='bbox 1435 1598 1570 1626; x_wconf 87' lang='lat' dir='ltr'><strong>Salvator</strong></span> <span class='ocrx_word' id='word_1_618' title='bbox 1579 1598 1621 1625; x_wconf 86' lang='lat' dir='ltr'><strong>ait</strong></span> <span class='ocrx_word' id='word_1_619' title='bbox 1634 1606 1641 1626; x_wconf 85' lang='lat'>:</span> <span class='ocrx_word' id='word_1_620' title='bbox 1653 1598 1826 1625; x_wconf 81' lang='lat' dir='ltr'><strong>Estotemise-</strong></span> 
     </span>
    </p>
   </div>
   <div class='ocr_carea' id='block_1_82' title="bbox 1003 1641 1825 1680">
    <p class='ocr_par' dir='ltr' id='par_1_82' title="bbox 1003 1641 1825 1680">
     <span class='ocr_line' id='line_1_82' title="bbox 1003 1641 1825 1680; baseline -0.005 -8"><span class='ocrx_word' id='word_1_621' title='bbox 1003 1645 1135 1680; x_wconf 80' lang='lat' dir='ltr'><strong>ricordes,</strong></span> <span class='ocrx_word' id='word_1_622' title='bbox 1146 1645 1216 1672; x_wconf 77' lang='lat' dir='ltr'><strong>sicut</strong></span> <span class='ocrx_word' id='word_1_623' title='bbox 1226 1648 1251 1672; x_wconf 86' lang='lat' dir='ltr'><strong>et</strong></span> <span class='ocrx_word' id='word_1_624' title='bbox 1263 1647 1347 1672; x_wconf 80' lang='lat' dir='ltr'><strong>Pater</strong></span> <span class='ocrx_word' id='word_1_625' title='bbox 1359 1646 1447 1672; x_wconf 75' lang='lat' dir='ltr'><strong>vester</strong></span> <span class='ocrx_word' id='word_1_626' title='bbox 1454 1641 1613 1671; x_wconf 68' lang='lat' dir='ltr'><strong>misericors</strong></span> <span class='ocrx_word' id='word_1_627' title='bbox 1624 1647 1663 1670; x_wconf 74' lang='lat' dir='ltr'><strong>est</strong></span> <span class='ocrx_word' id='word_1_628' title='bbox 1687 1642 1763 1678; x_wconf 87' lang='lat' dir='ltr'><strong>(Luc.</strong></span> <span class='ocrx_word' id='word_1_629' title='bbox 1775 1642 1825 1676; x_wconf 77' lang='lat' dir='ltr'><strong>vx).</strong></span> 
     </span>
    </p>
   </div>
   <div class='ocr_carea' id='block_1_83' title="bbox 1003 1690 1825 1728">
    <p class='ocr_par' dir='ltr' id='par_1_83' title="bbox 1003 1690 1825 1728">
     <span class='ocr_line' id='line_1_83' title="bbox 1003 1690 1825 1728; baseline -0.005 -7"><span class='ocrx_word' id='word_1_630' title='bbox 1003 1694 1066 1721; x_wconf 91' lang='lat' dir='ltr'><strong>Non</strong></span> <span class='ocrx_word' id='word_1_631' title='bbox 1082 1696 1180 1721; x_wconf 86' lang='lat' dir='ltr'><strong>tamen</strong></span> <span class='ocrx_word' id='word_1_632' title='bbox 1196 1694 1298 1721; x_wconf 88' lang='lat' dir='ltr'><strong>eadem</strong></span> <span class='ocrx_word' id='word_1_633' title='bbox 1316 1693 1376 1721; x_wconf 85' lang='lat' dir='ltr'><strong>sive</strong></span> <span class='ocrx_word' id='word_1_634' title='bbox 1392 1692 1514 1728; x_wconf 67' lang='lat' dir='ltr'><strong>aequalis</strong></span> <span class='ocrx_word' id='word_1_635' title='bbox 1532 1692 1587 1719; x_wconf 89' lang='lat' dir='ltr'><strong>Deo</strong></span> <span class='ocrx_word' id='word_1_636' title='bbox 1603 1693 1631 1719; x_wconf 92' lang='lat' dir='ltr'><strong>et</strong></span> <span class='ocrx_word' id='word_1_637' title='bbox 1653 1690 1825 1718; x_wconf 87' lang='lat' dir='ltr'><strong>hominibus</strong></span> 
     </span>
    </p>
   </div>
   <div class='ocr_carea' id='block_1_84' title="bbox 1003 1735 1826 1774">
    <p class='ocr_par' dir='ltr' id='par_1_84' title="bbox 1003 1735 1826 1774">
     <span class='ocr_line' id='line_1_84' title="bbox 1003 1735 1826 1774; baseline -0.005 -8"><span class='ocrx_word' id='word_1_638' title='bbox 1003 1740 1099 1774; x_wconf 86' lang='lat' dir='ltr'><strong>potest</strong></span> <span class='ocrx_word' id='word_1_639' title='bbox 1111 1738 1206 1766; x_wconf 84' lang='lat' dir='ltr'><strong>inesse</strong></span> <span class='ocrx_word' id='word_1_640' title='bbox 1222 1737 1434 1766; x_wconf 88' lang='lat' dir='ltr'><strong>misericordia.</strong></span> <span class='ocrx_word' id='word_1_641' title='bbox 1450 1738 1485 1765; x_wconf 89' lang='lat' dir='ltr'><strong>Et</strong></span> <span class='ocrx_word' id='word_1_642' title='bbox 1501 1737 1530 1764; x_wconf 90' lang='lat' dir='ltr'><strong>in</strong></span> <span class='ocrx_word' id='word_1_643' title='bbox 1551 1735 1708 1773; x_wconf 79' lang='lat' dir='ltr'><strong>Evangelia</strong></span> <span class='ocrx_word' id='word_1_644' title='bbox 1724 1743 1826 1763; x_wconf 87' lang='lat' dir='ltr'><strong>secun-</strong></span> 
     </span>
    </p>
   </div>
   <div class='ocr_carea' id='block_1_85' title="bbox 1003 1780 1824 1818">
    <p class='ocr_par' dir='ltr' id='par_1_85' title="bbox 1003 1780 1824 1818">
     <span class='ocr_line' id='line_1_85' title="bbox 1003 1780 1824 1818; baseline -0.005 -7"><span class='ocrx_word' id='word_1_645' title='bbox 1003 1783 1074 1811; x_wconf 88' lang='lat' dir='ltr'><strong>dum</strong></span> <span class='ocrx_word' id='word_1_646' title='bbox 1089 1783 1252 1811; x_wconf 85' lang='lat' dir='ltr'><strong>Joannem:</strong></span> <span class='ocrx_word' id='word_1_647' title='bbox 1269 1783 1334 1818; x_wconf 79' lang='lat' dir='ltr'><strong>Ego,</strong></span> <span class='ocrx_word' id='word_1_648' title='bbox 1345 1782 1452 1818; x_wconf 82' lang='lat' dir='ltr'><strong>inquit,</strong></span> <span class='ocrx_word' id='word_1_649' title='bbox 1463 1782 1629 1810; x_wconf 84' lang='lat' dir='ltr'><strong>charitatem</strong></span> <span class='ocrx_word' id='word_1_650' title='bbox 1645 1789 1726 1816; x_wconf 88' lang='lat' dir='ltr'><strong>quam</strong></span> <span class='ocrx_word' id='word_1_651' title='bbox 1735 1780 1824 1808; x_wconf 68' lang='lat' dir='ltr'><strong>dedis-</strong></span> 
     </span>
    </p>
   </div>
   <div class='ocr_carea' id='block_1_86' title="bbox 1001 1825 1823 1860">
    <p class='ocr_par' dir='ltr' id='par_1_86' title="bbox 1001 1825 1823 1860">
     <span class='ocr_line' id='line_1_86' title="bbox 1001 1825 1823 1860; baseline -0.005 -5"><span class='ocrx_word' id='word_1_652' title='bbox 1001 1828 1025 1855; x_wconf 84' lang='lat' dir='ltr'><strong>ti</strong></span> <span class='ocrx_word' id='word_1_653' title='bbox 1034 1827 1104 1855; x_wconf 87' lang='lat' dir='ltr'><strong>mihi</strong></span> <span class='ocrx_word' id='word_1_654' title='bbox 1113 1827 1178 1855; x_wconf 85' lang='lat' dir='ltr'><strong>dedi</strong></span> <span class='ocrx_word' id='word_1_655' title='bbox 1192 1828 1241 1860; x_wconf 85' lang='lat' dir='ltr'><strong>eis,</strong></span> <span class='ocrx_word' id='word_1_656' title='bbox 1258 1830 1289 1854; x_wconf 85' lang='lat' dir='ltr'><strong>ut</strong></span> <span class='ocrx_word' id='word_1_657' title='bbox 1297 1828 1353 1855; x_wconf 77' lang='lat' dir='ltr'><strong>sint</strong></span> <span class='ocrx_word' id='word_1_658' title='bbox 1362 1835 1450 1854; x_wconf 87' lang='lat' dir='ltr'><strong>unum</strong></span> <span class='ocrx_word' id='word_1_659' title='bbox 1463 1827 1537 1854; x_wconf 77' lang='lat' dir='ltr'><strong>sicut</strong></span> <span class='ocrx_word' id='word_1_660' title='bbox 1546 1830 1573 1854; x_wconf 90' lang='lat' dir='ltr'><strong>et</strong></span> <span class='ocrx_word' id='word_1_661' title='bbox 1583 1833 1632 1853; x_wconf 81' lang='lat' dir='ltr'><strong>nos</strong></span> <span class='ocrx_word' id='word_1_662' title='bbox 1642 1826 1731 1857; x_wconf 85' lang='lat' dir='ltr'><strong>(Joan.</strong></span> <span class='ocrx_word' id='word_1_663' title='bbox 1742 1825 1823 1858; x_wconf 86' lang='lat' dir='ltr'><strong>xvu).</strong></span> 
     </span>
    </p>
   </div>
   <div class='ocr_carea' id='block_1_87' title="bbox 1001 1874 1825 1910">
    <p class='ocr_par' dir='ltr' id='par_1_87' title="bbox 1001 1874 1825 1910">
     <span class='ocr_line' id='line_1_87' title="bbox 1001 1874 1825 1910; baseline -0.005 -5"><span class='ocrx_word' id='word_1_664' title='bbox 1001 1878 1036 1905; x_wconf 89' lang='lat' dir='ltr'><strong>Et</strong></span> <span class='ocrx_word' id='word_1_665' title='bbox 1046 1876 1117 1905; x_wconf 90' lang='lat' dir='ltr'><strong>alibi</strong></span> <span class='ocrx_word' id='word_1_666' title='bbox 1129 1885 1136 1905; x_wconf 90' lang='lat'><strong>:</strong></span> <span class='ocrx_word' id='word_1_667' title='bbox 1153 1876 1286 1905; x_wconf 66' lang='lat' dir='ltr'><strong>Dileaisti</strong></span> <span class='ocrx_word' id='word_1_668' title='bbox 1299 1885 1356 1910; x_wconf 77' lang='lat' dir='ltr'><strong>eos,</strong></span> <span class='ocrx_word' id='word_1_669' title='bbox 1367 1877 1437 1904; x_wconf 84' lang='lat' dir='ltr'><strong>sicut</strong></span> <span class='ocrx_word' id='word_1_670' title='bbox 1449 1884 1494 1904; x_wconf 85' lang='lat' dir='ltr'><strong>me</strong></span> <span class='ocrx_word' id='word_1_671' title='bbox 1503 1876 1627 1904; x_wconf 70' lang='lat' dir='ltr'><strong>dilexisti</strong></span> <span class='ocrx_word' id='word_1_672' title='bbox 1637 1874 1738 1910; x_wconf 85' lang='lat' dir='ltr'><strong>(ibid.).</strong></span> <span class='ocrx_word' id='word_1_673' title='bbox 1753 1874 1825 1902; x_wconf 82' lang='lat' dir='ltr'><strong>Unde</strong></span> 
     </span>
    </p>
   </div>
   <div class='ocr_carea' id='block_1_88' title="bbox 1001 1919 1825 1957">
    <p class='ocr_par' dir='ltr' id='par_1_88' title="bbox 1001 1919 1825 1957">
     <span class='ocr_line' id='line_1_88' title="bbox 1001 1919 1825 1957; baseline -0.005 -8"><span class='ocrx_word' id='word_1_674' title='bbox 1001 1923 1095 1950; x_wconf 81' lang='lat' dir='ltr'><strong>beatus</strong></span> <span class='ocrx_word' id='word_1_675' title='bbox 1109 1922 1278 1956; x_wconf 67' lang='lat' dir='ltr'><strong>Augustinus</strong></span> <span class='ocrx_word' id='word_1_676' title='bbox 1293 1922 1323 1949; x_wconf 84' lang='lat' dir='ltr'><strong>in</strong></span> <span class='ocrx_word' id='word_1_677' title='bbox 1344 1922 1517 1957; x_wconf 70' lang='lat' dir='ltr'><strong>expositione</strong></span> <span class='ocrx_word' id='word_1_678' title='bbox 1537 1920 1657 1955; x_wconf 74' lang='lat' dir='ltr'><strong>eiusdem</strong></span> <span class='ocrx_word' id='word_1_679' title='bbox 1681 1919 1825 1954; x_wconf 82' lang='lat' dir='ltr'><strong>Evangelii</strong></span> 
     </span>
    </p>
   </div>
   <div class='ocr_carea' id='block_1_89' title="bbox 999 1963 1822 2002">
    <p class='ocr_par' dir='ltr' id='par_1_89' title="bbox 999 1963 1822 2002">
     <span class='ocr_line' id='line_1_89' title="bbox 999 1963 1822 2002; baseline -0.006 -7"><span class='ocrx_word' id='word_1_680' title='bbox 999 1968 1040 1995; x_wconf 86' lang='lat' dir='ltr'><strong>ait</strong></span> <span class='ocrx_word' id='word_1_681' title='bbox 1051 1967 1141 2002; x_wconf 85' lang='lat' dir='ltr'><strong>(tract.</strong></span> <span class='ocrx_word' id='word_1_682' title='bbox 1160 1966 1241 2002; x_wconf 71' lang='lat'><strong>110):</strong></span> <span class='ocrx_word' id='word_1_683' title='bbox 1263 1966 1363 2002; x_wconf 87' lang='lat' dir='ltr'><strong>Neque</strong></span> <span class='ocrx_word' id='word_1_684' title='bbox 1389 1966 1467 1994; x_wconf 90' lang='lat' dir='ltr'><strong>enim</strong></span> <span class='ocrx_word' id='word_1_685' title='bbox 1489 1973 1606 2001; x_wconf 74' lang='lat' dir='ltr'><strong>semper</strong></span> <span class='ocrx_word' id='word_1_686' title='bbox 1625 1963 1822 2000; x_wconf 64' lang='lat' dir='ltr'><strong>aequalitatem</strong></span> 
     </span>
    </p>
   </div>
   <div class='ocr_carea' id='block_1_90' title="bbox 999 2006 1823 2048">
    <p class='ocr_par' dir='ltr' id='par_1_90' title="bbox 999 2006 1823 2048">
     <span class='ocr_line' id='line_1_90' title="bbox 999 2006 1823 2048; baseline -0.005 -10"><span class='ocrx_word' id='word_1_687' title='bbox 999 2011 1157 2048; x_wconf 86' lang='lat' dir='ltr'><strong>signiﬁcat,</strong></span> <span class='ocrx_word' id='word_1_688' title='bbox 1173 2011 1223 2046; x_wconf 88' lang='lat' dir='ltr'><strong>qui</strong></span> <span class='ocrx_word' id='word_1_689' title='bbox 1239 2011 1310 2039; x_wconf 90' lang='lat' dir='ltr'><strong>dicit</strong></span> <span class='ocrx_word' id='word_1_690' title='bbox 1325 2011 1400 2039; x_wconf 88' lang='lat' dir='ltr'><strong>sicut</strong></span> <span class='ocrx_word' id='word_1_691' title='bbox 1415 2010 1500 2044; x_wconf 89' lang='lat' dir='ltr'><strong>illud,</strong></span> <span class='ocrx_word' id='word_1_692' title='bbox 1516 2011 1557 2037; x_wconf 86' lang='lat' dir='ltr'><strong>ita</strong></span> <span class='ocrx_word' id='word_1_693' title='bbox 1572 2011 1599 2037; x_wconf 89' lang='lat' dir='ltr'><strong>et</strong></span> <span class='ocrx_word' id='word_1_694' title='bbox 1610 2008 1692 2035; x_wconf 89' lang='lat' dir='ltr'><strong>illud.</strong></span> <span class='ocrx_word' id='word_1_695' title='bbox 1704 2008 1760 2035; x_wconf 86' lang='lat' dir='ltr'><strong>Sed</strong></span> <span class='ocrx_word' id='word_1_696' title='bbox 1771 2006 1823 2034; x_wconf 85' lang='lat' dir='ltr'><strong>ali-</strong></span> 
     </span>
    </p>
   </div>
   <div class='ocr_carea' id='block_1_91' title="bbox 998 2051 1822 2092">
    <p class='ocr_par' dir='ltr' id='par_1_91' title="bbox 998 2051 1822 2092">
     <span class='ocr_line' id='line_1_91' title="bbox 998 2051 1822 2092; baseline -0.006 -9"><span class='ocrx_word' id='word_1_697' title='bbox 998 2056 1116 2092; x_wconf 89' lang='lat' dir='ltr'><strong>quando</strong></span> <span class='ocrx_word' id='word_1_698' title='bbox 1133 2057 1246 2083; x_wconf 85' lang='lat' dir='ltr'><strong>lantum</strong></span> <span class='ocrx_word' id='word_1_699' title='bbox 1270 2055 1339 2090; x_wconf 85' lang='lat' dir='ltr'><strong>quia</strong></span> <span class='ocrx_word' id='word_1_700' title='bbox 1362 2057 1408 2083; x_wconf 88' lang='lat' dir='ltr'><strong>est</strong></span> <span class='ocrx_word' id='word_1_701' title='bbox 1432 2054 1515 2087; x_wconf 90' lang='lat' dir='ltr'><strong>illud,</strong></span> <span class='ocrx_word' id='word_1_702' title='bbox 1532 2056 1577 2081; x_wconf 85' lang='lat' dir='ltr'><strong>est</strong></span> <span class='ocrx_word' id='word_1_703' title='bbox 1600 2055 1629 2080; x_wconf 89' lang='lat' dir='ltr'><strong>et</strong></span> <span class='ocrx_word' id='word_1_704' title='bbox 1651 2051 1744 2079; x_wconf 87' lang='lat' dir='ltr'><strong>illud:</strong></span> <span class='ocrx_word' id='word_1_705' title='bbox 1770 2053 1822 2079; x_wconf 83' lang='lat' dir='ltr'><strong>aut</strong></span> 
     </span>
    </p>
   </div>
   <div class='ocr_carea' id='block_1_92' title="bbox 999 2095 1820 2136">
    <p class='ocr_par' dir='ltr' id='par_1_92' title="bbox 999 2095 1820 2136">
     <span class='ocr_line' id='line_1_92' title="bbox 999 2095 1820 2136; baseline -0.006 -9"><span class='ocrx_word' id='word_1_706' title='bbox 999 2101 1068 2136; x_wconf 90' lang='lat' dir='ltr'><strong>quia</strong></span> <span class='ocrx_word' id='word_1_707' title='bbox 1083 2102 1128 2127; x_wconf 90' lang='lat' dir='ltr'><strong>est</strong></span> <span class='ocrx_word' id='word_1_708' title='bbox 1146 2099 1230 2132; x_wconf 85' lang='lat' dir='ltr'><strong>illud,</strong></span> <span class='ocrx_word' id='word_1_709' title='bbox 1243 2101 1275 2127; x_wconf 91' lang='lat' dir='ltr'><strong>ut</strong></span> <span class='ocrx_word' id='word_1_710' title='bbox 1285 2099 1325 2127; x_wconf 87' lang='lat' dir='ltr'><strong>sit</strong></span> <span class='ocrx_word' id='word_1_711' title='bbox 1335 2101 1364 2127; x_wconf 90' lang='lat' dir='ltr'><strong>et</strong></span> <span class='ocrx_word' id='word_1_712' title='bbox 1374 2099 1459 2126; x_wconf 89' lang='lat' dir='ltr'><strong>illud.</strong></span> <span class='ocrx_word' id='word_1_713' title='bbox 1471 2098 1521 2125; x_wconf 85' lang='lat' dir='ltr'><strong>Est</strong></span> <span class='ocrx_word' id='word_1_714' title='bbox 1533 2097 1629 2125; x_wconf 88' lang='lat' dir='ltr'><strong>adhuc</strong></span> <span class='ocrx_word' id='word_1_715' title='bbox 1641 2095 1732 2128; x_wconf 88' lang='lat' dir='ltr'><strong>aliud,</strong></span> <span class='ocrx_word' id='word_1_716' title='bbox 1743 2095 1820 2130; x_wconf 91' lang='lat' dir='ltr'><strong>quod</strong></span> 
     </span>
    </p>
   </div>
   <div class='ocr_carea' id='block_1_93' title="bbox 998 2142 1821 2180">
    <p class='ocr_par' dir='ltr' id='par_1_93' title="bbox 998 2142 1821 2180">
     <span class='ocr_line' id='line_1_93' title="bbox 998 2142 1821 2180; baseline -0.006 -8"><span class='ocrx_word' id='word_1_717' title='bbox 998 2144 1144 2180; x_wconf 86' lang='lat' dir='ltr'><strong>objicilur.</strong></span> <span class='ocrx_word' id='word_1_718' title='bbox 1161 2144 1189 2171; x_wconf 91' lang='lat' dir='ltr'><strong>Si</strong></span> <span class='ocrx_word' id='word_1_719' title='bbox 1203 2143 1288 2179; x_wconf 85' lang='lat' dir='ltr'><strong>panis</strong></span> <span class='ocrx_word' id='word_1_720' title='bbox 1301 2144 1330 2171; x_wconf 90' lang='lat' dir='ltr'><strong>in</strong></span> <span class='ocrx_word' id='word_1_721' title='bbox 1341 2151 1439 2171; x_wconf 84' lang='lat' dir='ltr'><strong>veram</strong></span> <span class='ocrx_word' id='word_1_722' title='bbox 1450 2142 1558 2170; x_wconf 81' lang='lat' dir='ltr'><strong>Christi</strong></span> <span class='ocrx_word' id='word_1_723' title='bbox 1570 2148 1688 2169; x_wconf 84' lang='lat' dir='ltr'><strong>carnem</strong></span> <span class='ocrx_word' id='word_1_724' title='bbox 1699 2148 1821 2168; x_wconf 84' lang='lat' dir='ltr'><strong>conver-</strong></span> 
     </span>
    </p>
   </div>
   <div class='ocr_carea' id='block_1_94' title="bbox 998 2184 1822 2225">
    <p class='ocr_par' dir='ltr' id='par_1_94' title="bbox 998 2184 1822 2225">
     <span class='ocr_line' id='line_1_94' title="bbox 998 2184 1822 2225; baseline -0.007 -8"><span class='ocrx_word' id='word_1_725' title='bbox 998 2190 1135 2223; x_wconf 83' lang='lat' dir='ltr'><strong>titur,aut</strong></span> <span class='ocrx_word' id='word_1_726' title='bbox 1142 2188 1227 2225; x_wconf 83' lang='lat' dir='ltr'><strong>panis</strong></span> <span class='ocrx_word' id='word_1_727' title='bbox 1233 2188 1400 2217; x_wconf 89' lang='lat' dir='ltr'><strong>sustollitur</strong></span> <span class='ocrx_word' id='word_1_728' title='bbox 1410 2188 1440 2215; x_wconf 90' lang='lat' dir='ltr'><strong>in</strong></span> <span class='ocrx_word' id='word_1_729' title='bbox 1449 2186 1603 2221; x_wconf 75' lang='lat' dir='ltr'><strong>ccelum,ut</strong></span> <span class='ocrx_word' id='word_1_730' title='bbox 1611 2185 1671 2214; x_wconf 89' lang='lat' dir='ltr'><strong>illic</strong></span> <span class='ocrx_word' id='word_1_731' title='bbox 1679 2184 1709 2212; x_wconf 90' lang='lat' dir='ltr'><strong>in</strong></span> <span class='ocrx_word' id='word_1_732' title='bbox 1720 2184 1822 2212; x_wconf 82' lang='lat' dir='ltr'><strong>Chris-</strong></span> 
     </span>
    </p>
   </div>
   <div class='ocr_carea' id='block_1_95' title="bbox 115 2222 945 2265">
    <p class='ocr_par' dir='ltr' id='par_1_95' title="bbox 115 2222 941 2263">
     <span class='ocr_line' id='line_1_95' title="bbox 115 2222 941 2263; baseline 0.008 -14"><span class='ocrx_word' id='word_1_733' title='bbox 115 2222 422 2257; x_wconf 86' lang='lat' dir='ltr'><strong>species,elmilitudo,</strong></span> <span class='ocrx_word' id='word_1_734' title='bbox 431 2225 559 2261; x_wconf 78' lang='lat' dir='ltr'><strong>etﬁgura</strong></span> <span class='ocrx_word' id='word_1_735' title='bbox 568 2235 618 2262; x_wconf 89' lang='lat' dir='ltr'><strong>pro</strong></span> <span class='ocrx_word' id='word_1_736' title='bbox 628 2228 758 2255; x_wconf 86' lang='lat' dir='ltr'><strong>veritate.</strong></span> <span class='ocrx_word' id='word_1_737' title='bbox 772 2227 853 2255; x_wconf 90' lang='lat' dir='ltr'><strong>Unde</strong></span> <span class='ocrx_word' id='word_1_738' title='bbox 866 2229 941 2263; x_wconf 89' lang='lat' dir='ltr'><strong>Apo-</strong></span> 
     </span>
    </p>
   </div>
   <div class='ocr_carea' id='block_1_96' title="bbox 1003 2222 1820 2265">
    <p class='ocr_par' dir='ltr' id='par_1_96' title="bbox 1003 2222 1820 2265">
     <span class='ocr_line' id='line_1_96' title="bbox 1003 2222 1820 2265; baseline -0.009 -2"><span class='ocrx_word' id='word_1_739' title='bbox 1003 2222 1364 2265; x_wconf 49' lang='lat' dir='ltr'><strong>Licarnem-transferatur,</strong></span> <span class='ocrx_word' id='word_1_740' title='bbox 1376 2240 1427 2260; x_wconf 77' lang='lat' dir='ltr'><strong>aui</strong></span> <span class='ocrx_word' id='word_1_741' title='bbox 1436 2231 1546 2259; x_wconf 86' lang='lat' dir='ltr'><strong>Christi</strong></span> <span class='ocrx_word' id='word_1_742' title='bbox 1567 2239 1634 2258; x_wconf 89' lang='lat' dir='ltr'><strong>caro</strong></span> <span class='ocrx_word' id='word_1_743' title='bbox 1655 2230 1691 2257; x_wconf 87' lang='lat' dir='ltr'><strong>ad</strong></span> <span class='ocrx_word' id='word_1_744' title='bbox 1711 2231 1820 2257; x_wconf 87' lang='lat' dir='ltr'><strong>terram</strong></span> 
     </span>
    </p>
   </div>
   <div class='ocr_carea' id='block_1_97' title="bbox 115 2265 940 2307">
    <p class='ocr_par' dir='ltr' id='par_1_97' title="bbox 115 2265 940 2307">
     <span class='ocr_line' id='line_1_97' title="bbox 115 2265 940 2307; baseline 0.008 -15"><span class='ocrx_word' id='word_1_745' title='bbox 115 2265 213 2293; x_wconf 85' lang='lat' dir='ltr'><strong>stolus</strong></span> <span class='ocrx_word' id='word_1_746' title='bbox 234 2267 269 2294; x_wconf 88' lang='lat' dir='ltr'><strong>ad</strong></span> <span class='ocrx_word' id='word_1_747' title='bbox 288 2267 469 2297; x_wconf 87' lang='lat' dir='ltr'><strong>Corinthios:</strong></span> <span class='ocrx_word' id='word_1_748' title='bbox 489 2271 542 2298; x_wconf 83' lang='lat' dir='ltr'><strong>Per</strong></span> <span class='ocrx_word' id='word_1_749' title='bbox 556 2271 636 2306; x_wconf 82' lang='lat' dir='ltr'><strong>ﬁdem</strong></span> <span class='ocrx_word' id='word_1_750' title='bbox 651 2272 833 2307; x_wconf 79' lang='lat' dir='ltr'><strong>ambulamus,</strong></span> <span class='ocrx_word' id='word_1_751' title='bbox 848 2278 940 2300; x_wconf 84' lang='lat' dir='ltr'><strong>etnon</strong></span> 
     </span>
    </p>
   </div>
   <div class='ocr_carea' id='block_1_98' title="bbox 115 2312 940 2349">
    <p class='ocr_par' dir='ltr' id='par_1_98' title="bbox 115 2312 940 2349">
     <span class='ocr_line' id='line_1_98' title="bbox 115 2312 940 2349; baseline 0.008 -12"><span class='ocrx_word' id='word_1_752' title='bbox 115 2312 295 2346; x_wconf 81' lang='lat' dir='ltr'><strong>perspecicm</strong></span> <span class='ocrx_word' id='word_1_753' title='bbox 310 2313 345 2348; x_wconf 85' lang='grc' dir='ltr'><strong>(ιι</strong></span> <span class='ocrx_word' id='word_1_754' title='bbox 363 2313 487 2341; x_wconf 81' lang='lat' dir='ltr'><strong>Corinth.</strong></span> <span class='ocrx_word' id='word_1_755' title='bbox 504 2317 541 2349; x_wconf 91' lang='lat' dir='ltr'><strong>v).</strong></span> <span class='ocrx_word' id='word_1_756' title='bbox 558 2316 732 2344; x_wconf 87' lang='lat' dir='ltr'><strong>Ambrosius</strong></span> <span class='ocrx_word' id='word_1_757' title='bbox 757 2317 785 2343; x_wconf 92' lang='lat' dir='ltr'><strong>in</strong></span> <span class='ocrx_word' id='word_1_758' title='bbox 811 2317 885 2344; x_wconf 89' lang='lat' dir='ltr'><strong>libro</strong></span> <span class='ocrx_word' id='word_1_759' title='bbox 902 2317 940 2344; x_wconf 85' lang='lat' dir='ltr'><strong>De</strong></span> 
     </span>
    </p>
   </div>
   <div class='ocr_carea' id='block_1_99' title="bbox 116 2357 940 2396">
    <p class='ocr_par' dir='ltr' id='par_1_99' title="bbox 116 2357 940 2396">
     <span class='ocr_line' id='line_1_99' title="bbox 116 2357 940 2396; baseline 0.01 -14"><span class='ocrx_word' id='word_1_760' title='bbox 116 2357 332 2385; x_wconf 82' lang='lat' dir='ltr'><strong>sacramentis:</strong></span> <span class='ocrx_word' id='word_1_761' title='bbox 347 2359 478 2395; x_wconf 86' lang='lat' dir='ltr'><strong>Speciem</strong></span> <span class='ocrx_word' id='word_1_762' title='bbox 492 2363 588 2388; x_wconf 79' lang='lat' dir='ltr'><strong>autem</strong></span> <span class='ocrx_word' id='word_1_763' title='bbox 601 2363 628 2388; x_wconf 89' lang='lat' dir='ltr'><strong>et</strong></span> <span class='ocrx_word' id='word_1_764' title='bbox 640 2370 690 2396; x_wconf 91' lang='lat' dir='ltr'><strong>pro</strong></span> <span class='ocrx_word' id='word_1_765' title='bbox 703 2362 821 2390; x_wconf 89' lang='lat' dir='ltr'><strong>veritate</strong></span> <span class='ocrx_word' id='word_1_766' title='bbox 833 2363 940 2390; x_wconf 82' lang='lat' dir='ltr'><strong>intelli-</strong></span> 
     </span>
    </p>
   </div>
   <div class='ocr_carea' id='block_1_100' title="bbox 115 2400 941 2442">
    <p class='ocr_par' dir='ltr' id='par_1_100' title="bbox 115 2400 941 2442">
     <span class='ocr_line' id='line_1_100' title="bbox 115 2400 941 2442; baseline 0.008 -15"><span class='ocrx_word' id='word_1_767' title='bbox 115 2401 243 2436; x_wconf 85' lang='lat' dir='ltr'><strong>gendam</strong></span> <span class='ocrx_word' id='word_1_768' title='bbox 252 2400 430 2439; x_wconf 86' lang='lat' dir='ltr'><strong>invenimus,</strong></span> <span class='ocrx_word' id='word_1_769' title='bbox 440 2405 513 2432; x_wconf 85' lang='lat' dir='ltr'><strong>etde</strong></span> <span class='ocrx_word' id='word_1_770' title='bbox 524 2405 649 2439; x_wconf 87' lang='lat' dir='ltr'><strong>Christo,</strong></span> <span class='ocrx_word' id='word_1_771' title='bbox 658 2406 753 2442; x_wconf 73' lang='lat' dir='ltr'><strong>specie</strong></span> <span class='ocrx_word' id='word_1_772' title='bbox 763 2406 898 2434; x_wconf 84' lang='lat' dir='ltr'><strong>inventus</strong></span> <span class='ocrx_word' id='word_1_773' title='bbox 910 2408 941 2434; x_wconf 88' lang='lat' dir='ltr'><strong>ut</strong></span> 
     </span>
    </p>
   </div>
   <div class='ocr_carea' id='block_1_101' title="bbox 116 2443 938 2485">
    <p class='ocr_par' dir='ltr' id='par_1_101' title="bbox 116 2443 938 2485">
     <span class='ocr_line' id='line_1_101' title="bbox 116 2443 938 2485; baseline 0.009 -14"><span class='ocrx_word' id='word_1_774' title='bbox 116 2443 253 2480; x_wconf 86' lang='lat' dir='ltr'><strong>homo,et</strong></span> <span class='ocrx_word' id='word_1_775' title='bbox 263 2446 299 2474; x_wconf 89' lang='lat' dir='ltr'><strong>de</strong></span> <span class='ocrx_word' id='word_1_776' title='bbox 309 2447 392 2475; x_wconf 82' lang='lat' dir='ltr'><strong>Patre</strong></span> <span class='ocrx_word' id='word_1_777' title='bbox 404 2450 471 2482; x_wconf 89' lang='lat' dir='ltr'><strong>Deo,</strong></span> <span class='ocrx_word' id='word_1_778' title='bbox 485 2457 578 2485; x_wconf 88' lang='lat' dir='ltr'><strong>neque</strong></span> <span class='ocrx_word' id='word_1_779' title='bbox 590 2450 717 2485; x_wconf 85' lang='lat' dir='ltr'><strong>speciem</strong></span> <span class='ocrx_word' id='word_1_780' title='bbox 734 2451 798 2485; x_wconf 85' lang='lat' dir='ltr'><strong>ejus</strong></span> <span class='ocrx_word' id='word_1_781' title='bbox 813 2450 938 2485; x_wconf 80' lang='lat' dir='ltr'><strong>vidistis,</strong></span> 
     </span>
    </p>
   </div>
   <div class='ocr_carea' id='block_1_102' title="bbox 116 2489 940 2528">
    <p class='ocr_par' dir='ltr' id='par_1_102' title="bbox 116 2489 940 2528">
     <span class='ocr_line' id='line_1_102' title="bbox 116 2489 940 2528; baseline 0.007 -12"><span class='ocrx_word' id='word_1_782' title='bbox 116 2489 272 2524; x_wconf 78' lang='lat' dir='ltr'><strong>Apostolus</strong></span> <span class='ocrx_word' id='word_1_783' title='bbox 291 2491 327 2518; x_wconf 88' lang='lat' dir='ltr'><strong>ad</strong></span> <span class='ocrx_word' id='word_1_784' title='bbox 340 2491 542 2528; x_wconf 87' lang='lat' dir='ltr'><strong>Philippenses</strong></span> <span class='ocrx_word' id='word_1_785' title='bbox 556 2502 561 2520; x_wconf 88' lang='lat'>:</span> <span class='ocrx_word' id='word_1_786' title='bbox 580 2495 610 2521; x_wconf 84' lang='lat' dir='ltr'><strong>in</strong></span> <span class='ocrx_word' id='word_1_787' title='bbox 626 2495 841 2522; x_wconf 78' lang='lat' dir='ltr'><strong>similitudinem</strong></span> <span class='ocrx_word' id='word_1_788' title='bbox 855 2496 940 2523; x_wconf 79' lang='lat' dir='ltr'><strong>homi-</strong></span> 
     </span>
    </p>
   </div>
   <div class='ocr_carea' id='block_1_103' title="bbox 114 2536 937 2575">
    <p class='ocr_par' dir='ltr' id='par_1_103' title="bbox 114 2536 937 2575">
     <span class='ocr_line' id='line_1_103' title="bbox 114 2536 937 2575; baseline 0.006 -14"><span class='ocrx_word' id='word_1_789' title='bbox 114 2542 187 2561; x_wconf 78' lang='lat' dir='ltr'><strong>num</strong></span> <span class='ocrx_word' id='word_1_790' title='bbox 205 2536 305 2570; x_wconf 73' lang='lat' dir='ltr'><strong>lactus,</strong></span> <span class='ocrx_word' id='word_1_791' title='bbox 320 2538 346 2563; x_wconf 85' lang='lat' dir='ltr'><strong>et</strong></span> <span class='ocrx_word' id='word_1_792' title='bbox 366 2537 466 2564; x_wconf 83' lang='lat' dir='ltr'><strong>habitu</strong></span> <span class='ocrx_word' id='word_1_793' title='bbox 482 2538 609 2566; x_wconf 78' lang='lat' dir='ltr'><strong>inventus</strong></span> <span class='ocrx_word' id='word_1_794' title='bbox 624 2541 652 2566; x_wconf 86' lang='lat' dir='ltr'><strong>ut</strong></span> <span class='ocrx_word' id='word_1_795' title='bbox 669 2539 746 2567; x_wconf 85' lang='lat' dir='ltr'><strong>homo</strong></span> <span class='ocrx_word' id='word_1_796' title='bbox 763 2540 877 2575; x_wconf 80' lang='lat' dir='ltr'><strong>(Philip.</strong></span> <span class='ocrx_word' id='word_1_797' title='bbox 896 2542 937 2573; x_wconf 89' lang='grc' dir='ltr'>ιι).</span> 
     </span>
    </p>
   </div>
   <div class='ocr_carea' id='block_1_104' title="bbox 114 2581 939 2624">
    <p class='ocr_par' dir='ltr' id='par_1_104' title="bbox 114 2581 939 2624">
     <span class='ocr_line' id='line_1_104' title="bbox 114 2581 939 2624; baseline 0.007 -14"><span class='ocrx_word' id='word_1_798' title='bbox 114 2581 196 2610; x_wconf 81' lang='lat' dir='ltr'><strong>Idem</strong></span> <span class='ocrx_word' id='word_1_799' title='bbox 213 2583 248 2611; x_wconf 84' lang='lat' dir='ltr'><strong>ad</strong></span> <span class='ocrx_word' id='word_1_800' title='bbox 268 2584 421 2613; x_wconf 67' lang='lat' dir='ltr'><strong>Hebraeos:</strong></span> <span class='ocrx_word' id='word_1_801' title='bbox 444 2586 497 2620; x_wconf 84' lang='lat' dir='ltr'><strong>Qui</strong></span> <span class='ocrx_word' id='word_1_802' title='bbox 510 2595 572 2614; x_wconf 87' lang='lat' dir='ltr'><strong>cum</strong></span> <span class='ocrx_word' id='word_1_803' title='bbox 597 2589 631 2615; x_wconf 81' lang='lat' dir='ltr'><strong>sit</strong></span> <span class='ocrx_word' id='word_1_804' title='bbox 653 2588 780 2623; x_wconf 78' lang='lat' dir='ltr'><strong>splendor</strong></span> <span class='ocrx_word' id='word_1_805' title='bbox 793 2589 890 2624; x_wconf 78' lang='lat' dir='ltr'><strong>gloriae</strong></span> <span class='ocrx_word' id='word_1_806' title='bbox 914 2593 939 2616; x_wconf 84' lang='lat' dir='ltr'><strong>et</strong></span> 
     </span>
    </p>
   </div>
   <div class='ocr_carea' id='block_1_105' title="bbox 115 2627 940 2666">
    <p class='ocr_par' dir='ltr' id='par_1_105' title="bbox 115 2627 940 2666">
     <span class='ocr_line' id='line_1_105' title="bbox 115 2627 940 2666; baseline 0.008 -12"><span class='ocrx_word' id='word_1_807' title='bbox 115 2627 208 2662; x_wconf 70' lang='lat' dir='ltr'><strong>ﬁgura</strong></span> <span class='ocrx_word' id='word_1_808' title='bbox 222 2627 384 2658; x_wconf 69' lang='lat' dir='ltr'><strong>substanliz</strong></span> <span class='ocrx_word' id='word_1_809' title='bbox 398 2630 456 2665; x_wconf 77' lang='lat' dir='ltr'><strong>ejus</strong></span> <span class='ocrx_word' id='word_1_810' title='bbox 469 2632 560 2666; x_wconf 85' lang='lat' dir='ltr'><strong>(Hebr.</strong></span> <span class='ocrx_word' id='word_1_811' title='bbox 580 2633 607 2666; x_wconf 90' lang='grc' dir='ltr'>ι).</span> <span class='ocrx_word' id='word_1_812' title='bbox 626 2632 713 2660; x_wconf 91' lang='lat' dir='ltr'><strong>Porro</strong></span> <span class='ocrx_word' id='word_1_813' title='bbox 738 2633 798 2661; x_wconf 73' lang='lat' dir='ltr'><strong>haec</strong></span> <span class='ocrx_word' id='word_1_814' title='bbox 821 2634 940 2661; x_wconf 84' lang='lat' dir='ltr'><strong>nomina</strong></span> 
     </span>
    </p>
   </div>
   <div class='ocr_carea' id='block_1_106' title="bbox 115 2671 938 2712">
    <p class='ocr_par' dir='ltr' id='par_1_106' title="bbox 115 2671 938 2712">
     <span class='ocr_line' id='line_1_106' title="bbox 115 2671 938 2712; baseline 0.007 -12"><span class='ocrx_word' id='word_1_815' title='bbox 115 2671 276 2701; x_wconf 69' lang='lat' dir='ltr'><strong>Dominice</strong></span> <span class='ocrx_word' id='word_1_816' title='bbox 286 2674 434 2709; x_wconf 80' lang='lat' dir='ltr'><strong>passionis</strong></span> <span class='ocrx_word' id='word_1_817' title='bbox 448 2675 634 2712; x_wconf 87' lang='lat' dir='ltr'><strong>designativa</strong></span> <span class='ocrx_word' id='word_1_818' title='bbox 645 2680 725 2712; x_wconf 87' lang='lat' dir='ltr'><strong>sunt,</strong></span> <span class='ocrx_word' id='word_1_819' title='bbox 738 2678 761 2705; x_wconf 87' lang='lat' dir='ltr'><strong>si</strong></span> <span class='ocrx_word' id='word_1_820' title='bbox 775 2680 871 2705; x_wconf 82' lang='lat' dir='ltr'><strong>tamen</strong></span> <span class='ocrx_word' id='word_1_821' title='bbox 892 2687 938 2706; x_wconf 85' lang='lat' dir='ltr'><strong>sa-</strong></span> 
     </span>
    </p>
   </div>
   <div class='ocr_carea' id='block_1_107' title="bbox 115 2719 939 2757">
    <p class='ocr_par' dir='ltr' id='par_1_107' title="bbox 115 2719 939 2757">
     <span class='ocr_line' id='line_1_107' title="bbox 115 2719 939 2757; baseline 0.008 -13"><span class='ocrx_word' id='word_1_822' title='bbox 115 2719 301 2746; x_wconf 75' lang='lat' dir='ltr'><strong>cramentum</strong></span> <span class='ocrx_word' id='word_1_823' title='bbox 313 2726 430 2747; x_wconf 85' lang='lat' dir='ltr'><strong>sacrum</strong></span> <span class='ocrx_word' id='word_1_824' title='bbox 442 2720 558 2754; x_wconf 88' lang='lat' dir='ltr'><strong>signum</strong></span> <span class='ocrx_word' id='word_1_825' title='bbox 570 2722 826 2757; x_wconf 86' lang='lat' dir='ltr'><strong>accipimus.Unde</strong></span> <span class='ocrx_word' id='word_1_826' title='bbox 836 2723 939 2751; x_wconf 86' lang='lat' dir='ltr'><strong>beatus</strong></span> 
     </span>
    </p>
   </div>
   <div class='ocr_carea' id='block_1_108' title="bbox 115 2760 939 2804">
    <p class='ocr_par' dir='ltr' id='par_1_108' title="bbox 115 2760 939 2804">
     <span class='ocr_line' id='line_1_108' title="bbox 115 2760 939 2804; baseline 0.008 -15"><span class='ocrx_word' id='word_1_827' title='bbox 115 2760 277 2798; x_wconf 85' lang='lat' dir='ltr'><strong>Gregorius</strong></span> <span class='ocrx_word' id='word_1_828' title='bbox 286 2762 316 2790; x_wconf 91' lang='lat' dir='ltr'><strong>in</strong></span> <span class='ocrx_word' id='word_1_829' title='bbox 328 2765 432 2800; x_wconf 87' lang='lat' dir='ltr'><strong>quarto</strong></span> <span class='ocrx_word' id='word_1_830' title='bbox 441 2763 628 2801; x_wconf 86' lang='lat' dir='ltr'><strong>Dialogorum</strong></span> <span class='ocrx_word' id='word_1_831' title='bbox 638 2766 711 2796; x_wconf 88' lang='lat' dir='ltr'><strong>libro</strong></span> <span class='ocrx_word' id='word_1_832' title='bbox 719 2768 790 2804; x_wconf 87' lang='lat' dir='ltr'><strong>(cap.</strong></span> <span class='ocrx_word' id='word_1_833' title='bbox 801 2768 847 2802; x_wconf 84' lang='lat'><strong>58)</strong></span> <span class='ocrx_word' id='word_1_834' title='bbox 859 2777 864 2795; x_wconf 90' lang='lat'>:</span> <span class='ocrx_word' id='word_1_835' title='bbox 874 2768 939 2796; x_wconf 63' lang='lat' dir='ltr'><strong>Haec</strong></span> 
     </span>
    </p>
   </div>
   <div class='ocr_carea' id='block_1_109' title="bbox 995 2276 1821 2314">
    <p class='ocr_par' dir='ltr' id='par_1_109' title="bbox 995 2276 1821 2314">
     <span class='ocr_line' id='line_1_109' title="bbox 995 2276 1821 2314; baseline -0.007 -7"><span class='ocrx_word' id='word_1_836' title='bbox 995 2280 1134 2314; x_wconf 80' lang='lat' dir='ltr'><strong>defertur,</strong></span> <span class='ocrx_word' id='word_1_837' title='bbox 1152 2282 1184 2307; x_wconf 89' lang='lat' dir='ltr'><strong>ut</strong></span> <span class='ocrx_word' id='word_1_838' title='bbox 1199 2279 1247 2306; x_wconf 89' lang='lat' dir='ltr'><strong>hic</strong></span> <span class='ocrx_word' id='word_1_839' title='bbox 1262 2278 1292 2305; x_wconf 88' lang='lat' dir='ltr'><strong>in</strong></span> <span class='ocrx_word' id='word_1_840' title='bbox 1308 2285 1372 2305; x_wconf 87' lang='lat' dir='ltr'><strong>eam</strong></span> <span class='ocrx_word' id='word_1_841' title='bbox 1389 2277 1474 2311; x_wconf 85' lang='lat' dir='ltr'><strong>panis</strong></span> <span class='ocrx_word' id='word_1_842' title='bbox 1485 2277 1694 2309; x_wconf 82' lang='lat' dir='ltr'><strong>commutatur,</strong></span> <span class='ocrx_word' id='word_1_843' title='bbox 1708 2276 1821 2301; x_wconf 88' lang='lat' dir='ltr'><strong>autnec</strong></span> 
     </span>
    </p>
   </div>
   <div class='ocr_carea' id='block_1_110' title="bbox 995 2319 1826 2360">
    <p class='ocr_par' dir='ltr' id='par_1_110' title="bbox 995 2319 1826 2360">
     <span class='ocr_line' id='line_1_110' title="bbox 995 2319 1826 2360; baseline -0.008 -8"><span class='ocrx_word' id='word_1_844' title='bbox 995 2324 1080 2360; x_wconf 87' lang='lat' dir='ltr'><strong>panis</strong></span> <span class='ocrx_word' id='word_1_845' title='bbox 1096 2323 1276 2358; x_wconf 88' lang='lat' dir='ltr'><strong>sustollitur,</strong></span> <span class='ocrx_word' id='word_1_846' title='bbox 1291 2330 1345 2350; x_wconf 87' lang='lat' dir='ltr'><strong>nec</strong></span> <span class='ocrx_word' id='word_1_847' title='bbox 1361 2329 1428 2349; x_wconf 87' lang='lat' dir='ltr'><strong>caro</strong></span> <span class='ocrx_word' id='word_1_848' title='bbox 1445 2321 1584 2349; x_wconf 83' lang='lat' dir='ltr'><strong>defertur.</strong></span> <span class='ocrx_word' id='word_1_849' title='bbox 1598 2319 1662 2347; x_wconf 91' lang='lat' dir='ltr'><strong>Non</strong></span> <span class='ocrx_word' id='word_1_850' title='bbox 1676 2319 1826 2355; x_wconf 88' lang='lat' dir='ltr'><strong>estigitur</strong></span> 
     </span>
    </p>
   </div>
   <div class='ocr_carea' id='block_1_111' title="bbox 994 2362 1825 2404">
    <p class='ocr_par' dir='ltr' id='par_1_111' title="bbox 994 2362 1825 2404">
     <span class='ocr_line' id='line_1_111' title="bbox 994 2362 1825 2404; baseline -0.008 -7"><span class='ocrx_word' id='word_1_851' title='bbox 994 2376 1062 2397; x_wconf 87' lang='lat' dir='ltr'><strong>vera</strong></span> <span class='ocrx_word' id='word_1_852' title='bbox 1077 2377 1145 2397; x_wconf 88' lang='lat' dir='ltr'><strong>caro</strong></span> <span class='ocrx_word' id='word_1_853' title='bbox 1162 2369 1191 2396; x_wconf 90' lang='lat' dir='ltr'><strong>in</strong></span> <span class='ocrx_word' id='word_1_854' title='bbox 1203 2376 1292 2404; x_wconf 87' lang='lat' dir='ltr'><strong>quam</strong></span> <span class='ocrx_word' id='word_1_855' title='bbox 1305 2366 1390 2403; x_wconf 85' lang='lat' dir='ltr'><strong>panis</strong></span> <span class='ocrx_word' id='word_1_856' title='bbox 1401 2365 1591 2394; x_wconf 88' lang='lat' dir='ltr'><strong>convertitur.</strong></span> <span class='ocrx_word' id='word_1_857' title='bbox 1604 2366 1663 2392; x_wconf 86' lang='lat' dir='ltr'><strong>Hoc</strong></span> <span class='ocrx_word' id='word_1_858' title='bbox 1676 2362 1825 2399; x_wconf 83' lang='lat' dir='ltr'><strong>colligitur</strong></span> 
     </span>
    </p>
   </div>
   <div class='ocr_carea' id='block_1_112' title="bbox 995 2408 1821 2446">
    <p class='ocr_par' dir='ltr' id='par_1_112' title="bbox 995 2408 1821 2446">
     <span class='ocr_line' id='line_1_112' title="bbox 995 2408 1821 2446; baseline -0.008 -5"><span class='ocrx_word' id='word_1_859' title='bbox 995 2414 1159 2441; x_wconf 86' lang='lat' dir='ltr'><strong>secundum</strong></span> <span class='ocrx_word' id='word_1_860' title='bbox 1169 2413 1331 2440; x_wconf 88' lang='lat' dir='ltr'><strong>humanam</strong></span> <span class='ocrx_word' id='word_1_861' title='bbox 1342 2409 1530 2446; x_wconf 78' lang='lat' dir='ltr'><strong>sapientiam,</strong></span> <span class='ocrx_word' id='word_1_862' title='bbox 1541 2410 1570 2437; x_wconf 90' lang='lat' dir='ltr'><strong>et</strong></span> <span class='ocrx_word' id='word_1_863' title='bbox 1584 2416 1640 2436; x_wconf 90' lang='lat' dir='ltr'><strong>non</strong></span> <span class='ocrx_word' id='word_1_864' title='bbox 1657 2408 1821 2436; x_wconf 87' lang='lat' dir='ltr'><strong>secundum</strong></span> 
     </span>
    </p>
   </div>
   <div class='ocr_carea' id='block_1_113' title="bbox 994 2452 1820 2490">
    <p class='ocr_par' dir='ltr' id='par_1_113' title="bbox 994 2452 1820 2490">
     <span class='ocr_line' id='line_1_113' title="bbox 994 2452 1820 2490; baseline -0.007 -5"><span class='ocrx_word' id='word_1_865' title='bbox 994 2457 1274 2485; x_wconf 83' lang='lat' dir='ltr'><strong>divinam.llumana</strong></span> <span class='ocrx_word' id='word_1_866' title='bbox 1281 2458 1380 2484; x_wconf 87' lang='lat' dir='ltr'><strong>autem</strong></span> <span class='ocrx_word' id='word_1_867' title='bbox 1392 2454 1538 2490; x_wconf 84' lang='lat' dir='ltr'><strong>sapientia</strong></span> <span class='ocrx_word' id='word_1_868' title='bbox 1546 2460 1635 2489; x_wconf 90' lang='lat' dir='ltr'><strong>opera</strong></span> <span class='ocrx_word' id='word_1_869' title='bbox 1643 2452 1743 2480; x_wconf 88' lang='lat' dir='ltr'><strong>divina</strong></span> <span class='ocrx_word' id='word_1_870' title='bbox 1753 2460 1820 2488; x_wconf 86' lang='lat' dir='ltr'><strong>per-</strong></span> 
     </span>
    </p>
   </div>
   <div class='ocr_carea' id='block_1_114' title="bbox 995 2497 1817 2538">
    <p class='ocr_par' dir='ltr' id='par_1_114' title="bbox 995 2497 1817 2538">
     <span class='ocr_line' id='line_1_114' title="bbox 995 2497 1817 2538; baseline -0.007 -8"><span class='ocrx_word' id='word_1_871' title='bbox 995 2502 1072 2538; x_wconf 89' lang='lat' dir='ltr'><strong>quiri</strong></span> <span class='ocrx_word' id='word_1_872' title='bbox 1087 2501 1220 2538; x_wconf 88' lang='lat' dir='ltr'><strong>prohibet</strong></span> <span class='ocrx_word' id='word_1_873' title='bbox 1235 2499 1392 2537; x_wconf 83' lang='lat' dir='ltr'><strong>Apostolus</strong></span> <span class='ocrx_word' id='word_1_874' title='bbox 1407 2499 1442 2527; x_wconf 89' lang='lat' dir='ltr'><strong>ad</strong></span> <span class='ocrx_word' id='word_1_875' title='bbox 1459 2499 1614 2532; x_wconf 75' lang='lat' dir='ltr'><strong>Romanos,</strong></span> <span class='ocrx_word' id='word_1_876' title='bbox 1627 2497 1743 2525; x_wconf 87' lang='lat' dir='ltr'><strong>dicens:</strong></span> <span class='ocrx_word' id='word_1_877' title='bbox 1756 2499 1817 2525; x_wconf 86' lang='lat' dir='ltr'><strong>Non</strong></span> 
     </span>
    </p>
   </div>
   <div class='ocr_carea' id='block_1_115' title="bbox 995 2541 1817 2583">
    <p class='ocr_par' dir='ltr' id='par_1_115' title="bbox 995 2541 1817 2583">
     <span class='ocr_line' id='line_1_115' title="bbox 995 2541 1817 2583; baseline -0.009 -8"><span class='ocrx_word' id='word_1_878' title='bbox 995 2548 1058 2583; x_wconf 84' lang='lat' dir='ltr'><strong>plus</strong></span> <span class='ocrx_word' id='word_1_879' title='bbox 1070 2554 1164 2582; x_wconf 85' lang='lat' dir='ltr'><strong>sapere</strong></span> <span class='ocrx_word' id='word_1_880' title='bbox 1173 2555 1256 2582; x_wconf 86' lang='lat' dir='ltr'><strong>quam</strong></span> <span class='ocrx_word' id='word_1_881' title='bbox 1264 2547 1365 2580; x_wconf 77' lang='lat' dir='ltr'><strong>oportet</strong></span> <span class='ocrx_word' id='word_1_882' title='bbox 1374 2551 1482 2580; x_wconf 84' lang='lat' dir='ltr'><strong>sapere,</strong></span> <span class='ocrx_word' id='word_1_883' title='bbox 1498 2543 1546 2571; x_wconf 84' lang='lat' dir='ltr'><strong>sed</strong></span> <span class='ocrx_word' id='word_1_884' title='bbox 1560 2550 1656 2578; x_wconf 80' lang='lat' dir='ltr'><strong>sapere</strong></span> <span class='ocrx_word' id='word_1_885' title='bbox 1663 2541 1698 2570; x_wconf 89' lang='lat' dir='ltr'><strong>ad</strong></span> <span class='ocrx_word' id='word_1_886' title='bbox 1712 2542 1817 2569; x_wconf 78' lang='lat' dir='ltr'><strong>sobrie-</strong></span> 
     </span>
    </p>
   </div>
   <div class='ocr_carea' id='block_1_116' title="bbox 995 2586 1816 2627">
    <p class='ocr_par' dir='ltr' id='par_1_116' title="bbox 995 2586 1816 2627">
     <span class='ocr_line' id='line_1_116' title="bbox 995 2586 1816 2627; baseline -0.009 -7"><span class='ocrx_word' id='word_1_887' title='bbox 995 2594 1078 2620; x_wconf 88' lang='lat' dir='ltr'><strong>tatem</strong></span> <span class='ocrx_word' id='word_1_888' title='bbox 1089 2592 1176 2627; x_wconf 75' lang='lat' dir='ltr'><strong>(liom.</strong></span> <span class='ocrx_word' id='word_1_889' title='bbox 1187 2590 1252 2626; x_wconf 83' lang='lat' dir='ltr'><strong>x11).</strong></span> <span class='ocrx_word' id='word_1_890' title='bbox 1273 2589 1308 2617; x_wconf 87' lang='lat' dir='ltr'><strong>Et</strong></span> <span class='ocrx_word' id='word_1_891' title='bbox 1323 2589 1360 2617; x_wconf 86' lang='lat' dir='ltr'><strong>ad</strong></span> <span class='ocrx_word' id='word_1_892' title='bbox 1381 2587 1546 2616; x_wconf 88' lang='lat' dir='ltr'><strong>Corinthios</strong></span> <span class='ocrx_word' id='word_1_893' title='bbox 1558 2595 1564 2615; x_wconf 91' lang='lat'><strong>:</strong></span> <span class='ocrx_word' id='word_1_894' title='bbox 1576 2589 1671 2615; x_wconf 83' lang='lat' dir='ltr'><strong>Sermo</strong></span> <span class='ocrx_word' id='word_1_895' title='bbox 1689 2593 1774 2619; x_wconf 83' lang='lat' dir='ltr'><strong>meus,</strong></span> <span class='ocrx_word' id='word_1_896' title='bbox 1790 2586 1816 2612; x_wconf 76' lang='lat' dir='ltr'><strong>et</strong></span> 
     </span>
    </p>
   </div>
   <div class='ocr_carea' id='block_1_117' title="bbox 992 2631 1815 2672">
    <p class='ocr_par' dir='ltr' id='par_1_117' title="bbox 992 2631 1815 2672">
     <span class='ocr_line' id='line_1_117' title="bbox 992 2631 1815 2672; baseline -0.007 -9"><span class='ocrx_word' id='word_1_897' title='bbox 992 2636 1157 2672; x_wconf 74' lang='lat' dir='ltr'><strong>praedicatio</strong></span> <span class='ocrx_word' id='word_1_898' title='bbox 1176 2643 1239 2663; x_wconf 83' lang='lat' dir='ltr'><strong>mea</strong></span> <span class='ocrx_word' id='word_1_899' title='bbox 1252 2643 1307 2663; x_wconf 88' lang='lat' dir='ltr'><strong>non</strong></span> <span class='ocrx_word' id='word_1_900' title='bbox 1322 2635 1351 2661; x_wconf 77' lang='lat' dir='ltr'><strong>in</strong></span> <span class='ocrx_word' id='word_1_901' title='bbox 1367 2632 1595 2669; x_wconf 77' lang='lat' dir='ltr'><strong>persuasibilibus</strong></span> <span class='ocrx_word' id='word_1_902' title='bbox 1619 2631 1749 2659; x_wconf 68' lang='lat' dir='ltr'><strong>humanae</strong></span> <span class='ocrx_word' id='word_1_903' title='bbox 1770 2637 1815 2656; x_wconf 82' lang='lat' dir='ltr'><strong>sa-</strong></span> 
     </span>
    </p>
   </div>
   <div class='ocr_carea' id='block_1_118' title="bbox 993 2674 1815 2716">
    <p class='ocr_par' dir='ltr' id='par_1_118' title="bbox 993 2674 1815 2716">
     <span class='ocr_line' id='line_1_118' title="bbox 993 2674 1815 2716; baseline -0.012 -7"><span class='ocrx_word' id='word_1_904' title='bbox 993 2681 1107 2716; x_wconf 72' lang='lat' dir='ltr'><strong>pientiae</strong></span> <span class='ocrx_word' id='word_1_905' title='bbox 1119 2680 1217 2715; x_wconf 85' lang='lat' dir='ltr'><strong>verbis,</strong></span> <span class='ocrx_word' id='word_1_906' title='bbox 1228 2678 1275 2707; x_wconf 83' lang='lat' dir='ltr'><strong>sed</strong></span> <span class='ocrx_word' id='word_1_907' title='bbox 1285 2679 1314 2706; x_wconf 85' lang='lat' dir='ltr'><strong>in</strong></span> <span class='ocrx_word' id='word_1_908' title='bbox 1327 2678 1480 2706; x_wconf 68' lang='lat' dir='ltr'><strong>ostensione</strong></span> <span class='ocrx_word' id='word_1_909' title='bbox 1489 2677 1604 2713; x_wconf 80' lang='lat' dir='ltr'><strong>spiritus</strong></span> <span class='ocrx_word' id='word_1_910' title='bbox 1616 2677 1642 2704; x_wconf 85' lang='lat' dir='ltr'><strong>et</strong></span> <span class='ocrx_word' id='word_1_911' title='bbox 1649 2674 1772 2706; x_wconf 77' lang='lat' dir='ltr'><strong>virtutis,</strong></span> <span class='ocrx_word' id='word_1_912' title='bbox 1783 2674 1815 2700; x_wconf 80' lang='lat' dir='ltr'><strong>ut</strong></span> 
     </span>
    </p>
   </div>
   <div class='ocr_carea' id='block_1_119' title="bbox 992 2718 1813 2760">
    <p class='ocr_par' dir='ltr' id='par_1_119' title="bbox 992 2718 1813 2760">
     <span class='ocr_line' id='line_1_119' title="bbox 992 2718 1813 2760; baseline -0.012 -6"><span class='ocrx_word' id='word_1_913' title='bbox 992 2725 1060 2760; x_wconf 83' lang='lat' dir='ltr'><strong>ﬁdes</strong></span> <span class='ocrx_word' id='word_1_914' title='bbox 1071 2726 1164 2753; x_wconf 84' lang='lat' dir='ltr'><strong>vestra</strong></span> <span class='ocrx_word' id='word_1_915' title='bbox 1173 2732 1228 2753; x_wconf 87' lang='lat' dir='ltr'><strong>non</strong></span> <span class='ocrx_word' id='word_1_916' title='bbox 1238 2725 1274 2752; x_wconf 82' lang='lat' dir='ltr'><strong>sit</strong></span> <span class='ocrx_word' id='word_1_917' title='bbox 1286 2724 1317 2751; x_wconf 84' lang='lat' dir='ltr'><strong>in</strong></span> <span class='ocrx_word' id='word_1_918' title='bbox 1325 2723 1463 2758; x_wconf 71' lang='lat' dir='ltr'><strong>sapientia</strong></span> <span class='ocrx_word' id='word_1_919' title='bbox 1482 2722 1634 2754; x_wconf 84' lang='lat' dir='ltr'><strong>hominum,</strong></span> <span class='ocrx_word' id='word_1_920' title='bbox 1649 2718 1695 2747; x_wconf 78' lang='lat' dir='ltr'><strong>sed</strong></span> <span class='ocrx_word' id='word_1_921' title='bbox 1710 2718 1738 2746; x_wconf 78' lang='lat' dir='ltr'><strong>in</strong></span> <span class='ocrx_word' id='word_1_922' title='bbox 1753 2718 1813 2745; x_wconf 56' lang='lat' dir='ltr'><strong>viro</strong></span> 
     </span>
    </p>
   </div>
   <div class='ocr_carea' id='block_1_120' title="bbox 993 2763 1814 2805">
    <p class='ocr_par' dir='ltr' id='par_1_120' title="bbox 993 2763 1814 2805">
     <span class='ocr_line' id='line_1_120' title="bbox 993 2763 1814 2805; baseline -0.01 -7"><span class='ocrx_word' id='word_1_923' title='bbox 993 2771 1051 2798; x_wconf 82' lang='lat' dir='ltr'><strong>tute</strong></span> <span class='ocrx_word' id='word_1_924' title='bbox 1066 2771 1117 2798; x_wconf 85' lang='lat' dir='ltr'><strong>Dei</strong></span> <span class='ocrx_word' id='word_1_925' title='bbox 1131 2770 1153 2805; x_wconf 92' lang='lat' dir='ltr'><strong>(I</strong></span> <span class='ocrx_word' id='word_1_926' title='bbox 1167 2769 1226 2798; x_wconf 81' lang='lat' dir='ltr'><strong>Cor.</strong></span> <span class='ocrx_word' id='word_1_927' title='bbox 1244 2768 1285 2805; x_wconf 85' lang='grc' dir='ltr'>ιι).</span> <span class='ocrx_word' id='word_1_928' title='bbox 1306 2768 1341 2796; x_wconf 88' lang='lat' dir='ltr'><strong>Et</strong></span> <span class='ocrx_word' id='word_1_929' title='bbox 1365 2767 1401 2795; x_wconf 87' lang='lat' dir='ltr'><strong>ad</strong></span> <span class='ocrx_word' id='word_1_930' title='bbox 1428 2766 1635 2795; x_wconf 85' lang='lat' dir='ltr'><strong>Colossenees:</strong></span> <span class='ocrx_word' id='word_1_931' title='bbox 1665 2763 1757 2795; x_wconf 82' lang='lat' dir='ltr'><strong>Videte</strong></span> <span class='ocrx_word' id='word_1_932' title='bbox 1779 2770 1814 2791; x_wconf 79' lang='lat' dir='ltr'><strong>ne</strong></span> 
     </span>
    </p>
   </div>
  </div>
