3970 6058
339 211 442 264 159

1400 223 1483 274 Ἰ).
1525 225 1768 278 ινοιιιιε
1804 221 2308 277 CARNOTENSIS
2345 226 2663 281 ΕΡΙΒΟΟΡΙ

3640 237 3749 291 160

333 334 456 405 quis
473 349 561 389 vos
588 333 824 405 decipiat
849 352 949 407 per
974 339 1399 412 philosophiam,
1450 347 1501 398 et
1549 344 1775 402 inanem
1810 346 1973 415 falla-
1998 344 2055 411 Α
2084 343 2338 411 nationis
2369 363 2757 422 quoscunque
2801 350 3187 423 Christianos,
3219 372 3337 413 uno
3369 374 3467 415 ore
3499 360 3652 417 hanc
3684 379 3749 419 se

330 423 501 491 ciam,
524 424 827 480 secundum
849 426 1203 484 traditionem
1229 431 1538 497 hominum,
1564 434 1860 490 secundum
1878 436 1980 490 ele-

333 514 519 567 menta
541 514 745 569 mundi
768 514 977 584 (Calas.
1002 517 1087 583 ιι).
1118 520 1185 572 Et
1202 520 1389 576 beatus
1424 523 1718 593 Gregorius
1747 526 1977 580 homilia

334 600 394 654 in
423 603 626 657 octavis
647 604 878 661 Pascha.”
902 605 1019 675 (lib.
1056 608 1444 680 Quadraginta
1475 611 1837 668 homiliarum
1876 614 1976 669 h0-

332 689 502 745 mitia
523 692 636 763 26).
671 693 1011 763 Sciendum,
1042 695 1260 767 inquit,
1291 700 1465 756 nobis
1494 707 1601 768 est,
1636 704 1790 773 quod
1822 703 1973 758 divi-

333 796 408 834 na
439 781 718 853 operatio,
752 784 801 839 si
821 784 1046 841 ratione
1067 788 1738 861 comprehenditur,non
1762 797 1851 848 est
1871 793 1973 847 ad-

330 868 754 936 mirabilis,nec
773 873 916 929 tides
928 873 1106 929 habet
1128 878 1424 947 meritum,
1441 880 1533 934 cui
1552 881 1813 936 humana
1826 881 1972 937 ratio

322 958 545 1028 praebet
571 960 1054 1033 experimentum.
1082 965 1435 1023 Faciendum
1449 976 1538 1024 est
1561 970 1715 1041 quod
1733 970 1971 1043 legisla-

324 1049 418 1101 tor
438 1048 529 1120 agi
552 1054 819 1120 oportere
837 1053 1116 1125 ostendit,
1139 1056 1341 1114 dicens
1365 1074 1377 1113 :
1418 1063 1499 1116 Ne
1538 1060 1971 1129 transgrediens

328 1140 594 1193 terminos
617 1139 910 1211 antiquos;
945 1159 1077 1214 quos
1118 1150 1425 1216 posuerunt
1458 1158 1649 1220 patres
1672 1151 1758 1204 tui
1784 1150 1969 1221 (Prov.

328 1226 578 1296 xxn).fEt
609 1229 797 1285 beatus
824 1233 1163 1302 Augustinus
1184 1236 1243 1291 in
1263 1239 1446 1307 primo
1467 1238 1604 1295 libro
1621 1241 1696 1296 De
1714 1254 1972 1296 sermone

332 1321 558 1378 Domini
583 1326 642 1379 in
668 1336 870 1383 monte.
903 1330 1065 1393 Quod
1088 1348 1224 1387 vero
1249 1339 1350 1388 aut
1370 1334 1686 1392 obscurum
1729 1341 1832 1393 aut
1864 1337 1970 1392 ab-

328 1412 580 1468 surdum
604 1413 727 1470 illic
757 1422 951 1484 sonat,
975 1436 1090 1475 non
1124 1421 1261 1477 inde
1286 1425 1534 1480 concitet
1554 1426 1971 1482 contradictio-

329 1516 472 1555 num
497 1503 837 1574 certamina,
868 1508 967 1562 sed
997 1513 1122 1563 oret
1142 1515 1205 1564 ut
1235 1510 1546 1584 intelligat.
1578 1514 1643 1568 Et
1672 1516 1728 1569 in
1764 1514 1908 1571 libro
1930 1531 1971 1569 ιι

329 1586 395 1644 de
425 1590 699 1649 Trinitate
722 1594 865 1667 (cap.
899 1596 1006 1668 10).
1042 1597 1182 1653 Mihi
1215 1605 1434 1671 autem,
1466 1602 1567 1666 ait.
1600 1603 1743 1659 utile
1771 1608 1881 1671 est,
1909 1608 1972 1659 ut

2084 432 2261 489 ﬁdem
2284 435 2502 493 habere
2526 442 2841 496 testantur.
2876 446 3055 498 Porro
3076 444 3127 500 si
3163 446 3514 505 universalis
3545 451 3745 509 Eccle-

2085 523 2181 579 sia
2214 524 2359 581 ﬁdes
2391 525 2538 583 falsa
2568 528 2814 595 exstitit,
2847 536 2950 586 aut
2980 550 3285 606 nunquam
3320 537 3430 593 fuit
3456 541 3746 599 catholica

2084 610 3115 693 Ecclesia,autperiit.Nihilnamque
3131 624 3430 682 efﬁcacius
3444 628 3514 683 ad
3538 628 3742 686 interi-

2083 704 2210 757 tum
2240 701 2597 771 animarum,
2633 721 2811 777 quam
2837 709 3203 779 perniciosus
3231 730 3412 773 error.
3444 717 3504 773 8i
3537 723 3736 776 autem

2083 806 2199 845 non
2217 791 2425 847 fuisset
2450 798 2551 848 aut
2572 796 2844 865 periisset
2870 799 3195 858 catholicus
3218 820 3390 860 nemo
3420 823 3737 865 consense-

2081 877 2184 933 rit:
2209 879 2470 951 alioquin
2497 899 2611 937 non
2630 890 2719 939 est
2740 888 2895 957 quod
2919 889 3165 946 Abrahe
3184 895 3455 963 promisit
3473 897 3703 954 Veritas
3726 902 3740 951 ξ

2080 966 2141 1021 In
2160 970 2374 1024 semine
2395 974 2488 1025 tuo
2513 972 2907 1031 benedicentur
2945 992 3130 1036 omnes
3149 984 3336 1051 gentes
3382 983 3536 1055 (Gen.
3575 988 3741 1058 nn),

2080 1056 2225 1113 Item
2250 1074 2270 1113 :
2302 1062 2456 1115 Posts
2473 1061 2528 1115 la
2548 1077 2582 1116 a
2603 1078 2711 1133 me,
2744 1073 2794 1119 et
2821 1065 2957 1122 dabo
2996 1069 3100 1124 tibi
3138 1075 3323 1139 gentes
3366 1056 3742 1132 hereditatem

2078 1150 2261 1202 tuam:
2293 1151 2342 1202 et
2372 1152 2767 1218 possessionem
2791 1158 2945 1209 tuam
2973 1158 3237 1216 terminos
3262 1162 3611 1234 terrae(Psal.
3646 1164 3735 1235 ιι).

2078 1235 2259 1290 Item:
2288 1237 2735 1295 Reminiscentur
2779 1248 2832 1298 et
2885 1252 3271 1304 convertentur
3313 1249 3387 1305 ad
3426 1252 3732 1308 Dominum

2083 1325 2331 1379 universi
2359 1326 2497 1396 ﬁnes
2528 1331 2691 1384 terrm
2723 1330 2895 1399 (Psal.
2931 1334 3070 1405 xxx).
3104 1336 3174 1391 Et
3193 1336 3333 1393 alibi
3361 1356 3374 1395 :
3406 1340 3549 1407 Quas
3581 1341 3737 1398 rede-

2080 1414 2185 1467 mit
2204 1414 2273 1468 de
2294 1431 2468 1470 manu
2492 1418 2729 1490 inimici,
2750 1421 2881 1476 etde
2895 1425 3212 1494 regionibus
3231 1432 3585 1497 congregavit
3620 1446 3737 1497 eos,

2079 1522 2113 1561 a
2141 1507 2272 1561 solis
2302 1511 2425 1562 ortu
2456 1510 2505 1562 et
2535 1524 2749 1577 occasu,
2780 1512 2849 1566 ab
2873 1514 3136 1583 aquilone
3163 1521 3215 1572 et
3234 1519 3578 1589 mari(Psat.
3597 1522 3736 1592 ενι).

2078 1597 2213 1651 Item
2244 1598 2429 1653 beatus
2450 1599 2788 1670 Augustinus
2818 1603 2880 1657 in
2906 1606 3095 1674 prima
3115 1610 3479 1678 expositionis
3497 1611 3737 1682 psalmo-

328 1679 696 1738 meminerim
716 1682 930 1741 virium
955 1689 1576 1764 mearum,fratresque
1599 1710 1759 1750 meos
1776 1693 1971 1749 admo-
2005 1723 2053 1789 Β
2084 1703 2211 1742 rum
2240 1692 2398 1759 parte
2419 1705 2432 1744 ε
2468 1690 2728 1747 Ecclesia
2751 1709 2988 1766 magna,
3013 1697 3153 1768 quid
3180 1702 3288 1767 est,
3308 1699 3515 1756 fratres
3537 1700 3736 1756 “luun-

330 1783 527 1837 neam,
556 1775 622 1827 ut
645 1774 1026 1831 meminerint
1041 1793 1308 1849 suarum,
1324 1796 1394 1835 ne
1412 1780 1565 1837 ultra
1585 1798 1761 1854 quam
1781 1787 1976 1839 tutum

328 1865 415 1913 est
439 1858 701 1917 humana
726 1864 1134 1937 progrediatur
1156 1867 1490 1925 inﬁrmitas.
1513 1872 1581 1926 Et
1608 1873 1670 1927 in
1689 1872 1831 1927 libro
1850 1888 1978 1928 con-

326 1954 423 2003 tra
454 1950 797 2008 Felicianum
830 1954 1172 2013 hereticum.
1207 1959 1365 2030 (Aug.
1399 1960 1496 2015 lib.
1531 1966 1611 2016 De
1627 1964 1839 2018 unitate
1862 1965 1980 2019 Tri-

331 2038 534 2093 nitatis
563 2040 635 2095 ad
668 2042 928 2114 Optatum
955 2056 1147 2102 contra
1179 2049 1517 2105 Feticianum
1544 2052 1835 2121 Arianum,
1857 2068 1980 2123 cap.

338 2125 418 2193 2.)
447 2128 886 2201 Scripturarum
920 2136 1265 2193 auctoritate
1313 2143 1644 2211 contentus,
1695 2139 1985 2212 simplici-

335 2215 441 2270 tati
471 2217 671 2289 potius
705 2220 944 2279 obedire
976 2227 1205 2295 studeo,
1237 2244 1410 2297 quam
1442 2232 1682 2285 tumori.
1713 2232 1778 2285 Et
1814 2230 1981 2301 paulo

333 2314 480 2376 post.
548 2308 731 2371 Quam
800 2312 1086 2369 rationem
1140 2316 1344 2372 afferre
1396 2323 1590 2389 potes,
1640 2318 1692 2374 si
1746 2324 1981 2391 partum

338 2395 628 2466 praedicas
654 2397 939 2470 virginis?
960 2402 1008 2458 si
1038 2404 1295 2460 redditos
1318 2406 1518 2462 oculos
1545 2424 1657 2463 non
1682 2424 1862 2481 negas
1882 2426 1985 2464 caa-

338 2483 464 2538 cis?
485 2485 533 2541 si
557 2487 820 2559 sepultos
842 2493 1120 2548 ostendas
1143 2495 1385 2551 rediisse
1405 2513 1437 2552 a
1460 2497 1747 2554 mortuis?
1766 2498 1821 2553 Si
1844 2515 1982 2570 ergo

334 2570 546 2628 horum
577 2577 635 2629 et
671 2574 1290 2649 incomprehensibilis
1321 2587 1409 2639 est
1451 2584 1619 2651 ratio,
1668 2589 1723 2640 et
1769 2586 1983 2642 veritas

329 2671 622 2735 prompta,
645 2664 877 2722 facilius
903 2667 961 2722 in
986 2669 1232 2739 negotiis
1260 2672 1395 2728 ﬁdei
1416 2673 1770 2731 testimoniis
1792 2675 1982 2730 credi-

330 2753 451 2820 tur,
484 2768 663 2823 quam
688 2756 913 2812 ratione
943 2760 1283 2831 vestigatur.
1306 2760 1409 2817 His
1426 2763 1769 2833 praemissis,
1792 2764 1983 2820 videa-

335 2855 472 2895 mus
502 2858 659 2897 nunc
687 2844 824 2912 quid
859 2849 1246 2920 consequitur
1274 2866 1527 2907 errorem
1566 2851 1827 2920 illorum,
1878 2854 1980 2925 qui

333 2928 583 2984 credunt
606 2946 816 3001 panem
839 2939 895 2989 et
914 2935 1108 2992 vinum
1133 2937 1450 2995 Dominicae
1475 2957 1689 2996 mensae
1712 2942 1865 2998 inter
1895 2960 1983 2999 sa-

333 3018 644 3086 crandum,
676 3027 962 3092 quantum
984 3025 1055 3080 ad
1082 3027 1470 3084 substantiam
1497 3030 1825 3088 immobilia
1845 3049 1975 3104 per-

2090 1777 2233 1848 quid
2265 1779 2470 1850 exigua
2503 1796 2640 1851 pars
2671 1782 2832 1837 orbis
2863 1786 3194 1841 terrarum?
3225 1788 3484 1846 Ecclesia
3518 1806 3738 1862 magna

2089 1871 2247 1921 totus
2280 1867 2439 1925 orbis
2468 1873 2577 1923 est.
2607 1871 2744 1927 Item
2774 1873 2834 1926 in
2863 1873 3054 1929 eadem
3104 1878 3280 1945 (Psal.
3338 1878 3567 1951 xxxnx):
3615 1880 3733 1934 An-

2088 1955 2351 2010 nuntiavi
2377 1957 2675 2027 justitiam
2706 1966 2868 2016 tuam
2899 1963 2958 2018 in
2989 1964 3247 2021 Ecclesia
3277 1983 3512 2039 magna.
3545 1970 3733 2034 Quam

2090 2044 2344 2116 magna?
2376 2048 2520 2103 Toto
2537 2049 2676 2105 orbe
2697 2053 3009 2108 terrarum.
3040 2056 3224 2120 Quam
3249 2058 3500 2128 magna?
3522 2060 3585 2113 In
3604 2075 3735 2114 om-

2090 2133 2266 2190 nibus
2296 2137 2593 2207 gentibus.
2624 2141 2737 2193 Cur
2767 2140 2825 2195 in
2858 2142 3133 2199 omnibus
3162 2145 3484 2217 gentibus?
3516 2147 3657 2215 Quia
3674 2149 3740 2203 in

2090 2238 2304 2279 omnem
2334 2232 2551 2281 terram
2570 2230 2745 2283 exivit
2762 2245 2931 2286 sonus
2963 2248 3156 2288 eorum
3176 2234 3347 2304 (Psal.
3390 2239 3572 2305 xvm).
3604 2239 3741 2293 Item

2092 2314 2152 2366 in
2178 2315 2350 2369 tertia
2377 2314 2620 2385 ejusdem
2654 2319 2837 2389 operis
2865 2329 3040 2391 parte.
3092 2322 3319 2394 Corpus
3345 2324 3561 2381 Christi
3596 2342 3740 2381 con-

2094 2405 2211 2456 stat
2241 2418 2307 2457 ex
2336 2403 2540 2461 multis
2571 2408 2945 2465 credentibus
2975 2409 3034 2465 in
3065 2415 3187 2467 toto
3235 2413 3374 2469 orbe
3420 2418 3740 2471 terrarum.

2091 2495 2230 2547 Item
2264 2493 2320 2546 in
2344 2501 2550 2550 eodem.
2582 2496 3052 2556 'I‘abernaculum
3090 2501 3323 2557 Domini
3352 2506 3442 2558 est
3470 2503 3602 2575 ipsa
3632 2503 3745 2558 Ec-

2090 2580 2269 2637 clesia
2297 2581 2354 2636 in
2378 2585 2498 2639 toto
2529 2585 2670 2641 orbe
2698 2590 2987 2644 terrarum
3020 2589 3252 2647 diﬂusa.
3286 2591 3352 2645 Et
3381 2591 3557 2647 alibi:
3607 2595 3744 2648 Cor-

2091 2686 2204 2742 pus
2223 2671 2437 2728 Christi
2452 2673 2579 2743 jam
2602 2677 2761 2731 totus
2784 2678 3043 2735 mundus
3063 2680 3403 2752 est.Corpus
3424 2680 3641 2737 Christi
3664 2681 3738 2738 ah

2091 2759 2314 2817 oriente
2362 2761 2422 2816 in
2467 2764 2827 2821 occidentem
2876 2774 3179 2825 consonat.
3238 2771 3373 2826 Item
3403 2772 3461 2827 in
3496 2771 3636 2827 libro
3663 2772 3741 2827 De

2090 2865 2267 2919 agone
2298 2850 2614 2906 Christiano
2644 2854 2780 2925 (cap.
2808 2855 2921 2926 29).
2953 2855 3071 2911 Nec
3116 2874 3214 2913 eos
3268 2859 3579 2915 audiamus
3632 2860 3737 2931 qui

2090 2943 2356 2994 sanctam
2387 2939 2727 3010 Ecclesiam,
2758 2959 2885 3013 quae
2916 2962 3032 3000 una
3063 2946 3346 3002 catholica
3376 2952 3484 3018 est,
3518 2952 3739 3020 negant

2091 3043 2194 3098 per
2222 3028 2420 3083 orbem
2452 3033 2740 3085 terrarum
2772 3047 2902 3088 esse
2933 3034 3228 3091 diffusam.
3261 3040 3331 3091 Et
3359 3036 3645 3093 Dominus
3673 3038 3737 3093 in

333 3121 590 3163 manere.
626 3108 790 3173 Quod
823 3112 873 3167 si
901 3113 980 3167 ita
1010 3118 1118 3181 est,
1169 3122 1576 3186 praestantiora
1603 3124 1661 3175 et
1689 3094 1976 3178 diviniora
2005 3094 2049 3161 C
2087 3094 2396 3189 Evangelia
2426 3135 2438 3173 :
2470 3120 2613 3189 Ager
2651 3129 2727 3175 est
2774 3120 2865 3177 hic
2918 3124 3163 3179 mundus
3216 3126 3418 3196 (Matth
3471 3128 3613 3199 xm).
3668 3127 3738 3183 Et

324 3194 565 3252 fuerunt
590 3205 960 3257 sacramenta
986 3204 1345 3277 Judaeorum,
1369 3209 1755 3265 sacramentis
1775 3210 1972 3267 Chris-

327 3283 647 3343 tianorum.
682 3290 822 3354 Quis
854 3290 1011 3346 enim
1042 3294 1266 3349 nesciat
1294 3312 1512 3353 manna
1540 3298 1693 3369 quod
1728 3300 1800 3355 de
1830 3300 1972 3356 caelo

330 3373 568 3445 pluebat
595 3376 906 3450 Dominus,
926 3396 1029 3436 seu
1053 3382 1345 3441 animatas
1366 3387 1793 3461 sensibilesque
1814 3406 1973 3445 crea-

330 3463 517 3528 turas,
550 3479 698 3534 quas
738 3465 992 3538 populus
1038 3467 1136 3525 ille
1183 3487 1525 3530 consecrare
1573 3481 1972 3548 consueverat,

329 3574 509 3629 parva
533 3560 796 3620 huccella
820 3567 1012 3637 panis,
1030 3570 1376 3643 modicoque
1396 3572 1513 3629 vini
1539 3576 1973 3646 praestantiores

326 3650 621 3708 exstitisse
637 3653 665 3708 ?
686 3654 911 3712 Rursus
933 3658 1070 3730 quis
1083 3676 1197 3716 non
1210 3661 1499 3735 intelligat
1525 3666 1779 3722 divinius
1794 3667 1974 3724 fuisse

328 3739 528 3795 futura
544 3746 1139 3819 praenuntiare,quam
1156 3768 1392 3808 narrare
1410 3756 1731 3825 praeterita?
1742 3774 1877 3812 cum
1899 3756 1973 3811 il-

327 3824 429 3881 lud
444 3844 560 3883 non
581 3832 892 3901 possitnisi
905 3835 1126 3906 Spiritu
1142 3837 1239 3893 Dei
1257 3824 1487 3910 plenus,
1512 3841 1619 3896 hoc
1647 3847 1844 3898 autem
1884 3843 1972 3897 fa-

330 3914 445 3971 ciat
472 3917 650 3974 etiam
673 3919 875 3993 idiota,
908 3923 996 3980 vel
1021 3925 1268 3996 quilibet
1313 3927 1647 3999 imperitus.
1678 3932 1787 3987 Sed
1821 3932 1975 3988 absit

333 4003 443 4061 hoc
475 4024 509 4063 a
537 4007 800 4065 ﬁdelium
849 4014 1024 4069 corde
1069 4018 1126 4069 et
1167 4014 1500 4072 Christiana
1545 4016 1971 4091 intelligentia!

326 4104 545 4163 Christi
568 4124 823 4181 namque
846 4111 1016 4169 miles
1038 4113 1512 4182 Ambrosiuailla
1535 4115 1832 4189 interiora,
1858 4119 1976 4177 haec

331 4194 646 4265 potiora,et
665 4198 936 4271 digniora
950 4218 1081 4259 esse
1104 4202 1163 4258 in
1185 4202 1334 4261 libro
1354 4210 1437 4262 De
1459 4207 1756 4278 mysteriis
1768 4209 1976 4264 confir-

330 4286 475 4351 mat,
499 4284 698 4342 dicens
721 4289 860 4361 (cap.
881 4291 937 4359 8)
963 4308 976 4348 :
999 4296 1243 4350 Summo
1264 4295 1461 4356 studio
1479 4297 1860 4369 comprobare
1872 4315 1976 4355 vo-

328 4369 550 4440 lumus,
583 4376 724 4445 quia
753 4378 1089 4451 antiquiora
1118 4388 1259 4439 sunt
1289 4393 1661 4443 sacramenta
1706 4387 1973 4444 Ecclesia:

2085 3206 2259 3279 paulo
2289 3213 2421 3279 post
2448 3226 2460 3267 :
2491 3210 2692 3265 Simile
2719 3219 2798 3266 est
2824 3206 3057 3282 regnum
3076 3213 3340 3272 ca'lorum
3357 3232 3579 3288 sagena‘:
3599 3218 3738 3272 mis-

2081 3311 2160 3353 εκ
2189 3298 2250 3352 in
2279 3313 2450 3366 mare,
2482 3302 2533 3354 et
2560 3315 2633 3354 ea:
2661 3303 2816 3356 omni
2846 3319 3048 3372 genere
3073 3306 3310 3375 piscium
3357 3308 3737 3377 congreganti.

2084 3385 2287 3458 (ibid).
2317 3388 2613 3445 Adversus
2637 3394 2757 3446 tam
2782 3392 3061 3461 praeclara
3081 3394 3336 3465 Spiritus
3355 3396 3543 3451 sancti
3570 3394 3738 3452 testi-

2083 3474 2301 3545 monia,
2326 3476 2727 3546 objiciuntisti
2745 3481 2891 3537 tales
2921 3497 2934 3535 :
2962 3482 3347 3540 Praedicatum
3372 3488 3461 3540 est
3483 3488 3737 3556 Evange-

2084 3563 2227 3619 lium
2263 3563 2319 3620 in
2353 3566 2626 3624 omnibus
2658 3570 2960 3640 gentibus,
2992 3572 3242 3627 credidit
3272 3574 3555 3642 mundus,
3576 3574 3736 3630 facta

2082 3658 2174 3708 est
2194 3654 2469 3721 Ecclesia,
2489 3657 2688 3725 crevit,
2714 3658 3105 3728 fructificavit,
3131 3661 3230 3716 sed
3262 3661 3553 3733 imperitia
3578 3663 3734 3721 male

2083 3742 2532 3813 intelligentium
2568 3748 2801 3817 peribit.
2836 3749 2994 3805 Hanc
3022 3750 3367 3823 sacrilegam
3407 3753 3728 3809 vanitatem

2083 3832 2288 3888 evertit
2316 3835 2665 3905 Evangelica
2695 3838 2931 3905 veritas,
2957 3842 3013 3893 et
3030 3841 3450 3912 prophetarum
3479 3859 3593 3898 non
3614 3844 3735 3899 vio-

2084 3919 2261 3976 landa
2291 3924 2627 3979 auctoritas.
2648 3924 2962 3982 Pollicetur
2983 3928 3140 3984 enim
3163 3930 3446 3987 Dominus
3461 3932 3735 3989 Ecclesia)

2085 4026 2207 4066 suae
2229 4011 2459 4068 dicens:
2502 4014 2634 4068 Ecce
2653 4031 2747 4085 ego
2781 4016 3056 4072 vobiscum
3085 4028 3213 4075 sunt
3259 4022 3509 4077 omnibus
3537 4023 3736 4079 diebus

2084 4114 2258 4169 usque
2286 4098 2357 4153 ad
2384 4104 2901 4160 consummationem
2932 4107 3127 4162 saeculi
3155 4107 3596 4179 (Matth.xxvm).
3620 4112 3734 4166 Au-

2085 4189 2342 4256 gustinus
2370 4190 2430 4243 in
2458 4191 2705 4249 secunda
2730 4196 2888 4264 parte
2908 4197 3265 4266 expositionis
3291 4199 3629 4269 psalmorum
3651 4201 3737 4271 (in

2077 4277 2232 4348 psal.
2255 4279 2423 4349 LXIV).
2447 4278 2576 4351 Spes
2604 4296 2855 4338 omnium
2884 4285 3087 4354 ﬁnium
3139 4294 3324 4343 terrae.
3377 4288 3502 4344 Non
3554 4288 3736 4346 unius

2085 4364 2308 4436 anguli,
2342 4382 2460 4423 non
2492 4368 2824 4439 Pannonias,
2854 4378 2957 4428 aut
2984 4375 3217 4443 Iudaee,
3238 4381 3339 4432 aut
3361 4377 3587 4444 Africae,
3614 4394 3731 4434 non

330 4475 507 4528 quam
533 4466 850 4539 synagoga
882 4473 939 4524 et
968 4473 1373 4541 praestantiora
1405 4492 1584 4547 quam
1616 4493 1852 4532 manna.
1901 4479 1976 4533 Et
2003 4466 2050 4533 υ
2080 4453 2322 4547 orientis
2356 4460 2458 4547 aut
2488 4458 2830 4531 occidentis,
2865 4463 2967 4517 sed
3000 4464 3263 4521 omnium
3300 4466 3507 4522 ﬁnium
3538 4470 3730 4526 terrae.

328 4550 533 4639 iterum
562 4554 620 4607 in
652 4564 844 4626 quarto
863 4562 941 4614 De
962 4565 1322 4619 sacramentis
1347 4563 1487 4637 (cap.
1508 4567 1585 4638 3).
1607 4567 1821 4639 Accipe
1844 4584 1972 4639 quae

329 4638 482 4706 dico,
534 4641 822 4701 diviniora
878 4664 1007 4704 esse
1065 4660 1436 4709 sacramenta
1482 4638 1971 4722 Christianorum,

328 4744 506 4799 quam
524 4731 1034 4808 JudaeorumErgo
1057 4739 1205 4796 falsa
1224 4747 1365 4797 sunt
1380 4758 1506 4812 quis
1530 4743 1973 4814 proponis.Am-

330 4816 485 4888 plius
507 4824 701 4877 autem
727 4824 775 4879 si
798 4841 1001 4881 verum
1025 4833 1115 4884 est
1132 4830 1286 4901 quod
1310 4830 1489 4888 istide
1510 4848 1748 4904 corpore
1772 4837 1828 4889 et
1844 4851 1975 4889 sau-

329 4905 507 4977 guine
537 4909 769 4966 Domini
804 4915 1052 4971 credunt
1074 4921 1132 4973 et
1161 4922 1459 4988 astruunt,
1481 4920 1695 4977 falsum
1714 4924 1969 4993 estquod

325 4995 397 5050 ab
421 4995 674 5055 Ecclesia
696 5001 913 5073 ubique
934 5005 1195 5076 gentium
1219 5008 1291 5063 de
1312 5008 1515 5064 eadem
1537 5026 1597 5066 re
1628 5011 1885 5067 creditur
1914 5016 1971 5068 et

327 5095 634 5151 astruitur.
666 5098 883 5156 Omnes
914 5103 1073 5157 enim
1105 5104 1206 5175 qui
1237 5104 1601 5164 Christianos
1632 5125 1693 5164 se
1732 5125 1861 5165 esse
1913 5114 1971 5166 et

325 5182 440 5238 dici
463 5182 759 5257 laetantur,
781 5205 976 5245 veram
999 5191 1212 5248 Christi
1236 5210 1819 5268 carnem,verumque
1841 5200 1969 5268 ejus

329 5274 683 5347 sanguinem
698 5281 825 5333 utre
836 5295 947 5350 que
970 5286 1208 5353 sumpta
1229 5283 1300 5338 de
1315 5283 1629 5355 virgine,in
1654 5285 1764 5342 hoc
1782 5303 1967 5342 sacra-

328 5369 526 5421 mento
537 5366 832 5440 percipere
845 5367 1139 5426 laetantur.
1164 5375 1466 5444 Interroga
1477 5389 1682 5429 omnes
1695 5375 1797 5444 qui
1812 5376 1966 5431 Lati-

329 5466 414 5506 nas
436 5453 650 5528 lingua
684 5466 1091 5517 nostrarumve
1121 5459 1451 5518 litterarum
1474 5460 1741 5517 notitiam
1767 5479 1964 5534 perce-

322 5549 878 5624 peruntJnterroga
892 5550 1121 5608 Griecos
1142 5556 1198 5608 et
1218 5556 1631 5621 Armenos,seu
1652 5553 1966 5625 cujuslibet

2081 4544 2215 4598 Item
2245 4544 2303 4599 in
2337 4544 2521 4601 eadem
2555 4547 2638 4618 (in
2674 4550 2817 4617 psal.
2851 4553 3023 4623 LXXI).
3056 4554 3189 4609 Haec
3221 4554 3527 4626 prephetia
3558 4571 3733 4626 prop-

2081 4634 2170 4687 ter
2188 4647 2288 4687 eos
2311 4634 2603 4705 promissa
2623 4642 2733 4708 est,
2765 4640 2866 4710 qui
2891 4646 3094 4712 putant
3116 4642 3457 4713 religionem
3474 4644 3730 4702 nominis

2082 4720 2376 4777 Chrstiani
2410 4741 2597 4796 usque
2628 4727 2695 4782 ad
2734 4733 2957 4784 certum
2990 4734 3222 4802 tempus
3260 4731 3319 4785 in
3353 4731 3463 4787 hoc
3503 4735 3729 4789 mundo

2080 4810 2458 4881 victuram,et
2479 4822 2682 4886 postea
2700 4834 2813 4872 non
2832 4818 3111 4875 futuram.
3139 4819 3511 4877 Permanebit
3529 4827 3727 4880 autem

2082 4916 2216 4956 cum
2250 4901 2393 4967 sole,
2426 4902 2484 4957 id
2517 4911 2607 4960 est
2637 4906 2899 4976 quandiu
2921 4907 3005 4963 sol
3037 4908 3224 4965 oritur
3252 4913 3310 4964 et
3340 4911 3572 4966 occidit.
3596 4912 3731 4967 Fal-

2081 5004 2215 5044 sum
2238 4989 2534 5062 estigitur
2557 4993 2712 5063 quod
2736 4993 2807 5048 ab
2830 4993 2961 5049 istis
2998 4996 3069 5051 de
3103 5012 3345 5068 corpore
3365 4996 3582 5053 Christi
3613 5015 3736 5054 cre-

2080 5077 2241 5132 ditur
2268 5083 2327 5133 et
2358 5078 2666 5135 astruitur.
2700 5080 2850 5152 Ergo
2894 5098 3030 5138 vera
3060 5101 3192 5141 caro
3240 5086 3368 5157 ejus
3418 5091 3509 5143 est
3551 5104 3732 5159 quam

2078 5166 2423 5238 accipimus,
2458 5172 2515 5224 et
2541 5184 2710 5225 verus
2743 5172 2986 5243 sanguis
3017 5189 3191 5244 quem
3219 5179 3514 5247 potamus.

2073 5300 2216 5390 αφ.
2260 5301 2345 5355 10.
2380 5331 2449 5343 -
2493 5302 2771 5390 ἕρψεωςιό
2808 5306 3146 5390 Perengarii
3183 5310 3469 5390 quomoda
3496 5327 3731 5390 consen-

2143 5375 2487 5455 tiat_sancta_e
2506 5379 2769 5455 Itomanae
2799 5375 3051 5455 Ecclesia
3081 5380 3148 5435 de
3178 5375 3400 5454 corpore
3420 5385 3472 5438 et
3501 5386 3731 5455 sangui-

2142 5458 2213 5497 ne
2242 5443 2484 5501 Domini.
2516 5447 2902 5519 Berengarius.

2145 5559 2244 5629 (De
2270 5575 2441 5632 cons.,
2473 5562 2604 5619 dist.
2633 5567 2686 5635 2,
2718 5583 2766 5621 c.
2828 5568 2935 5638 Ego
2983 5569 3399 5642 Berengarius.)
3448 5569 3561 5643 Ego
3612 5575 3722 5628 Be-
