3982 6060
236 271 335 324 161

986 274 1295 326 DECRETI
1333 275 1517 328 PARS
1553 276 1623 326 ΙΙ.
1666 297 1734 308 --
1772 271 1866 324 DE
1905 268 2112 321 CORP.
2154 270 2246 323 ET
2282 274 2494 326 SANG.
2538 275 2690 329 DOM
2722 316 2736 342 ,
2779 278 2931 329 ETC.

3543 287 3648 341 162

227 393 538 468 rengarius
569 392 852 466 indignus
881 394 1149 452 Ecclesiae
1174 396 1372 453 Sancti
1397 395 1660 452 Mauricii
1686 393 1876 448 Aude-
1907 392 1963 459 Α
1990 390 2265 465 ligant,et
2293 411 2360 450 ex
2394 395 2504 452 ﬁde
2531 414 2642 453 non
2666 403 3190 460 venerantur.Nam
3215 406 3366 463 sicut
3393 411 3644 482 spiritus

227 486 503 560 gavensis
535 485 841 555 diaconus,
875 501 1236 559 cognoscens
1266 505 1488 555 veram,
1531 484 1883 542 catholicam

229 584 289 634 et
319 575 702 650 apostolicam
737 579 936 643 ﬁdem,
969 578 1400 632 anathematizo
1435 592 1667 632 omnem
1701 575 1882 628 hare-

232 669 664 741 sim,pra:cipue
683 687 812 727 eam
843 670 914 724 de
943 685 1060 739 qua
1084 667 1370 723 hactenus
1404 667 1726 721 infamatus
1749 679 1880 718 sum

232 777 365 830 qua
397 764 658 817 astruere
685 764 952 826 conatur,
985 775 1197 830 panem
1231 764 1287 812 et
1317 757 1515 812 vinum
1549 773 1674 826 quis
1707 755 1764 808 in
1798 753 1883 808 al-

231 850 344 904 tari
380 857 681 922 ponuntur
713 894 725 919 ,
760 853 893 922 post
923 847 1423 903 consecrationem
1457 845 1764 901 solumodo
1797 859 1882 897 sa-

233 944 630 1007 cramentum,
664 944 720 995 et
751 957 864 994 non
913 953 1116 994 verum
1167 953 1377 1007 corpus
1425 941 1481 990 et
1534 933 1879 1005 sanguinem

230 1028 465 1083 Domini
501 1029 687 1084 nostri
719 1030 860 1084 Jesu
893 1027 1107 1082 Christi
1142 1041 1404 1094 esse,nec
1437 1041 1603 1094 posse
1635 1039 1884 1077 sensua-

227 1118 385 1181 liter.
425 1118 533 1173 nisi
567 1119 627 1174 in
661 1118 782 1174 solo
815 1121 1180 1173 sacramento
1206 1115 1480 1170 manibus
1512 1115 1884 1168 sacerdotum

227 1208 490 1273 tractari,
526 1208 618 1264 vel
651 1208 861 1279 frangi,
913 1212 1016 1262 aut
1069 1205 1332 1261 ﬁdelium
1385 1203 1659 1258 dentibus
1691 1201 1882 1256 atteri.

223 1297 544 1353 Consentio
568 1303 763 1354 autem
783 1301 996 1352 sanctae
1028 1299 1302 1350 Romanas
1325 1299 1380 1348 et
1411 1291 1740 1364 apostolica
1757 1289 1882 1345 sedi

224 1392 285 1442 et
315 1404 416 1442 ore
450 1391 505 1441 et
525 1388 697 1442 corde
722 1386 1035 1459 proﬁteor;
1069 1385 1140 1439 de
1159 1381 1544 1439 sacramentis
1570 1379 1881 1436 Dominicaa

227 1493 448 1532 mensae
479 1493 608 1531 eam
642 1477 817 1531 ﬁdem
845 1479 1061 1543 tenere,
1097 1490 1272 1545 quam
1305 1472 1590 1528 Dominus
1623 1475 1679 1525 et
1708 1486 1882 1524 vene-

225 1565 435 1620 rabilis
465 1582 617 1637 papa
647 1564 948 1634 Nicolaus,
981 1568 1037 1618 et
1067 1563 1188 1618 haec
1220 1566 1426 1618 sancta
1455 1561 1716 1633 synodus
1745 1575 1883 1613 auc-

226 1656 468 1711 toritate
497 1653 830 1726 evangelica
862 1658 918 1708 et
957 1651 1299 1724 apostolica,
1350 1651 1661 1706 tenendam
1695 1648 1882 1704 tradi-

225 1745 337 1813 dit,
370 1745 631 1816 mihique
661 1741 1172 1811 ﬁrmavit,scilicet
1204 1756 1414 1812 panem
1447 1743 1505 1795 et
1534 1739 1730 1793 vinum
1754 1755 1880 1809 quae

229 1834 292 1889 in
327 1833 494 1889 altari
523 1837 845 1904 ponuntur,
862 1836 996 1903 post
1016 1830 1517 1886 consecrationem
1541 1845 1654 1884 non
1687 1828 1879 1883 solum

228 1927 693 1990 sacramentum,
727 1922 828 1976 sed
863 1921 1041 1976 etiam
1073 1936 1274 1975 verum
1309 1935 1522 1991 corpus
1555 1923 1610 1974 et
1641 1917 1882 1988 sangui-

228 2029 366 2069 nem
398 2012 631 2068 Domini
665 2012 851 2067 nostri
879 2010 1020 2066 Jesu
1053 2009 1270 2066 Christi
1319 2024 1471 2076 ese,
1506 2013 1561 2062 et
1593 2006 1880 2062 sensuali-

222 2106 318 2158 ter
348 2119 462 2157 non
497 2101 689 2158 solum
723 2099 1220 2166 sacramento,sed
1257 2098 1316 2153 in
1337 2097 1576 2153 veritate
1609 2095 1881 2151 manibus

220 2192 600 2248 sacerdotum
633 2190 894 2257 tractari,
927 2188 1138 2261 frangi,
1190 2192 1248 2244 et
1300 2187 1560 2242 ﬁdelium
1611 2184 1878 2241 dentibus

220 2282 420 2351 atteri,
447 2283 661 2352 jurans
693 2297 795 2352 per
825 2283 1090 2335 sanctam
1113 2281 1170 2334 et
1197 2277 1502 2333 omousion
1535 2275 1878 2331 Trinitatem

221 2376 280 2426 et
312 2386 419 2444 per
451 2371 571 2425 δεεο
603 2374 976 2425 sacrosancta
1005 2368 1223 2423 Christi
1255 2365 1588 2438 Evangelia.
1617 2367 1724 2420 Eos
1743 2382 1878 2420 vero

221 2461 327 2533 qui
357 2464 564 2516 contra
597 2460 749 2514 hanc
781 2460 955 2514 ﬁdem
986 2458 1273 2522 venerint,
1325 2473 1459 2511 cum
1501 2454 1877 2526 dogmatibus

222 2553 279 2604 et
311 2547 701 2604 sectatoribus
723 2547 848 2602 suis
866 2551 1080 2601 aeterno
1115 2545 1490 2601 anathemate
1515 2545 1723 2614 dignos
1749 2560 1878 2599 esse

224 2636 737 2710 pronuntio.Quod
773 2636 823 2692 si
855 2652 961 2707 ego
995 2636 1120 2707 ipse
1151 2635 1466 2707 aliquando
1491 2633 1715 2704 aliquid
1737 2649 1875 2687 con-

223 2731 318 2782 tra
348 2727 458 2781 hoc
491 2726 708 2781 sentire
741 2742 806 2780 ac
838 2726 1152 2797 praedicare
1202 2739 1650 2796 praesumpsero,
1700 2738 1874 2778 cano-

225 2832 373 2871 num
406 2815 700 2871 severitati
731 2816 1272 2885 subjaceam.Lecto
1304 2819 1361 2870 et
1390 2815 1642 2886 perlecto
1665 2817 1872 2883 sponte

223 2904 573 2974 subscripsi.
623 2908 784 2959 Hanc
833 2905 1258 2960 confessionem
1308 2921 1428 2959 suae
1479 2903 1611 2958 ﬁdei
1643 2903 1713 2957 de
1743 2919 1866 2958 cor-

221 3010 366 3066 pore
395 2998 454 3049 et
483 2995 770 3065 sanguine
801 2993 1032 3050 Domini
1065 3011 1096 3049 a
1125 2993 1472 3065 Berengario
1505 2993 1694 3048 Romae
1729 3009 1865 3048 con-

221 3100 351 3139 ram
383 3087 619 3138 centum
649 3083 858 3156 viginti
889 3083 1175 3155 episcOpis
1224 3084 1454 3152 factam,
1505 3083 1666 3138 misit
1716 3099 1867 3153 papa

1993 483 2337 554 hominis,id
2368 491 2457 541 est
2486 489 2828 557 anima,non
2861 491 3252 565 viviﬁcat,nisi
3282 513 3348 552 ea
3375 502 3638 559 membra

1992 588 2118 641 quas
2153 575 2374 629 unitate
2405 577 2664 648 corporis
2686 581 3274 649 continentur,recisa
3302 603 3434 643 vero
3459 607 3638 648 mem-

1992 661 2097 716 bra
2129 679 2242 718 non
2275 665 2524 721 viviﬁcat
2557 693 2570 735 ;
2604 669 2688 724 sic
2706 669 2934 727 nisieos
2959 673 3140 744 quiin
3160 692 3398 748 corpore
3421 679 3638 735 Christi

1992 750 2102 805 hoc
2131 756 2222 806 est
2249 752 2304 806 in
2341 753 2561 810 unitate
2610 758 2942 815 consistunt
2991 763 3279 820 Ecclesiae.
3315 768 3636 825 Sciendum

1992 843 2081 930 est
2111 841 2290 907 enim,
2343 843 2625 916 valdeque
2695 847 3040 917 timendum,
3092 855 3245 924 quod
3297 857 3639 930 quicunque

1992 929 2168 984 fuerit
2198 933 2489 1002 superbus
2524 935 2794 992 minister
2823 953 2957 994 cum
3000 941 3206 998 zabulo
3238 929 3636 1017 computatur,

1993 1020 2090 1074 sed
2126 1037 2235 1074 non
2268 1025 2704 1080 contaminatur
2733 1028 2953 1083 donum
2986 1030 3434 1101 Christi,(Lib.1v
3458 1037 3634 1108 Sent.,

1991 1108 2120 1163 dist.
2153 1110 2243 1180 41,
2273 1113 2299 1178 §
2329 1113 2382 1178 2,
2419 1113 2475 1167 Ῑι.
2506 1135 2524 1180 ;
2557 1116 2691 1185 Aug.
2724 1118 3064 1184 scrm.28,ad
3091 1123 3296 1190 fratres
3328 1125 3386 1178 in
3415 1126 3636 1196 eremo).

1992 1196 2153 1259 Quod
2189 1215 2290 1269 per
2321 1200 2488 1256 illum
2523 1204 2652 1258 ﬁuit
2676 1210 3070 1277 purum,quod
3095 1225 3195 1279 per
3226 1211 3394 1265 illum
3428 1215 3640 1268 transit

1992 1285 2304 1358 liquidum,
2337 1291 2490 1344 venit
2523 1293 2593 1346 ad
2629 1293 2875 1349 fertilem
2909 1299 3482 1369 terram.Spiritualis
3504 1319 3636 1356 vero

1991 1376 2176 1432 virtus
2207 1381 2561 1435 sacramenti
2593 1383 2676 1437 ita
2696 1387 2938 1454 est,quas
2962 1385 3032 1441 ab
3059 1387 3467 1444 illuminandis
3492 1408 3639 1462 pura

1991 1465 2299 1538 excipitur,
2332 1474 2391 1524 et
2419 1470 2469 1524 si
2506 1487 2607 1542 per
2638 1471 2978 1530 immundos
3011 1479 3495 1548 transeat,tamen
3521 1496 3637 1535 non

1991 1552 2358 1626 inquinatur.

1989 1663 2115 1716 CAP.
2153 1663 2246 1744 1.1.Δ
2270 1693 2339 1702 --
2370 1665 2524 1744 Quod
2541 1683 2711 1744 omne
2738 1671 2950 1725 crimen
2991 1672 3277 1740 sacriﬁciis
3309 1673 3414 1729 Deo
3438 1674 3636 1731 oblatis

2061 1739 2339 1818 cfpi'atur.
2390 1739 2472 1818 Ex;
2517 1739 2727 1818 decreto
2788 1744 2928 1797 Julii
2972 1739 3153 1814 papae,
3214 1747 3480 1818 episcopis
3534 1764 3634 1818 per

2063 1811 2357 1878 zEgyptum
2385 1811 2589 1866 missis.

2063 1914 2161 1982 (De
2189 1931 2358 1985 cons.,
2391 1916 2522 1972 dist.
2554 1920 2606 1986 4,
2647 1935 2692 1974 c.
2725 1921 2864 1975 Cum
2911 1938 3073 1978 omne
3117 1925 3347 1979 crimen.
3401 1925 3639 1982 Conciiii

1992 2007 2225 2058 Bracar.
2253 2021 2334 2073 ιιι,
2367 2022 2487 2077 cap.
2525 2008 2599 2078 1.)
2630 2011 2768 2064 Cum
2810 2026 2982 2066 omne
3020 2012 3240 2067 crimen
3292 2018 3469 2086 atque
3500 2032 3633 2086 pec-

1991 2096 2184 2147 catum
2217 2093 2431 2150 oblatis
2461 2095 2574 2152 Deo
2606 2099 2910 2154 sacriﬁciis
2933 2100 3215 2171 deleatur,
3250 2104 3389 2175 quid
3425 2105 3497 2158 de
3528 2121 3636 2159 caa-

1990 2186 2112 2238 tero
2144 2200 2248 2255 pro
2296 2184 2642 2242 delictorum
2693 2189 3024 2260 expiatione
3076 2192 3316 2248 Domino
3372 2192 3633 2260 dabitur,

1990 2273 2225 2343 quando
2253 2274 2310 2329 in
2342 2275 2470 2347 ipsa
2499 2277 2778 2332 sacriﬁcii
2810 2278 3104 2335 oblatione
3151 2286 3378 2338 erratur
3403 2282 3423 2336 Β
3453 2283 3638 2338 Audi-

1988 2360 2181 2417 vimus
2213 2364 2370 2418 enim
2422 2367 2711 2436 quosdam
2763 2368 3142 2426 schismatica
3192 2371 3513 2428 ambitione
3543 2373 3639 2427 de-

1989 2454 2201 2522 tentos,
2236 2458 2436 2508 contra
2465 2454 2693 2510 divinos
2725 2458 2960 2513 ordines
3003 2463 3059 2513 et
3096 2459 3446 2530 apostolicae
3468 2460 3635 2515 insti-

1987 2540 2243 2596 tutiones
2276 2541 2363 2596 lac
2396 2559 2497 2613 pro
2528 2544 2660 2598 vino
2692 2544 2750 2598 in
2784 2544 2996 2601 divinis
3028 2549 3333 2603 sacriﬁciis
3367 2550 3636 2604 dedicare

1987 2628 2131 2684 alios
2162 2645 2397 2701 quoque
2428 2631 2737 2688 intinctam
2779 2633 3209 2690 Eucharistiam
3244 2637 3478 2708 populis
3531 2653 3633 2708 pro

1985 2718 2414 2791 complemento
2461 2723 2900 2779 communionis
2968 2724 3282 2796 porrigere,
3344 2726 3632 2797 quosdam

1983 2808 2160 2863 etiam
2189 2825 2531 2880 expressum
2565 2812 2769 2867 vinum
2820 2813 2879 2866 in
2931 2819 3300 2869 sacramento
3347 2814 3632 2870 Dominici

1982 2896 2181 2952 calicis
2213 2899 2418 2954 offerre
2451 2915 2465 2954 :
2499 2899 2644 2956 alios
2687 2917 2820 2956 vero
2871 2919 3132 2973 pannum
3182 2903 3403 2959 lineum
3437 2911 3630 2959 musto

1973 2986 2296 3052 intinctam
2328 3005 2430 3060 per
2459 2993 2647 3044 totum
2682 3006 2903 3046 annum
2953 3007 3268 3060 reservare,
3301 2997 3358 3048 et
3387 2993 3446 3048 in
3478 2997 3632 3048 tem-

1978 3093 2117 3148 pore
2148 3077 2417 3133 sacriﬁcii
2451 3095 2605 3149 aqua
2642 3084 2868 3151 partem
2921 3083 3049 3153 ejus
3100 3081 3313 3154 lavare,
3347 3087 3404 3138 et
3436 3083 3520 3138 sic
3547 3084 3631 3139 of-
3685 3092 3695 3102 '

218 3173 497 3228 Nicolaus
529 3190 632 3244 per
663 3143 835 3228 urbes
870 3143 1064 3242 Italiae,
1088 3143 1316 3238 .Galliaa,
1351 3178 1407 3228 et
1436 3143 1868 3242 Cermaniie,.et
1897 3143 1940 3211 C
1978 3143 2145 3222 terre.
2180 3168 2342 3231 Quod
2377 3143 2556 3240 quam
2590 3143 2667 3224 sit
2698 3143 3060 3243 Evangelicze
3085 3177 3262 3243 atque
3296 3143 3632 3244 apostolicae

220 3263 291 3318 ad
329 3278 686 3332 quacunque
718 3261 844 3317 loca
876 3262 1028 3318 fama
1060 3244 1360 3334 pravitatis
1381 3262 1509 3331 ejus
1541 3267 1712 3316 antea
1742 3276 1868 3332 per-

217 3351 420 3407 venire
450 3351 661 3422 potuit,
688 3355 750 3406 ut
781 3351 1050 3407 Ecclesiae
1087 3368 1214 3424 qua:
1260 3351 1424 3423 prius
1455 3349 1765 3406 doluerant
1795 3351 1867 3404 de

221 3441 468 3496 adverso
515 3443 694 3511 atque
741 3456 1032 3513 perverso,
1081 3444 1282 3512 postea
1323 3441 1647 3511 gauderent
1677 3441 1746 3494 de
1778 3456 1867 3495 re-

218 3547 388 3586 verso
420 3534 595 3601 atque
626 3547 925 3586 converso.
955 3532 1090 3586 Item
1120 3533 1181 3585 in
1211 3530 1452 3585 homiiia
1499 3529 1710 3600 psalmi
1739 3546 1869 3599 xnv,

225 3619 296 3673 ad
325 3619 543 3675 Judzos
593 3621 810 3691 loquens
861 3619 1017 3690 (Aug.
1071 3623 1127 3674 in
1177 3635 1363 3690 cmpos,
1405 3621 1547 3689 psal.
1583 3619 1706 3683 ην)
1743 3635 1755 3672 :
1787 3619 1868 3672 En

224 3707 387 3764 illius
421 3708 656 3763 nomine
688 3724 862 3779 quem
911 3707 1208 3764 occidistis
1259 3706 1656 3779 baptizamini,
1691 3711 1748 3762 et
1777 3706 1868 3761 di-

225 3797 551 3852 mittuntur
579 3797 743 3854 vobis
773 3802 1011 3870 peccata
1038 3802 1250 3864 vestra,
1294 3797 1590 3852 modicum
1624 3795 1710 3852 vel
1735 3813 1867 3867 pos-

223 3891 320 3942 tea
349 3887 726 3959 cognovistis,
749 3887 1081 3957 securijam
1104 3887 1283 3942 bibite
1313 3887 1662 3958 sanguinem
1696 3902 1870 3956 quem

224 3976 491 4031 fudistis.
521 3975 766 4032 Videtur
789 3981 1030 4031 sanctus
1063 3975 1160 4031 ille
1190 3976 1359 4046 panis
1390 3992 1502 4046 quo
1533 3991 1745 4046 corpus
1770 3980 1872 4030 Do-

224 4065 372 4120 mini
423 4069 822 4130 consecratur,
874 4070 931 4121 et
992 4064 1302 4120 visibiliter
1365 4081 1462 4118 ore
1508 4064 1865 4135 percipitur:

224 4155 328 4210 sed
361 4154 547 4210 virtus
580 4155 745 4210 Verbi
778 4154 877 4210 Dei
908 4153 996 4209 vel
1024 4153 1300 4209 divinitas
1347 4170 1464 4224 qua
1514 4154 1711 4208 anima
1744 4169 1870 4223 per-

223 4243 495 4310 cipientis
525 4243 948 4313 sanctiﬁcatur,
983 4243 1165 4298 videri
1199 4259 1312 4297 non
1345 4247 1554 4313 potest.
1607 4242 1870 4298 Elemen-

223 4336 352 4387 tum
388 4333 559 4404 panis
597 4333 851 4400 videtur,
885 4333 985 4388 sed
1039 4333 1344 4387 verissime
1393 4349 1607 4402 corpus
1656 4333 1868 4388 Christi

219 4425 310 4476 est
336 4422 362 4476 ?
394 4423 534 4476 Inde
568 4421 786 4476 Paulus
818 4421 1118 4493 apostolus
1154 4437 1165 4474 :
1201 4421 1370 4475 Panis
1421 4437 1596 4490 quem
1652 4421 1870 4492 frangi-

1975 3257 2250 3312 doctrinae
2278 3259 2658 3328 contrarium,
2693 3265 2750 3314 et
2771 3262 3185 3316 consuetudini
3217 3261 3630 3317 ecclesiasticas

1976 3347 2309 3417 adversum,
2343 3364 2457 3402 non
2490 3348 2727 3404 difﬁcile
2759 3350 2830 3404 ab
2863 3351 2990 3422 ipso
3023 3351 3177 3406 fonte
3197 3350 3463 3406 veritatis
3497 3367 3628 3422 pro-

1975 3436 2232 3503 babitur,
2293 3453 2326 3490 a
2383 3453 2498 3508 quo
2571 3437 2840 3493 ordinata
2916 3439 3043 3511 ipsa
3124 3443 3627 3495 sacramentorum

1979 3525 2254 3594 mysteria
2285 3532 2716 3597 processerunt.
2745 3531 2886 3583 Cum
2917 3529 3072 3584 enim
3102 3529 3386 3601 magister
3418 3528 3628 3583 verita-

1977 3614 2054 3669 tis
2085 3631 2286 3669 verum
2343 3615 2553 3670 salutis
2596 3621 2806 3672 nostris
2865 3619 3222 3674 sacriﬁcium
3283 3620 3409 3674 suis
3462 3633 3626 3672 com-

1978 3703 2278 3758 mendaret
2309 3703 2637 3774 discipulis,
2672 3705 2819 3760 nulli
2853 3706 2964 3773 lac,
3016 3709 3115 3762 sed
3148 3725 3354 3779 panem
3391 3711 3625 3762 tantum

1977 3797 2032 3848 et
2061 3792 2300 3848 calicem
2349 3794 2458 3848 sub
2504 3794 2612 3848 hoc
2656 3799 3024 3852 sacramento
3079 3796 3496 3865 cognoscimus
3529 3798 3630 3851 de-

1978 3883 2154 3937 disse.
2186 3883 2422 3954 Legitur
2447 3883 2601 3938 enim
2653 3884 2710 3938 in
2758 3885 3095 3956 evangelica
3140 3888 3382 3942 veritate
3417 3907 3430 3954 ;
3466 3887 3633 3941 Acce-

1973 3975 2054 4044 pit
2083 3974 2232 4026 Iesus
2261 3987 2461 4042 panem
2491 3981 2544 4027 et
2572 3974 2816 4040 calicem,
2847 3978 2895 4029 et
2949 3976 3292 4042 benedicens,
3329 3975 3480 4030 dedit
3514 3976 3630 4029 dis-

1977 4061 2181 4133 cipulis
2235 4064 2348 4116 suis
2395 4062 2605 4132 (Matth.
2657 4081 2827 4129 xxvr;
2883 4066 2907 4118 I
2956 4063 3205 4118 Corinth.
3261 4066 3366 4134 χι).
3442 4069 3635 4118 Cesset

1979 4167 2115 4223 ergo
2149 4151 2236 4205 lac
2286 4152 2668 4206 sacriﬁcando
2715 4152 2926 4220 offerri,
2979 4153 3117 4222 quia
3172 4153 3542 4206 manifestum
3578 4158 3634 4207 et

1979 4240 2214 4294 evidens
2235 4239 2566 4310 exemplum
2597 4239 2939 4311 evangelicae
2966 4241 3229 4295 veritatis
3257 4241 3629 4312 illuxit,quod

1982 4333 2185 4400 praeter
2218 4345 2426 4400 panem
2477 4337 2535 4382 et
2585 4329 2785 4383 vinum
2835 4327 2993 4383 aliud
3050 4329 3242 4384 oﬁ'erri
3294 4347 3409 4384 non
3442 4329 3630 4385 liceat.

1981 4417 2131 4471 Illud
2184 4434 2315 4472 vero
2367 4417 2520 4487 quod
2570 4433 2670 4488 pro
2723 4417 3152 4488 complemento
3203 4419 3637 4474 communionis

221 4525 362 4564 mus
392 4526 587 4565 nonne
619 4509 861 4581 sanguis
894 4509 1125 4565 Domini
1157 4515 1265 4580 est,
1297 4515 1353 4565 et
1384 4508 1536 4565 calix
1575 4510 1667 4564 cui
1703 4511 1879 4565 bene-
1910 4521 1959 4586 ι)
1992 4506 2301 4560 intinctam
2335 4507 2577 4560 tradunt
2611 4505 3038 4562 Eucharistiam
3083 4507 3337 4579 populis,
3395 4524 3497 4562 nec
3529 4508 3638 4563 hoc

219 4599 498 4665 dicimus,
530 4615 723 4655 nonne
754 4599 998 4670 sanguis
1029 4598 1258 4654 Domini
1291 4598 1428 4654 est?
1457 4599 1503 4669 (1
1532 4600 1742 4668 Cor.x.)
1765 4600 1880 4657 Nos

221 4689 500 4759 perendie
533 4689 855 4760 accipimus
885 4688 1177 4744 visibilem
1209 4689 1431 4756 cibum,
1465 4690 1566 4743 sed
1603 4688 1761 4744 aliud
1791 4695 1881 4745 est

219 4783 681 4844 sacramentum,
714 4778 873 4832 aliud
907 4778 1090 4832 virtus
1122 4778 1472 4832 sacramenti
1505 4778 1690 4848 (Aug,
1713 4783 1876 4835 tract.

219 4867 291 4919 26
319 4875 370 4921 cl
396 4867 466 4920 27
499 4869 558 4921 in
581 4868 738 4922 Joan.
772 4883 818 4922 c.
854 4867 962 4934 16).
995 4866 1180 4930 Quam
1226 4867 1399 4921 multi
1432 4868 1502 4921 de
1534 4867 1705 4922 altari
1733 4869 1880 4923 acci-

220 4955 393 5025 piunt
423 4959 481 5010 et
511 4956 867 5020 moriuntur,
901 4961 957 5010 et
983 4955 1321 5026 accipiendo
1347 4955 1585 5025 indigne
1621 4957 1876 5011 moriun-

220 5048 339 5098 tur.
373 5045 503 5115 Ipsa
526 5045 754 5099 Veritas
798 5045 966 5099 dicit:
986 5047 1092 5113 Qui
1119 5044 1420 5099 manduca!
1449 5061 1672 5099 carnem
1701 5063 1878 5101 meam

219 5137 275 5188 et
321 5134 460 5188 bibit
504 5135 831 5204 sanguinem
876 5150 1078 5202 meum,
1124 5137 1186 5189 in
1231 5150 1317 5190 me
1366 5139 1549 5188 manet
1580 5137 1648 5202 ζει
1691 5151 1786 5205 ego
1817 5137 1876 5188 in

219 5237 281 5278 eo
311 5224 492 5293 (Joan.
527 5224 628 5294 v1),
662 5224 910 5295 Signum
945 5223 1084 5294 quia
1114 5225 1430 5278 manducet
1479 5229 1533 5277 et
1563 5223 1734 5290 bibit,
1767 5225 1875 5280 hoc

218 5315 334 5381 est,
365 5311 414 5366 si
447 5316 648 5366 manet
669 5317 726 5368 et
757 5311 1108 5378 manetur,si
1139 5311 1363 5367 habitat
1396 5316 1450 5368 et
1485 5311 1871 5367 inhabitatur.

219 5399 272 5456 si
306 5399 486 5456 heret
517 5404 724 5456 utnon
767 5401 1090 5457 deseratur.
1142 5400 1331 5456 Verba
1379 5401 1593 5456 Christi
1625 5401 1672 5456 si
1707 5401 1876 5473 spiri-

218 5487 464 5544 tualiter
495 5489 922 5562 intelligantur,
955 5491 1202 5562 spiritus
1223 5495 1279 5544 et
1310 5491 1426 5545 vita
1457 5494 1634 5546 sunt:
1669 5491 1716 5546 si
1743 5508 1872 5546 vero

219 5577 544 5633 carnaliter
572 5577 964 5650 accipiuntur,
991 5582 1130 5635 sunt
1150 5579 1386 5650 quidem
1428 5579 1486 5634 in
1519 5579 1730 5651 seipsis
1751 5580 1872 5652 spi-

221 5667 375 5726 ritus
393 5671 449 5724 et
480 5667 731 5739 vita,sed
766 5666 884 5724 illis
916 5684 1032 5724 non
1064 5671 1203 5723 sunt
1233 5666 1332 5739 qui
1363 5667 1671 5725 carnaliter
1702 5668 1870 5725 intel-

1991 4594 2278 4666 prolatam
2303 4611 2370 4649 ex
2401 4594 2710 4666 Evangelio
2733 4596 3139 4651 testimonium
3167 4597 3637 4667 receperunt,ubi

1989 4683 2270 4756 apostolis
2303 4701 2513 4756 corpus
2539 4701 2713 4740 suum
2738 4691 2792 4740 et
2813 4686 3160 4757 sanguinem
3181 4689 3632 4744 commendavit.

1987 4777 2258 4831 Seorsum
2272 4774 2426 4831 enim
2445 4775 2695 4847 panis,et
2709 4790 2972 4831 seorsum
2988 4776 3188 4832 calicis
3203 4779 3632 4832 commendatio

1987 4869 2364 4920 memoratur.
2397 4865 2545 4918 Nam
2577 4863 2892 4919 intinctum
2928 4882 3137 4936 panem
3170 4866 3480 4937 (Joan.xm)
3504 4867 3635 4922 aliis

1986 4953 2218 5008 Christu
2231 4971 2284 5007 m
2301 4952 2620 5024 praebuisse
2638 4970 2753 5008 non
2767 4953 3289 5026 legimus,excepto
3304 4954 3386 5010 illi
3404 4960 3633 5011 tantum

1986 5042 2479 5114 discipulo,quem
2509 5042 2758 5098 intincta
2787 5043 3049 5099 buccella
3075 5045 3337 5111 magistri
3374 5047 3633 5118 prodito-

1986 5148 2108 5187 rem
2142 5133 2616 5200 ostenderet,non
2647 5150 2775 5204 qua
2807 5136 3158 5190 sacramenti
3189 5135 3366 5206 hujus
3398 5136 3634 5192 institu-

1985 5222 2203 5277 tionem
2237 5221 2518 5293 signaret.
2551 5223 2697 5278 Nam
2730 5224 2883 5294 quod
2916 5225 2986 5280 de
3039 5240 3314 5296 expresso
3346 5226 3538 5291 botro,
3573 5226 3631 5279 id

1985 5316 2073 5367 est
2103 5311 2173 5366 de
2207 5328 2452 5366 uvarum
2486 5312 2686 5384 granis
2718 5312 2972 5385 populus
3017 5313 3434 5382 communicat,
3468 5313 3634 5368 valde

1984 5405 2073 5457 est
2099 5400 2335 5456 omnino
2368 5401 2701 5468 confusum,
2735 5403 2835 5458 sed
2868 5403 2918 5458 si
2953 5421 3192 5460 necesse
3235 5404 3404 5458 fuerit
3429 5403 3636 5458 botrus

1983 5492 2041 5546 in
2074 5490 2253 5546 calice
2301 5492 2724 5563 comprimatur
2757 5511 2770 5548 :
2804 5497 2860 5548 ct
2920 5511 3076 5566 aqua
3131 5494 3464 5560 misceatur,
3498 5492 3639 5564 quia

1985 5580 2131 5636 calix
2166 5582 2694 5652 Dominicusjuxta
2737 5599 3032 5640 canonum
3085 5584 3371 5654 praecepta
3417 5582 3553 5638 vino
3579 5588 3635 5638 et

1991 5687 2144 5740 aqua
2168 5671 2484 5742 permistus
2509 5673 2683 5728 debet
2704 5673 2896 5727 oﬂ‘erri
2934 5689 2946 5728 :
2975 5671 3387 5742 quiavidemus
3409 5673 3467 5728 in
3491 5689 3638 5743 aqua
