3970 6058
345 271 448 332 163

1429 271 1476 325 D
1540 266 1779 323 IVONIS
1815 266 2308 324 CARNOTENSIS
2345 270 2665 328 EPISCOPI

3651 278 3756 334 164

335 399 618 475 populum
650 395 922 469 intelligi,
943 395 1005 452 in
1036 395 1168 454 vino
1201 410 1333 451 vero
1366 393 1592 450 ostendi
1626 393 1975 466 sanguinem
2007 393 2063 461 Α
2093 391 2202 450 hoc
2231 397 2343 461 est,
2375 396 2546 468 panis
2581 400 2637 453 et
2669 398 2868 455 vinum
2899 416 3054 471 aqua
3083 399 3464 471 mistum,nec
3495 403 3756 476 amplius

334 487 574 546 Christi.
607 488 756 559 Ergo
789 502 922 542 cum
958 485 1017 540 in
1069 485 1248 541 calice
1296 483 1431 540 vino
1482 499 1636 553 aqua
1683 481 1984 553 miscetur,

329 578 562 636 Christo
587 576 841 650 pOpulus
869 575 1250 641 adunatur,et
1279 571 1640 628 credentium
1673 570 1839 643 plebs
1856 570 1904 626 ei
1927 570 1984 624 in

219 723 223 728 .
330 684 506 742 quem
539 665 784 722 credidit
811 662 1203 736 copulatur,et
1226 661 1662 733 jungitur.Qute
1687 659 1982 732 copulatio

333 763 390 814 et
419 755 752 828 conjunctio
785 770 946 824 aqua:
981 757 1037 807 et
1067 751 1186 806 vini
1240 751 1324 806 sic
1358 750 1641 806 miscetur
1693 749 1750 804 in
1803 749 1983 805 calice

332 846 583 912 Domini,
619 849 680 899 ut
714 841 912 898 mistio
944 840 1044 896 illa
1076 857 1189 894 non
1223 839 1410 911 possit
1451 839 1733 911 separari.
1765 838 1910 894 Nam
1932 839 1981 894 si

327 936 530 991 vinum
563 939 794 990 tantum
828 930 961 1004 quis
993 931 1217 999 oﬁ'erat,
1241 930 1485 1002 sanguis
1515 928 1729 984 Christi
1747 927 1980 984 essein-

330 1025 476 1096 cipit
506 1023 634 1079 sine
668 1020 856 1087 nobis,
891 1019 938 1074 si
970 1035 1105 1075 vero
1139 1035 1292 1090 aqua
1324 1018 1401 1074 sit
1427 1017 1750 1090 sola,plebs
1771 1017 1981 1089 incipit

329 1129 459 1168 esse
489 1112 615 1168 sine
645 1109 894 1164 Christo.
929 1109 1076 1180 Ergo
1109 1109 1310 1163 botrus
1329 1106 1490 1164 solus
1519 1106 1845 1175 oﬁ‘ertur,in
1865 1122 1976 1177 quo

327 1200 444 1255 vini
472 1198 785 1254 efﬁcientia
813 1201 1047 1252 tantum
1072 1194 1741 1261 demonstratur,salutis
1765 1200 1976 1250 nostris

326 1292 766 1344 sacramentum
799 1285 1138 1357 negligitur,
1172 1285 1323 1355 quod
1376 1301 1532 1356 aqua
1581 1283 1971 1355 signiﬁcatur.

325 1381 452 1431 Non
481 1377 637 1431 enim
673 1379 866 1446 potest
899 1373 1047 1428 calix
1078 1372 1305 1428 Domini
1351 1389 1479 1428 esse
1508 1389 1662 1443 aqua
1693 1371 1838 1440 sola,
1873 1375 1977 1426 aut

325 1466 526 1520 vinum
556 1464 772 1529 solum,
825 1463 937 1517 nisi
975 1467 1292 1532 utrumque
1339 1462 1676 1516 misceatur.
1730 1461 1799 1514 Et
1845 1461 1974 1515 ideo

324 1553 466 1624 quia
486 1553 612 1622 jam
644 1569 712 1608 ex
762 1551 871 1606 hoc
922 1549 1180 1621 plurima
1227 1555 1284 1604 et
1334 1548 1640 1619 multiplex
1681 1549 1972 1619 majorum

319 1641 576 1697 manavit
608 1639 1206 1709 sententia,deinceps
1237 1639 1429 1693 omnis
1460 1637 1596 1694 talis
1613 1654 1776 1694 error
1797 1641 1974 1709 atque

321 1729 702 1802 praesumptio
732 1744 964 1785 cessare
993 1728 1183 1798 debet,
1218 1743 1291 1782 ne
1321 1742 1728 1799 perversorum
1759 1726 1969 1782 inordi-

324 1825 463 1873 nata
493 1833 796 1890 compago,
830 1823 1117 1872 statutum
1149 1815 1409 1872 veritatis
1453 1821 1704 1871 enervet.
1738 1820 1805 1871 Et
1835 1816 1964 1872 ideo

324 1908 473 1964 nulli
503 1906 1315 1979 deincepslicitumeritaliud
1340 1906 1399 1960 in
1420 1905 1634 1962 divinis
1664 1905 1967 1961 sacriﬁciis

321 1997 550 2066 offerre,
565 1996 679 2051 nisi
703 1997 874 2066 juxta
903 1995 1278 2068 antiquorum
1304 1995 1657 2051 sententiam
1690 1994 1969 2051 concilio-

319 2102 454 2142 rum
481 2101 692 2158 panem
726 2088 980 2150 tantum,
1013 2089 1070 2139 et
1100 2083 1339 2139 calicem
1382 2084 1517 2139 vino
1548 2088 1605 2139 et
1637 2101 1790 2154 aqua
1835 2101 1966 2156 per-

321 2177 591 2233 mistum.
645 2181 726 2232 De
775 2179 983 2231 caetero
1035 2175 1208 2230 aliter
1266 2191 1443 2246 quam
1495 2179 1849 2246 praeceptum
1879 2178 1970 2230 est

320 2266 543 2321 faciens
588 2264 791 2320 tandiu
842 2282 876 2320 a
926 2265 1312 2321 sacriﬁcando
1359 2263 1633 2333 cessabit,
1703 2263 1966 2335 quandiu

317 2354 583 2426 legitima
610 2354 962 2427 pmnitentiaa
983 2353 1386 2410 satisfactione
1407 2354 1813 2425 correptus,ad
1835 2369 1969 2425 gra-

319 2444 432 2499 dus
463 2443 554 2499 sui
587 2443 846 2498 ofﬁcium
876 2443 1091 2513 redeat,
1125 2443 1278 2514 quod
1312 2441 1530 2499 amisit.

317 2579 450 2634 ΟΑΡ.
483 2576 569 2634 12.
605 2608 670 2618 -
703 2577 853 2645 Quod
879 2576 1336 2649 inAEucharistia,
1369 2592 1469 2631 nec
1494 2593 1638 2649 pura
1669 2593 1843 2649 aqua,
1873 2593 1971 2632 nec

383 2665 597 2721 purum
628 2650 839 2774 vinutzn,
862 2647 1062 2723 offerri
1090 2648 1300 2704 debeat.
1336 2649 1418 2703 Ex
1446 2648 1685 2705 concilio
1718 2647 1966 2707 Worma-

392 2723 576 2774 tiensi.
607 2737 735 2774 can.
812 2763 824 2774 .

392 2723 576 2788 tiensi,
607 2737 735 2793 cap.
766 2723 824 2775 2.

393 2853 624 2925 (Concil.
673 2855 970 2920 Wormat.,
1016 2870 1136 2925 cap.
1185 2855 1264 2924 4.)
1323 2855 1388 2911 In
1439 2854 1808 2912 Euoharistia
1855 2873 1986 2917 non,

323 2941 496 2998 debet
527 2958 674 3012 pura
702 2957 856 3012 aqua
884 2941 1171 3010 oil'erri,ut
1199 2943 1442 3013 quidam
1474 2943 1812 3000 sobrietatis
1839 2961 1998 3021 cauv1

323 3047 450 3086 sam
483 3029 790 3096 falluntur,
824 3028 926 3084 sed
955 3031 1152 3084 vinum
1185 3046 1321 3085 cum
1349 3047 1498 3100 aqua
1528 3031 1796 3098 mistum,
1830 3033 1971 3104 quia

319 3115 377 3166 et
406 3109 605 3164 vinum
631 3109 741 3164 fuit
760 3109 817 3163 in
842 3109 1262 3180 redemptionis
1295 3117 1506 3165 nostrae
1536 3113 1814 3183 mysterio
1834 3129 1969 3170 cum
2000 3121 2044 3189 ο

320 3197 464 3254 dicit
495 3216 510 3256 :
541 3199 658 3256 Non
690 3198 878 3254 bibam
905 3198 970 3254 de
997 3201 1276 3268 genimine
1306 3201 1436 3254 vitis
1466 3200 1683 3274 (Matth.
1721 3204 1896 3274 xxvx),
1916 3209 1973 3259 et

319 3305 475 3361 aqua
501 3287 747 3344 mistum
774 3288 931 3360 quod
957 3291 1088 3360 post
1109 3305 1335 3344 omnem
1359 3289 1676 3346 dabat.Sed
1701 3293 1771 3348 de
1793 3293 1971 3349 latere

319 3380 448 3449 ejus
477 3394 632 3449 aqua
662 3393 798 3432 cum
842 3377 1132 3449 sanguine
1182 3393 1442 3449 egressa,
1495 3379 1699 3435 vinum
1732 3381 1802 3436 de
1836 3398 1970 3438 vera

319 3467 514 3522 carnis
544 3468 674 3536 ejus
695 3465 816 3519 vita
839 3481 973 3520 cum
1004 3483 1157 3536 aqua
1172 3471 1967 3538 expressum,ostendit.Cum

320 3555 505 3627 igitur
523 3555 740 3610 veritas
760 3571 962 3608 verum
986 3555 1195 3610 salutis
1223 3561 1435 3612 nostra
1465 3558 1820 3614 sacriﬁcium
1844 3561 1968 3617 suis

319 3643 758 3699 commendaret
788 3643 1335 3715 discipulis,panem
1361 3650 1618 3711 tantum,
1651 3650 1707 3702 et
1726 3647 1966 3706 calicem

321 3732 433 3788 sub
447 3731 556 3787 hoc
569 3738 927 3787 sacramento
943 3733 1264 3804 praebuisse
1277 3737 1968 3808 cognoscimus.ldeoque

316 3826 524 3894 prater
553 3835 787 3892 panem,
822 3825 878 3875 et
905 3821 1111 3875 vinum
1156 3838 1288 3877 cum
1325 3839 1480 3894 aqua
1509 3826 1776 3894 mistum,
1806 3826 1964 3881 aliud

315 3927 433 3968 non
466 3910 639 3966 debet
665 3908 858 3964 offerri
881 3909 1184 3979 (65).Calix
1203 3911 1358 3965 enim
1384 3913 1724 3969 Dominicus
1757 3916 1889 3970 vino
1912 3921 1969 3971 et

315 4015 470 4070 aqua
491 3998 840 4053 commistus
869 3997 1041 4052 debet
1061 3998 1702 4070 otferri,quiavidemus
1726 4002 1784 4057 in
1816 4021 1969 4075 aqua

312 4087 599 4160 populum
629 4085 901 4158 intelligi.
936 4086 993 4140 in
1026 4086 1156 4142 vino
1187 4103 1320 4143 vero
1353 4089 1582 4144 ostendi
1614 4093 1962 4164 sanguinem

314 4176 550 4232 Christi.
613 4176 762 4247 Ergo
817 4175 1054 4245 quando
1111 4175 1169 4230 in
1219 4175 1399 4232 calice
1439 4179 1644 4234 vinum
1711 4185 1768 4236 et
1813 4198 1968 4254 aqua

317 4266 620 4332 miscetur,
653 4264 923 4319 Christus
953 4265 1331 4336 populusque
1381 4268 1676 4324 adunatur
1708 4287 1720 4325 :
1753 4274 1810 4324 et
1840 4287 1963 4327 cre-

316 4353 587 4409 dentium
638 4351 804 4422 plebs
843 4351 894 4406 ei
927 4351 985 4406 in
1032 4368 1207 4422 quem
1256 4354 1525 4422 credidit,
1571 4357 1882 4428 copulatur
1911 4365 1967 4416 et

305 4441 745 4512 jungitur.Quan
775 4439 1066 4510 copulatio
1096 4447 1153 4496 et
1182 4445 1516 4514 conjunctio
1547 4463 1711 4518 aquas
1744 4453 1801 4502 et
1829 4450 1964 4505 vino

315 4530 398 4586 sic
431 4529 713 4584 miscetur
733 4527 793 4582 in
817 4525 998 4583 calice
1015 4528 1342 4598 Domini,ut
1363 4534 1699 4591 commixtio
1725 4535 1827 4592 illa
1854 4555 1965 4593 non

314 4616 503 4690 possit
521 4616 780 4688 separari
809 4635 824 4684 ;
859 4633 992 4673 nam
1017 4617 1068 4673 si
1089 4618 1292 4676 vinum
1320 4624 1713 4696 tantum,quis
1741 4627 1964 4694 oﬁ'erat,

313 4706 556 4778 sanguis
585 4704 798 4761 Christi
820 4705 1026 4777 incipit
1045 4722 1174 4762 esse
1197 4709 1324 4764 sine
1349 4711 1518 4766 nobis
1545 4737 1559 4779 ;
1585 4714 1632 4766 si
1657 4729 1791 4770 vero
1814 4732 1968 4786 aqua

314 4797 392 4852 sit
419 4794 566 4864 sola,
599 4794 763 4864 plebs
793 4809 923 4849 esse
955 4793 1163 4866 incipit
1193 4796 1320 4852 sine
1351 4799 1597 4856 Christo.
1617 4801 1740 4858 Non
1775 4808 1968 4874 potest

314 4883 462 4941 calix
490 4881 723 4939 Domini
755 4898 883 4939 esse
913 4899 1067 4955 aqua
1097 4883 1353 4952 sola,aut
1385 4887 1586 4945 vinum
1619 4891 1965 4962 solum,nisi

316 4978 631 5044 utrumque
660 4969 774 5026 sibi
806 4970 1144 5029 misceatur.

313 5102 441 5155 CAP.
477 5099 564 5153 13.
599 5127 666 5139 —-
696 5100 780 5153 De
807 5095 1012 5154 eodem.
1041 5100 1126 5154 Ea:
1153 5100 1384 5226 czoéicilio
1417 5102 1846 5174 Carthaginiensi
1866 5126 1959 5179 ιη,

1017 5186 1139 5226 can.
1247 5212 1260 5226 .

1017 5186 1139 5243 cap.
1169 5186 1260 5226 κδ.

387 5279 482 5351 (De
510 5292 688 5344 cons.,
731 5273 857 5329 dist.
909 5277 964 5344 2,
1016 5292 1062 5330 c.
1121 5277 1183 5333 Ut
1231 5279 1292 5332 in
1338 5286 1751 5354 sacramentis.)
1802 5286 1872 5341 Ut
1904 5289 1962 5342 in

2095 482 2157 538 in
2192 483 2469 556 primitiis
2501 487 2778 545 offeratur
2807 493 2943 562 Deo,
2974 489 3106 546 vino
3133 494 3190 546 et
3219 491 3534 549 frumento.

2092 601 2224 655 CAP.
2258 600 2345 654 14.
2376 630 2445 642 -
2474 603 2606 659 Item
2634 603 2700 659 de
2727 605 2934 660 eodem.
2959 607 3051 731 fa:
3100 607 3336 663 concilio
3385 610 3649 678 Africano
3684 627 3748 666 m

2807 693 2926 731 cap.
3001 719 3012 731 .

2807 693 2926 747 cap.
2959 693 3012 732 4.

2165 779 2262 846 (De
2289 795 2553 852 consecr.,
2583 781 2712 837 dist.
2763 783 2818 851 2,
2846 798 2898 838 c.
2935 785 2997 840 Ut
3044 786 3102 840 in
3146 788 3552 860 sacramentis.)
3586 789 3658 846 Ut
3685 790 3747 846 in

2090 868 2480 937 sacramentis
2528 870 2792 941 corporis
2849 875 2907 927 et
2956 873 3267 946 sanguinis
3314 875 3548 932 Domini
3597 879 3747 934 nihil

2090 955 2345 1027 amplius
2366 957 2849 1030 oﬁ‘eratur,quam
2867 961 3024 1032 quod
3043 961 3169 1032 ipse
3187 963 3474 1021 Dominus
3499 968 3747 1026 tradidit

2092 1043 2202 1100 hoc
2231 1051 2343 1112 est,
2378 1047 2548 1118 panis
2597 1051 2654 1102 et
2698 1047 2900 1104 vinum
2951 1067 3102 1122 aqua
3147 1052 3412 1108 mistum.
3463 1055 3743 1113 Primitias

2085 1150 2222 1189 vero
2253 1151 2358 1189 ceu
2393 1135 2529 1202 me],
2561 1141 2619 1192 et
2649 1136 2738 1192 lac
2788 1139 2944 1210 quod
2996 1157 3112 1195 uno
3157 1140 3251 1197 die
3299 1141 3741 1202 solemnissimo

2086 1222 2380 1278 infantum
2415 1225 2692 1296 mysterio
2723 1225 2873 1282 solet
2903 1228 3119 1300 oﬁ'erri,
3170 1231 3442 1301 quamvis
3474 1232 3532 1287 in
3566 1234 3740 1291 altari

2085 1312 2424 1378 offerantur,
2459 1329 2628 1368 suam
2673 1318 2869 1370 tamen
2924 1315 3180 1372 habeant
3228 1320 3524 1393 propriam
3560 1323 3738 1378 bene-

2085 1398 2403 1454 dictionem
2440 1417 2452 1455 :
2487 1405 2553 1456 ut
2592 1418 2626 1457 a
2655 1409 3020 1460 sacramento
3063 1405 3355 1464 Dominici
3386 1413 3648 1482 corporis
3677 1417 3737 1469 et

2084 1487 2392 1559 sanguinis
2423 1489 2890 1563 distinguantur,
2918 1510 3022 1549 nec
3055 1494 3313 1568 amplius
3365 1498 3421 1552 in
3453 1499 3737 1573 primitiis

2084 1576 2381 1646 offeratur,
2413 1595 2588 1650 quam
2621 1580 2692 1636 de
2723 1582 2851 1638 uvis
2884 1585 2942 1638 et
2973 1583 3303 1641 frumentis.

2080 1729 2214 1781 CAP.
2249 1728 2408 1782 15.-
2443 1729 2514 1784 De
2540 1731 2806 1787 Passione
2838 1735 3070 1789 Domini
3095 1737 3156 1790 in
3183 1741 3590 1796 consecratione
3607 1759 3732 1798 cor-

2149 1802 2300 1924 pogis
2359 1802 2656 1858 miscenda.
2714 1804 2803 1858 Eat
2848 1805 3084 1862 decretis
3158 1809 3472 1868 Alexandri
3543 1831 3725 1887 papa,

2150 1886 2197 1924 c.
2271 1913 2284 1924 .

2150 1886 2197 1925 0.
2229 1886 2284 1926 Ο.

2149 1994 2243 2062 (De
2270 2010 2444 2067 cons.,
2477 1996 2605 2053 dist.
2635 2000 2742 2065 2,0.
2772 2001 2834 2055 In
2865 2007 3389 2080 sacramentorum.)
3421 2011 3486 2064 In
3517 2010 3721 2068 Sacra-

2075 2087 2407 2140 mentorum
2427 2087 3068 2159 quoqueoblationibus
3091 2095 3382 2166 quaeinter
3403 2098 3720 2157 Missarum

2075 2171 2363 2228 solemnia
2405 2176 2652 2233 Domino
2705 2179 3050 2252 offeruntur,
3101 2186 3297 2255 passio
3354 2188 3577 2244 Domini
3612 2191 3725 2246 mi-

2075 2262 2292 2318 scenda
2321 2267 2504 2331 est,ut
2533 2264 2630 2321 ubi
2662 2283 2874 2340 corpus
2905 2271 3031 2341 ejus
3051 2278 3109 2328 et
3129 2275 3369 2345 sanguis
3399 2279 3728 2351 conﬁcitur,

2077 2353 2272 2423 passio
2303 2352 2630 2410 celebretur
2671 2357 2822 2428 (Luc.
2856 2364 2997 2430 xm)
3027 2378 3040 2415 :
3073 2362 3156 2418 ita
3207 2369 3270 2419 ut
3316 2366 3569 2438 repulsis
3601 2370 3730 2441 opi-

2077 2440 2357 2498 nionibus
2379 2445 2891 2516 superstitionum,
2920 2451 3092 2521 panis
3141 2457 3370 2510 tantum
3410 2461 3467 2512 et
3516 2440 3728 2514 vinum

2078 2545 2233 2601 aqua
2263 2529 2509 2586 mistum
2543 2533 2602 2588 in
2633 2535 2918 2593 sacriﬁcio
2948 2539 3286 2597 offerantur.
3310 2543 3433 2599 Non
3465 2545 3738 2615 debet,ut

2077 2635 2113 2673 a
2144 2619 2411 2677 Patribus
2440 2622 2798 2694 accepimus,
2833 2634 2887 2682 et
2919 2626 3048 2699 ipsa
3079 2631 3229 2686 ratio
3261 2632 3449 2702 docet,
3473 2633 3532 2690 in
3556 2637 3736 2692 calice

2078 2708 2442 2777 Domini,aut
2469 2710 2672 2768 vinum
2703 2713 2922 2783 solum,
2943 2721 3044 2772 aut
3074 2735 3229 2790 aqua
3258 2720 3382 2777 sola
3407 2723 3730 2792 oﬂ‘erri,sed

2080 2801 2397 2871 utrumque
2427 2802 2939 2875 permistum,quia
2969 2814 3288 2880 utrumque
3309 2827 3377 2866 ex
3400 2810 3578 2869 latere
3600 2816 3730 2885 ejus

2080 2885 2141 2942 in
2171 2903 2280 2943 sua
2300 2888 2574 2959 passione
2587 2892 2933 2962 proﬂuxisse
2950 2893 3184 2968 legitur.
3201 2897 3221 2953 Ι
3229 2915 3478 2970 psavero
3501 2903 3744 2960 Veritas-

2080 2990 2188 3030 nos
2205 2974 2447 3032 instruit
2468 2978 2709 3035 calicem
2728 2985 2785 3037 et
2805 2999 3017 3053 panem
3043 2985 3102 3040 in
3120 2996 3486 3047 sacramento
3499 2992 3727 3064 offerre,

2082 3064 2318 3135 quando
2349 3066 2428 3120 ait
2461 3083 2474 3122 :
2506 3067 2726 3139 Accepit
2749 3072 2901 3127 Iesus
2925 3081 3215 3145 panem,et
3241 3078 3724 3148 benedixit,dedit-

2080 3169 2185 3225 quo
2213 3152 2509 3225 discipulis
2553 3160 2670 3212 suis
2699 3158 2884 3235 dicens
2928 3180 2949 3216 :
2999 3165 3239 3236 Accipite
3287 3170 3339 3222 et
3366 3170 3723 3240 manducate,

2080 3243 2188 3298 Hoc
2215 3247 2293 3298 est
2319 3259 2519 3315 corpus
2547 3262 2754 3316 meum,
2786 3251 2938 3322 quod
2959 3268 3062 3322 pro
3093 3255 3247 3311 vobis
3273 3258 3727 3317 lradetur.Simi-

2081 3331 2211 3386 liter
2255 3339 2549 3404 postquam
2604 3341 2857 3405 ctenavit,
2906 3344 3113 3413 accepit
3177 3346 3424 3414 calicem,
3474 3349 3736 3422 deditque

2078 3421 2372 3493 discipulis
2389 3426 2505 3479 suis
2534 3425 2721 3482 dicens
2750 3445 2769 3482 :
2796 3429 3118 3499 Accipit:,et
3147 3435 3314 3490 bibite
3343 3453 3413 3492 ea:
3441 3454 3504 3493 eo
3525 3421 3730 3512 omnes,

2076 3513 2210 3581 quia
2239 3512 2328 3567 hic
2355 3522 2440 3568 est
2469 3515 2622 3571 calix
2648 3521 2944 3589 sanguinis
2974 3524 3084 3576 mei
3103 3525 3202 3594 qui
3225 3541 3329 3596 pro
3360 3528 3514 3583 vobis
3542 3529 3732 3600 effun-

2075 3599 2236 3655 detur
2278 3603 2341 3656 in
2400 3606 2784 3662 remissionem
2843 3618 3189 3680 peccatorum
3270 3614 3481 3685 (Matth.
3550 3599 3730 3686 xxn;

2074 3691 2103 3745 Ι
2129 3691 2372 3748 Corinth.
2407 3697 2508 3765 v1).
2540 3693 2798 3753 Crimina
2828 3701 2984 3754 enim
3019 3707 3194 3773 atque
3225 3713 3487 3775 peccata,
3508 3708 3730 3765 oblatis

2076 3778 2170 3835 his
2200 3780 2448 3838 Domino
2480 3784 2782 3841 sacriﬁciis
2819 3787 3090 3845 delentur
3121 3808 3134 3847 :
3169 3793 3409 3860 idcirco,
3443 3800 3499 3850 et
3530 3799 3729 3866 passio

2075 3869 2204 3937 ejus
2235 3868 2294 3923 in
2326 3869 2419 3925 his
2449 3877 2971 3932 commemoranda
3001 3885 3090 3934 est
3124 3897 3137 3934 :
3171 3897 3289 3952 qua
3309 3884 3597 3956 redempti
3625 3904 3726 3942 su-

2076 3972 2234 4020 mus,
2264 3961 2322 4011 et
2345 3958 2560 4030 sapiu
2591 3961 2912 4030 recitanda,
2946 3971 3124 4038 atque
3154 3969 3274 4025 haec
3305 3971 3551 4030 Domino
3580 3976 3726 4031 offe-

2075 4045 2270 4100 renda.
2309 4046 2552 4103 Talibus
2601 4047 2811 4106 hostiis
2862 4053 3272 4124 delectabitur,
3306 4064 3363 4115 et
3392 4061 3729 4132 placabitur

2074 4133 2445 4201 Dominus,et
2466 4143 2701 4207 peccata
2720 4140 2979 4198 dimittet
3000 4144 3370 4218 indulgentia
3392 4150 3725 4227 [ingentia].

2076 4224 2170 4294 (De
2197 4239 2370 4295 cons.,
2400 4226 2525 4281 dist.
2551 4227 2608 4294 2,
2637 4243 2688 4284 c.
2721 4230 2874 4285 Nihil
2906 4233 2967 4287 in
2994 4235 3337 4308 sacriﬁciis.)
3375 4239 3532 4295 Nihil
3565 4224 3722 4297 enim

2074 4312 2133 4366 in
2186 4313 2492 4370 sacriﬁciis
2540 4318 2733 4387 majus
2782 4335 2912 4374 esse
2961 4327 3171 4392 potest,
3223 4341 3401 4396 quam
3433 4344 3644 4400 corpus
3674 4339 3733 4386 et

2075 4402 2319 4472 sanguis
2349 4402 2590 4472 Christi,
2615 4422 2720 4462 nec
2750 4406 2870 4464 ulla
2899 4409 3120 4468 oblatio
3153 4412 3261 4468 hac
3283 4416 3475 4486 potior
3502 4421 3728 4487 est,sed

1999 4491 2048 4558 D
2079 4507 2284 4546 omnes
2327 4492 2628 4562 praecellit,
2674 4511 2802 4565 quae
2875 4513 3023 4568 pura
3073 4503 3434 4561 conscientia
3481 4506 3732 4565 Domino

2079 4581 2375 4636 oﬁerenda
2401 4585 2512 4651 est,
2543 4587 2600 4638 et
2628 4599 2775 4654 pura
2806 4592 3002 4643 mente
3033 4594 3503 4649 consummenda
3532 4600 3642 4652 est.
3660 4597 3732 4652 Et

2074 4667 2228 4722 sicut
2257 4668 2446 4739 potior
2473 4674 2564 4726 est
2609 4673 2852 4742 ceteris,
2881 4674 2963 4731 ita
3004 4678 3206 4748 potius
3236 4681 3420 4737 excoli
3469 4687 3526 4739 et
3554 4700 3731 4740 vene-

2076 4755 2192 4811 rari
2223 4756 2416 4815 debet.

2073 4919 2206 4974 CAP.
2223 4920 2402 5005 '16...—
2435 4920 2568 5005 Quae
2580 4925 2790 5005 species
2818 4925 2889 5005 ad
2918 4927 3096 5005 altare
3116 4946 3229 5005 non
3254 4931 3326 4986 ad
3355 4934 3728 5005 sacriﬁcium,

2141 4990 2232 5046 sed
2251 4990 2322 5046 ad
2344 4990 2774 5074 benedictionem
2796 4999 3105 5074 simplicem
3127 4990 3542 5074 oﬂeranturjfc
3558 4990 3731 5066 cano:

2144 5079 2215 5116 ne
2243 5065 2632 5135 apostolorum,
2663 5083 2783 5140 cap.
2818 5069 2871 5124 4.

2143 5204 2360 5262 Offerre
2390 5224 2507 5263 non
2540 5207 2674 5265 licet
2702 5209 2926 5282 aliquid
2959 5213 3031 5269 ad
3067 5213 3249 5272 altare
3281 5223 3490 5290 prater
3547 5238 3729 5279 novas

2072 5293 2291 5365 spicas,
2321 5299 2379 5351 et
2409 5313 2574 5361 uvas,
2608 5302 2666 5353 et
2714 5297 2909 5356 oleum
2941 5302 3012 5356 ad
3064 5302 3400 5380 luminaria,
3451 5314 3508 5365 et
3536 5310 3726 5383 fabas,

314 5364 702 5424 sacramentis
749 5363 1012 5436 corporis
1061 5368 1118 5420 et
1165 5367 1478 5472 sanguinis
1528 5372 1761 5428 Domini
1815 5375 1962 5433 nihil
2071 5363 2128 5438 et
2159 5384 2544 5456 tbymiamata
2574 5387 2644 5441 ad
2699 5387 3035 5463 incensum,
3095 5363 3527 5472 tempore'quo
3559 5363 3732 5460 sacri;

315 5456 572 5529 amplius
600 5454 900 5524 oﬁ'eratur,
932 5469 1110 5526 quam
1131 5456 1286 5527 quod
1319 5456 1446 5528 ipse
1474 5460 1764 5518 Dominus
1796 5465 1958 5535 dicit,

389 5598 502 5670 (65)
535 5599 694 5656 Idem
725 5599 976 5658 habetur
1007 5616 1210 5675 supra,
1241 5618 1368 5676 cap.
1405 5604 1488 5661 11.

2071 5471 2400 5530 celebratur
2430 5473 2670 5532 oblatio.
