3982 6060
150 248 261 302 165

892 246 1207 300 DECRETI
1243 246 1433 301 PARS
1473 248 1544 301 ΙΙ.
1573 273 1641 283 —-
1674 245 1771 297 DE
1808 243 2014 299 CORP.
2056 245 2149 297 ET
2183 245 2396 299 SANG.
2437 244 2635 307 DOM.,
2675 243 2832 297 ETC.

3468 241 3572 295 166

147 372 286 428 CAP.
313 369 402 426 47.
434 397 506 412 -
537 373 615 424 De
637 368 841 424 eodem.
880 372 964 424 Ea:
991 367 1203 441 decreto
1251 368 1574 425 Melchiadis
1618 382 1804 441 papae,
1833 366 1888 435 Α
1919 364 2053 423 CAP.
2083 365 2173 423 22.
2210 396 2275 408 —
2306 367 2379 421 De
2406 366 2601 423 eadem
2629 382 2708 422 re.
2758 368 2841 441 Ea:
2872 366 3101 422 concilio
3153 365 3568 427 Aurelianensi,

876 456 998 511 cap.
1032 440 1085 495 l.

223 532 321 588 His
356 530 581 603 species
614 546 760 599 quas
793 546 911 584 non
952 528 1087 585 licet
1130 529 1335 585 offerre
1382 546 1560 600 super
1606 528 1807 594 altare,

146 624 323 694 juxta
352 619 835 676 constitutionem
867 617 1290 690 apostolorum,
1323 635 1645 689 eorumque
1675 634 1810 674 suc-

159 726 491 777 cessorum,
527 709 597 763 ad
630 709 875 763 domum
908 708 1283 763 sacerdotum
1317 707 1673 773 deferantur,
1692 712 1749 762 et
1777 724 1811 761 a

154 798 568 857 sacerdotibus
599 796 1103 862 benedicantur,et
1123 794 1375 865 simplici
1407 795 1812 850 benedictione

157 888 493 952 benedicta,
526 886 767 942 demum
790 902 824 939 a
849 883 1082 956 pepulis
1115 890 1449 940 sumantur.
1489 886 1651 939 Faba:
1682 890 1813 939 tan-

153 986 286 1035 tum
318 982 378 1033 et
403 993 544 1043 uvae,
576 975 751 1047 spicae
779 989 959 1042 nove,
993 973 1208 1039 oleum,
1240 979 1297 1028 et
1326 975 1710 1029 odoramenta
1741 974 1812 1028 ad

160 1068 497 1129 incensum,
528 1069 586 1119 et
634 1067 841 1119 cetera
887 1077 1014 1133 quas
1063 1060 1308 1132 apostoli
1359 1062 1812 1131 constituerunt,

159 1172 340 1228 super
372 1153 553 1209 altare
581 1152 924 1208 offerantur.

156 1249 292 1301 CAP.
323 1243 413 1298 48.
467 1272 534 1282 —
582 1240 738 1296 Nihil
785 1241 845 1294 in
891 1240 1167 1308 sacriﬁcio
1216 1249 1422 1309 praeter
1467 1256 1585 1310 qum
1633 1242 1815 1296 Domi-

233 1332 343 1371 nus
373 1315 589 1441 séatuit,
619 1310 984 1386 oferendum.
1018 1315 1100 1367 Ea:
1145 1327 1355 1367 canone
1403 1312 1813 1382 Apostolorum,

235 1404 359 1458 cap.
436 1429 448 1441 .

238 1476 302 1533 Si
330 1475 467 1547 quis
498 1472 815 1545 episcopus
847 1476 949 1528 aut
980 1471 1285 1544 presbyter
1329 1475 1537 1544 praeter
1579 1473 1819 1528 ordina-

166 1567 392 1623 tionem
425 1562 656 1619 Domini
702 1560 816 1617 alia
859 1561 1127 1633 quaedam
1172 1560 1231 1615 in
1282 1560 1570 1617 sacrificio
1618 1561 1822 1617 offerat

160 1670 344 1727 super
375 1652 577 1721 altare,
612 1651 671 1706 id
702 1655 790 1707 est
822 1649 935 1706 mel
969 1655 1070 1706 aut
1100 1648 1210 1718 lac,
1245 1654 1344 1705 aut
1374 1667 1479 1722 pro
1508 1649 1641 1705 vino
1672 1650 1822 1705 sice-

1992 527 2136 583 Illud
2163 527 2340 582 etiam
2370 439 3076 594 annecterfgi’im4videtur,
3109 528 3172 580 ut
3203 523 3399 581 oblata
3443 541 3569 596 qua:

1918 617 1977 671 in
2001 616 2171 671 altari
2195 616 2619 682 oil‘eruntur,de
2643 616 2895 670 Sabbato
2917 614 2976 669 in
2996 614 3320 670 Sabbatum
3343 629 3575 683 semper

1918 705 2306 773 innoventur;
2345 705 2482 775 quia
2527 721 2706 776 panes
2752 704 3194 775 propositionis,
3246 701 3348 772 qui
3399 718 3576 773 super

1920 810 2187 849 mensam
2215 794 2443 849 Domini
2466 794 2829 864 ponebantur
2851 809 2882 846 a
2903 793 3156 847 Sabbsto
3179 790 3236 845 in
3255 790 3576 845 Sabbatum

1922 899 2155 955 semper
2188 884 2588 948 mutabantur,
2622 898 2694 937 ne
2724 882 2822 936 diu
2856 880 3066 937 servati
3098 880 3317 935 mucidi
3350 881 3579 945 fiant,et

1923 976 1988 1026 ut
2017 973 2257 1041 quidam
2292 972 2542 1027 saeviunt
2574 970 2907 1041 [sentiunt],
2937 970 3057 1041 igni
3109 974 3576 1024 concrementur.

1923 1061 2083 1124 Quod
2118 1060 2168 1116 si
2198 1060 2415 1132 aliquis
2447 1059 2680 1115 diabolo
2714 1060 3030 1131 instigante
3062 1058 3171 1113 hoc
3201 1059 3389 1113 facere
3434 1073 3577 1127 pras-

1924 1149 2269 1220 sumpserit,
2300 1149 2618 1205 anathema
2646 1151 2744 1205 sit.

1996 1238 2132 1293 CAP.
2165 1240 2254 1295 23.
2309 1241 2374 1296 Ut
2423 1242 2693 1308 praesente
2740 1246 2791 1292 et
2838 1238 3195 1308 praecipiente
3242 1234 3575 1308 presbytero,

1994 1311 2257 1365 diaconus
2283 1305 2550 1381 populum
2605 1305 2987 1365 communicet.
3038 1310 3123 1363 Ea:
3166 1308 3399 1362 concilio
3450 1305 3577 1360 Car-

1998 1381 2322 1450 thaginensi
2352 1399 2431 1449 ιν,
2462 1398 2588 1452 cap.
2622 1382 2713 1435 38.

1999 1470 2282 1541 (Distinet.
2312 1471 2403 1538 93,
2439 1485 2487 1527 c.
2522 1468 2809 1539 Diaconi.)
2843 1467 2918 1522 Ut
2964 1466 3245 1523 diaconus
3294 1466 3581 1537 praesente

1929 1559 2267 1632 presbytero
2299 1557 2721 1614 eucharistiam
2756 1556 3018 1629 corporis
3065 1555 3300 1625 Christi,
3347 1552 3583 1626 populo,

1931 1648 1980 1703 si
2014 1648 2329 1703 necessitas
2365 1647 2539 1720 cogit,
2566 1648 2775 1718 jussus
2806 1648 3022 1717 eroget.

164 1759 320 1809 ram,
356 1746 457 1797 aut
488 1740 754 1796 confecta
785 1739 1077 1811 quaedam,
1104 1742 1206 1794 aut
1235 1738 1514 1809 volatilia,
1547 1743 1649 1794 aut
1698 1739 1820 1795 ani-
1856 1748 1902 1813 Β
1932 1736 2067 1813 CAP.
2100 1737 2189 1793 24.
2222 1766 2289 1776 --
2321 1736 2951 1813 Quoddiscretiomagna
2967 1732 3585 1813 essedebeat_inpercep-

162 1831 371 1903 malis,
403 1830 623 1903 aliqua,
682 1833 782 1885 aut
829 1828 1150 1901 legumina,
1201 1832 1404 1886 contra
1453 1829 1819 1887 constitutio-

164 1938 306 1979 nem
339 1921 576 1986 faciens,
609 1920 959 1992 deponatur.

165 2033 306 2087 CAP.
349 2030 429 2085 t9.
461 2058 528 2069 —
557 2029 621 2085 Ut
644 2027 957 2099 presbyteri
983 2042 1078 2081 vas
1108 2025 1387 2099 mundum,
1424 2026 1676 2093 habeant,
1728 2026 1824 2081 ubi

242 2117 449 2185 corpus
492 2098 838 2183 Dominicum
869 2099 1163 2185 diligentia
1192 2098 1547 2155 recondatur.
1581 2099 1663 2152 Ex
1691 2114 1823 2154 con-

243 2172 376 2229 cilio
410 2173 696 2241 Turonico,
728 2188 848 2242 cap.
881 2172 932 2226 4.

242 2261 454 2319 Omnis
483 2262 785 2332 presbyter
814 2259 1027 2315 habeat
1057 2259 1349 2331 pyxidem,
1383 2261 1484 2314 aut
1508 2275 1609 2314 vas
1657 2261 1821 2315 tanto

172 2354 549 2409 sacramento
581 2349 854 2419 dignum,
888 2347 987 2403 ubi
1020 2364 1233 2420 corpus
1262 2347 1494 2403 Domini
1525 2364 1658 2403 cum
1691 2346 1823 2404 dili-

171 2440 375 2513 gentia
424 2438 798 2505 recondatur,
851 2437 922 2491 ad
970 2436 1249 2492 viaticum
1298 2436 1705 2492 recedentibus
1754 2437 1825 2492 de

173 2528 417 2587 saeculo.
450 2529 586 2592 Que
620 2531 845 2581 tantum
896 2542 1064 2582 sacra
1105 2525 1321 2581 oblatio
1369 2526 1617 2580 intincta
1659 2527 1825 2582 debet

172 2635 305 2675 esse
329 2618 391 2672 in
414 2616 701 2688 sanguine
721 2615 959 2682 Christi,
984 2619 1049 2669 ut
1070 2614 1353 2670 veraciter
1373 2615 1673 2687 presbyter
1697 2631 1828 2687 pos-

175 2709 251 2764 sit
274 2708 472 2762 dicere
493 2704 1006 2776 inﬁrmo:Corpus,
1039 2708 1095 2760 et
1116 2704 1358 2776 sanguis
1381 2704 1612 2759 Domini
1644 2704 1829 2759 nostri

174 2798 318 2853 Jesu
353 2793 571 2851 Christi
602 2793 871 2865 proficiat
901 2793 1008 2847 tibi
1057 2793 1116 2847 in
1167 2792 1573 2848 remissionem
1624 2808 1830 2865 pecca-

174 2891 403 2954 torum,
453 2887 510 2939 et
552 2883 733 2938 vitam
781 2887 1080 2938 aeternam.
1132 2882 1487 2954 Semperque
1534 2882 1610 2937 sit
1657 2898 1836 2953 super

178 2976 366 3032 altare
389 2974 681 3040 obserata,
708 2976 947 3044 propter
967 2987 1165 3028 mures
1186 2976 1242 3027 et
1262 2972 1515 3027 nefarios
1538 2972 1831 3042 homines,

182 3068 237 3118 et
258 3063 336 3118 de
362 3062 613 3133 septimo
641 3062 696 3115 in
720 3060 1037 3133 septimum
1062 3063 1323 3116 mutetur
1343 3060 1660 3132 semper,id
1683 3064 1769 3116 est
1800 3077 1834 3116 a

179 3152 523 3225 presbytero
553 3150 655 3206 illa
703 3154 995 3218 sumatur,
1045 3154 1103 3206 et
1148 3150 1263 3205 alia
1311 3167 1438 3222 quas
1488 3152 1691 3206 eadem
1741 3151 1837 3205 die

184 3244 530 3297 consecrata
579 3243 669 3295 est
715 3240 775 3294 in
825 3238 952 3295 loco
1003 3240 1132 3311 ejus
1183 3241 1555 3311 subrogetur,
1588 3257 1659 3296 ne
1690 3239 1838 3296 forte

184 3328 413 3384 diutius
445 3329 770 3395 observata,
804 3327 1062 3398 mucida,
1095 3329 1248 3400 quod
1283 3328 1466 3384 absit!
1500 3329 1621 3385 fiat.

181 3438 317 3491 CAP.
353 3434 447 3490 20.
481 3464 551 3473 —-
584 3435 644 3491 Ut
662 3433 966 3506 presbyter
992 3448 1208 3505 semper
1237 3434 1645 3489 Eucharistiam
1672 3451 1840 3506 prop-

256 3517 344 3562 ter
371 3507 623 3576 inﬁrmos
653 3506 846 3561 habeat
870 3515 1158 3577 paratam.
1191 3507 1274 3561 Ex
1319 3507 1551 3561 concilio
1608 3507 1844 3563 Worma-

253 3580 450 3641 tiensi,
478 3594 599 3648 cap.
630 3578 683 3633 5.

257 3670 368 3738 (De
396 3682 569 3735 cons.,
596 3666 724 3721 dist.
747 3669 803 3731 2,
827 3681 876 3722 ο.
904 3667 1247 3738 Presbyter.)
1278 3666 1586 3735 Presbyter
1614 3681 1847 3736 semper

190 3754 629 3811 Eucharistiam
651 3753 867 3809 habeat
887 3758 1248 3825 paratam,ut
1268 3755 1502 3824 quando
1525 3754 1660 3825 quis
1681 3754 1846 3807 infir-

189 3850 389 3900 matus
424 3844 620 3908 fuerit,
654 3848 756 3898 aut
780 3843 1063 3915 parvulus
1092 3844 1367 3899 infirmus
1401 3843 1595 3913 fuerit,
1646 3842 1846 3899 statim

190 3950 329 3988 cum
364 3931 784 3998 communicet,
818 3949 891 3987 ne
920 3934 1047 3989 sine
1077 3934 1492 3988 communione
1541 3933 1846 3988 moriatur.

190 4039 325 4093 CAP.
376 4038 469 4093 2t.
521 4068 589 4078 -—
641 4040 809 4094 Tanta
854 4041 915 4094 in
962 4040 1136 4094 altari
1181 4038 1503 4095 holocausta
1550 4039 1847 4111 offerenda,

263 4115 478 4181 quanta
496 4111 696 4179 populo
716 4111 970 4180 sufﬁcere
989 4111 1215 4181 possint,
1246 4119 1296 4166 et
1317 4112 1466 4180 quod
1495 4114 1851 4178 remanserit,

262 4199 392 4236 cum
422 4184 645 4246 timore,
676 4186 727 4236 et
758 4189 1017 4246 tremore,
1048 4199 1254 4250 magna
1283 4184 1587 4251 diligentia
1626 4184 1851 4238 clerico-

264 4270 416 4326 rum,
440 4252 787 4326 sumendum.
815 4258 898 4309 Κατ
917 4256 1143 4324 epistola
1167 4256 1460 4326 Clementis
1475 4269 1641 4326 papae
1672 4257 1849 4325 (epist.

266 4326 316 4380 ll
346 4324 417 4379 ad
445 4325 659 4391 Jacob.,
689 4330 927 4395 fratrem
956 4324 1227 4396 Domini.)

268 4414 372 4485 (De
400 4428 575 4480 cons.,
608 4414 741 4470 dist.
773 4414 827 4483 2,
859 4429 905 4470 c.
964 4414 1154 4469 Tribus
1201 4414 1512 4487 gradibus.)
1559 4415 1744 4470 Tanta
1792 4413 1850 4469 in

193 4500 369 4559 altari
392 4501 736 4558 holocausta
758 4502 1326 4573 olferantur,quanta
1348 4484 1562 4575 pepulo
1587 4503 1854 4558 sufﬁcere
1884 4484 1930 4549 D

193 4592 470 4647 debeant.
497 4591 660 4657 Quod
685 4590 1055 4660 remanserit,
1087 4591 1144 4646 in
1168 4592 1493 4648 crastinum
1518 4608 1632 4647 non
1666 4608 1851 4647 reser-

193 4684 387 4750 vetur,
412 4680 513 4735 sed
538 4696 671 4734 cum
698 4680 930 4747 timore,
953 4684 1011 4735 et
1040 4684 1314 4749 tremore,
1348 4679 1689 4736 clericorum
1724 4679 1853 4734 dili-

199 4767 399 4838 gentia
441 4772 848 4825 consumatur.
897 4769 1005 4834 Qui
1068 4774 1265 4825 autem
1315 4769 1551 4825 residua
1597 4770 1857 4841 corporis

199 4856 594 4927 Domini,qu&
625 4856 684 4911 in
718 4859 973 4913 sacrario
1005 4856 1210 4913 relicta
1240 4862 1381 4913 sunt
1430 4862 1695 4922 sumunt,
1742 4873 1857 4912 non

205 4945 406 5000 statim
439 4946 510 5000 ad
544 4962 889 5002 communes
920 4945 1081 5001 cibos
1130 4946 1446 5001 sumendos
1493 4946 1857 5016 conveniant,

204 5050 280 5089 ne
312 5038 521 5106 putent
550 5039 765 5091 sanctis
798 5035 1054 5107 portioni
1086 5036 1465 5091 commiscere
1497 5034 1716 5102 cibum,
1761 5034 1861 5107 qui

202 5139 315 5194 per
345 5123 711 5194 aqualiculos
744 5125 1009 5197 digestus
1042 5125 1100 5179 in
1134 5141 1432 5181 secessum
1467 5124 1772 5180 emittitur.
1805 5124 1862 5178 Si

202 5228 344 5283 ergo
381 5229 551 5268 mane
583 5213 888 5270 Dominica
919 5214 1111 5286 portio
1144 5214 1359 5282 editur,
1394 5230 1579 5285 usque
1622 5215 1694 5269 ad
1736 5230 1861 5269 sex-

205 5306 329 5356 tam
358 5302 633 5373 jejunent
665 5302 921 5359 ministri
954 5303 1055 5375 qui
1089 5318 1219 5359 eam
1252 5307 1659 5375 sumpserunt,
1708 5308 1765 5359 et
1814 5301 1864 5358 si

202 5391 380 5448 tertia
409 5391 495 5447 vel
529 5396 740 5463 quarta
761 5392 906 5449 hora
936 5392 1553 5464 acciperintjejunent
1584 5408 1770 5463 usque
1792 5392 1865 5447 ad

201 5496 534 5553 vesperam.
569 5481 663 5538 Sic
694 5487 919 5538 secreta
948 5482 1412 5540 sanctiﬁcatione
1432 5488 1646 5539 aeterna
1672 5486 1865 5539 custo-

206 5571 423 5629 dienda
453 5574 598 5629 sunt
624 5576 1013 5631 sacramenta.

2001 1810 2153 1863 tione
2174 1802 2420 1878 corporis
2446 1812 2497 1863 et
2516 1808 2811 1877 sanguinis
2838 1802 3077 1861 Domini.
3105 1807 3184 1859 Ea:
3206 1802 3438 1878 epistbla
3462 1802 3583 1878 Cle-

2001 1880 2200 1934 mentis
2222 1874 2387 1951 papc'e
2408 1874 2687 1950 (Epistfll
2709 1878 2776 1932 ad
2804 1878 3023 1946 Jacob.,
3048 1874 3287 1947 fratrem
3322 1874 3582 1944 Domini).

2004 1970 2065 2023 In
2100 1968 2475 2038 perceptione
2508 1966 2771 2038 corporis
2824 1970 2882 2021 et
2932 1964 3243 2036 sanguinis
3296 1961 3587 2018 Dominici

1932 2073 2147 2129 magna
2178 2055 2453 2111 discretio
2486 2055 2820 2111 adhibenda
2842 2054 3282 2109 est.Cavendum
3312 2057 3400 2108 est
3428 2050 3586 2106 enim

1932 2162 2022 2211 ne,
2059 2146 2106 2200 si
2143 2144 2393 2201 nimium
2430 2144 2486 2199 in
2522 2144 2765 2216 longum
2797 2144 3125 2209 differatur,
3158 2142 3229 2196 ad
3266 2140 3584 2213 perniciem

1934 2234 2141 2289 animae
2174 2235 2481 2306 pertineat,
2516 2234 2745 2289 dicente
2789 2232 3037 2288 Domino
3073 2248 3087 2287 :
3118 2233 3244 2288 Nisi
3288 2229 3592 2285 manduca-

1932 2324 2126 2379 veritis
2154 2339 2372 2378 carnem
2408 2323 2538 2377 Filii
2567 2321 2826 2387 hominis,
2847 2324 2893 2375 et
2929 2321 3180 2375 biberitis
3208 2320 3328 2381 eius
3358 2319 3595 2387 sangui—

1933 2428 2083 2477 nem,
2107 2428 2220 2467 non
2250 2413 2525 2467 habebitis
2556 2412 2725 2465 vitam
2756 2413 2814 2464 in
2846 2409 2995 2465 vobis
3025 2409 3206 2479 (Joan.
3238 2412 3337 2477 v1).
3370 2408 3428 2462 Si
3461 2423 3592 2462 vero

1935 2501 2251 2556 indiscrete
2284 2500 2630 2570 accipiatur,
2662 2499 2992 2553 timendum
3023 2503 3111 2552 est
3141 2497 3287 2552 illud
3320 2497 3474 2567 quod
3511 2495 3593 2549 ait

1935 2588 2252 2661 Apostolus
2287 2605 2299 2642 :
2334 2590 2440 2656 Qui
2470 2588 2785 2642 manducet
2809 2595 2859 2641 et
2888 2587 3025 2640 bibit
3055 2601 3249 2655 corpus
3277 2592 3328 2640 et
3358 2583 3592 2655 sangui-

1936 2696 2061 2734 nem
2096 2679 2319 2733 Domini
2348 2676 2874 2746 indignejudicium
2901 2674 3012 2730 sibi
3038 2674 3333 2729 manducet
3362 2682 3412 2729 et
3463 2674 3599 2730 bibit

1940 2768 1986 2840 (ι
2013 2767 2140 2823 Cor.
2173 2767 2271 2837 xu).
2305 2767 2482 2821 Juxta
2525 2766 2789 2836 ejusdem
2836 2781 2971 2819 vero
3018 2762 3279 2835 Apostoli
3324 2779 3523 2818 vocem
3580 2781 3594 2819 :

1939 2856 2135 2912 Probet
2163 2859 2404 2927 seipsum
2438 2856 2617 2921 homo,
2646 2858 2699 2909 et
2727 2855 2808 2909 sic
2836 2854 2909 2908 de
2934 2868 3087 2925 pane
3117 2852 3213 2907 illo
3245 2852 3390 2922 edat,
3435 2857 3486 2907 et
3533 2853 3600 2907 de

1939 2946 2110 3000 calice
2132 2946 2280 3000 bibat
2305 2944 2491 3013 (ibid)
2525 2960 2537 2997 :
2564 2946 2630 2998 ut
2650 2940 2920 2998 videlicet
2943 2941 3248 2997 abstinens
3278 2940 3599 3013 aliquantis

1942 3035 2151 3090 diebus
2180 3034 2252 3089 ab
2285 3033 2561 3104 operibus
2594 3032 2874 3097 carnis,et
2902 3030 3223 3103 puriﬁcans
3244 3047 3457 3103 corpus
3479 3030 3600 3086 ani-

1946 3141 2223 3197 mamque
2255 3140 2447 3188 suam,
2480 3126 2766 3195 praeparet
2799 3138 2860 3177 se
2893 3122 2962 3177 ad
2998 3120 3443 3194 percipiendum
3476 3126 3604 3179 tan-

1943 3219 2070 3269 tum
2095 3210 2838 3283 sacramentum,exemplo
2870 3211 3072 3277 David,
3094 3210 3192 3282 qui
3227 3211 3341 3265 nisi
3375 3212 3601 3268 confes-

1948 3320 2051 3358 sus
2075 3303 2282 3357 fuisset
2302 3318 2364 3357 se
2387 3301 2746 3356 abstinuisse
2774 3300 2845 3355 ab
2869 3316 3040 3371 opere
3062 3299 3353 3370 conjugali
3371 3300 3441 3355 ab
3456 3300 3602 3367 heri,

1948 3396 2005 3447 et
2032 3392 2248 3446 nudius
2277 3390 2889 3461 tertius,nequaquam
2929 3403 3104 3458 panes
3137 3387 3604 3460 propositionum

1951 3499 1985 3536 a
2014 3480 2315 3537 sacerdote
2349 3479 2673 3551 accepisset
2701 3479 2747 3549 (I
2775 3478 2896 3548 Reg.
2930 3478 3068 3549 xu).

1953 3572 2084 3624 CAP.
2116 3570 2205 3623 25.
2234 3598 2303 3608 —-
2350 3573 2428 3623 De
2477 3568 2824 3638 quotidiana
2860 3567 3208 3636 perceptione
3255 3568 3502 3638 corporis
3556 3569 3609 3621 et

2021 3642 2315 3706 sanguinis
2374 3641 2614 3694 Domini.
2666 3640 2748 3692 Ea:
2794 3637 2955 3693 dictis
3012 3640 3309 3707 Augustini
3350 3637 3486 3707 (lib.
3534 3640 3608 3693 De

2025 3713 2213 3768 eccles.
2241 3711 2441 3781 dogm.,
2475 3728 2523 3766 c.
2555 3710 2669 3776 53).

2027 3802 2123 3871 (De
2150 3816 2323 3867 cons.,
2356 3799 2485 3854 dist.
2530 3800 2588 3869 2,
2632 3815 2678 3854 c.
2729 3797 3025 3870 Quotidie.)
3074 3797 3344 3862 Quotidie
3393 3799 3614 3854 eucha-

1957 3890 2137 3946 ristiaa
2168 3888 2645 3944 communionem
2674 3888 2939 3958 accipere
2971 3903 3078 3942 nec
3110 3887 3304 3957 laudo,
3329 3904 3435 3943 nec
3466 3889 3618 3943 vitu-

1958 3979 2402 4051 pero,omnibus
2438 3983 2632 4032 tamen
2667 3977 2875 4031 diebus
2922 3977 3245 4032 Dominicis
3294 3978 3616 4032 communi-

1959 4069 2213 4124 candum
2248 4068 2466 4123 hortor.
2492 4068 2635 4136 (Lib.
2663 4082 2717 4120 1v
2749 4066 3181 4131 Sententiarum,
3205 4066 3335 4120 dist.
3370 4067 3454 4133 12,
3480 4069 3506 4132 §
3535 4065 3616 4132 h.)

1959 4160 2019 4214 Si
2050 4164 2245 4214 tamen
2280 4173 2447 4212 mens
2481 4157 2538 4210 in
2571 4156 2781 4209 aﬁ‘ectu
2814 4152 3091 4225 peccandi
3121 4153 3462 4224 est,gravari
3498 4170 3615 4208 ma.

1964 4250 2054 4321 gis
2085 4249 2210 4302 dico
2242 4245 2602 4302 eucharistim
2636 4242 3025 4315 perceptione,
3059 4257 3235 4312 quam
3285 4241 3608 4312 purificari.

1963 4340 2030 4395 Et
2058 4338 2186 4393 ideo
2217 4335 2483 4406 quamvis
2514 4332 2649 4405 quis
2680 4336 2918 4403 peccato
2949 4331 3310 4397 mordeatur,
3328 4329 3607 4402 peccandi

1962 4433 2162 4482 tamen
2185 4425 2256 4479 de
2277 4428 2482 4478 catero
2511 4438 2626 4477 non
2661 4420 2878 4476 habeat
2907 4419 3619 4485 voluntatem,communi-

1962 4521 2202 4573 naturus
2233 4512 2555 4568 satisfaciat
2586 4509 2865 4581 lacrymis
2887 4514 2943 4564 et
2960 4510 3347 4573 orationibus,
3367 4515 3423 4564 et
3444 4510 3625 4564 conii-

1964 4607 2110 4660 dens
2139 4604 2210 4657 de
2245 4600 2473 4655 Domini
2505 4597 2910 4654 misericordia
2941 4598 3177 4653 accedat
3222 4597 3307 4652 ad'
3344 4597 3621 4653 euchari—

1965 4696 2139 4751 stiam
2172 4688 2500 4759 intrepidus
2531 4691 2589 4742 et
2618 4702 2886 4742 securus.
2920 4686 3031 4742 Sed
3064 4686 3172 4741 hoc
3203 4686 3275 4740 de
3321 4685 3421 4741 illo
3473 4687 3627 4751 dico,

1967 4798 2141 4854 quem
2175 4776 2446 4835 mortalia
2476 4782 2708 4847 peccata
2738 4790 2855 4831 non
2886 4783 3150 4846 gravant.

1967 4876 2097 4927 CAP.
2129 4868 2221 4924 26.
2253 4897 2322 4906 —
2352 4866 2428 4919 De
2455 4863 2643 4936 eadem
2689 4880 2771 4936 re.
2822 4865 2909 4936 Ea:
2956 4862 3121 4936 dictis
3168 4863 3410 4931 eiusdem
3460 4866 3628 4936 (Aug.

2180 4939 2338 5011 epist.
2373 4936 2476 4991 “8
2504 4935 2653 5001 ead.,
2681 4934 2896 5007 dist.2).
2928 4934 3018 4990 Ad
3044 4936 3416 4993 Ianuarium.

2041 5028 2259 5087 Dixerit
2279 5025 2575 5098 quispiam
2599 5041 2714 5080 non
2733 5024 2995 5096 quotidie
3006 5023 3409 5097 accipiendam
3425 5024 3638 5081 eucha-

1971 5115 2378 5185 ristiam,alius
2410 5113 2666 5170 afﬁrmet
2695 5113 2975 5184 quotidie.
2996 5113 3192 5169 Faciat
3227 5114 3636 5186 unusquisque

1973 5208 2130 5283 quod
2164 5204 2490 5262 secundum
2523 5202 2698 5258 ﬁdem
2731 5218 2900 5258 suam
2933 5201 3026 5273 pie
3049 5202 3233 5259 credit
3263 5219 3389 5259 esse
3426 5200 3639 5259 iacien-

1973 5300 2135 5355 dum.
2166 5295 2365 5365 Neque
2395 5292 2554 5349 enim
2588 5290 2975 5363 litigaverunt
3005 5290 3159 5348 inter
3187 5309 3271 5361 se,
3323 5295 3426 5347 aut
3474 5289 3637 5361 quis-

1976 5402 2153 5460 quam
2182 5400 2245 5440 se
2275 5382 2442 5438 alteri
2479 5380 2796 5454 praaposuit
2824 5380 3101 5436 Zacbaeus
3132 5386 3189 5437 et
3213 5380 3311 5435 ille
3342 5377 3632 5446 centurio,

1976 5492 2111 5534 cum
2141 5474 2285 5530 alter
2312 5487 2512 5529 eorum
2539 5470 2804 5541 gaudens
2836 5469 2894 5525 in
2927 5470 3100 5525 domo
3146 5486 3257 5525 sua
3306 5466 3641 5541 susceperit

1976 5564 2286 5625 Dominum
2326 5562 2478 5635 (Luc.
2522 5560 2676 5633 11x);
2711 5559 2856 5617 alter
2906 5558 3117 5616 dixerit
3160 5574 3176 5614 ;
3230 5556 3481 5624 Domine,
3530 5574 3642 5616 non
