3970 6058
378 248 480 303 167

1458 241 1530 293 D.
1570 235 1810 291 IVONIS
1844 231 2340 288 CARNOTENSIS
2377 233 2703 289 EPISCOPI

3684 236 3787 291 168

375 393 501 435 sum
530 375 732 446 dignus
761 378 822 429 ut
853 372 1031 428 intres
1060 370 1161 425 sub
1189 372 1389 424 tectum
1416 380 1601 420 meum
1630 360 1843 433 (Matth.
1876 358 2027 432 vm).
2057 360 2112 428 Α
2141 358 2358 415 cundia
2388 362 2594 417 mutua
2624 362 3055 419 consulendum
3089 377 3180 419 me
3208 362 3584 434 existimasti,
3617 363 3800 422 frater

377 466 563 523 Ambo
586 463 944 520 Salvatorem
968 458 1445 521 honoriﬁcantes,
1479 451 1751 523 quamvis
1774 467 1887 506 non
1912 466 2028 506 uno

382 557 575 623 modo;
611 554 783 609 ambo
819 550 1071 623 peccatis
1102 545 1324 604 miseri:
1359 543 1531 599 ambo
1564 540 2027 597 misericordiam

379 642 699 703 consecuti.
730 641 897 696 Valet
918 638 1090 695 etiam
1116 636 1187 690 ad
1214 634 1364 688 hanc
1393 630 1840 687 similitudinem
1871 630 2026 701 quod

380 736 439 791 in
474 734 662 808 primo
695 728 912 804 populo
942 725 1262 795 unicuique
1293 738 1511 778 manna
1541 722 1865 777 secundum
1896 736 2029 790 pro-

379 824 569 898 priam
602 819 961 877 voluntatem
992 816 1052 870 in
1083 828 1179 869 ore
1210 810 1587 884 sapiebat;sic
1619 809 1675 865 in
1708 825 1805 865 ore
1834 809 2030 879 cujus-

377 929 492 985 que
521 906 836 967 Christiani
871 906 1300 961 sacramentum
1332 900 1478 956 illud
1510 899 1798 972 quomodo
1829 914 2029 955 suma-

374 1008 474 1059 tur
504 997 937 1056 aestimandum.

374 1092 507 1148 CAP.
540 1090 631 1145 27.
663 1118 731 1128 —-
763 1089 847 1140 De
874 1084 1056 1149 laicis,
1089 1084 1149 1137 ut
1177 1083 1231 1137 si
1257 1096 1364 1137 non
1396 1080 1655 1151 amplius,
1699 1079 1895 1133 saltem
1943 1083 2028 1132 ter

446 1166 503 1217 in
531 1176 677 1215 anno
707 1156 1128 1214 communicent.
1162 1156 1245 1209 Ea:
1272 1154 1501 1225 epistola
1553 1152 1795 1206 Fabiani
1842 1166 2025 1222 papae,

444 1232 761 1393 ῗιῗῖθεῗξυεη
794 1317 926 1373 dist.
959 1316 1014 1382 2,
1046 1331 1094 1371 c.
1128 1314 1245 1369 Etsi
1266 1328 1379 1368 non
1419 1312 1811 1383 frequentius.)
1859 1311 1927 1366 Et
1976 1308 2026 1365 si

376 1429 492 1468 non
528 1407 894 1481 frequentius
924 1405 1131 1461 saltem
1164 1403 1223 1457 in
1255 1418 1409 1457 anno
1439 1405 1527 1456 ter
1554 1400 1825 1455 homines
1870 1415 2026 1455 com-

376 1501 677 1557 municent
719 1495 856 1570 (nisi
910 1496 1053 1551 forte
1102 1493 1236 1566 quis
1285 1489 1609 1562 majoribus
1661 1488 2028 1561 quibuslibet

374 1587 723 1647 criminibus
754 1582 1220 1658 impediatur),in
1252 1580 1478 1637 Pascha
1505 1578 1857 1649 videlicet,et
1885 1580 2026 1636 Pen-

372 1683 615 1747 tecoste,
648 1681 705 1733 et
728 1674 919 1732 Natali
952 1672 1206 1729 Domini.

2140 449 2650 522 charissime,quid
2685 452 2829 507 mihi
2861 452 3131 508 videatur
3155 453 3223 508 de
3256 452 3539 509 histrione
3566 452 3801 526 illo,qui

2140 538 2294 609 apud
2325 555 2424 594 vos
2456 539 2835 608 constitutus,
2868 539 2925 595 in
2958 539 3224 611 ejusdem
3254 540 3447 595 adhuc
3479 541 3624 597 artis
3676 559 3796 598 sua:

2141 627 2423 683 dedecore
2480 634 2812 699 perseverat
2869 633 2927 685 et
2978 628 3262 702 magister
3310 632 3367 684 et
3424 630 3625 686 doctor
3678 648 3797 687 non

2138 716 2721 784 erudiendorum,sed
2749 719 3181 789 perdendorum
3208 718 3611 789 puerorum,id
3638 720 3794 791 quod

2139 805 2291 861 male
2322 805 2549 875 didicit,
2581 807 2807 862 caeteris
2839 824 3071 880 quoque
3104 808 3386 876 insinuat;
3421 824 3492 863 an
3523 807 3658 864 talis
3691 810 3800 864 de-

2137 896 2273 951 beat
2301 896 2738 952 communicare
2770 896 3105 953 nobiscum.
3138 898 3281 953 Puto
3313 913 3418 970 ego
3451 914 3554 953 nec
3606 898 3791 970 maje-

2138 984 2274 1040 stati
2302 985 2532 1053 divinas,
2568 1002 2672 1042 nec
2704 986 3046 1057 evangelica:
3078 987 3405 1059 discipline:
3447 1003 3797 1059 congruere,

2138 1078 2203 1130 ut
2234 1075 2420 1145 pudor
2450 1078 2507 1130 et
2553 1074 2743 1131 honor
2787 1075 3053 1131 Ecclesiae
3104 1082 3223 1131 tam
3275 1076 3433 1149 turpi
3482 1081 3540 1132 et
3582 1076 3796 1132 infami

2136 1162 2484 1236 contagione
2515 1164 2783 1221 fmdetur.

2135 1252 2269 1309 CAP.
2302 1253 2391 1327 32.
2425 1284 2491 1295 -
2525 1254 2781 1323 Quandiu
2813 1255 3187 1327 unusquisque
3211 1263 3339 1311 ante
3364 1272 3595 1312 sacram
3637 1272 3791 1312 com-

2204 1326 2525 1451 Ettigionem
2555 1328 2623 1382 ab
2657 1343 2833 1383 uxore
2857 1326 3131 1383 abstinere
3162 1327 3370 1383 debeat.
3419 1330 3505 1383 Ex
3550 1329 3789 1385 concilio

2282 1414 2299 1451 ι
2338 1407 2574 1454 eritano.

2206 1487 2303 1558 (De
2331 1502 2502 1554 cons.,
2528 1486 2656 1542 dist.
2688 1491 2744 1555 2,
2774 1504 2821 1543 c.
2856 1487 3045 1545 Omnis
3097 1487 3304 1559 homo.)
3357 1487 3559 1545 Omnis
3611 1489 3790 1546 homo

2135 1578 2270 1630 ante
2302 1591 2527 1633 sacram
2560 1577 3036 1633 communionem
3070 1594 3102 1633 a
3128 1576 3362 1649 propria
3391 1594 3568 1634 uxore
3607 1578 3792 1635 absti-

2135 1681 2272 1721 nere
2301 1666 2472 1721 debet
2502 1669 2642 1734 tres,
2676 1671 2778 1722 aut
2811 1670 3084 1739 quatuor,
3118 1673 3219 1722 aut
3251 1671 3479 1739 septem
3511 1668 3656 1725 dies.

373 1789 498 1846 CAP.
529 1745 619 1842 21V.
654 1816 720 1823 —
749 1786 823 1839 De
852 1780 1208 1847 eucharistia,
1262 1783 1321 1834 ut
1370 1780 1469 1849 qui
1515 1794 1730 1849 semper
1773 1783 2019 1850 peccant,

2196 1772 2265 1839 tP.
2298 1755 2387 1850 233.
2418 1786 2488 1850 ῖ-
2522 1756 2760 1850 υξὶίηξεν
2783 1756 3091 1850 ϐριήςὶιξοξ
3115 1759 3799 1850 ncn‘c‘onnumereturqui

445 1874 659 1929 semper
714 1857 959 1926 accipere
1016 1853 1265 1929 debeant.
1314 1853 1402 1906 Ea:
1446 1850 1607 1907 dictis
1659 1850 1925 1922 Cypriani
1970 1858 2024 1907 et

444 1926 690 1987 aliorum
716 1934 1031 1984 sanctorum
1060 1926 1310 1979 Patrum.

446 2022 528 2091 (In
587 2034 755 2073 serm.
808 2016 987 2071 Caenea
1044 2013 1313 2075 Domini;
1373 2012 1471 2067 lib.
1522 2030 1580 2068 IV
1626 2013 1701 2067 De
1754 2028 2024 2082 sacram.,

370 2125 495 2180 cap.
527 2108 605 2180 6),
636 2106 867 2161 Sanctus
898 2104 1208 2175 Cyprianus
1238 2101 1382 2157 dixit
1413 2119 1431 2155 :
1462 2101 1830 2158 Eucharistia
1872 2119 2025 2174 quo-

374 2198 521 2254 tidie
551 2197 621 2251 ad
652 2194 849 2251 cibum
881 2191 1091 2248 salutis
1119 2190 1420 2262 accipitur.
1443 2190 1684 2246 Sanctus
1714 2192 2027 2249 Ambrosius

374 2287 522 2343 dixit
544 2286 631 2342 :Si
664 2282 1130 2357 quotiescunque
1163 2278 1485 2334 effunditur
1514 2280 1756 2352 sanguis
1785 2280 2021 2351 Christi,

372 2375 433 2431 in
465 2372 873 2432 remissionem
905 2373 1277 2442 peccatorum
1310 2368 1837 2439 cilunditur,debeo
1867 2386 2023 2427 sem-

372 2481 475 2536 per
496 2463 779 2535 accipere,
808 2460 909 2532 qui
932 2474 1167 2530 semper
1188 2473 1382 2529 pecco,
1406 2457 1587 2513 debeo
1608 2475 1842 2532 semper
1871 2461 2023 2515 acci-

373 2569 510 2626 pere
542 2549 916 2608 medicinam.
952 2548 1189 2604 Sanctus
1239 2547 1497 2603 Hilarius
1542 2548 1689 2603 dixit
1738 2566 1757 2604 :
1800 2549 1856 2603 Si
1906 2567 2023 2606 non

370 2646 542 2701 tanta
574 2645 716 2699 sunt
746 2643 1005 2711 peccata,
1037 2642 1103 2693 ut
1132 2636 1676 2692 excommunicetur
1705 2638 1856 2709 quis,
1907 2657 2024 2695 non

371 2733 545 2788 debet
594 2749 628 2786 a
674 2729 965 2785 medicina
996 2727 1257 2799 corporis
1287 2726 1519 2783 Domini
1552 2728 1827 2799 separari.
1861 2728 2026 2785 Unde

372 2819 703 2878 timendum
732 2821 821 2873 est
848 2834 921 2873 ne
953 2816 1049 2870 diu
1084 2816 1416 2872 abstractus
1447 2833 1479 2872 a
1522 2816 1737 2872 Christi
1783 2834 2025 2891 corpore

373 2910 602 2965 alienus
624 2909 919 2962 remaneat
940 2922 973 2960 a
993 2904 1205 2961 salute.
1238 2905 1383 2962 Nam
1410 2906 1786 2962 manifestum
1817 2914 1906 2964 est
1936 2909 2022 2965 vi-

370 3013 524 3067 vere,
544 2995 646 3073 qui
668 3011 880 3066 corpus
910 2994 1210 3066 attingunt
1236 2993 1475 3061 Christi,
1498 2996 1624 3065 ipso
1658 2997 1902 3055 Domino
1932 2999 2023 3054 di-

371 3094 535 3144 cente
569 3102 582 3140 :
614 3085 733 3140 Nisi
760 3083 1225 3139 manducaveritis
1252 3100 1475 3138 carnem
1505 3084 1639 3140 Filii
1666 3086 1924 3154 hominis,
1973 3092 2023 3145 et

370 3174 622 3232 biberitis
642 3174 760 3245 ejus
784 3173 1245 3242 sanguinem,non
1270 3172 1541 3227 habebitis
1562 3176 1729 3229 vitam
1764 3178 1818 3229 in
1854 3177 2026 3234 vobis.

368 3264 476 3332 Qui
506 3263 665 3321 enim
688 3263 815 3335 jam
850 3277 1090 3335 peccare
1136 3261 1378 3333 quievit,
1428 3264 1862 3321 communicare
1910 3283 2026 3322 non

368 3352 619 3409 desinat.

362 3442 495 3498 CAP.
527 3441 617 3495 29.
649 3471 717 3481 --
748 3438 903 3512 Quod
940 3439 999 3493 in
1030 3438 1226 3509 sigulis
1258 3438 1447 3512 diebus
1478 3441 1777 3497 Dominicis
1800 3445 1857 3499 in
1883 3446 2027 3512 Qua-

433 3512 745 3581 dragesima
775 3511 959 3580 ﬁdeles
988 3511 1437 3568 communicandi
1479 3514 1611 3569 sint.
1664 3515 1747 3571 Ex
1794 3511 2025 3573 decretis

431 3584 665 3640 Silverii
687 3597 873 3654 papae,
906 3599 1029 3654 cap.
1062 3583 1116 3638 3.

432 3688 695 3761 Singulis
725 3688 934 3745 diebus
966 3688 1283 3746 Dominicis
1307 3690 1366 3747 in
1390 3692 2023 3767 Quadragesima,pras-

363 3782 452 3834 ter
481 3778 589 3835 hos
620 3778 723 3851 qui
754 3780 1246 3836 excommunicati
1280 3790 1498 3850 sunl,et
1530 3784 1891 3855 prceterillos
1922 3788 2024 3857 qui

361 3866 422 3922 in
455 3866 690 3939 publica
721 3867 1064 3939 pcenitentia
1094 3874 1258 3934 sunt,
1279 3877 1648 3928 sacramenta
1679 3875 1937 3944 corporis
1967 3880 2025 3932 et

361 3956 675 4029 sanguinis
704 3955 921 4012 Christi
954 3958 1244 4013 sumenda
1275 3963 1415 4014 sunt
1448 3976 1460 4015 :
1492 3965 1548 4015 et
1579 3961 1638 4016 in
1688 3966 1861 4018 Coena
1910 3965 2022 4021 Do-

362 4045 530 4112 mini,
568 4045 629 4101 in
669 4044 869 4118 vigilia
918 4045 1176 4113 Paschas,
1224 4052 1282 4103 et
1329 4048 1387 4103 in
1429 4049 1523 4104 die
1555 4053 2021 4110 Resurrectionis

360 4134 617 4205 Domini,
649 4138 707 4191 et
738 4134 797 4189 in
826 4138 1202 4203 Pentecoste;
1238 4142 1296 4192 et
1332 4137 1386 4192 in
1417 4137 1607 4194 Natali
1642 4141 1889 4212 Domini,
1922 4159 2021 4214 pe-

362 4224 525 4279 nitus
556 4225 626 4279 ab
654 4224 931 4281 omnibus
961 4225 1519 4283 communicandum
1552 4234 1659 4285 est.

358 4333 489 4386 CAP.
522 4330 611 4386 30.
642 4361 713 4410 -ςτ
742 4332 804 4388 Ut
838 4332 894 4386 in
929 4331 1093 4410 Cinna
1124 4335 1345 4410 Domini
1372 4335 1723 4393 eucharistiz
1749 4343 2019 4410 perceptio

412 4417 523 4457 non
551 4403 904 4475 negligatur.
939 4404 1020 4459 Ex
1047 4404 1279 4461 decretis
1308 4407 1514 4464 Soteris
1543 4425 1722 4482 papae,
1749 4403 1875 4483 'cap.
1906 4403 1963 4469 5.

2205 1829 2267 1882 in
2290 1827 2523 1896 Pascha,
2558 1829 2868 1884 Pentecoste
2898 1834 2948 1884 et
2979 1829 3166 1885 Natali
3198 1830 3422 1884 Domini
3467 1845 3576 1884 non
3636 1827 3792 1886 com-

2203 1900 2594 1956 municaverit.
2628 1903 2720 1955 Ex
2747 1902 2978 1956 concilio
3009 1900 3330 1971 Agathensi,
3360 1918 3479 1972 cap.
3517 1902 3603 1957 18.

2204 1989 2309 2056 (De
2333 2003 2508 2056 cons.,
2538 1988 2667 2044 dist.
2718 1992 2774 2057 2,
2823 2006 2871 2045 c.
2921 1990 3275 2060 Saeculares.)
3317 1990 3641 2046 Saeculares
3686 1991 3793 2062 qui

2135 2076 2327 2131 Natali
2360 2077 2841 2146 Domini,Pascha
2870 2082 2925 2134 et
2956 2079 3297 2136 Pentecoste
3325 2097 3437 2136 non
3470 2082 3791 2137 communi-

2135 2166 2413 2237 caverint,
2445 2166 2725 2222 Catholici
2758 2184 2874 2223 non
2907 2169 3242 2236 credantur,
3264 2184 3371 2225 nec
3401 2169 3555 2226 inter
3581 2170 3794 2226 Catho-

2136 2253 2279 2310 licos
2311 2255 2657 2312 habeantur.

2134 2343 2269 2400 CAP.
2301 2344 2390 2399 34.
2423 2376 2487 2385 -
2525 2346 2592 2401 Ut
2621 2344 2832 2401 oblatio
2862 2347 3064 2402 altaris
3092 2347 3330 2417 singulis
3357 2347 3552 2403 diebus
3601 2348 3796 2403 Domi-

2268 2418 2408 2472 nicis
2435 2418 2551 2487 ﬁat.
2584 2419 2682 2472 Ea:
2710 2418 2945 2473 decretis
2973 2420 3205 2474 Fabiani
3232 2436 3413 2490 papae,
3442 2437 3563 2491 cap.
3592 2420 3647 2475 5.

2206 2503 2583 2560 Decrevimus
2631 2508 2698 2560 ut
2746 2506 2806 2560 in
2861 2506 3140 2563 omnibus
3194 2506 3511 2563 Dominicis
3557 2507 3795 2574 diebus,

2135 2591 2352 2649 oblatio
2383 2592 2551 2648 altari
2583 2594 2655 2649 ab
2684 2592 2964 2650 omnibus
2994 2594 3134 2650 viris
3164 2594 3255 2650 vel
3286 2594 3637 2651 mulieribus
3666 2596 3795 2660 fiat,

2133 2686 2258 2738 tam
2291 2682 2461 2754 panis
2493 2698 2672 2753 quam
2702 2682 2843 2750 vini,
2878 2686 2942 2738 ut
2971 2699 3075 2755 per
3114 2685 3221 2739 has
3269 2683 3713 2741 immolationes
3759 2702 3794 2740 a

2133 2775 2506 2844 peccatorum
2540 2788 2783 2827 suorum
2817 2772 3078 2829 fascibus
3109 2772 3457 2830 liberentur.

2134 2870 2268 2927 CAP.
2299 2870 2389 2926 35.
2430 2900 2492 2910 —
2517 2871 2592 2925 De
2621 2869 2831 2928 eodem.
2867 2873 2961 2926 Ea:
2989 2870 3223 2927 decretis
3251 2872 3512 2943 eiusdem,
3542 2888 3665 2942 cap.
3704 2874 3789 2930 10.

2204 2966 2569 3023 Oblationem
2602 2983 2834 3039 quoque
2866 2972 2923 3024 et
2954 2984 3163 3040 panem
3197 2968 3256 3025 in
3305 2969 3552 3025 ecclesia
3604 2969 3792 3025 facere

2129 3057 2351 3129 jugiter
2381 3058 2772 3113 admoneatur
2802 3058 3055 3129 populus
3086 3057 3484 3128 Christianus,
3540 3059 3681 3130 quia
3729 3059 3790 3114 in

2056 3121 2100 3189 (ἶ
2129 3121 2263 3218 ipsa
2293 3146 2589 3202 oblatione
2621 3146 2734 3202 sibi
2765 3121 2822 3202 et
2851 3121 2975 3202 suis
3008 3163 3291 3219 magnum
3325 3121 3652 3203 remedium
3701 3152 3795 3203 est

2136 3236 2491 3305 animarum,
2526 3240 2585 3291 et
2608 3236 2739 3308 ipsa
2768 3253 2905 3292 vera
2936 3251 3095 3309 pace,
3131 3236 3494 3295 unanimitas
3528 3240 3606 3309 {et
3654 3254 3792 3293 con-

2135 3325 2335 3381 cordia
2360 3326 2820 3382 demonstratur.

2134 3415 2265 3472 CAP.
2298 3416 2387 3471 36.
2420 3445 2489 3456 --
2520 3416 2594 3470 De
2621 3415 2944 3487 diaconibus
2971 3413 3114 3486 quod
3157 3415 3495 3487 presbyteris
3539 3432 3785 3472 commu-

2203 3490 2429 3613 πίοηῆηὲ
2475 3487 2609 3543 dare
2661 3503 2773 3543 non
2830 3486 3041 3544 debent.
3102 3487 3189 3542 Ea:
3247 3486 3480 3544 concilio
3535 3490 3784 3559 Niceno,

2204 3574 2325 3629 cap.
2436 3602 2449 3615 .

2201 3648 2360 3719 (Dist.
2392 3648 2481 3717 93,
2530 3662 2577 3704 c.
2629 3646 3003 3716 Pervenitlad
3048 3649 3349 3719 sanctum.)
3400 3647 3673 3704 Pervenit
3718 3650 3791 3704 ad

2131 3740 2403 3791 sanctum
2420 3751 2821 3807 magnumque
2834 3734 3337 3808 concilium,quod
3361 3736 3419 3791 in
3436 3736 3791 3808 quibusdam

2130 3825 2272 3881 locis
2297 3829 2355 3880 et
2384 3824 2718 3881 civitatibus
2746 3825 2979 3880 diaconi
3011 3825 3373 3898 presbyteris
3411 3826 3663 3897 gratiam
3692 3844 3793 3882 sa-

2130 3931 2241 3971 crm
2271 3913 2705 3970 communionis
2738 3914 3225 3986 porrigant,quod
3260 3913 3424 3971 nulla
3454 3915 3657 3987 regula
3677 3921 3796 3971 tra-

2129 4004 2375 4072 didit,ut
2396 4004 2468 4059 ab
2491 4002 2583 4059 his
2605 4003 2706 4075 qui
2733 4007 3079 4075 potestatem
3103 4020 3218 4059 non
3247 4003 3468 4060 habent
3488 4004 3766 4061 oﬂerendi
3782 4046 3799 4075 ,

2127 4093 2213 4149 illi
2244 4094 2342 4165 qui
2370 4093 2623 4149 oti‘eruut
2652 4093 2868 4150 Christi
2904 4109 3117 4165 corpus
3149 4093 3461 4165 accipiant.
3510 4094 3628 4150 Nec
3675 4111 3791 4151 non

2128 4186 2185 4238 et
2216 4181 2360 4237 illud
2393 4181 2834 4253 innotuit,quod
2866 4182 3109 4254 quidam
3143 4182 3375 4238 diaconi
3408 4185 3542 4237 ante
3570 4183 3795 4255 episco-

2127 4289 2233 4344 pos
2292 4287 2523 4327 sacram
2583 4270 2940 4327 oblationem
3001 4271 3369 4344 contingant.
3426 4272 3555 4328 Haec
3611 4272 3795 4344 igitur

2128 4360 2328 4415 omnia
2361 4364 2717 4426 resecentur,
2751 4363 2808 4414 et
2850 4359 2905 4413 in
2941 4376 3050 4413 sua
3081 4359 3314 4414 diaconi
3348 4376 3627 4416 mensura
3660 4377 3798 4435 per-

2133 4453 2434 4517 maneant,
2462 4448 2715 4504 scientes
2747 4449 2903 4520 quod
2933 4447 3341 4521 episcoporum
3390 4450 3632 4521 quidem
3683 4450 3796 4506 mi-

432 4508 753 4609 (De‘constq
784 4509 912 4564 dist.
942 4511 1000 4581 2,
1030 4527 1079 4566 c.
1110 4516 1175 4567 In
1207 4512 1421 4586 Cinna.)
1454 4516 1514 4571 In
1566 4516 1742 4574 Cmna
1791 4518 2019 4576 Domini

2198 4500 2434 4517 “_-__-,
2463 4500 2712 4504 --ηψη
2754 4500 2901 4520 γη
2939 4500 3341 4521 Ὕπηπηη-
3395 4500 3632 4521 ,νπή
3684 4500 3765 4506 __

2200 4538 2305 4595 stri
2339 4538 2792 4605 sint,inferiores
2824 4541 3020 4593 autem
3054 4537 3411 4609 presbyteris
3437 4538 3788 4598 habeantur.

362 4612 398 4652 a
426 4595 785 4666 quibusdam
818 4600 1110 4671 perceptio
1140 4602 1512 4660 eucharistiaa
1543 4607 2021 4679 negligitur.Quae

364 4685 646 4756 quoniam
678 4686 738 4742 in
769 4688 971 4744 eadem
1003 4690 1096 4745 die
1130 4692 1202 4745 ab
1234 4694 1512 4749 omnibus
1543 4695 1836 4763 fidelibus,
1857 4714 2022 4754 exce-

363 4774 481 4846 ptis
512 4774 605 4831 his
634 4776 851 4848 quibus
884 4794 987 4848 pro
1013 4780 1291 4851 gravibus
1321 4781 1669 4840 criminibus
1700 4785 2020 4844 inhibitum

362 4868 472 4930 est,
494 4865 867 4937 percipienda
890 4867 988 4935 sit,
1008 4869 1438 4928 ecclesiasticus
1463 4890 1606 4929 usus
1629 4876 2016 4935 demonstrat:

366 4969 501 5009 cum
534 4953 711 5009 etiam
746 4956 1093 5027 pmnitentes
1124 4960 1326 5015 eadem
1374 4962 1468 5017 die
1519 4964 1590 5018 ad
1643 4965 2021 5038 percipienda

362 5042 623 5112 corporis
655 5050 710 5099 et
740 5046 1050 5118 sanguinis
1080 5048 1367 5106 Dominici
1400 5058 1790 5123 sacramenta,
1813 5072 2018 5113 recon-

362 5129 656 5187 cilientur.

359 5238 493 5295 CAP.
511 5237 574 5293 3t
591 5262 692 5313 δέ
712 5240 786 5313 De
815 5241 1201 5313 histrionibus,
1219 5249 1270 5301 si
1296 5251 1736 5307 communionem
1767 5269 1890 5308 cum
1918 5269 2021 5309 cae-

433 5314 566 5392 teris
594 5312 868 5392 ﬁdelibus
878 5317 1135 5392 accipere
1160 5312 1409 5392 debeant.
1443 5321 1525 5375 Ea:
1570 5323 1801 5392 epistola
1847 5326 2025 5380 sancti

434 5382 705 5455 Cypriani
725 5386 795 5441 ad
825 5382 1150 5443 Eucratium
1182 5391 1272 5461 (lO
1304 5392 1399 5449 lib.
1434 5409 1451 5448 1
1483 5382 1897 5465 Epistolarum).

429 5488 528 5558 (De
558 5497 762 5560 const.,
794 5493 921 5549 dist.
952 5496 1008 5563 2,
1036 5512 1085 5550 c.
1119 5496 1481 5570 Cyprianus.)
1531 5499 1859 5573 Cyprianus
1907 5503 2021 5559 Eu-

361 5576 867 5640 cratioconfratri
897 5584 1171 5645 salutem.
1208 5587 1317 5645 Pro
1365 5588 1673 5647 dilectione
1718 5595 1816 5648 tua
1865 5608 2020 5649 vere-

2134 4628 2239 4683 Per
2269 4628 2532 4682 ordinem
2565 4642 2671 4698 ego
2702 4630 2832 4699 post
2878 4626 3249 4699 presbyteros
3304 4628 3558 4698 gratiam
3613 4646 3795 4686 sacra

2132 4715 2566 4772 communionis
2588 4715 3007 4787 accipiant,aut
3027 4716 3302 4788 episcopo
3325 4721 3428 4772 aut
3450 4718 3793 4791 presbytero

2130 4804 2214 4860 eis
2238 4805 2704 4877 porrigente.Sed
2732 4820 2837 4860 nec
2860 4804 3063 4860 sedere
3093 4804 3151 4859 in
3186 4804 3380 4861 medio
3411 4807 3784 4880 presbytero-

2130 4911 2260 4950 rum
2286 4894 2530 4951 diacono
2552 4893 2891 4964 liceat,quia
2911 4893 2961 4949 si
2984 4892 3094 4949 hoc
3129 4893 3257 4961 fiat,
3278 4899 3488 4967 praeter
3515 4896 3788 4967 regulam

2132 4988 2187 5039 et
2216 4985 2477 5041 ordinem
2510 4984 2794 5057 probatur
2824 4982 3093 5039 existere.
3126 4983 3186 5041 Si
3219 4983 3354 5055 quis
3386 4989 3583 5042 autem
3612 4986 3794 5043 etiam

2132 5077 2265 5145 post
2293 5073 2398 5129 has
2424 5072 2794 5129 deﬁnitiones
2824 5071 3059 5128 obedire
3093 5072 3368 5141 noluerit,
3402 5090 3435 5130 a
3466 5074 3797 5133 ministerio

2132 5178 2359 5218 cessare
2384 5161 2636 5219 debebit.

2131 5252 2263 5309 CAP.
2296 5252 2385 5309 37.
2418 5282 2488 5292 -—-
2520 5252 2593 5307 De
2622 5251 2861 5325 eulogiis
2889 5268 2923 5305 a
2952 5250 3151 5323 populo
3179 5252 3517 5324 presbyteris
3563 5251 3793 5311 dandis.

2490 5324 2575 5378 Ea:
2602 5322 2833 5379 decretis
2863 5322 2961 5379 Pii
2983 5322 3324 5395 papae,'cap.
3350 5322 3412 5380 ‘4.

2201 5411 2273 5467 Ut
2301 5412 2371 5467 de
2403 5410 2824 5481 oblationibus,
2858 5430 2988 5486 qua)
3019 5413 3348 5469 offeruntur
3379 5430 3413 5468 a
3446 5414 3689 5487 populo,
3737 5419 3795 5471 et

2133 5499 2565 5558 consecrationi
2594 5506 2933 5572 supersunt,
2963 5502 3055 5559 vel
3087 5502 3158 5559 de
3187 5502 3443 5575 panibus
3470 5520 3621 5577 quos
3652 5504 3796 5561 offe-

2131 5595 2271 5648 runt
2303 5592 2500 5649 ﬁdeles
2532 5590 2600 5647 ad
2633 5589 2961 5664 ecclesiam,
2991 5590 3080 5649 vel
3110 5595 3265 5649 certe
3294 5592 3366 5649 de
3393 5593 3797 5670 suis,presby-
