3982 6060
222 307 329 362 169

972 310 1283 365 DECRETI
1321 313 1507 367 PARS
1542 315 1613 366 II.
1646 340 1715 350 -—
1748 314 1845 366 DE
1885 315 2091 370 CORP.
2132 316 2225 369 ET
2261 319 2475 383 SANG,
2518 320 2716 386 DOM.,
2755 325 2911 377 ETC.

3550 333 3652 387 170

217 436 315 486 ter
345 431 765 488 convenienter
795 434 990 504 partes
1022 433 1238 490 incises
1283 434 1497 490 habeat
1527 435 1587 489 in
1617 452 1755 491 vase
1797 435 1885 489 ni-
1916 437 1969 503 Α
2004 436 2140 493 CAP.
2165 440 2252 494 42.
2288 471 2357 523 -;
2398 443 2462 498 Ut
2505 445 2638 523 solis
2665 447 3227 523 _nizinistris_raltaris
3273 468 3441 523 super
3468 455 3650 512 altare

213 520 366 589 tido,
393 523 456 574 ut
484 523 617 591 post
652 520 972 577 missarum
1016 521 1305 578 solemnia
1325 523 1423 594 qui
1451 523 1889 579 communicare

215 625 335 664 non
374 610 607 665 fuerunt
643 610 855 680 parati,
912 609 1175 683 eulogias
1225 612 1384 667 omni
1436 612 1738 668 Dominico
1770 613 1886 683 die,

2069 514 2483 569 communicare
2514 515 2789 573 liceat.Ex
2806 521 3040 575 concilio
3063 514 3405 593 Laodicensi,
3422 542 3541 597 cap.
3559 528 3645 582 19.

2066 599 2216 655 Solis
2250 606 2446 658 autem
2473 604 2763 662 ministris
2805 624 2971 664 sacro
3009 610 3204 666 ordini
3226 611 3439 669 deditis
3462 616 3535 671 ad
3567 615 3648 671 al-

213 700 351 753 etin
368 698 576 755 diebus
598 698 762 755 festis
780 698 917 755 inde
939 700 1431 772 accipiant,eti|la
1448 702 1605 756 unde
1620 700 1884 773 eulogias
1995 693 2117 743 ῑθτθ
2146 690 2419 746 accedere
2440 696 2497 745 et
2526 695 2961 751 communicare
2991 696 3181 755 liceat-

210 788 528 860 presbyter
551 789 804 844 daturus
836 793 949 858 est,
982 794 1157 845 antea
1186 790 1278 844 his
1308 791 1500 846 verbis
1548 790 1881 846 benedicat.

211 876 408 932 Oratio
433 878 673 948 simplex
701 877 1210 946 eulogiz.Domine
1240 883 1461 948 sancte,
1495 879 1666 934 Pater
1696 878 1887 934 omni-

206 968 447 1035 potens,
482 970 698 1021 asterne
730 966 907 1033 Deus,
934 966 1282 1022 benedicere
1308 966 1569 1039 digneris
1600 967 1757 1023 hunc
1775 984 1876 1038 pa-

208 1069 375 1121 nem,
399 1057 502 1110 tua
526 1057 733 1110 sancta
758 1060 816 1111 et
847 1054 1144 1127 spirituali
1198 1055 1626 1126 benedictione,
1687 1061 1753 1110 ut
1800 1056 1877 1112 sit

209 1142 497 1198 omnibus
550 1143 715 1200 salus
777 1143 992 1200 mentis
1041 1148 1099 1199 et
1158 1144 1438 1215 corporis,
1474 1149 1643 1215 atque
1673 1149 1875 1201 contra

201 1247 419 1287 omnes
446 1232 684 1288 morbos
711 1236 770 1287 et
792 1232 1095 1287 universas
1117 1231 1484 1287 inimicorum
1510 1232 1754 1288 insidias
1776 1237 1870 1288 tu-

199 1326 430 1376 tamen.
462 1321 570 1377 Per
591 1320 909 1376 Dominum
934 1324 1203 1376 nostrum
1224 1321 1429 1376 Jesum
1451 1320 1747 1377 Christum
1774 1321 1871 1377 Fi-

199 1407 351 1464 lium
387 1414 557 1465 tuum
586 1426 795 1481 panem
816 1408 1077 1480 vitae,qui
1100 1410 1171 1465 de
1202 1408 1343 1464 caelo
1364 1410 1749 1477 descendit,et
1770 1411 1869 1465 dat

197 1498 391 1553 vitam
422 1503 479 1553 et
507 1497 771 1553 salutem
808 1499 1055 1566 mundo,
1087 1502 1144 1552 et
1177 1502 1367 1552 tecum
1399 1498 1540 1554 vivit
1578 1502 1634 1553 et
1658 1502 1866 1569 regnat

198 1604 309 1658 per
340 1587 543 1643 omnia
574 1586 790 1642 saecula
819 1586 1196 1643 saeculorum.
1231 1587 1432 1642 Amen.

2063 779 2194 831 CAP.
2228 779 2315 833 43.
2352 810 2423 863 ——.
2444 781 2507 863 Ut
2538 783 2728 837 nullus
2749 786 2902 863 infra
2919 787 3310 863 presbyterum
3334 791 3643 863 ordinatus,

2060 865 2177 935 r'em
2209 866 2264 935 ᾳ.
2271 853 2589 935 presbytero
2610 853 3068 935 consecrata—mﬂin
3086 853 3648 935 altariporrigatﬂa':

2058 919 2290 976 decretis
2310 919 2568 979 Silvestri
2593 942 2774 998 papae,
2806 943 2937 999 cap.
2968 931 3024 984 7.

2058 1006 2266 1063 Nullus
2289 1010 2816 1083 acolythorum,vel
2840 1016 3339 1075 subdiaconorum
3363 1038 3485 1078 rem
3510 1041 3644 1081 con-
3714 1044 3719 1047 ·

1984 1101 2266 1153 secratam
2297 1116 2327 1153 a
2361 1101 2704 1171 presbytero
2729 1102 2846 1173 jam
2871 1103 3002 1160 aliis
3034 1108 3458 1181 porrigat,quia
3478 1112 3640 1169 aliud

1981 1189 2071 1239 est
2101 1185 2396 1255 minister,
2420 1188 2577 1244 aliud
2603 1191 2910 1263 assistens,
2936 1194 3050 1249 nisi
3081 1198 3308 1252 tantum
3333 1207 3642 1272 supportet

1980 1275 2134 1344 quod
2169 1274 2220 1330 ei
2249 1278 2523 1332 sacerdos
2555 1279 2903 1351 imposuerit
2947 1299 3046 1339 ore
3087 1301 3195 1341 suo
3236 1286 3633 1347 benedictum.

2048 1366 2176 1438 CAP.
2203 1365 2289 1421 44.
2315 1398 2383 1405 --
2406 1368 2468 1438 Ut
2494 1369 2778 1438 presbyter
2801 1372 3101 1428 illiteratus
3120 1374 3350 1430 missam
3382 1394 3494 1433 non
3543 1397 3634 1436 ce-

2047 1434 2242 1491 lebret.
2268 1438 2351 1490 Ex
2381 1434 2611 1493 decretis
2641 1434 2879 1497 Fabiani
2901 1459 3085 1515 papae,
3116 1461 3237 1517 cap.
3270 1448 3356 1502 10.

2043 1523 2407 1580 Sacrificium
2441 1543 2557 1582 non
2581 1532 2670 1584 est
2692 1530 3099 1602 accipiendum
3127 1535 3196 1590 de
3226 1552 3402 1592 manu
3433 1554 3634 1596 sacer-

1972 1611 2146 1683 dotis,
2185 1614 2286 1685 qui
2318 1616 2731 1686 orationes,vel
2753 1618 3053 1691 lectiones,
3074 1626 3133 1679 et
3160 1623 3418 1696 reliquas
3435 1628 3632 1684 obser-

193 1721 335 1777 CAP.
370 1721 460 1776 38.
494 1751 562 1761 —
585 1721 660 1776 De
679 1736 828 1792 pane
858 1720 955 1791 qui
1000 1719 1331 1792 offerendas,
1367 1722 1465 1775 est.
1504 1720 1590 1773 Ex
1634 1719 1825 1777 decreti

2009 1701 2230 1758 ationes
2256 1703 2317 1758 in
2349 1704 2535 1761 missa
2556 1708 2883 1764 secundum
2904 1710 3080 1767 ritum
3108 1711 3183 1767 im
3193 1712 3350 1784 plere
3379 1732 3496 1773 non
3518 1733 3625 1789 po-

714 1792 927 1847 Aniceti
948 1807 1125 1862 papae,
1156 1807 1277 1861 cap.
1308 1791 1362 1846 3.

270 1900 456 1955 Panes
470 1915 619 1970 quos
635 1898 753 1954 Deo
767 1897 1179 1954 sacriﬁcicium
1203 1897 1445 1966 offertis,
1470 1900 1572 1951 aut
1601 1914 1634 1951 a
1661 1897 1857 1955 vobis-

192 1988 491 2059 metipsis,
514 1991 618 2042 aut
643 2004 677 2042 a
698 1986 910 2042 vestris
931 1986 1130 2057 pueris
1162 2002 1359 2041 coram
1390 1984 1769 2054 vobis,nitide
1790 2004 1855 2042 ac

193 2076 468 2132 studiose
498 2076 667 2145 ﬁant,
692 2080 748 2131 et
771 2074 1083 2146 diligenter
1116 2075 1504 2130 observentur
1528 2092 1540 2129 :
1566 2078 1633 2129 ut
1662 2077 1854 2146 panis,

192 2171 252 2221 et
284 2166 511 2232 vinum,
545 2169 603 2220 et
634 2181 787 2235 aqua
817 2163 943 2219 sine
965 2163 1183 2236 quibus
1204 2163 1402 2219 missas
1432 2167 1732 2235 nequeunt
1754 2179 1851 2219 ce-

191 2254 433 2324 lebrari,
468 2252 860 2309 mundissime
906 2256 1082 2324 atque
1116 2252 1384 2309 studiose
1412 2256 1759 2322 tractentur,
1791 2256 1851 2308 et

192 2343 346 2399 nihil
381 2343 439 2397 in
472 2342 558 2398 eis
596 2341 730 2411 vile,
767 2340 913 2396 nihil
962 2358 1077 2397 non
1126 2341 1438 2413 probatum
1492 2339 1843 2413 inveniatur,

180 2434 356 2502 juxta
415 2430 561 2485 illud
614 2431 773 2503 quod
823 2430 906 2485 ait
963 2430 1301 2502 Scriptura:
1362 2430 1447 2485 Sit
1508 2431 1679 2485 timor
1734 2432 1845 2485 D0-

185 2524 334 2578 mint
366 2523 667 2593 vobiscum,
713 2526 921 2577 etcum
977 2520 1277 2592 diligentia
1324 2522 1519 2576 cuneta
1559 2522 1734 2591 facite
1770 2522 1841 2593 (II

186 2612 391 2667 Paral.
423 2612 561 2681 xxx).

182 2736 317 2791 CAP.
352 2735 443 2789 39.
476 2763 545 2773 --
575 2734 649 2787 De
674 2732 1011 2803 presbyteris
1042 2734 1141 2803 qui
1167 2748 1366 2803 corpus
1395 2733 1738 2789 Dominicum
1768 2733 1840 2789 ad

255 2804 620 2875 deferendum
650 2805 911 2874 inﬁrmis,
949 2805 1280 2860 mulieribus
1309 2804 1562 2861 tradunt.
1600 2806 1680 2860 Ex
1708 2822 1837 2861 con-

253 2879 389 2933 cilio
423 2878 689 2943 Remensl,
709 2892 826 2947 cap.
858 2876 912 2930 2.

254 2985 358 3056 (De
376 3000 547 3053 cons.,
582 2982 712 3037 dist.
744 2985 799 3047 2,
831 2998 877 3037 c.
912 2982 1213 3053 Pervenit.)
1257 2982 1526 3038 Pervenit
1573 2982 1645 3037 ad
1688 2982 1835 3038 noti-

182 3069 327 3128 tiam
364 3076 650 3141 nostram,
689 3071 842 3142 quod
893 3069 1132 3142 quidam
1164 3070 1487 3143 presbyteri
1509 3071 1570 3125 in
1602 3075 1831 3127 tantum

1888 1803 1938 1869 B
1967 1793 2101 1846 test.

1967 1881 2100 1935 CAP.
2136 1880 2223 1961 45.
2256 1911 2325 1961 τ-
2349 1882 2421 1938 De
2449 1883 2571 1938 illis
2601 1886 2700 1961 qui
2722 1890 2844 1961 post
2872 1888 3121 1961 aliquam
3165 1890 3620 1961 degustationem,

2031 1952 2371 2092 ἵζ’ήῇιῖαέ
2394 1952 2835 2025 αοοθρεῆηῑξεω
2880 1952 3113 2017 decretis
3153 1952 3491 2035 Eutychiani
3525 1952 3624 2036 pa;

2124 2066 2138 2091 ,
2172 2040 2295 2092 cap.
2377 2067 2390 2080 .

2124 2066 2138 2091 ,
2172 2040 2295 2095 cap.
2336 2040 2390 2080 Ζ.

2035 2111 2141 2176 Qui
2174 2113 2507 2184 acceperint
2528 2114 2884 2173 sacrificium
2918 2125 3054 2191 post
3080 2121 3300 2195 cibum,
3348 2128 3454 2181 aut
3485 2130 3618 2198 post

1960 2200 2372 2269 parvissimam
2399 2201 2659 2274 aliquam
2692 2206 3091 2277 refectionem,
3120 2211 3237 2267 nisi
3267 2229 3373 2285 pro
3402 2213 3613 2272 viatico

1956 2289 2121 2360 pueri
2153 2293 2269 2345 tres
2300 2289 2709 2363 dies,majores
2732 2297 3152 2367 septimanam,
3183 2301 3379 2358 clerici
3403 2302 3611 2375 viginti

1955 2377 2078 2433 dies
2110 2378 2448 2450 pcnniteant.

1952 2466 2087 2522 CAP.
2120 2468 2209 2552 433.
2243 2470 2467 2552 —"Prp
2525 2473 2712 2552 unius_
2723 2473 2998 2552 oblatione
3047 2477 3281 2533 alterius
3309 2495 3420 2536 non
3446 2498 3596 2552 sper-

2020 2540 2277 2594 nendam-
2303 2541 2386 2594 Ex
2413 2540 2640 2598 decretis
2671 2545 2901 2615 Eugenii
2926 2562 3105 2618 papae,
3133 2563 3255 2619 cap.
3290 2552 3378 2606 17.

2020 2628 2331 2699 Presbyter
2358 2645 2460 2700 pro
2492 2630 2669 2686 unius
2701 2632 2993 2690 oblatione
3021 2633 3260 2692 alterius
3291 2654 3407 2693 non
3430 2656 3595 2712 sper-

1948 2721 2066 2771 nat.

2017 2810 2149 2879 CAP.
2184 2806 2270 2860 47.
2305 2839 2370 2848 ——
2397 2809 2460 2864 Ut
2491 2808 2878 2866 dissidentium
2906 2814 3145 2879 fratrum
3164 2815 3462 2873 oblationes
3481 2835 3597 2872 non

2016 2878 2380 2948 recipiantur.
2403 2884 2487 2936 Ex
2505 2883 2736 2937 concilio
2759 2878 3181 2955 Carthaginensi
3202 2903 3277 2957 IV,
3298 2905 3416 2960 cap.
3431 2889 3524 2944 93.

2015 2968 2152 3039 (Dis.
2183 2970 2276 3039 90,
2298 2986 2345 3025 c.
2410 2970 2773 3045 Oblationes.)
2812 2974 3147 3033 Oblationes
3178 2978 3605 3034 dissidentium

1940 3056 2190 3111 fratrum
2222 3075 2412 3131 neque
2456 3060 2515 3115 in
2564 3064 2843 3131 sacrario,
2877 3080 3065 3136 neque
3086 3065 3144 3121 in
3176 3066 3592 3140 gazophylacio

181 3161 622 3234 parvipendunt
651 3159 848 3215 divina
877 3160 1176 3229 mysteria,
1211 3164 1274 3214 ut
1303 3160 1452 3216 laico
1484 3164 1585 3216 aut
1605 3160 1835 3216 feminas
1866 3173 1909 3242 α
1947 3144 2325 3242 ξθοίρίβὶηῑυτο

181 3268 419 3307 sacrum
443 3266 659 3321 corpus
678 3247 913 3304 Domini
934 3248 1251 3303 tradantad
1271 3249 1651 3305 deferendum
1673 3249 1839 3306 inﬁr-

182 3340 326 3408 mis;
356 3345 415 3394 et
448 3338 664 3411 quibus
686 3336 1033 3409 prohibetur
1057 3354 1129 3392 ne
1150 3338 1477 3394 sacrarium
1500 3338 1839 3411 ingredian-

178 3435 297 3494 tur,
332 3444 439 3483 uec
462 3428 534 3483 ad
558 3427 740 3482 altare
776 3426 1273 3499 apprOpinquent,
1307 3427 1427 3484 illis
1471 3431 1674 3484 sancta
1700 3445 1837 3484 san-

179 3524 414 3573 ctorum
450 3515 923 3572 committuntur.
971 3515 1137 3579 Quod
1196 3532 1374 3587 quam
1424 3517 1503 3571 sit
1557 3515 1840 3572 horribile

177 3620 481 3677 quamque
527 3603 873 3660 detestabile
925 3603 1193 3659 omnium
1254 3603 1661 3675 religiosorum
1713 3606 1838 3660 ani-

178 3694 495 3750 madvertit
525 3693 860 3764 prudentia.
911 3693 1099 3765 Igitur
1134 3694 1436 3749 interdicit
1493 3711 1595 3766 per
1643 3696 1841 3750 omnia

178 3784 465 3856 synodus,
502 3798 574 3837 ne
603 3781 740 3837 talis
773 3781 1089 3837 temeraria
1148 3784 1541 3854 praesumptio
1591 3782 1841 3839 ulterius

178 3874 303 3943 fiat,
336 3873 437 3928 sed
472 3870 832 3927 omnimodis
862 3872 1168 3943 presbyter
1199 3889 1300 3943 per
1331 3872 1714 3941 semetipsum
1744 3872 1837 3928 in-

178 3962 416 4016 ﬁrmum
452 3959 869 4015 communicet.
920 3960 1085 4023 Quod
1134 3960 1183 4016 si
1232 3961 1404 4016 aliter
1448 3961 1670 4030 fecerit,
1701 3977 1837 4033 gra-

176 4050 289 4105 dus
321 4050 415 4105 sui
449 4048 706 4119 periculo
731 4048 1084 4119 subjacebit.

176 4166 310 4220 CAP.
346 4166 435 4219 40.
468 4195 537 4205 ——
599 4167 662 4222 Ut
716 4164 983 4233 defunctis
1030 4164 1367 4219 eucharistia
1394 4181 1505 4221 non
1532 4164 1712 4220 detur.
1744 4167 1830 4220 Ex

480 4234 720 4292 concilio
755 4235 1183 4305 Carthaginensi
1212 4252 1298 4304 in,
1328 4252 1450 4307 cap.
1475 4237 1532 4292 6.

246 4345 391 4400 Item
426 4341 667 4415 placuit,
703 4346 769 4397 ut
796 4341 1141 4413 corporibus
1176 4341 1587 4397 defunctorum
1620 4341 1834 4398 eucha-

174 4432 339 4489 ristia
371 4448 487 4487 non
518 4431 710 4485 detur.
743 4430 1037 4500 Scriptum
1068 4432 1161 4485 est
1184 4429 1342 4484 enim
1368 4446 1380 4484 :
1404 4430 1644 4501 Accipite
1673 4434 1723 4487 et
1744 4446 1830 4487 co-

1950 3233 2291 3289 CAP.49.—-
2325 3235 2475 3317 Quod
2513 3237 2823 3317 refutalzda
2877 3246 3007 3317 sunt
3062 3241 3211 3317 dona
3257 3259 3452 3301 eorum
3507 3248 3606 3317 qui

2018 3322 2285 3377 pauperes
2314 3309 2653 3379 apprimunt.
2678 3314 2774 3365 Ex
2800 3312 2987 3367 eodem
3006 3314 3263 3383 concilio,
3293 3332 3412 3387 cap.
3438 3309 3531 3374 93.

2020 3395 2157 3466 (Dis.
2191 3396 2284 3463 90,
2314 3412 2360 3450 c.
2387 3399 2600 3452 Eorum
2620 3401 2762 3471 qui.)
2785 3400 2999 3455 Eorum
3040 3403 3139 3473 qui
3183 3420 3472 3476 pauperes
3502 3422 3605 3479 op-

1948 3483 2215 3554 primunt
2244 3485 2400 3539 dona
2429 3502 2462 3539 a
2492 3488 2901 3545 sacerdotibus
2933 3490 3246 3548 refutanda
3276 3497 3435 3550 sunt.

1947 3572 2076 3628 CAP.
2111 3573 2200 3627 49.
2231 3603 2301 3613 —
2323 3578 2401 3630 De
2445 3575 2784 3647 presbyteris
2818 3578 3251 3636 immolantibus.
3299 3583 3383 3637 Ex
3410 3584 3596 3639 conci-

2446 3646 2517 3701 lio
2547 3646 2857 3718 Ancyrano,
2890 3666 3012 3721 cap.
3046 3653 3099 3705 1.

2020 3732 2156 3803 (Dis.
2187 3734 2277 3798 50,
2302 3749 2347 3789 c.
2383 3734 2739 3807 Presbyteros
2778 3737 2920 3808 qui.)
2964 3739 3341 3811 Presbyteros
3388 3742 3599 3799 immo-

1946 3820 2136 3877 lantes
2166 3826 2223 3877 et
2272 3821 2486 3878 iterum
2534 3823 2830 3880 luctamen
2889 3826 3203 3899 adeuntes,
3263 3830 3312 3885 si
3346 3829 3455 3886 hoc
3486 3848 3604 3887 non

1946 3928 2049 3983 per
2078 3909 2415 3967 illusionem
2439 3910 2832 3983 aliquam,sed
2853 3932 2921 3970 ex
2944 3916 3192 3974 veritate
3216 3919 3614 3989 fecerunt,nec

1946 4003 2080 4054 ante
2100 4005 2371 4071 parentes
2392 4005 2449 4056 et
2465 4001 2807 4059 aﬂ‘ectantes
2832 4008 3009 4076 atque
3031 4007 3346 4065 suadentes
3369 4014 3434 4065 ut
3457 4010 3608 4066 msti-

1946 4093 2177 4144 marent
2196 4090 2433 4161 quidem
2464 4092 2775 4148 tormentis
2821 4096 3031 4164 aptari,
3065 4096 3165 4150 sed
3225 4096 3319 4152 his
3362 4102 3593 4152 tantum

1944 4176 2069 4231 visu
2103 4181 2160 4232 et
2188 4178 2392 4234 habitu
2424 4179 2773 4250 subjici,hos
2806 4181 3024 4253 placuit
3043 4183 3279 4253 quidem
3311 4185 3593 4240 honorem

1945 4265 2196 4321 retinere
2226 4266 2476 4339 propria:
2507 4269 2702 4337 sedis;
2739 4270 2944 4325 oti‘erre
2987 4275 3208 4343 autem,
3242 4278 3345 4328 aut
3374 4271 3596 4346 alloqui

1943 4356 2250 4427 populum,
2282 4360 2385 4411 aut
2414 4357 2654 4411 omnino
2686 4358 3153 4416 sacerdotolibus
3188 4360 3354 4433 fungi
3386 4360 3597 4419 ofﬁciis

1944 4460 2064 4498 non
2097 4444 2293 4500 licere.

172 4522 377 4577 medite
405 4520 633 4590 (Matth.
666 4519 841 4590 xxvx).
868 4518 1162 4573 Cadavera
1212 4523 1405 4573 autem
1438 4535 1542 4574 nec
1573 4519 1825 4590 accipere

2009 4548 2072 4587 ιι».
2104 4533 2196 4587 50.
2232 4563 2298 4573 -ο
2330 4535 2403 4588 De
2430 4534 2754 4606 diaconibus
2806 4537 3242 4595 immolantibus.
3291 4542 3378 4597 Ex
3403 4542 3598 4598 eodem

176 4614 427 4682 possunt
450 4625 556 4663 nec
588 4608 780 4663 edere.
836 4610 903 4661 Et
950 4623 1054 4662 nec
1090 4608 1219 4678 jam
1269 4611 1532 4663 mortuos
1560 4606 1827 4663 homines

174 4698 458 4770 baptizari
491 4696 669 4752 faciat
690 4696 1171 4769 presbyterorum
1207 4695 1456 4768 ignavia.

174 4833 306 4888 ΟΑΡ.
339 4833 429 4887 41.
464 4862 531 4871 -
567 4832 629 4887 Ut
654 4830 957 4886 oblationes
985 4830 1045 4884 in
1069 4828 1370 4901 majoribus
1398 4831 1550 4899 [estis
1580 4832 1826 4901 xquani-

245 4907 415 4959 miter
464 4904 623 4973 ﬁant.
656 4903 737 4956 Ex
768 4901 1001 4957 consilio
1046 4900 1424 4955 Matisconensi
1452 4917 1512 4967 ιι,
1544 4900 1665 4970 cap.
1700 4904 1751 4956 4.

242 5012 307 5067 In
339 5009 570 5081 synodo
604 5007 1017 5064 Matisconensi
1050 5007 1349 5062 decretum
1381 5009 1469 5061 est
1503 5009 1585 5075 ut,
1621 5007 1681 5062 in
1700 5024 1823 5063 om-

170 5102 346 5158 nibus
377 5098 586 5155 diebus
611 5096 935 5152 Dominicis
987 5095 1236 5167 aliisque
1278 5094 1718 5167 festivitatibus,
1753 5096 1824 5151 ab

168 5190 449 5248 omnibus
472 5186 691 5243 oblatio
714 5185 813 5257 qui
848 5186 916 5240 ad
944 5185 1185 5241 missam
1211 5184 1586 5241 convenerint
1607 5185 1826 5240 utrius-

168 5296 279 5351 que
318 5292 495 5334 sexus
536 5275 813 5329 oneratur
862 5273 919 5327 in
972 5271 1247 5339 ecclesia;
1281 5270 1532 5343 singulis
1562 5271 1826 5344 singulas

167 5366 495 5424 oblationes
525 5362 928 5430 elferentibus,
963 5361 1129 5416 ﬁnita
1162 5360 1344 5415 missa
1396 5378 1427 5415 a
1486 5362 1824 5434 presbytero

167 5455 497 5512 oblationes
522 5452 910 5524 accipiantur.
943 5450 1147 5505 Omnis
1182 5453 1381 5504 autem
1414 5451 1514 5520 qui
1538 5450 1687 5506 hanc
1710 5449 1820 5505 dif-

169 5543 493 5600 ﬁnitionem
526 5558 627 5613 per
656 5539 1116 5595 inobedientiam
1169 5553 1450 5594 evacuare
1496 5556 1819 5611 praesump-

170 5636 327 5703 serit,
364 5632 740 5691 anathemate
773 5628 1142 5703 percellatur.

493 5762 754 5823 Persen.
798 5760 1002 5826 CLXI.

2507 4604 2775 4671 concilio,
2809 4622 2935 4678 cap.
2965 4609 3019 4663 2.

2007 4692 2142 4761 (Dis.
2174 4692 2264 4763 50,
2287 4708 2333 4747 c.
2362 4692 2734 4765 Prwsbyteros
2763 4696 2905 4766 qui.)
2926 4696 3165 4753 Diaconi
3188 4699 3460 4757 similiter
3489 4704 3593 4775 qui

1935 4779 2407 4851 immolaverunt,
2441 4781 2723 4838 honorem
2757 4784 2997 4854 quidem
3030 4785 3324 4856 habeant;
3358 4796 3592 4847 cessent

1934 4886 2068 4925 vero
2100 4870 2172 4925 ab
2206 4871 2366 4925 omni
2398 4887 2563 4925 sacro
2598 4872 2957 4943 ministerio,
3001 4874 3123 4931 sive
3170 4894 3202 4932 a
3233 4894 3383 4948 pane
3412 4879 3528 4935 sive
3558 4897 3593 4936 a

1935 4958 2114 5014 calice
2173 4959 2484 5014 oll'erendo.
2556 4961 2714 5025 Quod
2773 4962 2823 5017 si
2876 4962 3119 5035 quidam
3177 4965 3589 5040 episcoporum

1935 5046 2153 5103 conscii
2176 5047 2546 5104 suntlaboris
2576 5065 2778 5106 eorum
2802 5055 2858 5105 et
2879 5051 3230 5110 humilitatis
3246 5060 3304 5110 et
3320 5072 3595 5114 mansue-

1936 5135 2185 5207 tudinis,
2219 5140 2276 5192 et
2306 5136 2600 5193 voluerint
2628 5138 2713 5195 eis
2772 5138 2995 5211 aliquid
3048 5143 3594 5215 ampliustribuere

1934 5225 2023 5281 vel
2058 5225 2338 5295 adimere,
2369 5242 2549 5298 penes
2580 5225 2743 5299 ipsos
2773 5228 2885 5284 erit
2915 5238 3192 5302 potestas.

1936 5311 2066 5368 CAP.
2222 5345 2290 5355 —
2322 5314 2688 5394 Interrogatio
2729 5318 3035 5394 Augustini
3081 5323 3390 5393 Anglorum
3436 5324 3584 5394 epis-

2005 5386 2126 5455 copi
2155 5386 2227 5440 de
2255 5388 2618 5456 presbyteris,
2641 5386 2841 5459 quibus
2859 5386 3259 5452 dormientibus
3286 5395 3426 5451 solet
3445 5386 3590 5449 non-

2005 5472 2292 5527 nunquam
2324 5474 2511 5514 semen
2541 5460 2804 5531 efﬂuere.

2007 5545 2166 5615 (Dist.
2192 5547 2247 5611 6,
2278 5563 2324 5601 c.
2361 5548 2806 5611 leuamentum;
2840 5550 2937 5607 lib.
2988 5554 3145 5624 epist.
3193 5570 3289 5618 xu,
3323 5570 3442 5625 cap.
3480 5537 3593 5611 11.)

2005 5633 2061 5688 Si
2095 5638 2225 5705 post
2254 5632 2590 5692 illusionem
2625 5654 2751 5708 quae
2803 5655 2905 5708 per
2946 5639 3241 5697 somnium
3273 5641 3421 5698 solet
3449 5660 3590 5701 con-

3217 5773 3258 5832 6
