3970 6058
356 270 460 325 175

1471 265 1539 313 D.
1583 257 1822 312 IVONIS
1855 251 2348 310 CARNOTENSIS
2382 248 2700 305 EPISCOPI

3661 247 3765 301 176

351 409 464 463 que
495 407 564 446 ex
589 390 769 445 latere
799 386 928 453 ejus
958 386 1016 442 in
1047 402 1151 443 sua
1177 383 1445 457 passione
1476 379 1822 452 proﬂuxisse
1853 375 1996 449 legi-
2027 374 2082 442 Α
2109 376 2241 427 CAP.
2273 373 2362 426 72.
2399 402 2464 410 —
2494 371 2750 463 sacratas
2781 375 2892 463 Dio
2922 369 3643 463 [eminasuvel‘mona‘cl‘zag
3676 386 3767 463 sa-

354 486 472 536 tur.
497 480 647 536 Item.
681 480 776 546 (De
803 493 975 547 cons.,
1007 477 1142 532 dist.
1177 478 1235 543 2,
1265 490 1313 527 c.
1362 471 1518 527 Nihil
1572 471 1632 524 in
1660 464 1997 536 sacriﬁciis.)

347 568 503 624 Nihil
535 567 691 625 enim
723 566 783 620 in
829 563 1134 620 sacrificiis
1182 562 1375 631 majus
1424 574 1552 614 esse
1586 560 1774 630 potest
1819 571 1998 627 quam

350 674 564 729 corpus
593 661 652 712 et
681 654 924 725 sanguis
955 651 1197 707 Christi.
1220 650 1335 705 Nec
1367 647 1486 704 ulla
1517 647 1734 702 oblatio
1766 646 1874 700 hac
1898 661 1997 716 po-

351 747 466 801 tior
486 749 596 814 est,
632 743 732 799 sed
764 741 887 796 haec
917 757 1120 796 omnes
1172 737 1470 810 praecellit.
1521 739 1655 802 Qua
1687 751 1832 807 pura
1863 749 1997 788 con-

353 834 599 892 scientia
627 831 874 888 Domino
907 829 1204 885 offerenda
1232 831 1342 894 est,
1375 831 1431 882 et
1480 843 1628 898 pura
1675 827 1869 880 mente
1895 839 1998 878 su-

355 925 586 990 menda,
618 925 793 992 atque
823 920 895 975 ab
925 917 1202 974 omnibus
1231 915 1584 981 veneranda,
1617 917 1672 968 et
1706 913 1862 968 sicut
1895 927 1999 982 po-

353 1014 469 1068 tior
497 1015 586 1068 est
616 1008 951 1074 caeteris,ita
981 1010 1177 1079 potius
1207 1004 1390 1060 excoli
1419 1008 1478 1060 et
1506 1003 1768 1060 venerari
1804 1000 1996 1056 debet.

352 1103 450 1173 (De
479 1103 682 1165 const.,
711 1097 840 1152 dist.
865 1097 920 1160 3,
945 1112 993 1150 c.
1026 1095 1236 1166 Aquam
1262 1095 1426 1166 sale.)
1457 1095 1685 1165 Aquam
1717 1090 1838 1147 sale
1869 1107 2002 1146 con-

351 1204 615 1261 spersam
635 1185 871 1258 populis
909 1183 1349 1240 henedicimus:
1383 1187 1446 1238 ut
1466 1199 1532 1238 ea
1554 1179 1751 1236 cuncti
1775 1178 2001 1250 aspersi

349 1276 880 1345 sanctiﬁcentur,ac
913 1271 1484 1346 puriﬁcentur,quod
1519 1274 1574 1326 et
1603 1268 1883 1325 omnibus
1906 1284 1998 1322 sa-

349 1367 688 1423 cerdotibus
713 1363 1045 1420 iaciendum
1067 1377 1194 1416 esse
1220 1359 1751 1415 mandamus.Nam
1777 1356 1824 1412 si
1850 1355 2000 1412 cinis

349 1454 543 1511 vitulaa
589 1469 866 1525 aspersus
917 1448 1198 1522 populum
1251 1448 1655 1503 sanctiﬁcabat
1701 1447 1884 1512 (Hebr.
1921 1444 1999 1516 1x)

353 1549 530 1616 atque
563 1542 885 1598 mundabat
918 1555 932 1594 :
968 1537 1150 1592 multo
1184 1535 1371 1608 magis
1404 1552 1555 1608 aqua
1583 1533 1707 1590 sale
1736 1549 1998 1606 aspersa,

355 1632 686 1703 divinisque
706 1628 979 1702 precibus
1010 1624 1547 1696 sacrata,populum
1573 1624 1902 1680 sanctiﬁcat
1918 1626 2002 1678 at-

357 1739 470 1794 que
499 1721 766 1775 mundat.
791 1717 866 1808 itit
905 1715 955 1772 si
985 1715 1106 1771 sale
1151 1730 1390 1808 asperso
1442 1730 1545 1808 per
1574 1711 1829 1808 till-iscum
1861 1727 1996 1808 pro-
2033 1741 2079 1808 Β

358 1811 594 1881 phetam
645 1805 924 1863 sterilitas
973 1820 1137 1876 aqua:
1187 1806 1398 1858 sanata
1443 1806 1533 1857 est
1579 1800 1648 1870 (ιι
1697 1801 1822 1872 Reg.
1877 1801 1999 1869 1v):

357 1903 576 1970 quanto
601 1896 788 1967 magis
810 1892 1023 1949 divinis
1051 1891 1322 1964 precibus
1344 1894 1608 1947 sacratus
1629 1887 2001 1945 sterilitatem

353 1987 547 2043 aufert
579 1989 969 2040 humanarum
1003 1997 1220 2048 rerum,
1253 1983 1310 2035 et
1339 1978 1750 2050 coinquinatos
1780 1975 2002 2032 sancti-

353 2077 488 2131 ficat
510 2079 685 2145 atque
703 2074 1002 2144 purgat,et
1031 2074 1238 2124 caetera
1269 2069 1421 2123 bona
1452 2066 1892 2138 multiplicat,et
1912 2065 1999 2118 in-

352 2164 533 2220 sidias
561 2161 780 2217 diaboli
813 2159 1023 2215 avertit
1056 2161 1113 2212 et
1161 2175 1193 2212 a
1246 2155 1678 2228 phantasmatis
1726 2153 2004 2211 versutiis

356 2251 620 2308 homines
649 2248 913 2306 defendit
938 2247 966 2301 ‘I

352 2363 487 2418 CAP.
519 2359 609 2413 69.
640 2387 712 2398 -—-
739 2355 1058 2411 Sacerdotes
1085 2354 1198 2408 suis
1226 2353 1485 2423 precibus
1534 2350 2009 2423 peccatapopuli

424 2432 601 2487 delere
629 2432 792 2499 atque
836 2441 1170 2483 consumere.
1225 2422 1305 2480 Ex
1349 2424 1588 2479 secunda
1634 2422 1874 2491 eiusdem
1905 2422 2006 2477 de-

426 2501 701 2663 ῗῖῗῗῖο.
737 2588 850 2659 Ipsi
877 2585 1231 2655 sacerdotes.)
1268 2582 1383 2656 Ipsi
1417 2583 1750 2639 sacerdotes
1772 2599 1874 2654 pro
1898 2598 2002 2653 po-

355 2681 492 2754 pulo
524 2676 920 2750 interpellant,
946 2679 1003 2731 et
1032 2677 1272 2746 peccata
1298 2671 1495 2744 populi
1525 2673 1840 2728 comedunt
1861 2671 2000 2743 (Ose.

354 2769 603 2841 1v),quia
633 2765 756 2822 suis
789 2764 1060 2837 precibus
1091 2779 1157 2816 ea
1188 2760 1583 2832 delent,atque
1613 2763 2006 2815 consumunt:

355 2858 456 2930 qui
488 2864 706 2928 quanto
737 2853 1034 2926 digniores
1067 2851 1303 2916 fuerint,
1335 2854 1503 2904 tanto
1545 2849 1778 2904 facilius
1809 2849 1868 2903 in
1897 2864 2003 2902 ne-

352 2945 732 3004 cessitatibus
765 2959 866 3014 pro
897 2939 1115 3012 quibus
1144 2938 1421 3005 clamant,
1453 2938 1869 2992 exaudiuntur.

355 3055 492 3111 CAP.
523 3054 614 3108 70.
645 3080 714 3092 —
743 3049 921 3106 Sacra
948 3062 1082 3101 vasa
1111 3061 1222 3100 non
1269 3043 1341 3099 ab
1381 3044 1512 3098 aliis
1551 3060 1720 3114 quam
1748 3060 1781 3098 a
1811 3059 2002 3099 conse-

423 3104 846 3180 cratis'Domino
877 3116 1193 3175 hominibus
1243 3131 1356 3170 esse
1403 3104 1698 3169 tractanta.
1749 3115 1943 3170 Sixtus
1966 3131 2001 3169 a
2032 3104 2076 3172 C

427 3199 588 3252 Petro
612 3208 844 3267 papa_vi
870 3193 930 3267 in
964 3190 1151 3267 primo
1193 3185 1536 3267 decretorum
1562 3202 1790 3242 suorum
1824 3202 1838 3241 :
1873 3186 2001 3240 0m-

425 3269 590 3322 nibus
612 3257 930 3322 in'Christo
960 3257 1177 3315 dilectis
1208 3257 1506 3328 fratribus.

423 3376 522 3444 (De
549 3378 740 3441 const.,
772 3369 902 3424 dist.
938 3369 988 3436 1,
1019 3381 1067 3420 c.
1120 3367 1182 3419 In
1235 3368 1429 3419 sancta
1459 3363 1563 3419 hac
1591 3364 1790 3435 apost.)
1820 3365 1865 3418 A
1898 3381 2001 3420 no-

355 3464 448 3519 bis
478 3466 535 3518 et
565 3457 809 3529 reliquis
840 3452 1146 3526 episc0pis,
1179 3453 1517 3524 ceeterisque
1548 3452 1780 3508 Domini
1811 3469 2004 3509 sacer-

358 3549 596 3606 dotibus
626 3549 913 3602 statutum
945 3546 1057 3610 est,
1104 3547 1168 3597 ut
1215 3558 1382 3596 sacra
1411 3558 1550 3596 vasa
1600 3558 1716 3597 non
1767 3542 1840 3597 ab
1872 3541 2002 3597 aliis

361 3652 536 3710 quam
568 3653 602 3692 a
631 3633 876 3691 sacratis
907 3631 1271 3701 Dominoque
1301 3629 1512 3686 dicatis
1570 3635 2005 3686 contrectentur

357 3727 721 3783 hominibus.
755 3723 1069 3795 Indignum
1087 3719 1244 3777 enim
1275 3719 1443 3776 valde
1473 3725 1582 3787 est,
1615 3725 1680 3775 ut
1708 3736 1876 3776 sacra
1896 3720 2002 3776 Do-

356 3816 503 3872 mini
533 3833 692 3883 vasa,
727 3827 1090 3885 quaecunque
1137 3809 1274 3876 sint,
1330 3807 1608 3863 humanis
1640 3808 1846 3864 usibus
1877 3824 1998 3863 ser-

350 3906 533 3974 viant,
565 3910 624 3962 et
653 3904 726 3959 ab
757 3901 889 3958 aliis
917 3915 1091 3971 quam
1124 3915 1158 3952 a
1190 3896 1432 3952 Domino
1463 3895 1888 3952 famulantibus
1917 3896 1999 3952 ei-

350 4012 464 4068 que
493 3995 700 4051 dicatis
723 3993 1048 4048 tractentur
1066 3987 1308 4051 viris,ne
1340 4001 1442 4056 pro
1461 3984 1678 4039 talibus
1711 4001 1996 4056 praesum-

345 4085 651 4158 ptionibus
683 4082 869 4137 iratus
899 4075 1188 4134 Dominus
1218 4074 1448 4145 plagam
1481 4073 1748 4145 imponat
1778 4073 1994 4146 populo

347 4193 476 4233 ειιο.

342 4284 479 4339 CAP.
510 4281 601 4334 71.
634 4309 702 4319 —
733 4276 912 4332 Nullis
943 4275 1076 4329 aliis
1106 4269 1578 4342 temporibusmisi
1601 4269 1665 4342 in
1691 4269 1992 4342 Nativitate

415 4351 655 4419 Domini,
705 4350 936 4402 missam
983 4349 1138 4419 nocte
1179 4341 1585 4419 celebrandam.
1641 4341 1990 4419 felesphorus

412 4412 678 4494 septimus
708 4437 742 4474 a
769 4424 936 4474 Petro
963 4419 1024 4472 in
1053 4414 1325 4469 decretali
1351 4429 1454 4468 sua
1482 4412 1734 4483 epistola.

415 4512 522 4583 (De
547 4523 811 4575 eonsecr.,
839 4507 968 4561 dist.
1000 4504 1050 4573 1,
1081 4519 1128 4557 c.
1175 4503 1335 4558 Nocte
1378 4500 1615 4571 sancta.)
1641 4500 1821 4556 Nocte
1852 4517 1984 4557 vero

339 4604 546 4657 sancta
573 4595 903 4654 Nativitatis
952 4591 1185 4648 Domini
1230 4589 1543 4645 salvatoris
1594 4589 1806 4646 missas
1837 4589 1984 4646 cele-

337 4691 529 4758 brent,
561 4691 619 4742 et
645 4686 932 4759 hymnum
963 4679 1290 4752 angelicum
1315 4679 1374 4733 in
1405 4679 1490 4733 eis
1524 4677 1868 4733 solemniter
1889 4680 1985 4734 de-

337 4782 615 4834 cantent:
649 4776 927 4847 quoniam
959 4775 1016 4826 et
1045 4769 1248 4825 eadem
1273 4771 1442 4823 nocte
1474 4767 1545 4821 ab
1577 4766 1782 4837 angelo
1805 4783 1985 4822 enun-

334 4866 517 4922 tiatus
547 4868 638 4920 est
667 4861 1004 4935 pastoribus
1033 4859 1187 4930 (Luc.
1237 4855 1321 4927 ιι).
1374 4856 1442 4909 Et
1488 4856 1671 4926 infra.
1706 4856 1772 4910 Et
1801 4858 1981 4913 subito

331 4956 488 5025 facta
515 4957 592 5010 est
619 4968 746 5010 cum
775 4949 966 5020 angelo
994 4945 1308 5001 multitudo
1335 4944 1554 4999 militiae
1591 4944 1822 5000 caelestis
1853 4947 1982 5001 tau-

333 5044 586 5099 dantium
634 5043 803 5096 Deum
843 5042 896 5094 et
940 5036 1245 5091 dicentium
1274 5051 1293 5089 :
1339 5032 1528 5088 Gloria
1582 5035 1643 5088 in
1689 5033 1982 5089 altissimis

332 5134 521 5200 Deo,et
543 5134 602 5186 in
623 5140 769 5187 terra
787 5144 901 5201 pax
922 5124 1238 5180 hominibus
1260 5123 1420 5178 bona:
1451 5123 1755 5178 voluntatis
1771 5123 1977 5195 (ibid.).

329 5220 592 5293 Reliquis
620 5236 754 5275 vero
783 5213 1149 5286 temporibus
1188 5211 1502 5266 missarum
1553 5210 1978 5269 celebrationes

327 5317 466 5368 ante
496 5311 701 5366 horam
735 5306 848 5362 diei
879 5304 1112 5360 tertiam
1148 5301 1390 5355 minime
1421 5305 1562 5354 sunt
1591 5300 1976 5372 celebrandae,

327 5400 464 5471 quia
486 5400 542 5454 in
565 5399 767 5455 eadem
800 5395 941 5450 hora
961 5396 1018 5448 et
1042 5389 1324 5446 Dominus
1356 5388 1672 5443 cruciﬁxus
1701 5392 1791 5443 est
1820 5391 1971 5460 (Luc.

325 5489 495 5559 xv),el
525 5487 779 5560 Spiritus
809 5487 1053 5541 sanctus
1076 5489 1253 5550 super
1283 5477 1575 5549 aposlolos
1608 5475 1823 5548 legitur
1845 5478 1974 5534 des-

326 5575 596 5637 cendisse
628 5578 768 5646 (Act.
806 5575 890 5646 ιι).

2180 460 2274 498 ενα
2303 459 2438 498 vasa
2468 443 2550 498 vel
2580 443 2761 513 pallas
2791 442 2990 496 altaris
3020 457 3132 496 non
3176 441 3378 496 debere
3427 443 3766 509 contingere.

2178 514 2400 571 Soterus
2426 531 2575 588 papa
2605 514 2926 568 undecimus
2957 531 2989 567 a
3034 515 3231 580 Petro,
3283 514 3343 566 in
3396 513 3634 568 secunda
3664 513 3762 568 de—

2178 587 2376 642 cretali
2402 587 2507 640 sua
2537 588 2697 657 epist.

2180 674 2272 744 (23
2302 675 2463 744 dist.,
2497 690 2543 728 c.
2580 675 2855 728 Sacratas.
2899 674 2962 726 Et
3011 673 3192 742 infra,
3223 689 3280 744 p.
3312 672 3367 741 3,
3403 688 3450 727 c.
3477 673 3630 744 265.)
3658 676 3764 729 Sa-

2109 767 2302 818 cratas
2332 762 2451 818 Deo
2482 761 2752 831 feminas,
2788 760 2875 816 vel
2908 760 3248 829 monachae,
3299 778 3470 817 sacra
3498 778 3640 818 vasa
3668 761 3758 817 vel

2109 855 2364 908 sacratas
2395 849 2577 922 pallas
2609 866 2785 921 penes
2815 866 2915 905 eos
2959 849 3315 922 contingere,
3347 855 3405 906 et
3453 850 3767 907 incensum

2109 941 2264 996 circa
2292 939 2501 994 altaria
2531 939 2776 1009 deferre,
2806 937 3097 1010 perlatum
3128 943 3220 995 est
3267 940 3339 995 ad
3373 939 3763 1012 apostolicam

2109 1029 2330 1085 sedem.
2363 1030 2497 1096 Quae
2530 1028 2729 1084 omnia
2760 1027 3214 1100 reprehensione
3245 1032 3304 1084 et
3331 1029 3764 1101 vituperatione

2109 1117 2282 1189 plena
2305 1133 2452 1184 esse,
2475 1116 2623 1171 nulli
2646 1120 2799 1172 recte
2821 1117 3175 1187 sapientium
3203 1117 3449 1174 dubium
3481 1121 3592 1174 est.
3616 1118 3766 1181 Qua-

2109 1211 2347 1278 propter
2378 1205 2554 1276 hujus
2583 1209 2796 1261 sanctze
2829 1206 2986 1261 sedis
3023 1205 3374 1262 auctoritate
3406 1206 3529 1262 haec
3561 1207 3766 1262 omnia

2106 1294 2270 1350 vobis
2324 1309 2584 1350 resecare
2633 1294 2922 1362 funditus,
2973 1298 3192 1365 quanto
3244 1293 3420 1350 citius
3466 1295 3756 1366 poteritis,

2108 1399 2441 1439 censemus.

2108 1489 2241 1545 CAP.
2273 1491 2365 1546 73.
2395 1521 2466 1530 —
2498 1489 2749 1558 Singulis
2788 1491 2952 1544 annis
2981 1490 3042 1544 in
3071 1505 3223 1544 cana
3272 1491 3494 1545 Domini
3519 1491 3763 1546 chrisma

2182 1561 2737 1633 conﬁciendumiesse.
2772 1561 3047 1617 Fabianus
3071 1577 3221 1633 papa
3266 1577 3407 1616 xvm
3437 1579 3470 1616 a
3497 1563 3667 1620 Petro
3700 1564 3759 1618 in

2178 1633 2412 1689 secundo
2440 1649 2538 1688 suo
2566 1632 2798 1689 decreto.

2179 1721 2278 1790 (De
2304 1736 2566 1788 consecr.,
2599 1720 2727 1776 dist.
2776 1722 2830 1789 3,
2862 1737 2910 1776 c.
2965 1723 3185 1776 Litteris
3232 1721 3472 1793 vestris.)
3521 1720 3757 1777 Litteris

2109 1811 2318 1866 vestris
2350 1811 2503 1866 inter
2531 1813 2736 1866 caetera
2769 1809 3053 1866 insertum
3085 1809 3439 1881 invenimus,
3471 1811 3760 1882 quosdam

2111 1898 2366 1972 regionis
2386 1903 2589 1956 vestrm
2607 1898 2910 1971 episcopos
2935 1916 2968 1954 τι
2986 1902 3180 1954 vestro
3213 1903 3531 1971 nostroque
3555 1899 3762 1954 ordine

2112 1990 2465 2061 discrepare,
2497 1993 2555 2044 et
2585 2005 2699 2044 non
2732 2005 2835 2059 per
2865 1988 3133 2061 singulos
3165 2006 3352 2045 annos
3373 1989 3433 2044 in
3465 2006 3628 2044 coena
3645 1989 3762 2044 Do—

2115 2078 2258 2134 mini
2291 2077 2550 2134 chrisma
2580 2077 3064 2148 conticereJn/ra.
3098 2078 3310 2132 Errant
3337 2093 3470 2132 vero
3502 2077 3605 2150 qui
3626 2077 3769 2132 talia

2114 2167 2526 2239 excogitant,et
2547 2171 2738 2222 mente
2758 2182 2980 2222 vesana
3001 2171 3195 2237 potius
3223 2183 3399 2238 quam
3428 2172 3589 2222 recta
3609 2183 3766 2223 sem-

2116 2257 2350 2324 tientes,
2385 2257 2502 2311 haec
2533 2256 2772 2311 audent.
2805 2257 2960 2310 Item.
2993 2255 3155 2311 Sicut
3184 2255 3374 2328 ipsius
3406 2255 3520 2311 diei
3550 2255 3766 2312 solem-

2116 2345 2272 2402 nitas
2304 2363 2405 2416 per
2434 2343 2702 2416 singulos
2733 2361 2918 2399 annos
2950 2344 3301 2400 celebranda
3326 2349 3436 2413 est,
3472 2345 3551 2400 ita
3581 2345 3772 2417 ipsius

2115 2435 2303 2490 sancti
2335 2433 2672 2488 chrismatis
2705 2433 2990 2489 confectio
3024 2449 3126 2504 per
3175 2433 3444 2506 singulos
3473 2450 3657 2489 annos
3676 2437 3768 2490 est

2113 2524 2358 2595 agenda,
2391 2527 2440 2577 et
2477 2523 2548 2578 de
2578 2538 2731 2576 anno
2762 2521 2822 2575 in
2853 2538 3076 2577 annum
3109 2521 3461 2592 renovanda,
3493 2526 3551 2577 et
3573 2521 3761 2576 fideli-

2113 2612 2227 2668 bus
2256 2611 2544 2667 tradenda
2575 2628 2588 2665 :
2625 2609 2764 2682 quia
2793 2626 3004 2666 novum
3056 2615 3490 2666 sacramentum
3545 2615 3634 2666 est
3661 2627 3764 2682 per

2116 2701 2382 2774 singulos
2413 2716 2599 2756 annos
2637 2699 2698 2753 in
2723 2699 2850 2769 jam
2899 2698 3057 2754 dicta
3101 2699 3196 2754 die
3245 2699 3672 2770 innovandum,
3704 2704 3763 2755 et

2113 2793 2280 2846 vetus
2309 2790 2370 2846 in
2403 2788 2624 2845 sanctis
2651 2787 2914 2844 ecclesiis
2944 2788 3440 2843 cremandumJta
3470 2806 3503 2843 a
3537 2791 3760 2844 sanctis

2113 2876 2394 2949 apostolis
2425 2882 2482 2932 et
2510 2875 2948 2932 successoribus
2975 2891 3180 2930 eorum
3211 2876 3762 2948 accepimus,vobis-

2112 2983 2226 3039 que
2256 2966 2510 3023 tenenda
2542 2965 2919 3022 mandamus.

2112 3073 2242 3130 CAP.
2273 3074 2365 3126 74.
2403 3104 2465 3112 -
2502 3073 2828 3127 Vestimenta
2879 3072 3251 3127 ecclesiastica
3281 3071 3482 3142 quibus
3531 3073 3760 3127 Dommo

2183 3146 2428 3201 servitur
2455 3159 2616 3199 sacra
2661 3143 2855 3198 debere
2882 3159 2996 3199 esse
3031 3146 3080 3198 et
3128 3144 3378 3198 honesta.
3429 3144 3761 3211 Stephanus

2184 3232 2330 3288 papa
2359 3232 2475 3271 χχιι
2505 3232 2540 3270 a
2569 3217 2751 3285 Petro,
2801 3216 2861 3269 in
2909 3214 3114 3270 decimo
3164 3215 3378 3270 decreto
3422 3231 3519 3270 suo
3547 3217 3668 3286 (Ep.
3707 3217 3758 3282 1,

2183 3304 2229 3343 c.
2263 3289 2338 3359 3).

2185 3379 2279 3445 (De
2305 3394 2474 3448 cons.,
2505 3375 2632 3431 dist.
2670 3380 2718 3446 1,
2751 3391 2798 3430 c.
2836 3375 3225 3445 Vestimenta.)
3277 3374 3637 3432 Vestimenta
3669 3389 3761 3429 ec-

2113 3464 2436 3522 clesiastica
2466 3464 2680 3537 quibus
2711 3463 2959 3520 Domino
2991 3462 3386 3529 ministratur,
3428 3467 3485 3518 et
3531 3467 3761 3518 sacrata

2113 3557 2327 3612 debent
2355 3571 2484 3610 esse
2513 3558 2571 3609 et
2586 3553 2832 3609 honesta
2859 3569 2874 3608 :
2908 3551 3125 3623 quibus
3155 3551 3215 3607 in
3247 3551 3380 3607 aliis
3411 3551 3620 3608 usibus
3642 3570 3756 3608 non

2112 3644 2284 3700 debet
2315 3642 2632 3715 frui,quam
2654 3639 3068 3696 ecclesiasticis
3088 3645 3143 3695 et
3163 3640 3278 3696 Deo
3305 3640 3501 3712 dignis
3523 3642 3754 3697 ofﬁciis.

2111 3733 2248 3796 Quae
2279 3748 2383 3788 nec
2412 3731 2486 3787 ab
2515 3730 2650 3786 aliis
2690 3730 2905 3785 debent
2953 3729 3214 3801 contingi
3253 3733 3354 3784 aut
3386 3729 3544 3799 ferri,
3578 3729 3694 3785 nisi
3724 3748 3759 3786 a

2111 3822 2357 3876 sacratis
2379 3819 2743 3891 hominibus,
2776 3834 2848 3873 ne
2866 3817 3009 3874 ultio
3023 3834 3150 3890 quae
3175 3817 3483 3873 Balthasar
3514 3834 3754 3890 percus-

2108 3909 2187 3964 sit
2232 3910 2394 3981 (Dan.
2443 3912 2518 3977 v).
2571 3923 2748 3980 super
2776 3907 2898 3963 haec
2945 3905 3464 3979 transgredientes,
3515 3913 3572 3963 et
3619 3907 3761 3965 talia

2105 4002 2528 4069 praesumentes
2559 3997 2752 4053 veniat
2798 3995 3015 4062 divina,
3062 4000 3120 4050 et
3150 4011 3420 4051 corruere
3453 4013 3553 4052 eos
3582 3997 3762 4054 iaciat

2103 4089 2176 4145 ad
2207 4088 2417 4144 imum.

2099 4199 2237 4252 CAP.
2269 4196 2358 4249 75.
2385 4224 2455 4234 —
2486 4193 2634 4262 Quod
2663 4209 2778 4265 non
2806 4191 2989 4248 solum
3015 4193 3279 4264 episcopis
3308 4192 3401 4248 sed
3429 4194 3598 4248 etiam
3625 4210 3753 4265 pre-

2170 4268 2406 4338 sbyteris
2437 4266 2597 4320 liceat
2655 4263 2906 4338 inﬁrmos
2949 4263 3063 4338 oleo
3106 4267 3292 4338 sancto
3339 4263 3639 4338 inungere.—
3667 4267 3758 4320 In-

2169 4334 2456 4394 nocentius
2491 4338 2705 4408 primus
2756 4334 2812 4390 in
2859 4337 3048 4404 prima
3089 4351 3192 4390 sua
3239 4334 3506 4391 decretali
3551 4338 3744 4407 epist.,

2166 4426 2288 4480 cap.
2320 4410 2374 4465 7.

2165 4499 2326 4570 (Dist.
2357 4498 2448 4564 95,
2474 4514 2520 4552 c.
2552 4495 2694 4552 Illud
2723 4497 3118 4566 superﬂuum.)
3173 4494 3322 4550 Illud
3375 4495 3745 4568 superﬂuum

2094 4585 2360 4642 videmus
2390 4587 2786 4656 adjectum,ut
2816 4584 2887 4639 de
2920 4583 3191 4656 episcopo
3223 4583 3746 4658 ambigatur,quod

2094 4674 2447 4746 presbyteris
2468 4673 2640 4729 licere
2665 4689 2782 4728 non
2811 4673 3058 4728 dubium
3082 4672 3343 4728 est.Nam
3375 4671 3591 4728 idcirco
3617 4691 3748 4746 pre-

2093 4763 2341 4836 sbyteris
2371 4762 2590 4818 dictum
2622 4766 2734 4831 est,
2767 4761 2905 4833 quia
2937 4760 3197 4832 episcopi
3256 4761 3750 4833 occupationibus

2093 4852 2225 4909 aliis
2254 4851 2518 4926 impediti
2548 4852 2619 4908 ad
2641 4849 3182 4922 omneslanguidos
3214 4849 3298 4905 ire
3322 4866 3437 4906 non
3472 4856 3747 4922 possunt.

2089 4944 2375 4999 Caeterum
2403 4941 2454 4997 si
2484 4941 2798 5013 episcopus
2831 4942 2932 4994 aut
2963 4942 3156 5010 potest
3187 4944 3289 4994 aut
3313 4938 3561 5011 dignum
3585 4939 3753 4996 ducit

2090 5030 2346 5103 aliquem
2375 5047 2408 5086 a
2437 5045 2499 5086 se
2527 5028 2911 5098 visitandum,
2944 5031 3002 5082 et
3032 5026 3376 5083 benedicere
3408 5032 3468 5082 et
3508 5031 3749 5098 tangere

2087 5118 2407 5176 chrismate
2437 5119 2566 5174 sine
2597 5117 2970 5173 cunctatione
3003 5115 3394 5187 potest,cujus
3425 5119 3515 5171 est
3542 5115 3745 5188 ipsum

2089 5208 2348 5264 chrisma
2371 5205 2828 5262 coniicere.Nam
2862 5202 3285 5275 pmnitentibus
3317 5202 3481 5260 istud
3506 5203 3741 5260 infundi

2089 5314 2204 5352 non
2235 5294 2592 5367 potest,quia
2621 5310 2806 5365 genus
2833 5297 2922 5349 est
2951 5291 3489 5349 sacramenti.Nam
3520 5293 3743 5365 quibus

2087 5385 2316 5457 reliqua
2347 5386 2715 5439 sacramenta
2743 5384 3059 5454 negantur,
3092 5383 3386 5453 quomodo
3419 5399 3607 5438 unum
3639 5399 3741 5455 ge-

2086 5491 2199 5530 nus
2232 5479 2473 5545 putatur
2505 5488 2676 5543 posse
2708 5471 2998 5528 concedi?

2082 5554 2392 5619 EAP.76.—
2425 5564 2653 5617 Missam
2681 5577 2969 5632 nunquam
2998 5562 3119 5618 nisi
3144 5576 3248 5633 pro
3269 5575 3468 5632 magna
3496 5565 3738 5619 necessi-
