3982 6060
194 279 310 333 177

947 282 1264 337 DECRETI
1303 285 1489 338 PARS
1526 283 1595 337 II.
1630 312 1696 322 —
1727 284 1825 336 DE
1860 284 2065 338 CORP.
2106 285 2200 338 ET
2237 286 2452 339 SANG.
2490 285 2690 349 DOM.,
2733 286 2887 340 ETC.

3527 282 3636 338 178

270 409 386 461 tate
418 408 479 460 in
515 406 650 461 locis
677 421 788 461 non
817 407 1052 461 sacratis
1083 407 1445 463 contundam.
1482 407 1643 463 Felix
1671 408 1737 463 IV
1762 423 1865 476 pa-
1896 408 1948 474 Α
1981 408 2261 479 magister
2305 408 2364 463 in
2420 408 2572 464 bono
2623 425 2749 465 esse
2800 408 3077 477 debuisti,
3112 423 3218 464 nec
3264 386 3635 479 simplicitati

268 491 348 550 pa
379 480 635 532 omnibus
664 479 930 549 episcopis
960 479 1070 551 (ep.
1106 480 1178 549 1).

1990 501 2099 552 tuae
2133 498 2401 565 ulterius,
2436 515 2540 553 nec
2571 498 2856 554 senectuti
2886 514 3217 570 parcamus.

272 584 375 652 (De
405 599 580 651 cons.,
633 582 767 639 dist.
812 584 864 653 1,
908 600 957 639 c.
1010 584 1165 639 Sicut
1194 599 1307 639 non
1352 585 1498 656 alii).
1549 585 1747 640 Satius
1792 601 1820 640 e

1999 607 2122 660 CAP.
2154 604 2242 658 79.
2278 635 2346 644 -
2378 604 2527 672 Quod
2557 604 2781 660 diaconi
2808 622 2915 660 non
2955 605 3183 659 debeant
3210 606 3421 659 servire
3445 607 3639 660 modu-

196 672 455 727 missam
490 688 604 727 non
660 677 902 729 cantare
948 677 1051 727 aut
1083 690 1200 728 non
1233 674 1456 743 audire,
1484 689 1662 745 quam
1695 673 1754 727 in
1785 674 1878 728 his

192 762 352 817 locis
387 762 487 816 ubi
517 760 643 816 fieri
670 778 788 816 non
811 765 1065 833 oportet,
1083 762 1198 818 nisi
1222 762 1313 833 (ut
1335 779 1486 833 saepe
1508 763 1733 817 dictum
1763 768 1875 838 est)

192 866 309 921 pro
332 866 570 905 summa
593 850 899 921 contingat
918 850 1534 921 necessitate,quando
1554 851 1875 906 necessitas

192 937 394 1011 legem
432 955 547 993 non
578 938 777 994 habet.
804 937 967 993 Unde
996 939 1285 1011 scriptum
1315 943 1404 994 est
1437 958 1451 995 '.
1490 939 1615 995 Vide
1642 956 1711 995 ne
1741 941 1871 1009 (οπε-

192 1044 294 1081 ras
327 1028 645 1084 holocausta
675 1031 773 1082 tua
799 1027 861 1081 in
890 1028 1042 1083 omni
1073 1028 1186 1083 loco
1237 1043 1399 1099 quem
1424 1028 1652 1093 videris,
1684 1027 1778 1082 sed
1814 1029 1873 1082 in

194 1116 318 1181 loco
349 1132 511 1187 quem
538 1117 771 1184 elegerit
798 1117 1068 1172 Dominus
1093 1119 1239 1172 Deus
1268 1122 1395 1172 tuus
1424 1117 1606 1189 (Deut.
1638 1117 1762 1189 xu).

193 1233 340 1287 CAP.
373 1233 466 1285 77.
504 1262 572 1273 --
603 1233 676 1287 De
722 1231 916 1286 ordine
963 1233 1371 1302 prae/"alienum
1418 1233 1719 1287 secundum
1767 1236 1870 1287 Ro-

310 1320 545 1359 manam
574 1303 901 1359 Ecclesium.
931 1304 1202 1373 Pelagius
1231 1306 1280 1359 II
1304 1322 1473 1376 papa,
1515 1307 1672 1375 epist.
1707 1305 1761 1360 4.

268 1408 553 1481 Pelagius
587 1409 945 1477 II,Romanez
968 1408 1240 1464 Ecclesiae
1273 1412 1328 1463 et
1348 1408 1681 1480 apostolica;
1714 1408 1870 1463 sedis

194 1498 846 1572 episcopus,universis
869 1497 1188 1553 Galliarum
1220 1502 1391 1567 atque
1422 1498 1868 1552 Germaniarum

192 1588 518 1660 epiSCOpis.
552 1589 697 1643 Cum
732 1586 791 1641 in
825 1586 925 1642 Dei
958 1586 1195 1642 nomine
1227 1587 1285 1641 in
1319 1586 1583 1641 Romana
1612 1587 1870 1642 Ecclesia

195 1679 500 1750 synodum
525 1676 935 1749 episcoporum
973 1676 1093 1732 sive
1117 1681 1458 1731 ceterorum
1484 1678 1863 1732 consacerdo-

196 1772 331 1824 tum
366 1766 467 1822 Dei
498 1765 761 1821 ﬁdelium
794 1769 1206 1837 congregatam
1238 1765 1675 1833 habuissemus,
1711 1772 1768 1822 et
1799 1767 1869 1821 de
1896 1776 1944 1840 Β

198 1855 622 1913 ecclesiasticis
654 1854 913 1925 statutis,
936 1859 997 1909 ut
1024 1858 1163 1909 sunt
1190 1855 1262 1909 ab
1282 1854 1562 1926 apostolis
1584 1863 1637 1910 et
1667 1873 1699 1909 a
1728 1872 1869 1910 san-

207 1946 327 2002 ctis
350 1945 629 2001 Patribus
647 1943 1648 2015 tradita,diligentiustractaremus:
1662 1960 1867 2016 super-

204 2051 426 2090 venere
455 2035 663 2089 litteraa
693 2037 987 2100 vestrae,et
1017 2038 1080 2088 ut
1112 2032 1301 2105 magis
1333 2038 1529 2088 essent
1558 2034 1869 2090 auctorita-

204 2125 365 2191 tivae,
398 2123 575 2179 etiam
624 2123 766 2177 vivae
795 2139 968 2177 voces
1019 2126 1432 2193 processerunt
1479 2128 1772 2194 rogantes,
1804 2126 1869 2178 ut

205 2210 478 2265 ordinem
511 2209 918 2281 praafationum
951 2225 1125 2280 quem
1157 2214 1363 2263 sancta
1392 2209 1653 2265 Romana
1683 2210 1869 2265 Eccle-

204 2299 297 2355 sia
326 2299 619 2355 hactenus
651 2299 911 2363 haberet,
947 2298 1165 2353 nostris
1191 2297 1400 2353 litteris
1427 2298 1592 2353 vobis
1622 2300 1868 2355 manda-

203 2388 600 2443 remus.Tunc
630 2388 701 2443 de
722 2391 920 2443 vestra
948 2386 1331 2456 voluntate,et
1347 2387 1542 2442 studio
1570 2392 1689 2443 tam
1714 2388 1867 2445 bono

206 2476 465 2531 multum
494 2475 678 2547 gavisi
712 2491 1185 2543 sumus,sacrum
1218 2474 1481 2530 ordinem
1514 2476 1866 2549 Romanum,

205 2581 494 2636 sacraque
519 2564 843 2620 constituta
874 2568 1214 2620 nostrorum
1238 2568 1675 2620 antecessorum
1694 2567 1871 2622 soler-

208 2661 298 2708 ter
329 2652 654 2725 relegentes
702 2655 802 2724 (De
830 2669 1001 2721 cons.,
1034 2654 1162 2708 dist.
1197 2654 1248 2720 1,
1290 2669 1340 2709 c.
1376 2655 1699 2709 Invenimus
1732 2654 1870 2716 has;

207 2742 311 2797 sed
340 2744 502 2798 titulo
535 2742 781 2813 Gelasii),
813 2743 1149 2798 invenimus
1182 2741 1290 2797 has
1343 2759 1548 2797 novem
1580 2743 1867 2813 praelatio-

209 2848 318 2887 nes
348 2832 409 2886 in
452 2848 618 2887 sacro
650 2830 911 2902 catalogo
956 2832 1368 2887 tantummodo
1414 2836 1679 2904 receptas
1707 2832 1871 2903 [reci-

208 2919 507 2992 piendas],
539 2936 687 2991 quas
718 2919 894 2991 longa
926 2924 1078 2976 retro
1110 2924 1370 2976 vetustas
1399 2920 1458 2976 in
1487 2921 1751 2977 Romana
1772 2923 1871 2977 Ec-

210 3009 397 3065 clesia
445 3010 728 3065 hactenus
760 3009 1048 3078 servavit;
1080 3009 1139 3065 id
1171 3018 1258 3065 est
1290 3028 1467 3066 unam
1499 3011 1558 3065 in
1592 3011 1741 3067 albis
1772 3012 1871 3067 Pa-

207 3096 540 3165 schalibus,
575 3098 751 3153 aliam
785 3099 856 3154 de
883 3098 1241 3155 Ascensione
1271 3099 1776 3164 Domini,tertiam
1799 3102 1870 3156 de

208 3186 576 3255 Pentecoste,
609 3192 880 3258 quartam
914 3189 985 3242 de
1018 3186 1196 3242 natali
1229 3189 1766 3260 Domini,quintam
1799 3191 1869 3246 de

210 3277 583 3347 apparitione
632 3276 884 3337 Domini,
937 3281 1160 3332 sextam
1210 3277 1281 3331 de
1333 3277 1635 3348 apostolis,
1689 3279 1876 3349 septi-

209 3380 371 3418 mam
396 3364 465 3418 de
499 3368 709 3419 sancta
733 3364 1309 3435 Trinitate,octavam
1343 3366 1413 3420 de
1446 3372 1650 3421 sancta
1681 3383 1871 3437 cruce,

206 3469 429 3507 nonam
464 3451 534 3508 de
560 3453 786 3523 jejunio
820 3453 882 3508 in
915 3454 1374 3525 quadragesima
1420 3459 1647 3509 tantum
1680 3454 1873 3511 dicen-

206 3543 371 3596 dam.
410 3545 529 3597 Has
564 3540 933 3613 praefationes
968 3546 1127 3597 tenet
1150 3546 1208 3598 et
1237 3544 1493 3599 custodit
1521 3549 1725 3599 sancta
1757 3546 1872 3601 Ro-

209 3646 391 3685 mana
422 3628 704 3698 Ecclesia,
739 3630 845 3685 has
880 3631 1165 3686 tenendas
1195 3631 1360 3687 vobis
1389 3632 1762 3688 mandamus.

205 3748 346 3802 CAP.
379 3746 475 3819 78.,
503 3775 572 3785 —-
601 3746 847 3816 Epistola
904 3744 1156 3819 Gregorii
1183 3746 1252 3801 ad
1304 3749 1641 3803 Ianuarium
1670 3751 1875 3819 episco~

278 3834 411 3891 pum
444 3817 511 3873 de
538 3834 709 3872 messe
737 3818 1027 3885 cujusdam
1056 3822 1299 3875 exarata
1327 3821 1471 3891 (Lib.
1502 3836 1583 3875 v11
1614 3817 1870 3889 Registri,

279 3889 582 3944 indictione
608 3891 663 3955 2,
695 3892 858 3960 epist.
896 3890 969 3959 1).

280 3997 449 4067 (Dist.
488 3995 577 4062 86,
631 4012 679 4050 c.
734 3997 947 4065 Tanta).
999 3997 1184 4052 Tanta
1234 4000 1429 4052 autem
1486 4000 1749 4069 nequitia
1797 4000 1869 4055 ad

210 4101 389 4140 aures
420 4100 581 4139 meas
614 4086 685 4139 de
717 4088 818 4140 tua
852 4088 1154 4141 senectute
1185 4085 1471 4157 pervenit,
1504 4092 1568 4141 ut
1597 4104 1721 4142 eam
1756 4089 1870 4143 nisi

207 4174 403 4229 adhuc
426 4173 772 4228 humanitus
787 4175 1443 4245 pensaremus,ﬁxajam
1460 4176 1871 4232 maledictione

207 4262 785 4318 feriremus.Dictum
819 4263 1039 4335 quippe
1067 4262 1211 4317 mihi
1243 4269 1352 4332 est,
1385 4265 1541 4333 quod
1578 4265 1870 4321 [)ominico

205 4352 317 4418 die,
354 4351 705 4423 priusquam
739 4350 1060 4406 missarum
1097 4350 1388 4406 solemnia
1419 4351 1763 4418 celebrares,
1795 4355 1867 4409 ad

206 4440 565 4496 exarandum
587 4456 840 4496 messem
860 4439 1063 4495 latoris
1087 4442 1462 4512 praesentium
1482 4443 1870 4512 perrexisti,et

205 4534 341 4601 post
390 4529 781 4583 exarationem
838 4528 989 4598 ejus,
1024 4529 1341 4584 missarum
1396 4528 1683 4586 solemnia
1715 4531 1865 4587 cele-
1897 4507 1944 4572 D

206 4618 415 4673 brasti.
452 4617 587 4672 Post
616 4617 905 4672 solemnia
933 4617 1110 4673 etiam
1157 4619 1442 4673 terminos
1472 4621 1863 4689 possessionis

207 4704 368 4760 illius
397 4705 695 4760 eradicare
727 4704 970 4761 minime
1004 4705 1273 4760 timuisti.
1301 4707 1460 4772 Quod
1491 4709 1707 4763 factum
1742 4726 1864 4779 quas

207 4810 378 4865 poena
409 4792 615 4849 debuit
666 4794 919 4865 insequi,
954 4811 1156 4849 omnes
1206 4794 1304 4866 qui
1350 4795 1599 4851 audiunt
1647 4797 1862 4854 sciunt.

205 4882 336 4936 Item
371 4882 554 4955 infra.
592 4883 659 4937 Et
690 4884 929 4954 quidem
966 4899 1149 4954 poenae
1182 4883 1477 4938 sententia
1509 4886 1564 4939 in
1596 4891 1652 4941 te
1679 4888 1868 4942 fuerat

195 4969 536 5041 jaculanda,
569 4973 671 5027 sed
695 4971 832 5042 quia
862 4971 1297 5041 simplicitatem
1332 4976 1493 5027 tuam
1527 4990 1657 5028 cum
1694 4992 1866 5031 sene-

204 5064 362 5115 ctute
386 5060 935 5128 novimus,interim
963 5064 1247 5116 tacemus.
1280 5062 1391 5116 Eos
1424 5078 1577 5130 vero,
1613 5080 1863 5134 quorum

204 5147 451 5204 consilio
488 5149 605 5204 haec
637 5149 900 5221 egisti,in
933 5149 1167 5204 duobus
1200 5151 1507 5205 mensibus
1527 5168 1862 5207 excommu-

204 5238 428 5293 nicalos
480 5254 608 5293 esse
664 5238 1061 5309 decernimus,
1091 5239 1173 5293 ita
1217 5243 1282 5293 ut
1329 5240 1377 5293 si
1410 5239 1550 5310 quid
1596 5241 1681 5295 eis
1711 5240 1866 5297 intra

206 5326 457 5381 duorum
484 5327 781 5382 mensium
806 5328 1063 5398 spatium
1088 5326 1435 5382 humanitus
1457 5331 1731 5400 evenerit,
1765 5331 1864 5386 be-

204 5414 537 5470 nedictione
568 5414 758 5471 viatici
786 5432 899 5471 non
936 5414 1555 5489 priventurDeinceps
1573 5422 1767 5474 autem
1793 5420 1865 5474 ab

206 5520 410 5559 eorum
463 5503 731 5560 consiliis
762 5510 972 5561 cautus
1019 5505 1222 5571 exists,
1255 5510 1309 5560 te
1360 5523 1592 5578 quoque
1620 5508 1868 5565 sollicite

211 5591 462 5662 custodi,
498 5609 568 5648 ne
599 5593 649 5649 si
679 5593 764 5649 eis
790 5593 849 5649 in
885 5594 1039 5650 malo
1072 5594 1398 5666 discipulus
1434 5597 1865 5669 t'ucris,quibus

2059 676 2273 750 lationi
2304 678 2471 750 uocis.
2522 677 2676 743 (Item
2712 678 2805 731 lib.
2845 694 2900 730 ιν
2949 678 3175 746 Regist.,
3223 692 3345 750 cap.
3392 676 3482 745 88,
3528 678 3642 731 sive

2057 748 2216 818 epist.
2250 748 2361 816 44).

2057 853 2226 923 (Dist.
2256 854 2346 920 92,
2379 870 2426 910 c.
2461 856 2524 909 In
2551 855 2782 925 sancta).
2804 856 2867 909 In
2886 854 2995 909 hac
3015 858 3221 909 saneta
3242 854 3506 909 Romana
3535 854 3639 909 Ec-

1984 940 2163 996 clesia
2186 943 2277 996 cui
2304 943 2501 997 divina
2522 943 2881 1014 dispensatio
2906 958 3150 1013 praeesse
3175 959 3268 998 me
3288 942 3495 1008 voluit,
3527 943 3639 998 du-

1985 1032 2125 1085 dum
2158 1032 2518 1086 consuetudo
2536 1036 2625 1086 est
2653 1030 2820 1087 valde
2846 1030 3321 1103 reprehensibilis
3345 1035 3639 1101 exorta,ut

1984 1119 2224 1190 quidam
2259 1122 2326 1174 ad
2361 1137 2593 1175 sacrum
2645 1120 2847 1175 altaris
2880 1119 3272 1175 ministerium
3304 1124 3635 1175 cantatores

1981 1203 2358 1276 eligantur,et
2378 1205 2437 1260 in
2465 1206 2812 1261 diaconatus
2833 1207 3036 1262 ordine
3066 1206 3393 1274 constituti,
3424 1207 3631 1260 modu-

1981 1293 2181 1349 lationi
2207 1295 2725 1364 vocisinserviant,
2760 1312 2907 1367 quos
2945 1296 3015 1349 ad
3050 1294 3479 1365 praedicationis
3505 1294 3632 1348 ofﬁ-

1979 1383 2223 1451 cium,et
2235 1383 2737 1456 eleemosynarum
2754 1384 3017 1439 studium
3032 1399 3240 1438 vacare
3253 1382 3629 1453 congruebat.

1978 1473 2141 1528 Unde
2165 1473 2228 1525 ﬁt
2251 1471 2597 1543 plerumque
2625 1477 2693 1527 ut
2713 1473 2783 1526 ad
2810 1488 3040 1527 sacrum
3067 1472 3632 1539 ministerium,dum

1977 1577 2083 1616 vox
2104 1560 2320 1616 blanda
2340 1562 2834 1632 quaeritur,quzeri
2862 1578 3117 1631 congrua
3138 1561 3250 1617 vita
3278 1560 3628 1632 negligatur,

1977 1654 2034 1705 et
2064 1654 2266 1705 cantor
2297 1649 2567 1705 minister
2601 1650 2830 1706 Domini
2862 1650 3383 1722 [Deum],moribus
3414 1649 3632 1704 stimu-

1974 1738 2075 1807 let,
2109 1756 2243 1794 cum
2272 1740 2554 1811 populum
2585 1740 2828 1795 vocibus
2860 1738 3262 1803 delectat.Qua
3294 1740 3364 1794 de
3393 1755 3453 1793 re
3484 1755 3628 1810 prae-

1977 1828 2128 1883 senti
2162 1829 2389 1883 decreto
2423 1829 2714 1884 constituo
2748 1832 2811 1883 ut
2839 1829 2900 1883 in
2932 1828 3068 1884 sede
3098 1827 3206 1883 hac
3236 1827 3389 1883 sacri
3426 1825 3629 1882 altaris

1977 1916 2236 1972 ministri
2255 1922 2491 1972 cantare
2512 1934 2626 1973 non
2650 1918 2923 1987 debeant,
2938 1916 3250 1987 solumque
3271 1913 3630 1988 Evangelica:

1974 2004 2245 2061 lectionis
2277 2006 2539 2061 ofﬁcium
2586 2006 2740 2062 inter
2770 2007 3088 2061 missarum
3121 2005 3408 2061 solemnia
3438 2003 3629 2059 exsol-

1974 2094 2408 2151 vant.Psalmos
2438 2112 2573 2151 vero
2597 2113 2663 2151 ac
2692 2094 2947 2166 reliquas
2978 2094 3259 2150 lectiones
3289 2110 3496 2150 censeo
3528 2108 3633 2165 per

1976 2183 2390 2254 subdiaconos,
2422 2183 2532 2253 vel,
2565 2185 2613 2239 si
2647 2184 2966 2240 necessitas
3012 2184 3209 2257 exigit,
3242 2200 3346 2254 per
3376 2182 3632 2237 minores

1976 2274 2210 2330 ordines
2263 2272 2544 2329 exhiberi.
2576 2274 2630 2327 Si
2665 2274 2800 2346 quis
2832 2278 3029 2328 autem
3063 2277 3266 2328 contra
3297 2273 3404 2328 hoc
3433 2273 3635 2327 decre-

1977 2367 2103 2417 tum
2136 2379 2333 2418 meum
2365 2364 2560 2417 venire
2592 2363 2921 2431 tentaverit,
2955 2362 3265 2417 anathema
3296 2361 3393 2417 sit.

1977 2471 2109 2524 CAP.
2140 2471 2229 2524 80.
2264 2501 2329 2509 —
2380 2469 2529 2537 Quod
2555 2470 2740 2537 potior
2786 2485 2913 2523 usus
2944 2469 3199 2524 Ecclesiae
3226 2470 3301 2522 sit
3344 2467 3635 2523 tenendus.

2070 2541 2371 2609 Gregorius
2401 2542 2703 2611 Augustino
2735 2541 3058 2611 (Anglorum
3088 2542 3275 2609 episc.,
3309 2555 3431 2609 cap.
3464 2540 3539 2609 3).

2047 2648 2210 2718 (Dist.
2244 2648 2333 2713 12,
2364 2664 2413 2702 ο.
2447 2646 2833 2718 Novit).Novit
2862 2646 3197 2701 fraternitas
3226 2649 3329 2699 tua
3360 2645 3635 2699 Romanis

1976 2736 2246 2792 Ecclesiae
2295 2735 2806 2805 consuetudinem,
2839 2735 2897 2789 in
2946 2750 3064 2805 qua
3095 2749 3157 2789 se
3188 2733 3459 2788 meminit
3504 2748 3635 2788 esse

1978 2825 2403 2881 nutritam.Sed
2438 2823 2585 2879 mihi
2616 2823 2825 2896 placet,
2859 2826 2924 2878 ut
2953 2822 3075 2878 sive
3104 2822 3164 2876 in
3199 2821 3485 2887 Romana,
3511 2821 3633 2878 sive

1977 2913 2038 2969 in
2068 2913 2389 2981 Gallicana,
2421 2930 2523 2969 seu
2548 2912 2607 2967 in
2640 2912 2901 2984 qualibet
2943 2911 3201 2967 Ecclesia
3222 2910 3444 2982 aliquid
3474 2911 3632 2967 inve-

1977 3002 2302 3074 nisti,quod
2328 3002 2460 3074 plus
2482 3002 2871 3074 omnipotenti
2898 3002 3009 3056 Deo
3033 3000 3220 3073 possit
3240 2999 3489 3072 placere,
3511 2999 3633 3056 sol-

1981 3092 2139 3148 licite
2171 3092 2438 3163 eligas,et
2468 3091 2525 3145 in
2559 3090 2880 3163 Anglorum
2916 3090 3173 3146 Ecclesia
3203 3106 3329 3161 qua:
3360 3089 3552 3145 adhuc
3572 3090 3633 3144 in

1984 3182 2099 3237 ﬁde
2132 3198 2278 3237 nova
2308 3180 2796 3245 est,institutione
2828 3178 3139 3250 praecipua,
3173 3195 3299 3249 quae
3328 3179 3400 3234 de
3432 3178 3635 3234 multis

1981 3270 2258 3326 Ecclesiis
2291 3269 2558 3339 colligere
2590 3270 2810 3340 poteris
2850 3268 3149 3323 infundas.
3184 3267 3307 3322 Non
3338 3267 3496 3322 enim
3530 3284 3634 3338 pro

1984 3358 2129 3414 locis
2161 3375 2271 3427 res,
2304 3359 2405 3413 sed
2439 3374 2542 3429 pro
2573 3358 2749 3413 rebus
2780 3356 2908 3412 loca
2936 3356 3191 3411 amanda
3218 3363 3373 3410 sunt.
3399 3355 3479 3409 Ex
3509 3355 3634 3409 sin-

1982 3447 2138 3521 gulis
2168 3463 2305 3519 ergo
2350 3447 2684 3518 quibusque
2714 3445 2990 3501 Ecclesiis
3039 3461 3165 3517 qua;
3197 3443 3312 3515 pia,
3346 3459 3470 3515 quas
3504 3443 3634 3498 reli-

1983 3536 2302 3609 giosa,qua3
2334 3538 2489 3591 recta
2519 3539 2658 3590 sunt
2688 3533 2920 3605 elige,et
2949 3532 3071 3588 haec
3103 3533 3273 3604 quasi
3303 3534 3362 3588 in
3389 3532 3633 3588 fascicu-

1982 3625 2104 3680 lum
2141 3625 2385 3680 collecta
2414 3624 2570 3695 apud
2620 3621 2945 3693 Anglorum
2976 3628 3201 3689 mentes
3230 3622 3291 3677 in
3323 3626 3633 3677 consuetu-

1981 3714 2179 3769 dinem
2211 3714 2457 3785 depone.

2101 3820 2235 3875 CAP.
2266 3821 2356 3874 81.
2390 3849 2460 3862 —-
2490 3819 2566 3874 De
2593 3833 2825 3873 numero
2853 3817 3170 3871 missarum.
3203 3815 3513 3871 Alexander

2724 3905 2889 3960 papa.

2051 3997 2279 4054 Sufﬁcit
2307 3995 2597 4053 sacerdoti
2630 3995 2875 4051 missam
2907 4009 3085 4049 unam
3117 3994 3177 4049 in
3209 3994 3302 4049 die
3333 4010 3453 4049 una
3482 3993 3630 4049 cele-

1980 4090 2171 4157 brare,
2204 4088 2344 4158 quia
2370 4086 2641 4141 Christus
2702 4082 2882 4139 semel
2939 4099 3152 4155 passus
3202 4087 3311 4149 est,
3348 4087 3405 4137 et
3443 4086 3632 4137 totum

1981 4177 2271 4233 mundum
2304 4174 2575 4232 redemit.
2608 4174 2732 4229 Non
2786 4171 3016 4227 modica
3042 4187 3135 4226 res
3168 4175 3256 4226 est
3284 4186 3462 4225 unam
3496 4170 3634 4224 mis-

1979 4283 2103 4322 sam
2156 4266 2365 4333 facere,
2399 4269 2456 4319 et
2486 4263 2653 4318 valde
2705 4261 2841 4317 felix
2870 4264 2959 4316 est
2990 4260 3092 4331 qui
3123 4275 3300 4314 unam
3335 4259 3510 4330 digne
3543 4276 3633 4315 ce-

1977 4354 2203 4410 lebrare
2237 4358 2447 4425 potest.
2484 4351 2731 4417 Quidam
2766 4356 2961 4405 tamen
2993 4365 3097 4420 pro
3136 4348 3426 4404 defunctis
3453 4365 3632 4403 unam

1978 4443 2222 4513 faciunt,
2254 4447 2310 4497 et
2341 4440 2581 4495 alteram
2617 4440 2687 4494 de
2720 4439 2833 4505 die,
2862 4439 2912 4494 si
2943 4453 3180 4494 necesse
3210 4436 3462 4492 sit.Nam
3497 4441 3631 4508 qui-

1975 4548 2207 4603 cunque
2255 4547 2358 4601 pro
2410 4528 2700 4600 pecuniis,
2744 4532 2845 4582 aut
2893 4526 3337 4583 adulationibus
3384 4525 3629 4581 saecula-

1975 4621 2151 4687 rium,
2182 4637 2299 4673 una
2349 4618 2443 4674 die
2499 4622 2867 4688 praesumunt
2914 4615 3113 4687 plures
3161 4616 3347 4669 facere
3391 4615 3625 4683 missas,

1977 4727 2091 4766 non
2124 4708 2396 4763 existimo
2427 4706 2668 4761 evadere
2697 4704 3267 4760 condemnationem.

1975 4817 2112 4873 CAP.
2145 4815 2236 4869 82.
2271 4844 2339 4852 —
2392 4813 2467 4866 De
2495 4827 2605 4866 non
2645 4809 2981 4881 abjiciendis
3008 4826 3043 4865 a
3071 4810 3267 4879 papula
3296 4809 3625 4880 presbyteris

2044 4887 2373 4957 conjugatis.
2427 4880 2723 4957 Responsio
2756 4880 2979 4937 Nicolai
3009 4883 3031 4936 I
3056 4895 3220 4952 papa
3265 4880 3627 4957 aduconsulta

2048 4952 2414 5027 Bulgarorum
2440 4955 2509 5009 ad
2528 4952 2699 5024 ﬁdem
2731 4968 3135 5022 conversorum,
3166 4968 3286 5023 cap.
3311 4952 3402 5009 70.

2049 5064 2209 5134 (Dist.
2242 5063 2332 5131 28,
2365 5080 2414 5116 c.
2449 5059 2896 5127 Consulendum).
2944 5058 3382 5115 Consulendum
3433 5060 3629 5115 decer-

1976 5153 2117 5207 nitis
2153 5155 2352 5206 utrum
2384 5150 2789 5221 presbyterum
2816 5148 3125 5203 habentem
3150 5163 3385 5203 uxorem
3418 5148 3629 5205 debea-

1975 5241 2054 5297 tis
2085 5243 2499 5309 sustentare,et
2530 5238 2840 5304 honorare,
2865 5255 2937 5293 an
2971 5254 3002 5292 a
3031 5237 3195 5292 vobis
3227 5238 3529 5308 projicere.
3568 5240 3625 5291 ln

1976 5347 2088 5402 quo
2111 5329 2536 5401 respondemus
2569 5327 2845 5400 quoniam
2860 5326 3015 5393 ,licet
3045 5326 3157 5399 ipsi
3190 5327 3311 5382 sint
3340 5327 3504 5382 valde
3534 5342 3625 5381 ro-

1976 5416 2425 5491 prehensibiles,
2455 5434 2555 5473 vos
2587 5423 2777 5471 tamen
2828 5417 3009 5472 Deum
3063 5415 3338 5471 convenit
3382 5415 3623 5485 imitari,

1976 5510 2073 5579 qui
2099 5509 2262 5563 solem
2294 5523 2451 5561 suun:
2487 5506 2574 5577 (ut
2603 5505 2982 5577 Evangelium
3014 5506 3283 5571 testatur)
3316 5505 3463 5558 oriri
3487 5505 3629 5575 facit

1977 5613 2141 5670 super
2164 5598 2323 5652 bonos
2353 5605 2404 5652 et
2428 5596 2625 5663 malos,
2659 5606 2709 5651 et
2748 5595 2893 5665 pluit
2920 5610 3083 5665 super
3111 5595 3278 5661 iustos
3307 5597 3359 5648 et
3392 5594 3627 5663 iniustos
