3982 6060
228 283 336 339 181

991 283 1302 337 DECRETI
1343 279 1530 336 PARS
1568 279 1715 335 lI.—-
1745 279 1844 334 DE
1879 277 2083 335 CORP.
2125 283 2219 338 ΕΤ
2253 283 2465 338 SANG.
2509 283 2705 351 DOM.,
2746 285 2898 336 ETC.

3565 281 3668 336 182

214 412 416 465 stram
447 405 874 474 excellentiam,
908 407 965 461 et
997 419 1204 460 omnes
1244 403 1447 460 fideles
1474 403 1686 459 Christi
1721 417 1895 476 roga-
1930 406 1978 470 Α
2011 405 2132 460 lum
2168 411 2479 478 generetur
2513 407 2784 462 infirmis.
2816 410 3115 462 Postremo
3149 407 3196 461 si
3231 423 3478 479 corpore
3528 424 3664 463 sauo

218 515 368 554 mus
390 501 447 552 et
477 498 866 562 obtestamur,
899 495 947 549 si
974 495 1186 549 habere
1211 492 1266 548 in
1293 493 1518 548 Christo
1545 495 1767 564 partem
1795 505 1896 546 cu-

221 587 397 660 pitis,
441 601 822 656 summopore
853 585 1090 651 instate,
1127 587 1191 637 ut
1213 586 1330 638 tam
1366 599 1516 635 saeva
1536 581 1740 653 pestis,
1767 597 1896 652 qua:

215 675 715 746 innumerosjam
731 672 978 746 populos
995 687 1416 742 usquequaque
1433 669 1721 725 saeviendo
1737 675 1896 724 aeter-

218 783 303 820 na
340 769 526 820 morte
556 761 882 829 damnavit,
915 765 1111 816 vestra
1145 760 1494 816 auctoritate
1525 763 1581 814 et
1630 755 1890 828 exemplo

220 849 1201 925 penitusdestruatur.Utulterius
1232 848 1409 920 (quod
1444 848 1597 902 absit
1619 848 1658 916 l)
1685 846 1738 902 in
1759 847 1894 919 Spi-

221 944 346 997 ritu
380 953 583 998 sancto
617 955 881 1013 peccare,
917 953 1104 1010 neque
1135 936 1228 993 hic
1264 950 1450 1008 neque
1478 937 1535 991 in
1557 934 1753 992 t‘uturo
1787 951 1886 991 sa:-

217 1031 364 1088 culo
399 1030 736 1087 remittatur
765 1027 990 1100 (Matth.
1013 1026 1137 1099 xu).

211 1141 386 1209 (CAP.
420 1139 508 1192 85.
542 1167 611 1178 -ο
643 1137 805 1204 Quod
835 1136 1014 1209 hostia
1052 1137 1294 1209 inliuatcr
1327 1150 1433 1188 non
1463 1133 1534 1187 sit
1589 1133 1883 1204 porrigen-

637 1209 726 1262 da.
765 1211 846 1262 Ea:
875 1207 1109 1262 decretis
1138 1207 1276 1261 Julii
1301 1222 1476 1276 pupze.

291 1300 537 1366 (Eadem
567 1296 1128 1366 hubenlursupra,c.
1187 1295 1300 1363 il.)
1358 1293 1505 1348 illud
1567 1293 1723 1364 quod
1783 1309 1885 1364 pro

213 1385 661 1459 complemento
693 1376 1133 1440 communionis
1172 1383 1411 1454 quidam
1431 1381 1740 1436 intinctam
1764 1384 1884 1436 tra-

216 1474 816 1530 dunteucharistiam
850 1472 1226 1544 populis,non
1251 1471 1358 1526 hoc
1385 1473 1674 1542 prolatum
1698 1473 1884 1524 Evan-

221 1563 384 1637 gelio
417 1563 824 1619 testimonium
859 1564 1217 1634 repererunt,
1254 1561 1348 1616 ubi
1369 1554 1652 1631 apostolis
1674 1573 1884 1628 corpus

218 1657 286 1709 et
316 1652 673 1724 sanguinem
707 1667 883 1708 suum
930 1650 1217 1706 Dominus
1237 1649 1690 1705 commendavit.
1721 1647 1884 1702 Secr-

219 1755 366 1798 sum
398 1743 558 1797 enim
593 1743 787 1813 panis,
815 1746 872 1796 et
901 1753 1173 1796 seorsum
1205 1737 1406 1794 calicis
1455 1737 1883 1793 commendatio
1915 1767 1960 1830 Β

223 1834 753 1886 commemoratur.
789 1833 927 1884 Nam
959 1828 1272 1886 intinctam
1306 1840 1518 1899 panem
1551 1825 1684 1880 aliis
1739 1841 1883 1896 prie-

219 1919 433 1974 buisse
462 1918 761 1975 Christum
795 1933 911 1973 non
943 1916 1220 1989 legimus,
1250 1920 1488 1987 excepto
1520 1913 1619 1970 illo
1652 1919 1880 1969 tantum

221 2007 522 2079 discipulo
550 2022 727 2079 quem
758 2007 1007 2062 intincta
1035 2005 1297 2061 buccella
1328 2003 1591 2076 Magistri
1623 2001 1881 2075 prodito-

220 2111 352 2152 rem
388 2097 720 2152 ostenderet
750 2098 927 2168 (Joan.
963 2095 1112 2166 xm),
1149 2110 1261 2151 non
1294 2095 1448 2166 quod
1483 2093 1663 2164 hujus
1695 2109 1883 2149 sacra-

223 2186 416 2242 menti
448 2185 882 2241 institutionem
915 2184 1194 2257 signaret.

223 2291 365 2347 Car.
400 2291 488 2347 85.
523 2325 591 2332 -
623 2289 832 2360 Quibus
860 2307 971 2347 non
999 2299 1128 2346 sunt
1173 2289 1376 2347 dandae
1423 2290 1696 2360 reliquid“.
1750 2288 1876 2343 Item

593 2379 661 2418 ex
689 2367 724 2418 2
754 2364 994 2434 epistola
1026 2362 1319 2418 Clementis
1336 2375 1518 2433 papa”.

309 2453 410 2522 (De
434 2467 605 2523 δοκι,
638 2453 767 2508 dist.
806 2452 861 2519 2,
891 2467 939 2508 ι’.
965 2451 1202 2523 Tribus.)
1257 2451 1632 2522 Praecipimus
1665 2465 1735 2504 ne
1769 2465 1874 2504 un-

223 2556 408 2613 quam
429 2545 626 2598 extero
653 2539 943 2608 Ecclesiae,
977 2540 1094 2596 sive
1119 2540 1288 2609 laico,
1312 2541 1382 2595 de
1407 2540 1750 2610 fragmentis
1773 2540 1873 2594 οὺς

225 2631 519 2684 lationum
542 2629 773 2685 Domini
807 2631 877 2684 ad
915 2644 1176 2685 mensam
1201 2635 1468 2700 ponatur.
1496 2629 1658 2684 Unde
1679 2630 1869 2684 scistu

218 2719 324 2790 qui
352 2720 575 2790 passim
599 2718 839 2773 sacrarii
872 2734 1052 2791 panes
1077 2717 1340 2790 indignis
1365 2718 1679 2788 impendis,
1717 2719 1873 2772 unde

219 2808 406 2877 nosti,
435 2808 482 2862 si
512 2823 541 2862 ιι.
569 2805 912 2863 mulieribus
940 2803 1145 2862 mundi
1169 2808 1345 2862 sunt?
1371 2807 1514 2861 Hinc
1536 2812 1591 2860 et
1611 2807 1783 2860 David
1799 2808 1872 2861 ab

220 2897 562 2952 Abimelech
607 2898 905 2952 sacerdote
934 2896 1350 2969 interrogatus,
1381 2911 1514 2950 cum
1548 2910 1727 2966 panes
1759 2896 1871 2950 sibi

219 2987 292 3040 ad
330 2987 761 3040 comedendum
795 2989 1079 3056 posceret,
1113 2985 1162 3040 si
1197 2985 1457 3040 mundus
1497 2987 1652 3039 esset
1681 3001 1714 3039 a
1741 2998 1869 3038 mu-

216 3075 388 3143 liere,
421 3090 552 3129 cum
585 3088 647 3129 se
680 3074 967 3130 mundum
1001 3091 1033 3129 a
1065 3073 1259 3129 triduo
1289 3073 1663 3145 profiteretur
1692 3089 1870 3146 panes

221 3163 650 3235 propositionis
684 3163 1061 3218 manducavit
1088 3163 1133 3235 (Ι
1161 3164 1291 3232 Reg.
1323 3163 1460 3235 χχι).

227 3275 362 3324 CAP.
396 3269 466 3322 87
475 3299 588 3341 .7—
619 3269 735 3325 Νοη
764 3269 886 3340 plus
914 3285 1073 3340 quem
1104 3286 1272 3325 unam
1311 3269 1534 3325 missum
1563 3269 1875 3341 faciendam

390 3343 448 3394 in
474 3340 576 3395 die.
614 3341 715 3396 Leo
737 3341 997 3397 Dioscoro
1024 3341 1404 3396 Alexandrino
1432 3340 1707 3414 episcopo.

297 3447 546 3501 Necesse
570 3452 656 3502 est
682 3451 875 3502 autem
901 3449 1243 3518 utquzedam
1267 3447 1465 3520 populi
1494 3466 1626 3520 pars
1645 3467 1751 3504 sua
1773 3450 1875 3505 de-

222 3533 462 3588 votione
495 3534 774 3606 privetur,
809 3536 858 3590 si
894 3537 1070 3592 unius
1130 3541 1359 3592 tantum
1405 3537 1601 3594 missae
1648 3547 1876 3595 servato

223 3635 385 3678 more
417 3621 774 3678 sacrificium
810 3625 1017 3680 ofl'erre
1047 3642 1162 3680 non
1195 3631 1468 3697 possunt,
1519 3626 1632 3682 nisi
1690 3627 1878 3698 prima

224 3711 337 3766 dici
367 3715 528 3780 parte
552 3709 948 3768 convenerint.
984 3713 1255 3770 Studiose
1285 3731 1421 3786 ergo
1455 3714 1874 3770 fraternitatem

224 3806 389 3854 tuum
417 3801 788 3856 familiariter
809 3802 1218 3873 admonemus,
1237 3808 1299 3858 ut
1323 3803 1473 3874 quod
1504 3807 1712 3858 nostra}
1736 3822 1876 3859 con-

225 3888 553 3958 suetudini,
577 3903 644 3943 ex
667 3890 853 3945 forma
876 3895 1130 3961 paternas
1157 3892 1492 3946 traditionis
1515 3893 1752 3961 incedit,
1779 3899 1879 3947 tua

227 3991 463 4048 quoque
484 3993 622 4032 cura
647 3993 764 4033 non
797 3978 1075 4051 negligat,
1111 3986 1172 4035 ut
1204 3997 1305 4052 per
1336 3981 1534 4036 omnia
1567 3983 1734 4036 nobis
1769 3983 1879 4035 tida

224 4071 283 4121 et
312 4067 545 4121 actibus
573 4081 994 4138 congruamus.
1024 4069 1263 4140 Propter
1281 4071 1456 4140 quod,
1485 4075 1774 4125 remeante
1811 4072 1877 4124 fi-

228 4155 304 4209 lio
338 4159 540 4209 nostro
572 4154 912 4210 Possidonio
946 4158 1308 4229 prosbytero,
1335 4158 1483 4212 hanc
1515 4159 1584 4213 ad
1615 4159 1878 4213 dilectio-

228 4259 359 4297 nem
387 4249 549 4297 tuam
571 4243 881 4314 epistolam
903 4247 1177 4300 dedimus
1203 4248 1629 4316 perferendam,
1655 4248 1750 4319 qui
1778 4265 1881 4301 no-

227 4331 370 4387 stris
402 4332 868 4403 professionibus
891 4339 1064 4406 atque
1084 4336 1415 4391 actionibus
1445 4337 1773 4407 frequenter
1791 4338 1878 4390 in-

229 4421 451 4485 terfuit,
481 4425 538 4476 et
568 4423 740 4476 toties
773 4423 843 4477 ad
877 4439 985 4478 nos
1019 4424 1262 4494 missus,
1297 4425 1439 4496 quid
1492 4425 1547 4480 in
1601 4426 1874 4480 omnibus

228 4508 562 4579 apostolicae
596 4511 756 4564 sedis
785 4513 1107 4568 auctoritas
1141 4518 1362 4568 teneret
1388 4515 1641 4585 agnovit.

227 4616 353 4690 Car.
388 4614 483 4669 88.
526 4645 595 4657 —-
638 4617 754 4671 Non
776 4632 890 4672 esse
918 4619 1306 4690 committenda
1348 4623 1613 4690 mysteria
1665 4625 1874 4677 verutis
1921 4652 1927 4656 -

298 4687 552 4763 daemone
579 4689 664 4742 vel
692 4691 969 4763 passione.
1006 4689 1247 4745 Gelasius
1285 4687 1426 4762 papa
1464 4694 1582 4763 ejus
1631 4697 1877 4750 nominis

295 4761 517 4828 primus
549 4775 669 4831 cap.
700 4761 790 4815 21.

305 4865 476 4933 (υἱεῖ.
509 4866 600 4934 33,
630 4882 677 4920 c.
725 4868 898 4937 Usque
925 4867 1101 4938 adeo.)
1138 4869 1326 4941 Usque
1357 4870 1498 4924 adeo
1535 4886 1674 4925 sane
1717 4888 1877 4926 coma

233 4953 493 5024 perimus
515 4953 719 5009 illicita
744 4961 1406 5030 qumque‘prorumpero,
1432 4963 1494 5013 ut
1513 4961 1756 5014 deamoni
1772 4963 1880 5015 bus

234 5041 485 5112 aliisque
520 5043 899 5114 passionibus
930 5046 1174 5102 irretitls
1209 5047 1483 5116 mysteria
1510 5057 1881 5106 sacrosancta

230 5136 484 5185 tractare
524 5133 844 5187 tribuatur.
878 5136 1102 5200 Quibus
1134 5137 1181 5191 si
1217 5137 1273 5191 in
1313 5135 1416 5192 hoc
1448 5153 1620 5208 opere
1675 5141 1881 5209 positis

230 5219 454 5290 aliquid
486 5220 737 5293 propria:
756 5224 1128 5280 necessitatis
1173 5228 1475 5295 ocurrerit,
1509 5228 1641 5300 quis
1675 5225 1743 5282 de
1775 5246 1881 5284 sua

231 5327 296 5365 ac
323 5309 589 5364 fidelium
617 5310 808 5366 salute
833 5313 1112 5379 contidat,
1149 5315 1244 5370 ubi
1273 5315 1572 5371 ministros
1595 5317 1753 5388 ipsos
1777 5331 1880 5373 cu-

235 5399 483 5454 rationis
505 5399 779 5456 humanie
797 5407 960 5457 tanta
987 5404 1343 5474 perspexerit
1363 5404 1694 5461 calamitate
1715 5422 1882 5462 vexa-

237 5488 320 5543 ri?
343 5491 524 5560 Atque
574 5490 700 5546 ideo
723 5492 1056 5547 necessario
1103 5493 1434 5549 removendi
1462 5501 1619 5564 sunt,
1658 5511 1725 5551 ne
1760 5496 1884 5569 qui-

240 5576 494 5635 buslibet
514 5582 642 5651 (pro
663 5580 882 5653 quibus
902 5581 1171 5639 Christus
1195 5588 1464 5640 mortuus
1495 5587 1603 5653 est)
1635 5587 1880 5642 scanda-

2007 494 2224 550 ciatum
2264 497 2552 563 fortassis,
2589 501 2687 551 aut
2733 497 2981 551 debilem
3035 509 3406 568 nequaquam
3464 502 3665 554 sancta

2007 587 2342 656 contingere
2374 586 2462 640 lex
2494 586 2687 640 divina
2722 585 3024 656 permittit,
3053 590 3272 655 quanto
3306 587 3492 655 magis
3525 587 3660 641 doni

2006 670 2258 729 cmlestis
2282 675 2719 746 dispensatores
2750 690 2875 729 esse
2911 689 3026 728 non
3062 677 3355 739 convenit,
3392 674 3543 745 quod
3576 679 3665 729 est

1976 762 2280 832 .deterius,
2315 769 2505 819 mente
2539 761 2892 834 percussos?

2001 856 2128 907 CAP.
2159 853 2245 905 89.
2282 885 2348 892 ——
2379 851 2491 907 Non
2522 868 2634 906 esse
2661 854 2994 906 sumendum
3025 865 3229 920 corpus
3281 849 3502 906 Domini
3544 847 3664 908 sine

2133 926 2325 979 calice.
2360 925 2606 979 Gelusius
2635 924 2887 993 Majorico
2918 927 2970 978 et
2998 924 3208 977 Joanm'
3237 924 3526 993 episcopis.

2073 1013 2162 1080 (De
2191 1013 2517 1076 cons.,dist.
2569 1014 2623 1081 2,
2669 1029 2714 1067 c.
2776 1011 3194 1082 Comperimus.)
3244 1011 3663 1082 Comperimus

1999 1107 2192 1157 autem
2217 1103 2369 1172 quod
2396 1101 2637 1173 quidam
2665 1102 2722 1155 in
2746 1101 2949 1154 eadem
2986 1099 3220 1170 regione
3250 1105 3488 1170 sumpta
3519 1103 3651 1154 tan—

2001 1197 2124 1245 tum
2161 1192 2422 1261 corporis
2455 1190 2606 1245 sacri
2641 1189 2921 1261 portione,
2958 1205 2990 1242 a
3021 1185 3200 1242 calice
3232 1188 3381 1242 sacri
3431 1189 3658 1242 cruoris

1999 1277 2354 1334 abstineant.
2392 1279 2497 1342 Qui
2535 1277 2733 1350 procul
2767 1276 2966 1345 dubio,
3000 1275 3277 1347 quoniam
3310 1271 3507 1331 nescio
3539 1291 3654 1346 qua

1995 1368 2408 1439 superstitione
2440 1369 2723 1422 docentur
2752 1364 3170 1437 obstringi,aut
3200 1365 3428 1434 integra
3450 1378 3668 1419 sacra-7

1996 1462 2193 1512 menta
2224 1456 2565 1528 percipiant,
2598 1460 2700 1512 aut
2731 1455 2806 1510 ab
2839 1453 3084 1525 integris
3127 1457 3457 1518 arceantur,
3510 1453 3670 1524 quia.

1994 1543 2204 1601 divisio
2235 1545 2414 1600 unius
2444 1545 2707 1615 ejusdem
2743 1541 3162 1615 mysterii,sine
3190 1540 3396 1612 grandi
3420 1541 3650 1596 sacrile-

1993 1633 2088 1704 gio
2121 1649 2233 1689 non
2269 1639 2458 1706 potest
2491 1633 2813 1693 provenire.

1994 1724 2126 1779 CAP.
2159 1724 2249 1777 90.
2279 1753 2346 1764 -—
2377 1724 2529 1778 Nulli
2558 1723 2786 1790 reprobo
2816 1720 3102 1776 sacerdoti
3129 1718 3200 1773 ad
3225 1718 3407 1790 divini
3452 1733 3643 1772 sacra-

2062 1797 2235 1850 menti
2262 1797 2528 1866 mysleria
2557 1789 2924 1849 accedendum
2955 1806 3093 1847 esse.
3146 1789 3399 1848 Gelasius
3451 1791 3645 1860 Helpi-

2063 1867 2153 1923 dio
2181 1869 2452 1937 episcopo.

2063 1957 2106 2025 (Ι
2127 2002 2139 2022 ,
2166 1974 2218 2026 q.
2259 1957 2304 2020 l,
2335 1973 2383 2012 c.
2416 1955 2823 2020 Sacrosaucta.)
2854 1953 3234 2008 Sacrosancta
3265 1949 3471 2022 religio
3516 1967 3646 2021 quae

1991 2045 2340 2102 catholicam
2405 2049 2562 2100 tonet
2613 2041 2920 2115 [continet]
2970 2039 3369 2112 disciplinam,
3417 2044 3646 2098 tantum

1989 2134 2098 2189 sibi
2136 2134 2516 2189 reverentiam
2550 2132 2806 2187 vindicat
2835 2136 2902 2185 ut
2930 2130 2999 2184 ad
3051 2145 3176 2184 eam
3229 2127 3478 2200 quilibet
3528 2127 3645 2184 nisi

1991 2241 2136 2294 pura
2161 2221 2520 2279 conscientia
2553 2239 2664 2276 non
2698 2220 2910 2276 audeat
2935 2217 3255 2290 pervenire.
3307 2216 3451 2272 Nam
3504 2233 3644 2287 quo-

1991 2315 2164 2370 modo
2195 2313 2262 2368 ad
2297 2312 2475 2367 divini
2530 2309 2791 2380 mysterii
2841 2308 3340 2364 consecrationem
3389 2305 3644 2362 cmlestis

1987 2402 2243 2472 Spiritus
2273 2403 2578 2456 invocatus
2609 2396 2953 2465 adveniet,si
2982 2397 3339 2462 sacerdos,et
3368 2395 3469 2466 qui
3503 2409 3639 2450 eum

1986 2494 2190 2547 adesse
2222 2486 2931 2560 deprecatur,crimiuosis
2964 2484 3172 2556 plenus
3195 2483 3526 2538 actionibus
3549 2498 3638 2539 rc-

1987 2579 2304 2651 probetur?
2387 2630 2389 2633 .

1984 2670 2112 2724 CAP.
2145 2669 2234 2723 9t.
2265 2696 2333 2709 —
2368 2666 2565 2722 Omnia
2589 2665 2771 2734 ﬁgura
2800 2664 2978 2718 crucis
3026 2660 3254 2734 Christi,
3276 2658 3639 2734 sanctiﬁccri,

2057 2740 2364 2808 Stephanus
2439 2728 2597 2806 papa
2631 2728 2916 2808 'Stiliuno,
2999 2732 3306 2801 Anastasio,
3384 2728 3642 2800 Eusebio,

2053 2807 2282 2877 Joanni,
2318 2809 2509 2873 Paulo,
2545 2807 2829 2878 episcopis,
2864 2810 2973 2860 etc.

2054 2897 2348 2969 Numquid
2378 2913 2490 2950 non
2515 2893 2714 2949 omnia
2735 2892 3092 2948 charismata
3123 2887 3502 2945 sacerdotalis
3535 2887 3642 2943 mi-

1983 2989 2205 3045 nisterii
2227 2984 2417 3043 crucis
2437 2984 2617 3056 ﬁgura
2642 2979 3429 3056 perficiunturPNumquidne
3451 2976 3641 3049 bapti-

1983 3077 2188 3134 smatis
2214 3076 2370 3132 unda
2394 3074 2505 3129 nisi
2530 3088 2699 3128 cruce
2724 3070 3088 3126 sanctificata
3126 3072 3360 3140 peccata
3391 3065 3643 3122 relaxat?

1986 3171 2070 3231 Et,
2106 3176 2166 3220 ut
2198 3169 2404 3221 caetera
2437 3167 2877 3234 praetereamus,
2911 3160 3038 3215 sine
3086 3157 3277 3214 crucis
3327 3153 3636 3227 signaculo

1985 3256 2118 3328 quis
2148 3253 2458 3310 sacerdotii
2489 3251 2709 3324 gradus
2742 3247 3047 3306 ascendit?

1986 3349 2114 3401 ΟΑΡ.
2148 3347 2237 3399 92.
2275 3375 2337 3383 ——
2371 3342 2526 3397 Nihil
2554 3356 2653 3412 pro
2701 3335 3176 3412 communicandis
3216 3333 3494 3412 ﬁdelibus
3520 3334 3640 3388 exi-

2055 3416 2290 3488 gendum
2321 3429 2451 3468 esse.
2487 3406 2569 3467 Ea}
2597 3420 2752 3467 saria
2784 3410 2990 3482 synodo
3021 3406 3634 3478 Constantinopolitano

2059 3504 2142 3552 ιιι,
2174 3503 2296 3556 cap.
2328 3490 2418 3540 23.

2060 3579 2135 3648 (t,
2169 3593 2220 3648 q.
2259 3581 2308 3641 l,
2341 3591 2385 3630 c.
2421 3574 2614 3628 Nullus
2663 3569 2988 3642 episcopus.)
3039 3566 3249 3623 Nullus
3297 3566 3634 3638 episcopus,

1988 3672 2089 3720 aut
2121 3666 2440 3735 presbyter,
2478 3667 2582 3716 aut
2615 3661 2917 3727 diaconus,
2945 3658 3044 3729 qui
3076 3672 3302 3712 sacram
3335 3654 3642 3725 dispensat

1989 3753 2526 3819 communionein,a
2559 3748 2916 3820 percipiente
2939 3744 3185 3815 gratiam
3211 3741 3641 3799 communionis

1989 3843 2222 3913 aliquod
2249 3841 2497 3913 pretium
2526 3837 2944 3909 exigat.Nequs
2965 3835 3120 3889 enim
3145 3834 3642 3906 venditurgratia,

1993 3948 2176 4004 neque
2209 3945 2309 4002 pro
2343 3929 2526 4000 pretio
2563 3927 2813 4000 gratiam
2847 3925 3102 3996 Spiritus
3153 3923 3340 3979 sancti
3389 3924 3640 3992 damus;

1991 4023 2087 4076 sed
2122 4019 2318 4091 dignis
2345 4034 2581 4072 munere
2603 4017 2730 4071 sine
2757 4013 3195 4069 defraudatione
3218 4012 3642 4084 participamus

1989 4108 2361 4180 [participare
2391 4107 2808 4173 concedimus].
2841 4105 2898 4157 Si
2934 4104 3065 4172 quis
3110 4117 3240 4155 vero
3288 4116 3488 4155 eorum
3539 4099 3642 4170 qui

1991 4203 2495 4254 connumerantur
2527 4196 2581 4248 in
2617 4195 2769 4248 clero
2801 4191 3056 4260 exegerit
3087 4191 3160 4243 ab
3188 4205 3254 4242 eo
3285 4187 3376 4242 cui
3408 4203 3638 4242 sacram

1992 4286 2467 4341 communionem
2501 4279 3066 4353 dispensat,aliquod
3103 4277 3642 4350 pretium,depona-

1991 4385 2106 4443 tur,
2141 4376 2293 4430 sicut
2325 4373 2585 4428 imitator
2613 4370 2954 4425 Simoniaca?
2991 4367 3234 4423 fraudis.

1910 4491 1951 4552 Ι)
1983 4490 2114 4538 ΟΜ).
2166 4483 2258 4536 03.
2318 4511 2384 4552 7-
2435 4479 2795 4552 Sacrumcnla
2855 4474 3064 4552 Christi
3123 4473 3377 4552 Εςεζθεςὶᾅσ
3434 4486 3647 4552 semper

2057 4549 2376 4608 ueneranda
2413 4549 2799 4619 es.¢e.quamv_is
2832 4565 2864 4601 ιι
2893 4543 3070 4619 mulis
3101 4546 3378 4619 ministris
3406 4541 3648 4619 admini-

2057 4627 2326 4679 s/rculur.
2353 4615 2690 4688 Augustinus
2720 4617 2783 4672 de
2811 4618 2970 4671 unico
3005 4616 3268 4686 baptismo
3298 4615 3509 4682 (contra
3544 4615 3645 4670 Do-

2061 4705 2174 4750 nat.
2210 4695 2309 4748 lib.
2347 4710 2422 4753 iv,
2456 4709 2574 4760 cup.
2613 4693 2660 4744 4.

2066 4784 2231 4838 Aliud
2268 4786 2355 4837 est
2389 4797 2500 4835 non
2539 4781 2752 4832 habere
2784 4774 3020 4843 aliquid,
3055 4772 3207 4828 aliud
3240 4789 3350 4827 non
3376 4773 3510 4842 jure
3539 4770 3644 4827 ha-

1993 4876 2146 4938 bere,
2181 4873 2262 4926 vel
2291 4869 2494 4924 illicite
2523 4883 2822 4938 usurpare.
2853 4865 2973 4920 Non
3002 4865 3125 4917 ideo
3151 4863 3341 4933 itaque
3364 4879 3480 4917 non
3504 4867 3644 4917 sunt

1991 4965 2357 5016 sacramenta
2374 4957 2590 5013 Christi
2605 4963 2682 5020 ,et
2702 4953 3131 5021 Ecrlesianuia
3148 4953 3231 5005 eis
3248 4950 3449 5006 illicite
3467 4959 3641 5004 utuno

1993 5058 2104 5117 tur,
2139 5065 2250 5103 non
2287 5047 2537 5101 haeretici
2573 5045 2789 5105 solum,
2824 5043 2919 5094 sed
2971 5042 3145 5094 etiam
3197 5055 3402 5094 omnes
3456 5039 3639 5109 iniqui

1992 5145 2048 5194 et
2081 5137 2372 5208 impll;sed
2411 5141 2605 5189 tamen
2642 5132 2725 5186 illi
2757 5129 3081 5201 corrigendi
3109 5134 3207 5182 aut
3237 5126 3645 5200 puniendi,illa

1991 5241 2124 5284 vero
2157 5225 2531 5298 agnoscenda
2562 5231 2608 5278 et
2641 5221 2969 5277 veneranda
3001 5225 3158 5274 sunt.

2509 5314 2643 5368 CAP.
2677 5312 2767 5364 94.
2803 5337 2868 5350 -ι-
2905 5310 3129 5364 Ibidem.

2065 5403 2226 5462 Sicut
2257 5413 2445 5461 autem
2483 5405 2674 5475 urgeri
2705 5404 2908 5457 videor
2929 5416 3061 5454 cum
3095 5399 3234 5453 mihi
3258 5397 3643 5465 dicitur:Ergo

1995 5495 2302 5552 haereticus
2337 5494 2576 5548 dimittit
2613 5498 2882 5564 peccatu;
2915 5490 2998 5542 sic
3032 5494 3088 5543 et
3118 5504 3221 5557 rgo
3257 5499 3456 5555 urgeo,
3507 5499 3640 5538 cum

1994 5586 2301 5655 dicotErgo
2337 5583 2432 5655 qui
2469 5581 2725 5637 coelestia
2759 5577 3033 5632 mandata
3056 5590 3168 5629 non
3193 5577 3642 5642 servat,avarus,
