3982 6060
222 299 329 355 189

958 305 1269 358 DECRETI
1309 305 1492 359 PARS
1530 307 1601 358 ΙΙ.
1634 332 1702 343 —-
1740 302 1834 356 DE
1875 299 2078 357 CORP.
2120 302 2214 356 ET
2250 301 2464 357 SANG.
2503 302 2701 369 DOM.,
2741 304 2898 356 ETC.

3533 302 3638 358 190

221 425 573 495 nominavit,
597 426 697 497 qui
720 430 851 482 ante
874 425 1248 483 traditionem
1275 427 1503 483 Domini
1528 441 1633 484 nec
1658 423 1868 482 loculis
1897 423 1951 492 Α
1982 427 2166 480 Istum
2201 422 2393 479 locum
2420 423 2677 496 episcopi
2699 429 2757 481 et
2790 423 3111 498 presbyteri
3150 441 3265 481 non
3304 425 3632 499 intelligen-

219 514 544 571 Dominicis
576 514 749 572 tidem
776 515 965 587 puiUit
986 515 1256 572 exhibere
1275 518 1456 589 (Joan.
1490 518 1588 586 vi),
1610 533 1743 571 cum
1766 532 1871 570 cae-

220 606 364 661 teris
395 604 704 677 discipulis
731 605 802 660 ad
836 606 1273 677 praedicandum
1308 621 1556 677 regnum
1590 604 1870 660 caelorum

219 694 387 750 misit
415 695 594 767 (Joan.
626 708 707 749 xu
740 698 796 749 et
826 693 974 765 xui),
1010 694 1124 751 nisi
1157 699 1222 750 ut
1249 698 1563 751 mostraret
1594 695 1749 750 dona
1768 692 1868 748 Dei

219 784 527 856 pervenire
557 785 628 839 ad
680 799 801 849 eos,
834 783 931 855 qui
965 799 1096 838 cum
1130 784 1242 839 fide
1291 784 1605 857 accipiunt,
1641 782 1869 839 etiamsi

219 871 362 927 talis
389 873 465 927 sit
495 888 598 945 per
628 888 803 945 quem
838 871 1150 945 accipiunt,
1178 871 1370 946 qualis
1399 871 1585 928 Judas
1616 871 1761 927 fuit?

215 965 357 1018 CAP.
398 962 513 1016 106.
548 993 614 1003 —
646 961 767 1016 Non
816 963 1000 1017 minus
1029 978 1185 1016 reum
1214 977 1329 1018 esse
1356 977 1479 1017 eum
1510 964 1608 1033 qui
1640 959 1868 1016 Verbum

288 1035 393 1089 Dei
445 1033 785 1104 negligenter
840 1033 1106 1103 audierit,
1152 1049 1317 1105 quam
1372 1049 1501 1088 eum
1550 1035 1647 1103 qui
1677 1047 1868 1102 corpus

292 1105 499 1160 Christi
525 1110 611 1160 ad
636 1110 848 1160 terram
875 1122 975 1160 sua
1002 1106 1343 1175 negligentia
1372 1106 1565 1160 cadere
1591 1106 1863 1175 permise-

286 1179 384 1302 Zit.
415 1178 551 1302 11εὲτὲ
579 1178 831 1247 August.,
878 1178 975 1233 lib.
1020 1179 1423 1249 quinquaginta
1471 1178 1861 1243 Homiliarum,

327 1265 440 1302 om.
550 1287 562 1301 .

327 1265 440 1304 0m.
474 1265 562 1302 ΖΟ.

284 1336 333 1408 (1
353 1381 366 1404 ,
396 1355 445 1409 q.
482 1338 531 1406 1,
563 1354 609 1393 c.
635 1338 959 1410 Interroyo).
988 1338 1287 1409 Interrogo
1318 1355 1442 1406 vos,
1465 1338 1674 1394 fratres
1696 1339 1751 1391 et
1767 1353 1866 1393 so-

211 1442 378 1481 rores
408 1426 583 1483 dicite
614 1425 759 1481 mihi
786 1428 925 1499 quid
957 1427 1121 1482 vobis
1152 1426 1286 1498 plus
1316 1443 1446 1483 esse
1476 1426 1705 1481 videtur
1739 1442 1863 1480 cor-

210 1531 325 1587 pus
358 1512 595 1582 Christi,
630 1532 699 1570 an
732 1516 973 1571 verbum
1016 1515 1276 1571 Christi?
1323 1514 1383 1572 Si
1433 1515 1611 1571 vultis
1660 1530 1863 1569 verum

207 1604 587 1675 reSpondere,
606 1603 714 1660 hoc
743 1604 935 1661 dicere
966 1604 1209 1672 debetis,
1231 1606 1385 1676 quod
1418 1621 1532 1660 non
1566 1604 1644 1659 sit
1666 1603 1863 1659 minus

208 1693 459 1748 verbum
491 1692 612 1759 Dei,
657 1710 834 1765 quam
866 1710 1079 1766 corpus
1110 1694 1348 1751 Christi.
1382 1694 1453 1750 Et
1484 1693 1612 1748 ideo
1644 1700 1865 1765 quanta

208 1779 613 1837 sollicitudine
678 1784 1081 1851 observamus,
1142 1783 1373 1853 quando
1434 1782 1601 1838 nobis
1655 1794 1941 1860 corpus];

207 1871 427 1927 Christi
466 1871 857 1939 ministratur,
892 1877 955 1926 ut
1004 1871 1148 1926 nihil
1200 1888 1268 1928 ex
1320 1872 1449 1943 ipso
1482 1872 1551 1927 de
1582 1872 1859 1928 manibus

204 1961 432 2017 nostris
462 1964 521 2016 in
553 1964 769 2016 terram
801 1961 969 2017 cadat
998 1979 1010 2018 :
1044 1964 1208 2017 tanta
1237 1960 1632 2017 sollicitudine
1663 1961 1859 2016 obser-

200 2067 436 2120 vemus,
470 2065 541 2105 ne
567 2050 807 2105 verbum
841 2049 963 2114 Dei,
998 2050 1155 2121 quod
1193 2050 1364 2107 nobis
1395 2055 1692 2121 erogatur,
1716 2050 1858 2104 dum

203 2138 369 2195 aliud
420 2142 521 2194 aut
563 2138 891 2211 cogitamus
922 2144 1024 2194 aut
1052 2138 1374 2211 loquimur,
1408 2139 1478 2193 de
1509 2138 1681 2194 corde
1712 2155 1842 2194 nos-

204 2234 298 2284 tro
330 2229 625 2299 depereat,
660 2228 800 2299 quia
830 2243 945 2282 non
987 2227 1187 2284 minus
1237 2244 1372 2283 reus
1418 2227 1550 2293 erit,
1585 2228 1685 2299 qui
1733 2244 1860 2282 ver-

203 2318 349 2373 bum
386 2317 484 2373 Dei
536 2315 896 2389 negligenter
942 2314 1213 2386 audierit,
1260 2332 1439 2388 quam
1475 2315 1571 2371 ille
1603 2316 1703 2387 qui
1733 2332 1858 2372 cor-

206 2421 321 2478 pus
354 2403 569 2461 Christi
602 2421 711 2460 sua
754 2403 1109 2477 negligentia
1152 2403 1211 2458 in
1244 2408 1456 2460 terram
1490 2404 1696 2460 cadere
1727 2421 1859 2477 per-

206 2495 458 2551 miserit.

202 2588 340 2639 Csp.
378 2585 499 2638 107.
525 2614 591 2624 -
622 2584 738 2639 Νοη
767 2598 918 2653 posse
963 2585 1071 2638 rite
1098 2583 1308 2655 o/Treri,
1339 2584 1454 2638 nisi
1479 2598 1578 2652 per
1606 2583 1855 2639 sacerdo-

565 2659 672 2710 tem
692 2656 908 2726 justum
938 2659 987 2710 et
1016 2664 1290 2710 sanctum.
1331 2655 1499 2709 Idem.

279 2745 357 2814 (1,
390 2762 442 2815 q.
484 2748 528 2811 1,
560 2760 607 2798 c.
640 2748 824 2815 Neque
848 2748 1023 2814 potest
1052 2744 1201 2814 rite).
1231 2743 1429 2814 Neque
1463 2740 1620 2797 enim
1671 2740 1725 2796 id
1762 2758 1857 2812 po-

202 2836 328 2890 test
356 2835 466 2891 rite
495 2833 710 2900 offerri,
736 2834 846 2889 nisi
873 2850 976 2907 per
996 2835 1359 2890 sacerdotem
1374 2834 1607 2905 justum
1636 2836 1691 2888 et
1715 2850 1852 2889 san-

206 2928 397 2990 ctum,
434 2940 537 2981 nec
568 2922 680 2978 nisi
712 2924 783 2978 ab
816 2924 902 2979 eis
941 2922 1264 2997 accipiatur
1291 2922 1447 2995 quod
1481 2921 1724 2978 offertur
1753 2939 1856 2994 pro

204 3014 429 3087 quibus
451 3014 710 3077 offertur,
734 3017 908 3083 atque
930 3012 987 3067 id
1018 3013 1145 3069 sine
1174 3012 1312 3069 vitio
1344 3012 1443 3079 sit,
1469 3015 1535 3066 ut
1565 3028 1670 3082 pro
1690 3011 1856 3067 vitio-

204 3104 293 3159 sis
319 3101 679 3158 mundandis
714 3101 902 3173 possit
932 3101 1143 3157 oﬂ'erri.
1178 3106 1297 3157 Hoc
1340 3104 1497 3156 certe
1527 3115 1732 3157 omnes
1754 3117 1855 3156 cu-

206 3192 404 3264 piunt,
428 3189 526 3261 qui
557 3206 661 3262 pro
690 3206 753 3245 se
784 3189 977 3245 oﬂ‘erri
1002 3190 1359 3246 sacriﬁcium
1391 3190 1509 3245 Deo
1541 3188 1763 3247 volunt.

211 3282 351 3338 ΟΑΡ.
387 3280 508 3333 108.
540 3308 611 3318 -
643 3277 791 3345 Quod
822 3280 961 3335 Deus
985 3279 1098 3335 odit
1125 3288 1179 3334 et
1236 3296 1276 3333 a
1306 3294 1363 3335 se
1390 3280 1611 3349 projicit
1648 3280 1859 3347 festivi-

284 3356 420 3477 :ates
453 3350 865 3407 hwreticorum.
920 3352 1291 3423 Hieronymus
1337 3350 1394 3405 in
1441 3352 1602 3405 Amos
1629 3350 1863 3421 prophe-

308 3441 423 3478 am.

282 3513 369 3574 (In
428 3527 473 3566 c.
535 3527 585 3565 v.
642 3510 817 3565 Amos.
866 3510 956 3579 24,
990 3528 1040 3582 q.
1078 3510 1127 3581 1,
1156 3527 1202 3565 c.
1235 3509 1389 3581 Odi.)
1435 3508 1551 3568 Odi
1580 3517 1631 3565 et
1655 3508 1864 3581 projeci

206 3601 532 3673 festivitates
578 3607 807 3670 vestras,
856 3602 907 3655 et
958 3616 1069 3654 non
1117 3599 1338 3671 capiam
1380 3596 1596 3654 odorem
1624 3608 1861 3654 caztuum

206 3698 534 3746 vestrorum.
571 3686 721 3757 Quod
750 3689 800 3744 si
833 3688 1142 3744 obtuleritis
1190 3687 1339 3743 mihi
1386 3687 1861 3745 holocaustomata

206 3783 259 3835 et
292 3794 532 3833 munera
580 3779 755 3832 vestra
799 3793 907 3832 non
958 3779 1249 3847 accipiam,
1292 3779 1345 3831 et
1392 3778 1519 3831 vota
1563 3777 1858 3848 pinguium

203 3872 512 3923 vestrorum
540 3882 650 3921 non
680 3865 963 3937 recipiam.
1009 3865 1144 3921 Odit
1175 3867 1369 3919 autem
1422 3868 1594 3930 Deus,
1642 3868 1699 3920 et
1745 3882 1858 3920 non

205 3956 401 4012 solum
434 3955 578 4017 odit.
604 3955 703 4009 sed
731 3953 967 4026 projicit
991 3953 1336 4009 festivitates
1361 3968 1590 4021 eorum,
1612 3953 1710 4025 qui
1744 3971 1857 4008 non

206 4043 505 4100 celebrant
530 4041 875 4097 festivitates
925 4042 1049 4111 Dei,
1094 4044 1193 4097 sed
1226 4059 1385 4097 suas.
1422 4041 1487 4095 Et
1515 4045 1632 4113 post
1657 4060 1855 4113 pauca.

204 4133 340 4189 Odit
371 4132 524 4187 Deus
558 4130 845 4186 sacrificia
877 4130 1309 4198 hazrelicorum,
1346 4134 1402 4185 et
1434 4145 1466 4185 a
1499 4147 1561 4185 se
1602 4130 1854 4202 projicit,

204 4222 742 4291 etquotiescunque
764 4220 875 4275 sub
904 4218 1240 4275 nomineDei
1262 4217 1475 4274 fuerint
1498 4219 1855 4290 congregati,

203 4312 536 4366 detestatur
567 4309 807 4364 fetorem
843 4325 1063 4374 eorum,
1099 4312 1157 4363 et
1205 4306 1429 4363 claudit
1474 4325 1644 4363 nares
1693 4326 1851 4364 suas.

202 4400 413 4456 Odisse
446 4403 668 4462 autem,
690 4402 877 4453 etnon
904 4397 1218 4465 odorari,et
1253 4396 1557 4467 projicere,
1583 4396 1844 4453 humana

203 4487 473 4559 loquitur
504 4484 922 4553 similitudine,
951 4491 1015 4540 ut
1047 4502 1152 4540 nos
1194 4484 1465 4540 effectura
1496 4482 1595 4539 Dei
1636 4486 1853 4541 nostris

200 4575 581 4633 sermonibus
614 4590 1027 4646 agnoscamus.
1064 4574 1133 4628 Et
1164 4574 1213 4628 si
1254 4571 1597 4627 holocausta
1628 4572 1851 4629 obtule-

200 4670 331 4721 rent
355 4669 419 4719 ut
438 4661 1050 4734 videanturjejunare,
1074 4662 1211 4717 dare
1237 4661 1657 4731 eleemosynas,
1675 4663 1852 4735 pudi-

202 4754 400 4810 citiam
430 4751 712 4824 polliceri,
750 4769 876 4822 quae
908 4748 1247 4806 holocausta
1281 4754 1418 4805 sunt
1447 4768 1601 4813 vera,
1639 4768 1753 4807 non
1788 4769 1854 4807 ea

202 4842 466 4913 suscepit
516 4839 819 4895 Dominus.
853 4840 976 4895 Non
1026 4838 1451 4895 sacrificiorum
1494 4840 1852 4911 magnitudi-

202 4950 363 5000 nem,
398 4930 498 4985 sed
533 4928 901 4983 oli'erentium
942 4927 1149 4984 merita
1203 4945 1495 4998 causaque
1545 4929 1850 4997 dijudicat.

202 5022 369 5078 Unde
396 5025 452 5074 et
483 5019 658 5072 vidua
688 5036 811 5089 qum
845 5018 901 5072 in
936 5019 1248 5073 corbonam
1278 5018 1392 5072 duo
1425 5016 1652 5072 minuta
1686 5021 1855 5073 mise-

199 5114 314 5177 rat,
351 5106 632 5162 omnibus
689 5123 721 5160 a
777 5106 1072 5160 Salvatore
1129 5104 1435 5176 praefertur
1496 5103 1642 5171 (Luc.
1692 5106 1854 5175 χχιι),

200 5198 343 5270 quia
374 5195 662 5252 Dominus
696 5211 809 5248 non
843 5211 908 5248 ea
941 5211 1067 5265 quae
1097 5194 1442 5259 oll‘eruntur,
1462 5192 1561 5247 sed
1597 5191 1857 5249 volunta-

198 5294 384 5345 tatem
416 5284 648 5354 respicit
680 5283 1068 5338 offerentium.

198 5382 335 5432 CAP.
376 5374 494 5427 109.
533 5403 595 5412 —
629 5370 778 5440 Quod
803 5370 952 5441 apud
1002 5371 1167 5426 Deum
1222 5388 1332 5426 non
1363 5373 1639 5426 sententia
1669 5387 1853 5426 sacer-

272 5445 484 5510 dotum,
516 5444 607 5498 sed
641 5446 751 5498 vita
780 5458 1001 5497 reorum
1032 5445 1323 5514 quzeritar.
1354 5445 1488 5499 Item
1518 5458 1683 5514 super
1720 5444 1854 5499 Mat-

271 5520 505 5578 thzeum,
538 5530 655 5584 cap.
695 5516 779 5569 16.

274 5606 628 5673 Quaecunque
679 5596 997 5671 ligaveritis
1037 5619 1201 5674 super
1251 5608 1477 5671 terram,
1522 5610 1574 5659 et
1626 5605 1852 5659 caetera.

1982 517 2089 579 tes,
2125 512 2345 585 aliquid
2370 512 2481 569 sibi
2504 513 2573 569 de
2595 513 3014 569 Pharisaeorum
3042 519 3354 569 assumunt
3373 517 3633 587 superci-

1982 602 2082 670 lio,
2132 606 2194 657 ut
2225 600 2306 657 vel
2339 603 2621 657 damnent
2653 603 3010 669 innocentes,
3046 602 3133 657 vel
3185 601 3409 659 solvere
3445 620 3505 659 se
3536 621 3635 660 no-

1981 691 2106 747 xios
2139 692 2521 762 arbitrentur,
2556 708 2688 747 cum
2717 692 2871 763 apud
2903 692 3209 747 Dominum
3246 709 3360 747 non
3403 697 3632 749 senten-

1980 780 2061 835 tia
2093 781 2482 846 sacerdotum,
2517 779 2617 835 sed
2654 797 2883 835 reorum
2919 779 3029 834 vita
3062 787 3379 852 quaeratur.

1978 886 2112 943 CAP.
2154 888 2269 941 110.
2304 920 2371 926 —
2395 887 2553 955 Quod
2582 886 2894 942 sacerdotes
2946 889 3065 942 sine
3097 889 3320 943 macula
3367 889 3630 944 accedere

2022 958 2216 1014 debent
2242 958 2312 1014 ad
2338 957 2707 1029 sacriﬁcium.
2744 960 2873 1013 Item
2896 960 2954 1012 in
2986 958 3344 1028 Sophoniam,
3378 976 3495 1031 cap.
3530 960 3583 1014 3.

2050 1048 2123 1117 (1,
2157 1066 2207 1120 q.
2244 1048 2293 1113 1,
2326 1064 2370 1103 c.
2406 1044 2765 1117 Sacerdotes.)
2795 1046 3141 1102 Sacerdotes
3164 1046 3626 1117 quiEucharitias

1981 1135 2261 1205 serviunt,
2294 1139 2351 1191 et
2390 1134 2737 1207 sanguinem
2772 1132 3002 1189 Domini
3048 1132 3282 1205 populis
3317 1135 3445 1204 ejus
3479 1135 3624 1190 divi-

1975 1225 2142 1290 dunt,
2169 1223 2347 1296 impie
2388 1226 2572 1295 agunt
2619 1222 2675 1277 in
2707 1221 2890 1291 legem
2932 1221 3167 1289 Christi,
3202 1227 3476 1293 putantes
3508 1224 3621 1278 Eu-

1976 1313 2316 1369 charistiam
2368 1312 2747 1386 imprecantis
2798 1312 2984 1367 facere
3013 1313 3210 1379 verba,
3250 1328 3363 1367 non
3395 1313 3574 1368 vitam
3608 1329 3620 1368 :

1977 1410 2031 1459 et
2062 1401 2487 1458 neccessariam
2520 1418 2648 1458 esse
2669 1405 2899 1457 tantum
2921 1400 3242 1455 solemnem
3271 1401 3621 1470 orationem,

1977 1494 2035 1546 et
2065 1506 2181 1546 non
2204 1491 2572 1547 sacerdotum
2600 1489 2829 1559 merita,
2863 1488 2934 1543 de
2966 1487 3182 1560 quibus
3215 1487 3434 1544 dicitur
3464 1489 3611 1560 (Lev.

1973 1582 2091 1649 xxI)
2127 1597 2139 1634 :
2177 1581 2244 1635 Et
2287 1580 2558 1636 sacerdos
2622 1577 2680 1633 in
2741 1593 3094 1649 quacunque
3145 1576 3318 1633 fuerit
3368 1576 3623 1647 macula,

1974 1686 2089 1726 non
2120 1668 2353 1724 accedet
2383 1669 2584 1724 offerre
2616 1666 2938 1724 oblationes
2964 1666 3226 1722 Domino.

1973 1762 2105 1813 CAP.
2142 1758 2262 1813 111.
2292 1790 2359 1797 —
2393 1758 2464 1813 De
2512 1756 2726 1811 Pascha
2770 1765 2822 1811 et
2854 1756 3315 1825 Quadragesima,
3360 1756 3620 1827 quomodo

2039 1831 2365 1885 celebranda
2394 1829 2737 1884 sint.Beatus
2758 1829 3097 1899 Augustinus
3126 1829 3184 1882 in
3208 1828 3351 1884 libro
3380 1830 3619 1900 Respon-

2039 1906 2260 1957 sionum
2293 1903 2365 1956 ad
2387 1901 2754 1957 Januarium.

2040 1991 2294 2062 (Epistot.
2325 2006 2481 2045 num.
2518 1989 2639 2059 116,
2664 2005 2785 2059 cap.
2824 1987 2934 2057 15.)
2960 1989 3023 2043 In
3046 1986 3367 2060 Scripturis
3390 1988 3619 2060 quidem

1969 2080 2266 2135 veteribus
2298 2080 2370 2134 ad
2404 2080 2694 2151 agendum
2728 2076 2956 2133 Pascha
2992 2094 3109 2133 non
3141 2081 3232 2133 est
3261 2082 3618 2149 praeceptum

1970 2173 2207 2240 tempus
2230 2168 2341 2223 nisi
2362 2184 2429 2223 ex
2454 2182 2657 2223 mense
2679 2181 2961 2222 novorum
2988 2165 3128 2221 luna
3158 2167 3387 2222 decima
3410 2171 3618 2238 quarta

1972 2273 2161 2329 usque
2183 2257 2252 2313 ad
2277 2256 2618 2329 vigesimum
2652 2255 2925 2327 primam.
2962 2255 3040 2310 Ex
3071 2255 3379 2326 Evangelio
3423 2260 3615 2311 tamen

1971 2346 2109 2417 quia
2140 2345 2522 2401 manifestum
2555 2349 2647 2400 est
2678 2361 2791 2415 quo
2822 2343 2996 2399 etiam
3032 2344 3126 2398 die
3171 2344 3452 2399 Dominus
3482 2358 3613 2399 cru-

1968 2434 2177 2489 cifixus
2200 2433 2298 2499 sit,
2322 2437 2379 2488 et
2413 2434 2469 2487 in
2514 2432 2818 2503 sepultura
2845 2431 3037 2497 fuerit,
3064 2436 3121 2485 et
3144 2432 3481 2498 resurrexit,
3513 2433 3615 2487 ad—

1961 2521 2173 2591 juncta
2203 2525 2291 2577 est
2314 2522 2489 2576 etiam
2514 2522 2776 2591 ipsorum
2800 2519 3029 2575 dierum
3053 2520 3381 2575 observatio
3404 2520 3613 2591 perPa-

1967 2615 2126 2665 trum
2160 2608 2431 2676 concilia,
2462 2613 2520 2665 et
2558 2609 2684 2665 orbi
2709 2608 2979 2663 universo
3009 2608 3341 2664 Christiano
3374 2624 3614 2679 persua-

1968 2715 2125 2769 sum,
2156 2714 2221 2754 eo
2257 2698 2429 2753 modo
2460 2696 2685 2753 Pascha
2713 2696 2994 2752 celebrari
3026 2699 3311 2767 oportere.
3345 2696 3609 2760 Quadra-

1966 2785 2190 2857 gesima
2212 2786 2577 2856 jejuniorum
2608 2784 2785 2839 habet
2815 2782 3221 2838 auctoritatem
3246 2787 3303 2837 et
3322 2781 3381 2837 in
3406 2783 3611 2837 veteri-

1966 2875 2079 2931 bus
2110 2875 2279 2931 libris
2309 2892 2377 2930 ex
2400 2875 2621 2946 jejunio
2649 2872 2831 2946 Moysi
2856 2878 2910 2928 et
2943 2872 3074 2928 Elia:
3107 2876 3257 2943 (Reg.
3278 2889 3373 2928 xxx
3395 2890 3407 2940 ;
3430 2873 3612 2928 Exod.

1965 2965 2042 3035 Χ),
2077 2969 2133 3019 et
2162 2979 2229 3019 ex
2261 2962 2591 3035 Evangelio,
2636 2962 2776 3032 quia
2806 2962 3052 3016 totidem
3087 2961 3292 3016 diebus
3323 2961 3612 3017 Dominus

1958 3054 2270 3123 jejunavit,
2302 3053 2714 3108 demonstrans
2748 3049 3128 3121 Evangelium
3164 3067 3277 3106 non
3302 3049 3619 3107 dissentire

1891 3157 1933 3223 α
1974 3159 2007 3197 a
2040 3142 2169 3214 lege
2198 3147 2253 3197 et
2284 3141 2587 3213 prophetis
2639 3139 2851 3211 (Matth.
2899 3140 2997 3208 ιν).
3030 3138 3086 3193 In
3123 3155 3373 3210 persona
3406 3139 3621 3211 quippe

1974 3230 2159 3303 Moysi
2189 3230 2300 3298 lex,
2344 3232 2401 3283 in
2452 3245 2701 3301 persona
2732 3228 2864 3283 Elite
2898 3228 3190 3299 prophetae
3223 3227 3613 3300 accipiuntur.

1974 3319 2135 3375 Inter
2167 3336 2310 3389 quos
2342 3319 2399 3373 in
2436 3322 2632 3374 monte
2662 3316 2955 3389 gloriosus
2997 3316 3271 3387 apparuit
3309 3316 3643 3387 Dominus,_

1972 3412 2037 3462 ut
2066 3406 2392 3463 evidentius
2424 3406 2727 3475 emineret,
2756 3405 2909 3476 quod
2955 3405 3025 3460 de
3055 3403 3154 3461 illo
3188 3404 3331 3460 dicit
3370 3407 3620 3477 Aposto-

1970 3495 2517 3552 luszTestimonium
2542 3494 2767 3551 habens
2785 3512 2816 3549 a
2838 3494 2963 3563 lege
2994 3498 3050 3549 et
3073 3494 3390 3565 prophetis.
3418 3495 3477 3548 In
3503 3510 3622 3564 qua

1971 3601 2106 3656 ergo
2140 3590 2299 3656 parte
2326 3584 2463 3639 anni
2488 3582 2906 3655 congruentius
2928 3582 3257 3639 observatio
3282 3582 3618 3653 Quadrage-

1971 3675 2136 3729 simae
2188 3673 2639 3728 constitueretur
2691 3671 2805 3727 nisi
2853 3670 3100 3725 confinis
3133 3676 3310 3743 atque
3343 3671 3620 3743 contigua

1968 3760 2283 3818 Dominicze
2307 3761 2599 3832 passioni?
2630 3760 2767 3831 quia
2802 3759 2858 3813 in
2879 3776 2946 3814 ea
2970 3759 3337 3831 significatur
3358 3760 3479 3814 haec
3501 3760 3619 3816 vita

1968 3850 2278 3916 laboriosa,
2304 3849 2561 3922 cuiopus
2588 3854 2677 3903 est
2698 3848 2805 3903 hac
2826 3848 3210 3913 continentia,
3235 3853 3299 3903 ut
3324 3848 3395 3902 ab
3432 3848 3620 3920 ipsius

1968 3939 2176 3995 mundi
2223 3938 2479 3993 amicitia
2520 3938 2841 4008 jejunetur,
2905 3954 3030 4008 quas
3081 3937 3286 4008 utique
3336 3936 3618 3992 fallaciter

1965 4027 2242 4093 blandiri,
2272 4031 2328 4083 et
2352 4025 2762 4081 illecebrarum
2817 4042 3026 4081 succos
3084 4024 3611 4096 circumspargere,

1966 4120 2143 4188 atque
2169 4116 2366 4185 jacere
2398 4131 2511 4169 non
2547 4118 2758 4169 cessat.

2001 4205 2133 4260 CAP.
2160 4204 2357 4259 112.—-
2376 4202 2524 4270 Quod
2552 4203 2711 4257 homo
2732 4202 2959 4272 jejunus
2988 4217 3200 4256 sumere
3228 4200 3383 4272 debet
3424 4214 3619 4270 corpus

2078 4277 2319 4331 Domini.
2352 4275 2486 4329 Item
2513 4276 2681 4346 Aug.,
2703 4271 2860 4344 epist.
2899 4272 3021 4342 118,
3054 4272 3127 4328 ad
3146 4271 3507 4327 Ianuarium.

2038 4364 2133 4435 (De
2160 4380 2308 4419 cans.
2344 4362 2475 4418 dist.
2514 4364 2561 4427 1,
2595 4379 2641 4417 ε.
2680 4360 2927 4432 Liquido,
2960 4365 3009 4416 et
3042 4362 3102 4415 P.
3144 4360 3322 4415 Lamb.
3388 4358 3487 4414 lib.
3538 4376 3613 4427 IV,

1964 4451 2089 4507 dist.
2124 4451 2180 4518 8,
2213 4450 2241 4524 §
2274 4451 2345 4521 c.)
2383 4450 2623 4522 Liquida
2672 4453 2912 4521 apparet
2954 4449 3190 4520 quando
3226 4449 3415 4521 primo
3447 4464 3609 4503 acce-

1963 4544 2173 4613 perunt
2204 4538 2477 4610 discipuli
2503 4555 2715 4609 corpus
2746 4543 2803 4592 et
2837 4539 3183 4609 sanguinem
3210 4537 3463 4605 Domini,
3491 4554 3605 4591 non

1959 4646 2058 4686 eos
2090 4628 2385 4700 accepisse
2411 4628 2669 4697 jejunos.
2732 4626 3009 4697 Nunquid
3060 4631 3254 4681 tamen
3310 4631 3619 4697 propterea

1962 4718 2440 4774 calumniandum
2476 4721 2563 4770 est
2592 4716 2872 4770 universae
2896 4714 3185 4780 Ecclesiae,
3218 4715 3371 4785 quod
3397 4731 3427 4767 a
3452 4715 3604 4783 jeju-

1963 4808 2058 4863 nis
2091 4821 2325 4878 semper
2349 4804 2635 4875 accipitur
2655 4803 2684 4857 ?
2706 4804 2784 4858 Ex
2804 4803 2913 4858 hoc
2945 4806 3098 4859 enim
3126 4804 3347 4875 placuit
3371 4802 3614 4874 Spiritui

1965 4900 2185 4961 sancto,
2216 4901 2279 4950 ut
2300 4895 2358 4949 in
2385 4894 2665 4948 honorem
2692 4890 2837 4947 tanti
2861 4893 3215 4949 sacramenti
3243 4893 3407 4965 prius
3468 4892 3526 4946 in
3550 4910 3616 4946 os

1964 4984 2282 5039 Christiani
2309 4982 2677 5037 Dominicum
2699 4996 2913 5052 corpus
2939 4980 3204 5049 intraret,
3226 4996 3401 5051 quam
3426 4978 3613 5033 creteri

1968 5072 2102 5127 cibi.
2132 5071 2276 5126 Nam
2303 5069 2430 5125 ideo
2478 5086 2579 5140 per
2602 5069 2940 5123 universum
2967 5069 3165 5124 orbem
3202 5086 3329 5124 mos
3361 5068 3469 5124 iste
3502 5085 3616 5123 ser-

1968 5164 2161 5215 vatur.
2201 5158 2399 5229 Neque
2429 5158 2587 5212 enim
2609 5157 2745 5227 quia
2771 5163 2899 5229 post
2935 5158 3098 5213 cibos
3126 5157 3285 5213 dedit
3307 5158 3614 5212 Dominus.

1964 5252 2276 5322 prOpterea
2309 5246 2503 5315 pransi
2548 5251 2649 5299 aut
2681 5246 2891 5300 ccenati
2925 5246 3136 5301 fratres
3162 5248 3230 5300 ad
3256 5245 3399 5299 illud
3425 5259 3617 5299 sacra-

1964 5342 2227 5393 mentum
2271 5335 2672 5406 accipiendum
2719 5335 3027 5390 convenire
3058 5336 3290 5400 debent,
3324 5339 3423 5388 aut
3455 5331 3607 5386 sicut

1972 5426 2263 5481 faciebant
2288 5440 2434 5496 quos
2460 5422 2771 5495 Apostolus
2805 5423 3019 5495 arguit,
3048 5428 3101 5479 et
3126 5423 3421 5486 emendat,
3448 5434 3611 5473 men-

1966 5516 2049 5573 sis
2080 5515 2206 5571 suis
2236 5514 2347 5569 ista
2378 5514 2644 5568 miscere.
2690 5512 2955 5583 Namque
3004 5511 3265 5567 Salvator
3294 5524 3407 5579 quo
3437 5507 3615 5564 vehe-

1971 5605 2231 5661 mentius
2264 5602 2706 5657 commendaret
2739 5601 3001 5669 mysterii
3034 5599 3192 5652 illius
3213 5597 3611 5663 altitudinem,
