3970 6058
329 165 426 220 191

1413 164 1481 215 D.
1522 159 1770 215 IVONIS
1805 157 2298 214 CABNOTENSIS
2332 160 2652 216 EPISCOPI

3634 160 3747 214 192

319 287 596 343 ultimum
627 286 736 343 hoc
765 286 952 343 voluit
982 286 1224 359 inﬁgere
1257 284 1553 352 cordibus,
1584 286 1641 338 et
1672 281 1968 337 memoria:
1998 283 2052 349 Α
2081 285 2186 337 etis
2233 285 2486 354 gratiam
2539 289 2825 341 sumunt:
2851 283 3019 356 quasi
3043 300 3158 339 non
3185 283 3263 340 sit
3283 283 3462 343 toties
3485 283 3571 340 illi
3596 301 3748 341 vero

318 375 768 447 discipulorum,
801 393 835 431 a
864 375 1081 448 quibus
1113 376 1185 431 ad
1217 373 1549 444 passionem
1583 371 1964 442 digressurus

317 468 461 521 erat.
481 466 548 519 Et
569 464 698 521 ideo
738 481 853 520 non
883 463 1139 536 pracipit
1163 479 1277 534 quo
1312 460 1590 531 deinceps
1631 458 1837 514 ordine
1866 475 1963 513 su-

317 558 593 620 meretur,
621 559 686 608 ut
709 552 991 624 apostolis
1034 566 1136 623 per
1157 566 1305 622 quos
1329 549 1614 604 Ecclesiae
1647 546 1964 619 dispositu-

318 659 420 699 rus
451 647 575 698 erat
597 645 854 699 servaret
880 641 1037 695 hunc
1060 639 1275 694 locum.
1307 638 1452 693 Nam
1488 638 1538 693 si
1569 637 1679 693 hoc
1719 635 1815 691 ille
1839 653 1966 691 mo-

322 732 566 797 nuisset,
609 735 674 785 ut
725 733 854 800 post
910 729 1071 783 cibos
1126 727 1275 782 alios
1325 742 1558 797 semper
1587 724 1965 797 acciperetur,

323 820 496 876 credo
528 819 680 889 quod
715 833 848 873 eum
869 832 1090 872 morem
1115 831 1284 870 nemo
1303 815 1588 870 variasset
1611 813 1965 884 [mutasset].

321 911 466 966 Cum
501 924 632 963 vero
663 908 746 962 ait
765 905 1082 977 Apostolus
1103 905 1173 960 de
1197 905 1305 960 hoc
1329 907 1700 959 sacramento
1722 902 1971 973 loquens

325 999 372 1071 (l
399 995 642 1052 Corinth.
675 996 756 1065 xx)
782 1011 794 1050 :
821 994 1061 1066 Propter
1081 995 1259 1065 quod,
1277 996 1501 1064 fratres,
1521 1010 1647 1048 cum
1675 993 1972 1048 convenitis

322 1087 391 1142 ad
408 1084 882 1152 manducandum,
906 1085 1139 1139 invicem
1173 1088 1514 1154 exspectate:
1546 1083 1597 1136 si
1624 1082 1747 1152 quis
1776 1083 1972 1147 esurit,

320 1176 472 1230 domi
526 1173 840 1239 manducet,
872 1181 934 1228 ut
965 1189 1077 1228 non
1125 1172 1202 1227 ad
1250 1171 1530 1243 judicium
1583 1170 1970 1225 conveniatis:

324 1263 528 1320 statim
553 1262 858 1317 subtexuit
885 1279 897 1316 :
921 1265 1134 1318 thera
1161 1264 1368 1330 autem,
1402 1277 1526 1315 cum
1564 1275 1781 1323 venero,
1815 1259 1974 1314 ordi-

326 1353 500 1408 nabo.
526 1351 689 1406 Unde
713 1349 960 1423 intelligi
982 1351 1180 1417 datur,
1212 1351 1351 1421 quia
1375 1349 1629 1404 multum
1658 1352 1802 1415 erat,
1832 1352 1896 1403 ut
1917 1347 1974 1402 in

325 1439 577 1513 epistola
627 1442 819 1494 totum
869 1437 990 1494 illis
1041 1438 1287 1510 agendis
1335 1438 1598 1493 ordinem
1629 1437 1974 1504 insinuaret,

327 1547 503 1602 quem
529 1529 802 1585 universa
835 1545 944 1601 per
972 1530 1172 1584 orbem
1211 1533 1406 1583 servat
1435 1526 1712 1592 Ecclesia,
1745 1529 1817 1582 ab
1849 1526 1978 1597 ipso

2073 376 2131 426 et
2159 372 2448 445 singulari
2468 373 2756 430 sacriﬁcio
2797 372 3297 445 participandum,
3331 373 3568 446 quoties
3591 391 3738 430 cor—

2076 462 2234 534 poris
2257 467 2313 517 et
2336 463 2644 535 sanguinis
2667 463 2890 518 Domini
2916 463 3101 518 nostri
3122 466 3261 519 Jesu
3281 463 3496 520 Christi
3523 463 3748 520 immo-

2075 549 2215 606 latio
2267 553 2420 606 facta
2471 551 2820 607 constiterit.
2880 553 3027 608 Nam
3072 568 3202 608 ecce
3251 552 3334 608 ait
3367 552 3682 620 Apostolus
3724 568 3742 606 :

2074 643 2280 695 Nonne
2309 640 2409 711 qui
2459 640 2644 696 edunt
2689 640 2917 696 hostias
2963 641 3281 712 participes
3313 644 3453 696 sunt
3484 639 3692 696 altaris
3713 640 3746 696 ‘?

2077 728 2122 800 (l
2152 728 2272 784 Cor.
2297 728 2378 800 x.)
2408 731 2639 783 Certum
2673 733 2764 784 est
2785 729 2936 800 quod
2971 729 3032 784 hi
3065 729 3166 800 qui
3197 728 3594 784 sacriﬁcantes
3619 745 3749 785 non

2079 817 2279 886 edunt,
2329 817 2410 872 rei
2460 821 2602 873 sunt
2647 817 2935 872 Dominici
2987 819 3357 874 sacramenti.
3385 818 3738 890 Quicunque

2080 922 2216 978 ergo
2241 907 2612 961 sacerdotum
2634 906 2909 978 deinceps
2931 906 3128 962 divino
3150 907 3358 962 altario
3381 906 3745 963 sacriﬁcium

2083 995 2389 1051 oblaturus
2421 996 2753 1062 accesserit,
2786 1001 2843 1051 et
2873 1013 2935 1052 se
2965 1013 2998 1051 a
3031 996 3446 1052 communione
3477 1013 3745 1068 suspen-

2082 1083 2336 1151 derit,ab
2358 1085 2488 1156 ipsa
2511 1101 2627 1156 qua
2643 1101 2705 1140 se
2722 1085 3062 1140 indecenter
3083 1085 3330 1156 privarit
3356 1085 3546 1156 gratia
3570 1101 3750 1140 com-

2083 1171 2567 1242 munionis,anno
2596 1189 2710 1228 uno
2729 1172 3032 1244 repulsum
3064 1189 3127 1229 se
3150 1172 3543 1228 noverit.Nam
3565 1173 3748 1245 quale

2087 1260 2232 1315 illud
2256 1261 2366 1316 erit
2386 1261 2940 1331 sacriﬁcium,cujus
2963 1278 3070 1317 nec
3093 1263 3218 1333 ipse
3243 1262 3584 1317 sacriﬁcans
3608 1279 3748 1334 par-

2084 1349 2268 1421 ticeps
2307 1367 2435 1406 esse
2463 1350 2915 1422 congnoscitur?
2940 1352 3086 1423 Ergo
3121 1350 3310 1406 modis
3339 1349 3616 1406 omnibus
3648 1356 3746 1406 te-

2087 1440 2367 1506 nendum,
2401 1445 2464 1494 ut
2503 1441 2969 1512 quotiescunque
3029 1439 3366 1494 sacriﬁcans
3410 1455 3624 1511 corpus
3687 1442 3752 1494 et

2089 1529 2436 1598 sanguinem
2497 1528 2729 1584 Domini
2788 1529 2972 1584 nostri
3015 1529 3158 1584 Jesu
3192 1527 3411 1583 Christi
3461 1528 3521 1582 in
3566 1527 3752 1583 altari

328 1621 662 1678 ordinatum
711 1635 861 1686 esse,
911 1617 1067 1690 quod
1110 1615 1272 1672 nulla
1319 1616 1597 1672 horarum
1644 1615 1982 1670 diversitate
2011 1653 2058 1718 B
2090 1616 2381 1688 immolat,
2413 1617 2584 1673 toties
2613 1618 3004 1690 perceptionis
3035 1616 3294 1690 corporis
3325 1622 3381 1672 et
3430 1616 3748 1690 sanguinis

323 1710 586 1766 variatur
618 1709 874 1780 [morum
905 1707 1183 1762 varietate
1209 1705 1514 1776 mutatur].

325 1843 460 1898 CAP.
487 1843 607 1897 113.
632 1873 701 1882 —
725 1841 875 1910 Quod
900 1841 1156 1897 omnibus
1177 1856 1284 1912 pro
1307 1841 1504 1911 quibus
1533 1841 1675 1912 fiunt
1716 1855 1822 1895 non
1850 1855 1980 1910 pro-

393 1922 525 1969 sunt
582 1914 904 1980 oblationes,
939 1920 993 1966 et
1022 1911 1444 1982 obsecrationes,
1493 1911 1585 1967 sed
1629 1912 1712 1967 his
1759 1917 1980 1966 tantum

405 1986 601 2055 quibus
625 1986 758 2039 dum
790 1986 1000 2048 vivunt,
1032 1991 1422 2054 comparantur
1458 1991 1521 2039 ut
1562 1983 1798 2054 prosint.
1847 1984 1981 2038 Item

406 2073 476 2112 ex
505 2056 644 2111 libro
670 2071 770 2127 pro
803 2056 1074 2127 defunctis
1094 2055 1347 2111 secundo.

403 2172 677 2241 (August.,
728 2173 825 2226 tib.
859 2173 934 2227 De
963 2187 1098 2226 cura
1125 2186 1230 2242 pro
1268 2178 1432 2225 mort.
1469 2169 1687 2240 agend.,
1718 2186 1837 2242 cap.
1871 2172 1984 2240 18.)

337 2260 461 2317 Non
487 2260 843 2317 aestimemus
873 2261 945 2316 ad
965 2264 1222 2316 mortuos
1251 2275 1354 2330 pro
1381 2259 1598 2330 quibus
1622 2276 1820 2315 curam
1841 2260 1985 2332 geri-

340 2367 477 2406 mus
501 2349 820 2421 pervenire,
856 2349 969 2403 nisi
1021 2349 1172 2420 quod
1210 2365 1312 2419 pro
1345 2348 1428 2402 eis
1460 2347 1577 2403 sive
1612 2347 1830 2415 altaris,
1865 2350 1986 2404 sive

340 2438 823 2506 orationum,sive
845 2437 1349 2510 eleemosynarum
1377 2437 1682 2492 sacriﬁciis
1706 2437 1987 2493 solemni-

333 2533 426 2585 ter
444 2527 847 2600 supplicamus
872 2544 885 2583 :
913 2527 1183 2599 quamvis
1203 2543 1315 2582 non
1335 2543 1439 2598 pro
1461 2525 1677 2598 quibus
1699 2527 1847 2583 ﬁunt
1865 2544 1987 2583 om-

335 2619 512 2675 nibus
545 2617 796 2690 prosint,
829 2617 931 2673 sed
964 2617 1059 2671 bis
1092 2620 1319 2672 tantum
1351 2631 1455 2688 pro
1488 2616 1704 2687 quibus
1735 2618 1875 2672 dum
1908 2619 1988 2672 vi-

337 2712 506 2774 vunt,
537 2710 930 2778 comparatur,
955 2709 1020 2759 ut
1041 2705 1293 2777 prosint.
1325 2704 1437 2759 Sed
1467 2705 1602 2776 quia
1625 2722 1738 2761 non
1763 2707 1983 2762 discer-

340 2797 540 2850 nimus
572 2795 672 2865 qui
704 2793 823 2849 sint
851 2797 1078 2865 oportet
1108 2809 1176 2848 ea
1195 2810 1297 2865 pro
1328 2793 1687 2864 regeneratis
1708 2795 1984 2850 omnibus

340 2884 551 2949 facere,
581 2885 646 2936 ut
669 2881 870 2936 nullus
892 2898 1094 2936 eorum
1120 2882 1619 2952 praetermittatur,
1638 2882 1709 2936 ad
1729 2899 1840 2954 qus
1863 2885 1984 2940 haec

339 2967 631 3026 beneﬁcia
654 2969 880 3040 possint
902 2973 958 3023 et
980 2969 1231 3024 debeant
1254 2969 1572 3040 pervenire.
1597 2968 1802 3026 Melius
1824 2971 1976 3027 enim

335 3075 569 3131 semper
590 3062 762 3114 erunt
782 3057 896 3112 ista
935 3057 1028 3113 his
1073 3057 1287 3129 quibus
1310 3074 1415 3113 nec
1453 3058 1688 3128 obsunt,
1712 3076 1816 3115 nec
1848 3078 1978 3132 pru-

335 3153 682 3220 sunt,quam
702 3147 786 3202 eis
800 3147 1280 3218 deeruntquibus
1305 3150 1555 3219 prosunt
1577 3163 1590 3203 :
1618 3148 1983 3221 dilligentius

337 3244 534 3296 tamen
559 3238 697 3294 facit
718 3237 826 3292 hoc
851 3235 1104 3308 quisque
1126 3253 1227 3306 pro
1279 3236 1627 3292 necessariis
1648 3238 1794 3306 suis,
1828 3241 1982 3310 quod

333 3345 439 3400 pro
468 3326 570 3382 illo
591 3327 691 3380 ﬁat
710 3324 990 3380 similiter
1014 3341 1046 3378 a
1069 3325 1213 3380 suis.
1238 3324 1471 3396 Corpori
1498 3330 1695 3381 autem
1731 3328 1983 3384 humano

334 3414 626 3486 quidquid
657 3413 1021 3484 impenditur
1043 3429 1157 3467 non
1180 3413 1622 3485 estpraesidium
1643 3414 1983 3486 salutis,sed

335 3501 667 3559 humanitis
687 3501 975 3571 ofﬁcium,
1001 3501 1328 3558 secundum
1371 3503 1642 3558 affectum
1667 3521 1778 3574 quo
1813 3520 1983 3560 nemo

337 3607 600 3664 unquam
633 3606 870 3646 carnem
905 3606 1073 3646 suam
1109 3591 1241 3646 odio
1273 3591 1502 3647 habuit.
1536 3592 1696 3647 Unde
1735 3597 1984 3665 oportet,

337 3685 403 3737 ut
431 3696 606 3752 quam
634 3683 824 3752 potest
847 3696 947 3750 pro
969 3696 1141 3736 carne
1163 3680 1410 3752 proximi
1435 3697 1636 3736 curam
1660 3688 1982 3754 gerat,cum

335 3768 434 3825 ille
458 3769 596 3824 inde
621 3771 925 3824 recesserit
943 3769 1042 3839 qui
1062 3769 1299 3840 gerebat
1323 3786 1335 3822 :
1355 3773 1412 3824 et
1430 3771 1479 3825 si
1504 3771 1620 3826 haec
1643 3771 1863 3826 faciunt
1883 3771 1986 3843 qui

337 3857 534 3915 carnis
565 3857 1149 3912 resurrectionemem
1183 3875 1298 3912 non
1332 3859 1595 3925 credunt,
1618 3864 1836 3930 quanto
1859 3877 1983 3916 ma-

337 3947 429 4020 gis
451 3945 664 4003 debent
697 3945 886 4001 facere
924 3944 1021 4015 qui
1054 3945 1342 4000 credunt?
1375 3950 1438 4000 ut
1464 3947 1688 4018 corpori
1728 3953 1983 4019 mortuo,

336 4037 440 4093 sed
463 4041 660 4092 tamen
694 4039 1117 4103 resurrecturo,
1150 4038 1205 4088 et
1253 4035 1310 4089 in
1343 4036 1662 4090 aeternitate
1706 4051 1983 4092 mansuro

335 4126 673 4197 impensum
707 4124 1052 4197 hujusmodi
1080 4123 1341 4179 ofﬁcium
1377 4124 1453 4180 sit
1482 4125 1660 4180 etiam
1693 4127 1983 4196 quodam-

339 4215 512 4269 modo
537 4215 802 4285 ejusdem
838 4213 972 4269 ﬁdei
1005 4213 1434 4269 testimonium.
1461 4215 1621 4280 Quod
1653 4231 1785 4270 vero
1818 4215 1979 4287 quis-

339 4318 452 4373 que
483 4303 637 4372 apud
673 4301 991 4356 memorias
1028 4305 1352 4374 martyrum
1385 4301 1690 4374 sepelitur,
1714 4304 1822 4360 hoc
1852 4309 1980 4360 tan-

343 4394 470 4444 tum
506 4388 651 4444 mihi
684 4389 916 4444 videtur
961 4391 1240 4461 prodesse
1274 4391 1568 4459 defuncto,
1593 4398 1659 4447 ut
1694 4386 1984 4448 commen-
2012 4386 2056 4449 D

338 4479 487 4533 dans
514 4494 647 4533 eum
684 4477 862 4533 etiam
897 4484 1226 4551 martyrum
1261 4480 1857 4551 patrocinio,aﬁ'ectus
1879 4500 1980 4554 pro

336 4566 438 4622 illo
471 4567 922 4639 supplicationis
955 4573 1258 4639 augeatur.

338 4684 472 4739 CAP.
502 4683 623 4756 114.
648 4713 727 4756 —_
754 4684 928 4756 Toties
953 4684 1475 4756 communicandum
1506 4700 1618 4740 esse
1643 4687 1979 4756 presbytero,

410 4754 618 4824 quoties
650 4754 878 4808 missam
911 4755 968 4808 in
990 4771 1101 4808 una
1129 4754 1219 4810 die
1237 4756 1616 4811 celebraverit.
1645 4754 1732 4811 Ea:
1750 4754 1984 4815 concilio

414 4825 675 4882 Totetano
706 4843 804 4894 xu,
828 4842 948 4897 cap.
983 4827 1036 4880 5.

401 4942 501 5011 (De
529 4957 699 5005 cons.,
741 4941 864 4997 dist.
914 4944 969 5008 2,
1019 4958 1066 4996 c.
1121 4942 1370 4997 Relatum
1417 4942 1540 5014 est.)
1589 4943 1852 4999 Relatum
1894 4948 1984 5001 est

334 5029 506 5085 nobis
551 5031 836 5101 quosdam
888 5048 956 5085 ex
996 5031 1404 5086 sacerdotibus
1455 5049 1566 5087 non
1613 5037 1699 5089 tot
1745 5033 1972 5089 vicibus

338 5117 772 5176 communionis
788 5135 888 5173 san
899 5124 1000 5174 etas
1015 5119 1259 5191 gratiam
1277 5127 1681 5193 sumere,quot
1694 5122 1980 5179 sacriﬁcia

337 5227 454 5266 una
476 5209 568 5264 die
587 5208 860 5263 videntur
880 5210 1104 5277 offerre,
1129 5209 1313 5264 sedin
1356 5227 1465 5263 una
1506 5211 1599 5264 die
1638 5211 1686 5265 si
1722 5211 1972 5282 plurima

333 5315 436 5370 per
467 5315 526 5354 se
557 5298 666 5354 Deo
710 5297 956 5352 otl'erant
995 5296 1304 5363 sacriﬁcia,
1339 5299 1396 5352 in
1430 5299 1708 5353 omnibus
1734 5316 1796 5354 se
1815 5299 1973 5354 obla-

332 5387 593 5443 tionibus
624 5404 658 5442 a
682 5386 1094 5442 communione
1128 5387 1520 5457 suspendunt,
1545 5392 1600 5442 et
1631 5387 1687 5442 in
1708 5386 1834 5442 sola
1855 5392 1978 5442 tan-

330 5478 458 5529 turn
481 5475 726 5532 extremi
759 5474 1034 5533 sacriﬁcii
1054 5474 1369 5546 oblatione,
1393 5475 1828 5533 communionis
1850 5493 1977 5533 san-

2089 1705 2308 1763 Christi
2340 1706 2684 1778 participem
2713 1723 2775 1762 se
2806 1709 3082 1779 praebeat.

2089 1817 2224 1870 CAP.
2269 1815 2390 1868 115.
2432 1845 2500 1853 -
2539 1812 2698 1869 Nihil
2745 1829 2844 1882 pro
2904 1815 3154 1940 baltsamo
3216 1812 3548 1883 exigendum
3603 1828 3746 1879 esse,

2800 1901 2917 1940 can.
3010 1927 3022 1940 .

2800 1903 2917 1940 εαυ.
2970 1903 3022 1940 4.

2800 1903 2860 1940 ca
2906 1927 2917 1939 .
2970 1901 3022 1940 4.

2163 1973 2398 2029 Placuit
2430 1977 2495 2029 ut
2528 1990 2735 2045 parum
2767 1901 3016 2028 Μιξεωὶ
3047 1975 3198 2046 quod
3233 1973 3604 2029 benedictum
3632 1989 3742 2044 pro

2091 2063 2370 2135 baptismi
2403 2069 2769 2119 sacramento
2792 2080 2894 2135 per
2912 2063 3190 2119 ecclesias
3213 2065 3388 2119 datur
3406 2063 3542 2134 quia
3562 2079 3593 2117 a
3612 2065 3743 2117 sin-

2092 2152 2245 2224 gulis
2275 2152 2580 2208 tremisses
2611 2169 2714 2222 pro
2746 2153 2874 2225 ipso
2896 2153 3044 2224 exigi
3078 2152 3290 2219 solent,
3324 2151 3471 2207 nihil
3491 2150 3748 2207 ulterius

2092 2241 2378 2313 exigatur,
2419 2257 2492 2296 ne
2543 2242 2690 2296 forte
2720 2242 2873 2312 quod
2908 2258 3012 2313 pro
3045 2241 3238 2297 salute
3266 2241 3600 2296 animarum
3635 2257 3744 2312 per

2093 2329 2520 2386 invocationem
2582 2330 2767 2385 sancti
2827 2329 3082 2401 Spiritus
3140 2335 3536 2399 consecratur,
3586 2329 3749 2384 sicut

2091 2418 2290 2474 Simon
2342 2419 2550 2490 Magus
2599 2419 2817 2474 donum
2870 2419 2971 2474 Dei
3020 2418 3267 2491 pecunia
3308 2417 3493 2473 voluit
3540 2433 3738 2474 emere

2094 2507 2228 2580 (Act.
2260 2507 2404 2578 vm),
2456 2508 2539 2564 ita
2588 2525 2692 2564 nos
2715 2509 3120 2565 venundantes
3171 2507 3584 2564 damnabiliter
3629 2523 3731 2562 ve-

2093 2596 2451 2652 nundemur.

2091 2705 2225 2761 CAP.
2270 2702 2394 2758 116.
2417 2733 2488 2742 -
2510 2702 2828 2758 Timendum
2856 2718 2990 2768 esse,
3021 2718 3092 2757 ne
3117 2703 3257 2757 sicut
3288 2703 3347 2757 in
3378 2701 3499 2756 Heli
3514 2708 3745 2771 propter

2162 2777 2301 2830 vitia
2330 2774 3085 2840 sacerdotum,sanctuarium
3106 2775 3204 2829 Dei
3230 2773 3733 2828 dcstituaturJdem

2163 2849 2223 2902 in
2254 2846 2498 2917 Epistola
2527 2847 2600 2900 ad
2639 2845 2920 2902 hominem
2961 2849 3058 2918 qui
3103 2862 3160 2901 se
3201 2846 3340 2901 dicit
3377 2845 3733 2916 pwnitentem

2164 2920 2223 2973 in
2251 2918 2455 2973 sxcuto
2484 2922 2918 2973 conversantem.

2011 3016 2055 3085 ο
2162 3005 2291 3062 Heli
2329 3005 2604 3062 sacerdos
2640 3010 2882 3062 sanctus
2922 3006 3052 3071 fuit,
3079 3006 3178 3061 sed
3204 3005 3412 3060 habuit
3434 3003 3584 3059 ﬁlios
3607 3002 3730 3074 qui,

2093 3095 2237 3151 utin
2264 3095 2636 3150 Hebraeorum
2657 3094 3062 3151 voluminibus
3103 3094 3351 3167 legimus
3382 3095 3432 3165 (ι
3465 3094 3592 3162 Reg.
3627 3094 3726 3162 ιν),

2091 3183 2540 3240 fornicabantur
2560 3201 2694 3240 cum
2719 3183 3139 3240 mulieribusin
3155 3181 3533 3238 tabernaculo
3557 3181 3738 3248 Dei,et

2091 3273 2151 3328 in
2176 3273 2631 3329 similitudinem
2673 3273 2756 3328 tui
2800 3274 3176 3346 impudenter
3199 3272 3310 3326 sibi
3343 3272 3442 3326 Dei
3473 3270 3740 3325 ministe-

2092 3363 2245 3418 rium
2278 3362 2677 3418 vindicabant.
2713 3362 2874 3418 Unde
2905 3367 2961 3417 et
2990 3361 3154 3416 locus
3207 3359 3560 3416 tabernaculi
3614 3361 3740 3430 ipse

2093 3453 2408 3508 subversus
2440 3455 2550 3518 est,
2598 3455 2656 3506 et
2716 3455 2952 3523 propter
3009 3451 3151 3506 vitia
3209 3451 3603 3515 sacerdotum,
3640 3449 3736 3503 Dei

2094 3540 2501 3596 sanctuarium
2521 3539 2872 3595 destitutum
2897 3543 3004 3605 est,
3029 3554 3372 3608 quanquam
3391 3542 3449 3592 et
3471 3536 3597 3608 ipse
3617 3536 3733 3591 Heli

2093 3631 2232 3685 dum
2257 3634 2346 3685 est
2383 3629 2631 3684 nimium
2659 3627 2807 3684 lenis
2829 3629 2887 3682 in
2912 3626 3340 3698 ﬁlios,oﬂ‘endit
3361 3631 3540 3680 Deum
3569 3643 3581 3680 :
3609 3631 3734 3680 tan-

2094 3723 2333 3788 tamque
2365 3717 2576 3772 haheat
2606 3721 2959 3789 potestatem
2991 3719 3047 3772 te
3076 3715 3334 3788 episc0pi
3384 3715 3466 3769 tui
3505 3715 3738 3786 justitia

2093 3803 2364 3874 liberare,
2385 3809 2450 3858 ut
2469 3803 2793 3860 timendum
2819 3803 2898 3858 sit
2927 3820 2998 3858 ne
3018 3807 3261 3874 propter
3276 3807 3331 3856 te
3355 3803 3426 3856 de
3456 3801 3600 3856 solio
3631 3817 3737 3855 suo

2094 3910 2394 3959 corruens,
2421 3898 2619 3964 pereat
2649 3892 3016 3948 insanabilis.
3043 3891 3157 3946 Oza
3185 3891 3385 3946 levites
3408 3906 3601 3945 arcam
3629 3894 3737 3945 Do-

2095 3981 2260 4052 mini,
2295 3998 2472 4053 quam
2507 3986 2741 4054 portare
2779 3981 2906 4052 ipse
2937 3981 3239 4050 debuerat,
3281 3979 3448 4050 quasi
3475 3984 3735 4033 ruentem

2094 4076 2429 4127 sustentare
2460 4070 2663 4134 voluit,
2683 4075 2740 4125 et
2764 4086 3081 4141 percussus
3108 4074 3199 4123 est
3219 4069 3291 4140 (ll
3309 4069 3434 4136 Reg.
3468 4068 3566 4137 v1).
3588 4066 3733 4130 Quid

2093 4161 2166 4216 de
2198 4166 2254 4216 te
2289 4161 2550 4215 futurum
2585 4165 2782 4232 putas,
2815 4160 2914 4230 qui
2965 4162 3217 4214 stantem
3261 4173 3456 4212 arcam
3508 4155 3738 4211 Domini

2092 4248 2458 4321 praecipitare
2489 4257 2732 4304 conatus
2763 4252 2864 4304 es?
2914 4249 3142 4312 Quanto
3182 4246 3496 4318 cpisc0pus
3551 4247 3649 4316 qui
3686 4251 3738 4300 te

2093 4338 2387 4394 ordinavit
2417 4336 2737 4410 probabilis
2767 4341 3046 4403 est,tanto
3070 4339 3129 4390 tu
3165 4335 3420 4406 amplius
3441 4335 3737 4390 detestan-

2090 4431 2224 4496 dus,
2249 4428 2402 4500 quod
2433 4427 2607 4483 talem
2638 4425 2937 4482 hominem
2972 4424 3250 4481 fefellisti.
3273 4423 3546 4479 Solemus
3587 4422 3736 4478 mala

2090 4523 2291 4584 nostra
2322 4517 2470 4572 scire
2513 4514 2840 4583 novissimi,
2864 4532 2930 4570 ac
2952 4514 3297 4582 liberorum,
3319 4529 3386 4568 ac
3417 4512 3734 4583 conjugum

2088 4607 2252 4676 vitia,
2272 4605 2482 4660 vicinis
2503 4605 2852 4660 canentibus
2882 4603 3167 4676 ignorare.
3192 4603 3448 4657 Noverat
3476 4605 3531 4655 te
3549 4601 3736 4656 omnis

2090 4695 2278 4765 Italia,
2315 4693 2569 4750 universi
2600 4699 2734 4749 ante
2761 4692 2944 4748 altare
2976 4691 3185 4747 Christi
3213 4694 3372 4746 stare
3403 4688 3741 4760 ingemisce-

2089 4784 2253 4852 bant,
2279 4787 2459 4838 nectu
2481 4787 2600 4838 tam
2625 4781 2872 4836 callidus
2895 4785 3116 4846 eras,ut
3138 4781 3457 4850 prudenter
3479 4784 3574 4832 tua
3603 4777 3737 4831 vitia

2089 4871 2332 4938 celares,
2355 4873 2438 4928 sic
2469 4871 2782 4935 instuabas,
2807 4871 2890 4925 sic
2923 4870 3230 4925 sudantem
3259 4872 3334 4936 te,
3359 4865 3734 4922 etlascivien-

2088 4966 2205 5017 tem
2240 4961 2353 5016 huc
2412 4966 2587 5031 atque
2624 4959 2765 5015 illuc
2810 4959 3076 5029 rapiebat
3122 4956 3416 5028 voluptas,
3467 4959 3528 5008 ut
3570 4955 3731 5026 quasi

2089 5051 2375 5121 quosdam
2401 5047 2754 5118 triumphos,
2788 5045 3168 5118 palmamque
3192 5043 3487 5110 vitiorum,
3518 5043 3587 5096 de
3639 5059 3733 5097 ex-

2088 5137 2610 5210 pletislihidinibus
2642 5134 2997 5190 sublevares.

2085 5248 2216 5300 CAP.
2254 5245 2371 5299 117.
2400 5274 2467 5284 -
2497 5244 2559 5300 Ut
2589 5243 2776 5297 nullus
2821 5245 3108 5314 presbyter
3141 5239 3343 5314 absque
3372 5237 3732 5314 sacei'd_ota_li~

2159 5317 2254 5370 bus
2287 5316 2622 5440 vestimcnlfis
2669 5308 2896 5370 missam
2937 5308 3189 5370 celebret.
3244 5308 3327 5366 Ea:
3369 5308 3608 5366 concilio
3641 5311 3731 5364 Re.

2159 5403 2350 5440 mensi.
2381 5402 2500 5440 can.
2577 5425 2590 5440 .

2153 5403 2350 5454 mensi,
2381 5402 2500 5456 cap.
2537 5402 2590 5440 ιι.

2158 5474 2552 5546 (Burchardus,
2591 5474 2692 5531 lib.
2717 5490 2780 5542 ιι,
2809 5491 2928 5547 cap.
2952 5475 3064 5544 50).
3091 5472 3164 5529 Ut
3188 5470 3386 5527 nullus
3435 5470 3734 5542 presbyter
