3982 6060
212 282 321 338 193

942 284 1258 340 -DECRBTI
1298 287 1483 341 PARS
1519 286 1593 340 ΙΙ.
1626 312 1694 323 —-
1730 286 1826 339 DE
1864 284 2071 339 CORP.
2112 287 2205 341 ET
2241 288 2454 344 SANG.
2496 288 2695 361 DOM.,
2740 294 2897 350 ETC.

3528 299 3629 352 194

202 407 429 478 absque
460 404 701 472 amictu,
735 404 865 461 alba
893 409 950 461 et
979 405 1148 465 stola.
1181 411 1240 463 et
1282 408 1513 473 fanone,
1549 411 1605 463 et
1634 406 1855 473 casula,
1888 406 1941 473 Α
1972 406 2105 489 Cap.
2132 408 2263 489 .121.
2296 440 2363 489 _—
2399 412 2459 467 Ut
2506 414 3015 489 presbyteriplcbes
3047 416 3396 489 admoneant,
3429 425 3487 476 ut
3525 424 3625 478 bu-

203 494 507 550 ullatenus
535 498 858 566 praesumat
889 495 1138 551 missam
1173 495 1489 568 celebrare,
1523 502 1581 552 et
1609 496 1733 552 haec
1773 513 1868 552 sa-

202 603 306 641 cra
338 585 690 640 vestimenta
735 586 1132 641 mundissima
1164 586 1305 653 sint,
1335 590 1392 641 et
1437 586 1494 641 in
1528 586 1714 640 nitido
1743 585 1868 642 loco

204 676 363 730 intra
392 674 701 730 ecclesiam
725 672 1116 729 collocentur:
1144 692 1249 730 nec
1281 692 1542 746 unquam
1566 675 1871 746 presbyter

204 764 302 819 his
335 763 581 819 indutus
613 771 771 819 extra
800 764 1103 819 ecclesiam
1148 768 1330 832 exeat,
1364 764 1499 834 quia
1528 763 1638 819 hoc
1669 763 1870 819 divina

203 835 297 907 1ex
332 852 628 924 prohibet.

200 969 337 1024 CAP.
376 970 495 1024 118.
530 999 599 1008 -
633 969 696 1025 Ut
724 970 901 1024 omnis
928 970 1213 1039 presbyter
1259 970 1319 1023 in
1365 986 1466 1024 sua
1495 971 1725 1025 ecclesia
1759 975 1865 1026 Do-

274 1043 502 1095 minicis
520 1039 710 1164 diebsus
732 1056 933 1111 aquam
961 1041 1263 1096 benedicat.
1289 1041 1371 1094 Ea:
1399 1043 1630 1096 concilio
1651 1042 1868 1098 Nanne-

274 1116 438 1164 tensi.
469 1128 589 1164 can.
665 1152 676 1164 .

272 1120 438 1183 tensi,
469 1128 589 1182 cap.
622 1120 676 1165 5.

270 1226 565 1282 Omnibus
596 1226 803 1282 diebus
835 1226 1162 1282 Dominicis
1193 1227 1442 1299 quisque
1474 1229 1775 1299 presbyter
1806 1229 1865 1284 in

196 1334 307 1373 sua
338 1317 589 1373 ecclesia
619 1322 754 1373 ante
778 1318 1096 1374 missarum
1122 1318 1409 1374 solemnia
1438 1336 1656 1391 aquam
1690 1320 1866 1375 bene-

200 1407 420 1462 dictam
475 1406 650 1462 faciat
696 1407 756 1461 in
805 1423 942 1463 vase
998 1409 1241 1478 mundo,
1273 1413 1330 1464 et
1378 1412 1541 1464 tanto
1591 1408 1866 1481 mysterio

199 1495 585 1569 [ministerio]
617 1498 980 1553 convenienti
1009 1523 1022 1566 ;
1055 1498 1125 1553 de
1171 1515 1324 1569 aqua
1355 1497 1609 1570 populus
1638 1498 1867 1554 intrans

200 1585 516 1641 ecclesiam
548 1592 895 1659 aspergatur
926 1606 939 1643 :
973 1592 1026 1642 et
1059 1586 1274 1641 atrium
1309 1587 1578 1658 ejusdem
1610 1587 1867 1643 ecclesiae

202 1692 342 1731 cum
375 1676 651 1731 crucibus
682 1675 1098 1732 circumeundo
1122 1676 1392 1732 similiter
1424 1680 1788 1749 aspergatur,
1811 1681 1869 1733 et

2050 479 2231 561 bulcos
2264 485 2428 561 atque
2468 479 2752 561 porcarios
2804 479 2860 540 in
2906 490 3308 559 principalibus
3354 479 3509 561 [Estis
3556 497 3626 551 ad

2047 551 2272 676 missasm
2301 551 2488 608 venire
2530 559 2879 626 permittant.
2906 551 3013 615 'Ea:
3041 551 3275 617 concilio
3308 551 3621 637 Rothomag.

2047 637 2165 676 cav.
2241 666 2252 676 .

2047 637 2165 693 cap.
2199 637 2252 677 ε).

2048 710 2439 781 (Burchardus,
2475 715 2569 770 lib.
2616 733 2680 786 ιι,
2724 734 2841 788 cap.
2876 719 2989 789 71).
3040 722 3367 779 Admonere
3418 726 3634 783 debent

1978 801 2310 855 sacerdotes
2343 801 2539 872 plebes
2571 806 2840 861 subditas
2864 806 3000 878 sibi,
3033 814 3096 864 ut
3126 811 3432 885 bubulcos,
3458 819 3633 887 atque

1979 889 2294 958 porcarios,
2319 894 2375 946 et
2394 891 2537 948 alios
2556 899 2820 964 pastores
2850 896 2939 951 vel
2960 902 3244 969 aratores,
3266 903 3364 974 qui
3389 902 3447 958 in
3473 905 3632 976 agris

1978 978 2213 1033 assidue
2260 987 2721 1049 commorantur,
2752 984 2839 1039 vel
2886 984 2944 1039 in
2977 986 3161 1050 silvis,
3206 994 3263 1044 et
3304 990 3434 1047 ideo
3468 1010 3627 1050 more

1977 1067 2267 1137 pecudum
2298 1070 2518 1137 vivunt,
2553 1071 2609 1126 in
2635 1072 2957 1129 Dominicis
2983 1080 3039 1130 et
3070 1076 3127 1132 in
3152 1077 3282 1133 aliis
3316 1080 3480 1138 festis
3504 1083 3627 1139 die-

1978 1155 2085 1209 bus
2118 1155 2325 1212 saltem
2356 1158 2445 1213 vel
2462 1160 2533 1214 ad
2562 1160 2804 1216 missam
2825 1163 3042 1219 faciant
3062 1165 3146 1221 vel
3171 1169 3516 1237 permittant
3535 1190 3630 1228 ve-

1977 1243 2120 1299 nire.
2158 1246 2300 1302 Nam
2333 1252 2389 1302 et
2437 1247 2544 1303 hos
2591 1248 2856 1306 Christus
2893 1253 3149 1323 pretioso
3198 1258 3487 1328 sanguine
3516 1278 3625 1316 suo

1976 1333 2242 1389 redemit.
2279 1336 2439 1399 Quod
2473 1337 2522 1391 si
2549 1338 2931 1409 neglexerint,
2958 1359 3058 1412 pro
3091 1343 3402 1401 animabus
3426 1364 3628 1405 eorum

1976 1420 2198 1492 absque
2229 1423 2407 1478 dubio
2439 1426 2725 1481 rationem
2756 1444 2816 1483 se
2843 1429 3174 1487 reddituros
3195 1433 3403 1490 sciant.
3436 1436 3629 1508 Siqui-

1976 1510 2108 1564 dem
2145 1511 2425 1568 Dominus
2455 1514 2692 1570 veniens
2716 1516 2774 1570 in
2806 1516 2963 1573 hunc
2994 1522 3283 1576 mundum
3317 1539 3432 1579 non
3456 1524 3634 1598 elegit

1980 1597 2377 1656 honoratiores
2417 1606 2592 1673 atque
2642 1605 2957 1662 nobiliores
2988 1623 3274 1681 quosque,
3308 1614 3409 1668 sed
3442 1597 3631 1685 pisca-

1975 1691 2132 1743 tores
2162 1692 2336 1761 atque
2368 1690 2578 1746 idiotas
2608 1691 2719 1747 sibi
2753 1693 3077 1766 discipulos
3101 1700 3325 1769 ascivit,
3349 1706 3411 1757 ut
3440 1708 3633 1760 osten-

200 1781 307 1860 ριιο
332 1763 644 1860 animabus
665 1764 883 1860 ibidem
910 1764 1350 1860 quiescentibus
1373 1768 1516 1821 oret.
1546 1766 1616 1820 Et
1646 1765 1745 1860 qui
1767 1782 1863 1821 νο·
1894 1769 1946 1838 Β
1974 1777 2138 1831 deret
2168 1776 2227 1831 in
2248 1778 2397 1834 facto
2416 1780 2570 1850 quod
2600 1780 2726 1853 ipse
2742 1763 2934 1839 verbis
2953 1785 3013 1840 in
3044 1763 3353 1860 Evangelia
3374 1792 3633 1849 afﬁrmat

198 1853 382 1908 luerit
414 1853 473 1907 in
505 1853 761 1909 vasculis
783 1853 908 1909 suis
940 1853 1192 1925 accipiat
1222 1870 1289 1909 ex
1320 1854 1450 1925 ipsa
1473 1869 1651 1924 aqua,
1676 1858 1733 1909 et
1763 1870 1865 1924 per

200 1942 567 2009 mansiones,
599 1947 657 1998 et
687 1959 879 2015 agros,
913 1948 969 1998 et
1009 1942 1233 2009 vineas,
1268 1960 1446 2014 super
1476 1959 1689 2014 pecora
1718 1960 1861 2014 quo-

198 2048 316 2103 que
346 2048 476 2100 sua,
509 2036 683 2102 atque
727 2048 903 2103 super
951 2032 1168 2104 pabula
1198 2048 1423 2100 eorum,
1474 2049 1579 2087 nec
1612 2049 1728 2087 non
1760 2050 1860 2088 su-

199 2138 307 2193 per
336 2121 499 2176 cibos
530 2124 588 2176 et
618 2125 822 2192 potum
854 2138 1058 2189 suum,
1089 2125 1458 2193 conspergat.

200 2241 336 2292 CAP.
370 2235 495 2292 119.
528 2267 597 2276 ——
630 2238 693 2293 Ut
721 2237 904 2293 missae
926 2237 1251 2308 peculiares
1280 2239 1341 2291 in
1371 2237 1562 2293 diebus
1589 2239 1859 2296 solemni-

491 2308 587 2362 bus
616 2325 726 2364 non
753 2309 914 2378 ﬁant.
946 2309 1029 2362 Es:
1057 2308 1219 2363 dictis
1249 2310 1569 2377 Augustini.

273 2407 342 2461 Et
369 2405 480 2461 hoc
498 2406 921 2461 attendendum
940 2410 1053 2474 est,
1072 2410 1136 2462 ut
1152 2405 1347 2461 missae
1367 2407 1710 2479 peculiares,
1730 2426 1858 2480 quae

202 2484 308 2567 pe'r
336 2496 465 2551 dies
496 2494 789 2550 solemnes
819 2512 853 2550 a
883 2495 1286 2550 sacerdotibus
1334 2494 1506 2565 ﬁunt,
1536 2513 1652 2553 non
1686 2498 1767 2553 ita
1797 2497 1857 2552 in

200 2583 440 2656 publico
472 2584 634 2652 ﬁant,
669 2587 733 2638 ut
764 2599 868 2655 per
897 2601 993 2640 eas
1014 2582 1269 2656 populus
1298 2601 1331 2639 a
1362 2584 1614 2655 publicis
1646 2586 1855 2643 missa-

199 2689 333 2728 rum
389 2672 775 2742 solemnibus,
807 2690 935 2745 quae
984 2674 1128 2729 hora
1155 2673 1328 2729 tertia
1375 2674 1651 2730 canonice
1682 2675 1855 2747 fiunt,

197 2761 581 2817 abstrahatur
604 2781 621 2818 :
644 2762 782 2833 quia
798 2762 1092 2833 pessimus
1115 2778 1263 2817 usus
1283 2766 1372 2817 est
1392 2763 1545 2833 apud
1570 2766 1854 2834 quosdam

196 2851 258 2905 in
290 2850 617 2907 Dominicis
646 2852 873 2919 diebus,
898 2852 1018 2908 sive
1048 2851 1107 2905 in
1131 2850 1493 2923 quibuslibet
1524 2852 1854 2909 festivitati-

196 2940 312 2993 bus
347 2956 482 2994 mox
514 2939 758 2995 missam
804 2940 1120 3007 celebrare,
1153 2940 1422 3011 quamvis
1456 2945 1513 2996 et
1540 2942 1590 2996 si
1622 2959 1726 3013 pro
1755 2944 1855 2999 de-

193 3028 418 3084 functis
450 3028 547 3095 sit,
578 3045 712 3083 cum
766 3028 1022 3085 audierit
1068 3028 1347 3085 abscedat
1378 3045 1392 3084 :
1427 3034 1484 3085 et
1532 3047 1630 3101 per
1661 3035 1850 3087 totum

1976 1865 2175 1921 dicens
2209 1885 2221 1922 :
2259 1868 2422 1933 Quod
2467 1868 2812 1928 hominibus
2857 1878 2947 1928 est
2991 1875 3202 1941 altum,
3236 1878 3632 1939 abominabile

1973 1958 2063 2009 est
2094 1956 2247 2026 apud
2278 1956 2463 2011 Deum
2512 1959 2663 2029 (Luc.
2696 1960 2832 2031 xw).
2881 1962 2949 2017 Et
2979 1963 3142 2019 salva
3191 1965 3384 2024 altiori
3415 1970 3631 2027 intelli-

1972 2043 2480 2114 gentia,nativitas
2502 2049 2681 2103 nostri
2709 2049 3119 2122 Redemptoris
3142 2055 3332 2126 primo
3364 2058 3631 2115 omnium

1973 2134 2307 2203 pastoribus
2338 2135 2408 2190 ab
2440 2136 2647 2208 angelo
2680 2139 2992 2195 nuntiatur
3020 2142 3173 2213 (Luc.
3210 2145 3296 2216 ιι).

1971 2238 2105 2294 CAP.
2142 2241 2264 2295 122.
2296 2272 2363 2282 -—
2397 2243 2470 2296 De
2493 2316 2502 2322 _
2513 2244 2752 2322 alterius
2800 2248 3107 2322 presbyteri
3149 2252 3511 2322 parochiano.
3546 2258 3629 2312 Ea:

2348 2316 2578 2370 concilio
2604 2316 2978 2387 Nannetensi;
2994 2336 3111 2392 cap.
3149 2316 3234 2379 19.

2042 2401 2152 2471 (l6,
2186 2418 2237 2472 q.
2275 2403 2324 2471 1,
2356 2418 2404 2457 c.
2455 2403 2672 2459 Cunctis
2716 2405 3012 2479 ﬁdelibus).
3063 2409 3135 2465 Ut
3182 2411 3505 2471 Dominicis
3534 2417 3624 2473 vel

1968 2487 2131 2545 festis
2160 2490 2367 2545 diebus
2396 2493 2718 2564 presbyteri
2740 2500 3055 2568 antequam
3088 2500 3305 2556 missas
3325 2504 3619 2561 celebrent

1966 2577 2194 2648 plebem
2243 2578 2625 2652 interrogent,
2658 2581 2708 2637 si
2730 2582 2973 2640 alterius
3005 2588 3395 2656 parochianus
3426 2592 3485 2646 in
3518 2609 3613 2648 ec-

1967 2665 2145 2721 clesia
2175 2667 2255 2722 sit
2303 2669 2426 2739 qui,
2478 2669 2709 2740 proprio
2758 2677 3091 2744 contempto
3140 2677 3500 2749 presbytero,
3536 2681 3617 2736 ibi

1964 2754 2106 2809 velit
2136 2755 2379 2811 missam
2412 2757 2634 2813 audire.
2670 2760 2851 2824 Quem
2873 2761 2922 2814 si
2945 2761 3292 2832 invenerint,
3317 2768 3517 2823 statim
3544 2769 3614 2824 ab

1965 2842 2207 2899 ecclesia
2229 2844 2484 2915 ejiciant,
2504 2851 2562 2901 et
2590 2847 2661 2901 ad
2685 2864 2855 2902 suam
2878 2849 3216 2921 parochiam
3250 2854 3436 2910 redire
3458 2873 3617 2911 com-

1964 2930 2235 3003 pellatur.
2250 2933 2530 2990 Similiter
2552 2935 2915 3008 interrogent
2937 2938 2988 2993 si
3009 2939 3189 3011 aliqui
3215 2942 3618 3001 discordantes

1966 3020 2102 3089 sint,
2135 3022 2235 3093 qui
2267 3023 2422 3078 inter
2464 3039 2525 3079 se
2554 3022 2718 3079 litem
2770 3025 3204 3097 implacabilem
3232 3030 3485 3088 habeant
3517 3049 3530 3090 :
3564 3038 3623 3089 et

192 3117 352 3172 diem
387 3134 415 3171 δ
443 3118 629 3188 primo
653 3134 824 3173 mane
852 3116 1200 3173 ebrietatiet
1220 3119 1634 3173 οοωεεεαιίοηί
1661 3121 1857 3191 potius
1889 3128 1933 3197 ρ
1971 3110 2020 3163 si
2052 3109 2270 3165 inventi
2320 3111 2538 3166 fuerint
2586 3112 2786 3167 statim
2838 3115 3309 3173 reconcilientur.
3360 3120 3519 3184 Quod
3570 3122 3619 3177 si

190 3223 374 3277 quam
413 3207 524 3261 Deo
557 3206 867 3262 deserviat.
918 3206 1339 3263 Admonendus
1370 3213 1457 3262 est
1487 3208 1762 3279 populus,
1796 3216 1863 3269 ut

195 3300 333 3350 ante
361 3294 664 3365 publicum
687 3299 1109 3368 peractumque
1133 3295 1392 3351 officium
1417 3295 1488 3350 ad
1522 3296 1717 3353 cibum
1742 3316 1861 3355 non

199 3385 466 3451 accedat,
500 3385 602 3439 sed
652 3401 856 3440 omnes
904 3384 1139 3455 publica
1185 3385 1257 3439 ad
1306 3387 1571 3440 sanctam
1615 3390 1861 3443 matrem

204 3473 529 3529 Ecclesiam
580 3473 897 3529 missarum
948 3473 1257 3543 solemnia,
1289 3477 1346 3528 et
1390 3472 1862 3543 praedicationem

209 3562 477 3617 audituri
510 3563 877 3619 conveniant.
912 3563 978 3617 Et
1007 3566 1073 3617 ut
1103 3562 1436 3618 sacerdotes
1468 3563 1683 3619 missas
1713 3565 1865 3622 cele-

206 3652 385 3705 brent
417 3651 562 3706 hora
588 3652 783 3719 tertia,
807 3656 869 3705 ut
898 3650 1152 3723 populus
1174 3668 1207 3706 a
1232 3650 1484 3722 publicis
1502 3650 1864 3710 solemnibus

209 3757 326 3794 non
358 3740 756 3795 abstrahatur.
792 3741 901 3796 Sed
935 3748 991 3795 et
1020 3740 1351 3796 sacerdotes
1395 3739 1493 3811 qui
1527 3740 1584 3794 in
1615 3740 1865 3797 circuitu

208 3829 380 3885 urbis
412 3834 574 3897 sunt,
604 3829 785 3884 autin
818 3830 1022 3884 eadem
1055 3829 1220 3898 urbe,
1244 3834 1301 3884 et
1335 3828 1588 3901 populus
1609 3830 1698 3900 (ut
1718 3846 1865 3901 pras-

208 3916 497 3986 diximus)
526 3916 585 3971 in
620 3933 799 3972 unum
823 3919 896 3973 ad
930 3917 1223 3988 publicam
1254 3917 1574 3972 missarum
1609 3917 1865 3973 celebra-

209 4006 427 4061 tionem
482 4005 830 4061 conveniant
861 4024 874 4063 :
910 4007 1166 4079 exceptis
1214 4007 1330 4063 Deo
1376 4005 1558 4061 sacris
1608 4005 1864 4078 feminis,

209 4095 430 4166 quibus
462 4110 591 4149 mos
621 4099 709 4150 est
735 4095 805 4150 ad
840 4094 1141 4166 publicum
1176 4111 1289 4151 non
1322 4094 1541 4165 egredi,
1572 4096 1675 4150 sed
1706 4094 1865 4152 clau-

210 4182 349 4238 stris
383 4183 722 4237 monasterii
757 4182 996 4254 [clausis
1029 4182 1427 4253 monasteriis]
1459 4183 1766 4239 contineri.

212 4289 347 4361 (ΖΜ)ἶ
392 4289 518 4343 120.
569 4320 636 4328 ——
686 4290 751 4347 Ut
788 4306 975 4346 omnes
1018 4290 1324 4361 presbyteri
1370 4291 1430 4343 in
1468 4289 1668 4361 diebus
1712 4291 1867 4360 festis

281 4360 616 4416 admoneant
659 4363 882 4432 populos
929 4379 1064 4432 quas
1109 4360 1293 4433 preces
1337 4360 1570 4431 fundere
1616 4361 1863 4416 debeant.

283 4435 366 4487 Ba:
393 4433 632 4487 concilio
660 4435 1068 4501 Aurelianensi,
1100 4432 1220 4505 cap.
1256 4432 1311 4486 8.

284 4538 529 4609 Oportet
558 4543 623 4592 ut
641 4538 698 4592 in
723 4539 929 4595 diebus
947 4538 1269 4594 Dominicis
1290 4536 1377 4592 vel
1401 4536 1567 4592 festis
1592 4541 1721 4608 post
1742 4554 1863 4593 ser-

214 4642 449 4681 monem
486 4626 805 4681 missarum
829 4626 985 4682 intra
1006 4625 1293 4683 solemnia
1314 4626 1606 4695 habitum,
1641 4626 1869 4697 plebem

214 4716 492 4770 sacerdos
522 4716 934 4785 admoneat,ut
957 4717 1126 4786 juxta
1155 4714 1532 4787 apostolicam
1555 4714 1872 4770 institutio-

214 4820 370 4870 nem,
387 4819 594 4858 omnes
614 4803 670 4858 in
703 4821 1006 4860 commune
1028 4822 1131 4876 pro
1154 4803 1400 4858 diversis
1423 4802 1871 4859 necessitatibus

213 4908 419 4963 preces
449 4892 699 4947 fundant
719 4894 791 4949 ad
816 4893 1152 4963 Dominum,
1178 4910 1282 4965 pro
1301 4908 1455 4963 rege,
1481 4896 1539 4946 et
1560 4891 1871 4963 episcopis,

211 4985 270 5036 et
302 4982 630 5037 rectoribus
652 4981 1067 5051 Ecclesiarum,
1092 4999 1195 5054 pro
1229 4997 1391 5053 pace,
1420 4997 1520 5052 pro
1554 4985 1735 5050 peste,
1770 4997 1872 5051 pro

210 5068 470 5124 inﬁrmis
504 5071 603 5141 qui
636 5071 693 5125 in
726 5071 855 5143 ipsa
884 5071 1161 5144 parochia
1190 5066 1336 5126 lecto
1370 5068 1747 5137 decumbant,
1771 5085 1873 5139 pro

211 5174 405 5229 nuper
453 5159 772 5230 defunctis,
831 5159 891 5215 in
945 5160 1163 5231 quibus
1213 5156 1552 5227 singulatim
1603 5154 1875 5225 precibus

211 5246 541 5302 orationem
574 5247 939 5304 Dominicam
974 5250 1085 5304 sub
1126 5247 1355 5304 silentio
1386 5247 1561 5301 dicat.
1594 5245 1875 5300 Sacerdos

209 5353 343 5392 vero
376 5336 678 5391 orationes
710 5337 780 5392 ad
815 5337 921 5393 hoc
960 5337 1319 5409 pertinentes
1352 5350 1453 5407 per
1483 5332 1745 5404 singulas
1770 5334 1875 5388 ad-

213 5424 577 5479 monitiones
631 5423 973 5480 solemniter
1017 5425 1306 5497 expleant.
1362 5426 1498 5478 Post
1541 5421 1660 5476 haec
1711 5439 1877 5477 sacra

210 5512 549 5569 celebretur
594 5513 829 5569 oblatio.
886 5515 981 5569 Ait
1023 5514 1179 5570 enim
1227 5511 1540 5585 Apostolus
1584 5528 1596 5565 :
1642 5512 1877 5567 Obsecro

209 5604 461 5671 primum
492 5602 740 5657 omnium
767 5603 890 5672 fieri
918 5605 1211 5672 orationes,
1244 5606 1354 5658 etc.
1387 5602 1435 5673 (ι
1462 5601 1594 5656 Tim.
1628 5600 1714 5671 ιι).

1898 4496 1945 4560 D

1973 3197 2266 3254 noluerint
2310 3216 2511 3271 pacem
2561 3201 2879 3273 suscipere,
2915 3204 2987 3258 ab
3035 3206 3279 3262 ecclesia
3311 3208 3623 3278 ejiciantur

1972 3303 2283 3360 usquequo
2315 3290 2385 3344 ad
2419 3289 2764 3346 charitatem
2797 3294 3056 3349 redeant.
3082 3294 3204 3351 Non
3230 3297 3385 3351 enim
3418 3315 3623 3367 possu-

1974 3391 2106 3431 mus
2138 3393 2354 3433 munus
2385 3377 2470 3433 vel
2492 3379 2749 3435 oblatam
2775 3381 2845 3435 ad
2873 3381 3054 3438 altare
3077 3384 3430 3454 offerre,nisi
3454 3387 3618 3458 prius

1975 3464 2137 3520 fratri
2184 3466 2653 3523 reconciliemur.
2701 3469 2804 3524 His
2852 3468 2936 3526 ita
2988 3472 3259 3544 peractis,
3291 3476 3621 3533 sacerdotes

1974 3553 2291 3609 missarum
2325 3553 2609 3611 solemnia
2640 3557 2744 3612 rite
2778 3566 3078 3631 peragant.

1974 3662 2107 3743 Cas.
2297 3663 2467 3743 —-_-.De
2501 3662 2773 3743 ordinatis
2812 3670 2863 3743 et
2894 3668 3123 3743 reliquis
3159 3669 3437 3739 ﬁdelibus,
3482 3674 3623 3743 quod

2043 3734 2165 3810 sine
2187 3734 2413 3810 licentia
2454 3736 2545 3810 sui
2590 3736 2826 3806 episcopi
2856 3734 3209 3810 nihil‘agere
3247 3734 3505 3800 debeant:
3541 3747 3623 3801 Ea:

2045 3804 2217 3874 Epist.
2253 3804 2553 3859 Clementis
2578 3804 2740 3877 papa
2766 3804 2976 3864 cunctis
3005 3804 3255 3879 ﬁdelibus
3285 3816 3475 3871 missa.

2046 3911 2411 3981 Quapropter
2445 3912 2672 3967 cunctis
2704 3912 2974 3969 fidelibus
3005 3920 3061 3970 et
3090 3934 3465 3991 summOpere
3496 3937 3622 3977 om-

1975 3999 2156 4059 nibus,
2184 4000 2538 4071 presbyteris
2569 4006 2626 4056 et
2647 4002 2992 4060 diaconibus
3025 4022 3090 4061 ac
3122 4006 3369 4080 reliquis
3398 4010 3624 4066 clericis

1975 4088 2399 4142 attendendum
2440 4094 2529 4144 cst
2579 4094 2643 4144 ut
2690 4091 2835 4145 nihil
2868 4093 3091 4164 absque
3138 4094 3376 4152 licentia
3406 4099 3626 4169 proprii

1974 4176 2231 4248 episcopi
2265 4182 2459 4248 agant.
2492 4176 2615 4232 Non
2648 4179 2849 4251 utique
2899 4182 3112 4237 missas
3143 4183 3268 4239 sine
3298 4185 3472 4254 jussu
3502 4186 3626 4257 ejus

1976 4264 2290 4337 quisquam
2315 4267 2784 4339 presbyterorum
2804 4270 2862 4324 in
2889 4287 2998 4325 sua
3023 4272 3301 4342 parochia
3330 4278 3483 4348 agat,
3509 4292 3625 4332 non

1979 4355 2245 4425 baptizet,
2281 4371 2385 4410 nec
2414 4355 2736 4428 quidquam
2771 4360 2925 4429 quod
2959 4362 3030 4416 ad
3071 4363 3415 4435 episcopum
3450 4366 3626 4436 perti-

1978 4453 2113 4503 neat
2144 4448 2363 4519 absque
2393 4450 2519 4520 ejus
2554 4451 2845 4521 permissu
2874 4454 3064 4510 iaciat.
3088 4456 3372 4513 Similiter
3400 4462 3455 4513 et
3486 4459 3626 4515 reli-

1978 4537 2079 4607 qui
2112 4536 2331 4607 populi,
2358 4538 2610 4607 majores
2642 4539 2863 4596 scilicet
2895 4546 2951 4597 et
2983 4543 3260 4611 minores,
3287 4562 3387 4616 per
3408 4547 3537 4616 ejus
3559 4546 3629 4601 li-

1979 4625 2230 4680 centiam
2264 4625 2549 4696 quidquid
2577 4630 2867 4698 agendum
2888 4636 2976 4685 est
2997 4637 3195 4704 agant,
3218 4650 3321 4689 nec
3354 4635 3481 4690 sine
3502 4635 3632 4706 ejus

1982 4714 2272 4786 permissu
2305 4733 2336 4769 a
2366 4731 2473 4770 sua
2518 4716 2793 4786 parochia
2838 4720 3173 4788 abscedant,
3206 4722 3292 4777 vel
3339 4724 3397 4777 in
3431 4740 3499 4780 ea
3531 4726 3633 4780 ad-

1980 4807 2284 4858 ventantes
2344 4805 2559 4858 morari
2613 4813 2991 4876 prsesumant.
3043 4810 3267 4866 Animae
3315 4829 3518 4869 eorum
3581 4815 3632 4869 ei

1982 4892 2216 4947 creditae
2246 4898 2402 4959 sunt,
2418 4893 2546 4947 ideo
2569 4894 2769 4951 omnia
2797 4898 2925 4967 ejus
2942 4899 3187 4955 consilio
3205 4917 3376 4972 agere
3398 4903 3631 4968 debent,

1982 4984 2134 5035 eteo
2163 4978 2494 5035 inconsulto
2528 4980 2699 5037 nihil.
2734 4983 3077 5057 Quicunque
3108 4989 3393 5045 obediunt
3421 4991 3492 5060 ei,
3517 4991 3633 5046 Deo

1984 5067 2266 5124 obediunt
2298 5084 2310 5122 :
2345 5066 2676 5139 quicunque
2726 5077 2921 5127 autem
2974 5076 3023 5130 ei
3057 5093 3169 5132 non
3204 5077 3506 5148 obediunt,
3539 5080 3633 5135 in-

1984 5155 2320 5211 dubitanter
2351 5156 2433 5211 rei
2465 5161 2521 5211 et
2552 5157 2782 5229 reprobi
2810 5161 3087 5220 existunt.

1984 5263 2271 5345 CAP.“12/_t.
2304 5294 2372 5303 —-
2419 5264 2491 5345 I_)e
2530 5267 2916 5345 sacerdotibus,
2967 5273 3018 5327 si
3062 5274 3355 5330 missarum
3402 5278 3641 5345 tempore

2056 5333 2267 5404 aliquis
2294 5340 2517 5390 eventus
2545 5333 2912 5405 aegritudinis
2943 5348 3250 5401 accesserit.
3287 5349 3378 5401 Ea:
3405 5333 3638 5401 concilio

2057 5406 2304 5461 Toletano
2332 5423 2433 5474 vn,
2468 5423 2586 5479 cap.
2619 5411 2678 5464 2.

2057 5512 2132 5583 (7,
2165 5530 2215 5585 ξι.
2250 5514 2303 5579 1,
2343 5530 2391 5568 c.
2424 5514 2578 5569 Nihil
2625 5519 2856 5590 contra).
2908 5520 3062 5577 Nihil
3115 5526 3319 5577 contra
3368 5520 3637 5580 ordinem

1987 5605 2276 5658 statutum
2309 5601 2558 5671 [ordinis
2589 5607 2834 5678 statum]
2862 5609 3205 5666 temeritatis
3234 5627 3380 5667 ausu
3413 5628 3637 5683 praesu-
