3970 6058
348 180 447 234 195

1445 181 1513 228 D.
1555 175 1799 229 IVONIS
1834 172 2326 228 CARNOTENSIS
2362 170 2677 227 EPISCOPI

3661 167 3769 221 196

342 307 557 370 matur,
594 319 695 357 nec
729 301 828 358 illa
859 318 989 372 quae
1019 318 1254 357 summa
1274 299 1641 356 veneratione
1673 301 1987 352 censentur
2015 298 2070 363 Α
2099 295 2293 351 subito
2324 294 2530 350 subrui
2575 293 2770 359 faciat,
2821 297 2923 350 aut
2976 297 3236 348 mentem
3285 292 3637 348 alienatione
3671 292 3761 348 vel

337 389 424 446 vel
460 389 704 446 minimo
737 389 1211 463 praesumptionis
1265 393 1416 442 tactu
1449 388 1632 458 [actu]
1664 386 1990 448 solvantur,

338 498 470 536 cum
500 481 574 536 ad
606 481 715 536 hoc
745 486 975 536 tantum
997 479 1120 534 ﬁeri
1144 479 1316 548 jussa
1337 481 1497 544 sunt,
1523 491 1629 530 nec
1663 475 1991 545 interrupta

337 575 682 635 noscuntur,
717 586 820 624 nec
851 569 1152 639 languoris
1194 569 1512 636 praeventa,
1545 565 1752 620 robore
1783 561 1993 619 salutis

337 666 546 714 natura
576 659 859 730 privetur.
899 656 1025 711 Non
1059 655 1251 710 solum
1282 670 1414 722 ergo
1447 651 1751 725 fragilitati
1784 667 1993 708 consu-

335 747 481 802 litur
512 747 800 814 humanae,
833 745 936 799 sed
976 743 1152 798 etiam
1181 740 1364 797 sacris
1398 739 1862 797 ministeriorum
1897 738 1992 794 Dei

336 836 675 907 providetur
706 833 918 888 habere
968 830 1452 886 sollicitudinem.
1503 828 1827 885 Censemus
1858 843 1994 899 ergo

336 923 663 988 convenire,
698 926 763 975 ut
794 936 928 976 cum
971 935 1004 975 a
1035 918 1445 975 sacerdotibus
1495 917 1814 974 missarum
1846 921 1993 972 tem-

338 1027 475 1082 pore
505 1013 708 1064 sancta
739 1009 1019 1081 mysteria
1051 1011 1492 1076 consecrantur,
1525 1005 1575 1062 si
1624 1004 1999 1078 aegritudinis

337 1099 565 1153 accidat
621 1097 871 1170 quilibet
937 1101 1201 1161 eventus,
1263 1113 1375 1167 quo
1435 1100 1691 1168 emptum
1745 1098 1999 1166 nequeat

331 1187 793 1242 consecrationis
868 1185 1086 1257 expleri
1163 1184 1532 1257 mysterium,
1595 1184 1671 1239 sit
1744 1183 1996 1238 liberum

341 1274 616 1346 episcopo
689 1274 779 1329 vel
863 1275 1204 1346 presbytero
1268 1279 1332 1328 ut
1387 1272 1533 1328 alter
1585 1271 1812 1344 expleat
1866 1287 1996 1327 con-

334 1362 722 1418 secrationem
757 1363 937 1418 ofﬁcii
970 1361 1162 1433 coepti.
1211 1362 1336 1417 Non
1373 1362 1528 1417 enim
1562 1361 1723 1416 aliud
1757 1361 1826 1416 ad
1859 1377 1997 1432 sup-

331 1450 691 1522 plementum
725 1451 981 1505 initiatis
1023 1451 1318 1522 mysteriis
1352 1449 1654 1521 competit,
1689 1466 1866 1520 quam
1899 1457 2000 1507 aut

331 1539 666 1611 incipientis
681 1544 783 1596 aut
795 1539 1211 1611 consequentis
1229 1537 1577 1610 complenda
1597 1536 1998 1593 benedictione

329 1629 653 1684 sacerdotis
682 1643 696 1683 :
737 1645 863 1700 quea
895 1645 1000 1684 nec
1051 1629 1310 1700 perfecta
1356 1627 1541 1683 videri
1574 1630 1844 1699 possunt,
1878 1625 1994 1681 nisi

331 1717 705 1789 perfectionis
735 1719 942 1774 ordine
966 1715 1392 1788 compleantur.
1417 1720 1563 1773 Cum
1598 1717 1754 1772 enim
1789 1731 1995 1771 omnes

332 1806 523 1862 simus
556 1823 738 1862 unum
763 1807 822 1862 in
845 1804 1263 1877 Ghristo,nibil
1297 1805 1656 1862 contrarium
1689 1803 1995 1861 diversitas

327 1895 564 1965 format,
607 1896 709 1951 ubi
758 1895 1084 1952 efﬁcaciam
1135 1894 1545 1967 prosperitatis
1597 1894 1794 1949 unitas
1861 1883 1997 1949 fidei

341 1988 749 2054 repraesentat.
774 1985 937 2048 Quod
969 1984 1148 2040 etiam
1175 1980 1514 2040 consultum
1547 1980 1742 2038 cuncti
1773 1980 1998 2038 ordinis

342 2071 539 2128 clerici
570 2073 855 2128 indictum
888 2071 976 2130 vel
1002 2071 1298 2129 indultum
1329 2079 1408 2128 est
1432 2071 1824 2140 [individuum
1847 2069 1998 2142 esse]

341 2160 456 2218 sibi
492 2179 606 2219 non
651 2162 961 2235 ambigant
993 2179 1007 2217 :
1039 2163 1143 2218 sed
1174 2167 1238 2217 ut
1286 2160 1642 2234 permissum
1673 2163 1764 2216 est
1792 2175 1997 2232 praece-

340 2251 618 2307 dentibus
648 2251 849 2306 statim
897 2251 994 2306 alii
1046 2266 1148 2323 pro
1193 2249 1622 2322 complemento
1654 2250 1993 2306 succedant.

337 2337 453 2394 Nec
481 2344 678 2394 tamen
697 2341 852 2412 quod
873 2343 1098 2395 natura:
1117 2337 1421 2411 languoris
1447 2355 1626 2395 causa
1645 2338 1992 2408 consulitur,

336 2426 396 2482 iu
441 2427 918 2500 praesumptionis
973 2427 1290 2500 perniciem
1339 2430 1735 2484 convertatur.
1787 2426 1994 2484 Nullus

337 2522 472 2588 post
528 2517 726 2572 cibum
785 2522 1109 2589 potumque
1158 2515 1276 2572 sive
1326 2515 1630 2590 quodlibet
1677 2515 1994 2573 minimum

340 2609 645 2677 sumptum
677 2604 893 2661 missas
917 2604 1463 2677 facere,nullusque
1485 2607 1706 2676 absque
1738 2605 1994 2677 patentis

338 2697 618 2766 proventu
653 2695 937 2750 molestiae
975 2694 1249 2750 minister
1295 2694 1384 2749 vel
1415 2694 1687 2750 sacerdos
1717 2710 1851 2750 cum
1879 2709 1991 2750 cre-

335 2783 504 2855 perit,
539 2782 881 2853 imperfecta
926 2782 1116 2838 ofﬁcia
1167 2787 1483 2852 praesumat
1535 2783 1775 2838 omnino
1809 2780 1989 2837 relin-

334 2886 532 2943 quere.
565 2870 626 2925 Si
658 2870 794 2942 quis
818 2871 936 2925 haec
965 2875 1247 2926 temerare
1271 2869 1734 2943 praesumpserit,
1756 2885 1986 2926 excom-

337 2958 757 3014 municationis
788 2960 1146 3014 sententiam
1179 2958 1518 3015 sustinebit.

336 3076 470 3130 CAP.
508 3074 728 3146 125,—-
761 3073 832 3128 De
861 3074 1194 3146 presbyteris
1218 3075 1322 3146 qui
1345 3072 1684 3130 daemonibus
1719 3075 1994 3146 variisque

409 3145 757 3214 passionibus
779 3145 1082 3207 vexantur,
1113 3145 1254 3216 quod
1283 3145 1398 3200 illis
1428 3161 1585 3200 sacra
1619 3151 1855 3202 tractare
1884 3145 1994 3202 non

416 3217 594 3271 liceat.
630 3218 712 3272 Ea:
739 3216 970 3272 decretis
999 3218 1093 3271 Pii
1117 3230 1304 3287 papae,
1335 3232 1462 3287 cap.
1501 3217 1555 3271 5.

409 3323 563 3390 (Dist.
595 3323 687 3389 33,
721 3338 769 3378 c.
806 3322 1226 3390 Communiter).
1281 3323 1428 3379 Bene
1473 3322 1769 3395 siquidem
1805 3324 1991 3395 majo-

335 3428 465 3466 rum
499 3411 718 3481 regulis
749 3409 1071 3466 dii'ﬁnitum
1102 3416 1213 3475 est,
1239 3416 1302 3466 ut
1332 3412 1710 3468 damoniacis
1742 3410 1990 3484 aliisque

338 3499 716 3569 passionibus
745 3498 987 3554 irretitis
1020 3497 1349 3555 ministeria
1397 3516 1563 3556 sacra
1594 3503 1843 3556 tractare
1875 3518 1988 3557 non

337 3585 525 3643 liceat.
556 3586 662 3641 Cui
695 3593 1003 3659 pracepto,
1035 3589 1306 3644 consulto
1337 3589 1580 3644 rationis
1611 3588 1896 3658 adhibito,
1929 3589 1986 3644 id

335 3674 726 3731 communiter
748 3675 1100 3746 difﬁnimus,
1127 3680 1191 3732 ut
1215 3675 1415 3734 nullus
1447 3679 1517 3733 de
1548 3678 1640 3734 his
1673 3679 1774 3750 qui
1805 3678 1986 3734 autin

334 3768 490 3819 terra
521 3765 737 3835 arrepti
778 3782 811 3820 a
849 3765 1216 3821 daemonibus
1247 3764 1564 3834 eliduntur,
1598 3773 1699 3822 aut
1729 3765 1990 3838 quolibet

337 3854 505 3908 modo
535 3853 856 3909 vexationis
909 3853 1249 3909 incursibus
1297 3855 1639 3925 efferuntur,
1671 3855 1758 3911 vel
1803 3855 1987 3913 sacris

336 3942 591 3997 audeant
622 3941 960 3997 ministrare
994 3941 1301 4008 altaribus,
1331 3941 1421 3998 vel
1452 3942 1783 4000 indiscusse
1814 3959 1875 4000 se
1907 3945 1985 3999 di-

333 4031 482 4087 vinis
514 4033 786 4103 ingerant
835 4030 1213 4087 sacramentis
1247 4048 1260 4086 :
1291 4030 1546 4102 exceptis
1577 4030 1693 4087 illis
1725 4033 1826 4104 qui
1857 4049 1983 4088 cor-

331 4136 537 4190 porum
586 4120 1172 4176 incommoditatibus
1222 4119 1426 4190 dediti,
1474 4121 1601 4176 sine
1639 4120 1984 4192 bujusmodi

332 4209 701 4278 pllSSiODibUS
723 4211 780 4262 in
809 4213 1019 4265 terram
1053 4208 1379 4280 probantur
1400 4207 1553 4278 elisi,
1583 4208 1684 4282 qui
1711 4217 1901 4266 tamen
1930 4214 1985 4266 et

329 4295 442 4366 ipsi
476 4297 681 4352 tandiu
714 4303 888 4353 erunt
930 4297 1001 4353 ab
1034 4297 1228 4354 ofﬁcio
1279 4314 1407 4369 suo,
1442 4303 1498 4354 et
1545 4298 1748 4354 ordine
1778 4304 1833 4354 et
1859 4298 1983 4355 loco

331 4385 628 4456 suspensi,
660 4401 970 4456 quousque
1014 4385 1192 4442 unius
1225 4386 1360 4441 anni
1411 4387 1600 4459 spatio
1633 4404 1734 4459 per
1760 4387 1982 4444 discre-
2016 4391 2065 4455 Β

330 4473 544 4527 tionem
578 4475 838 4545 episcopi
871 4473 1245 4529 inveniantur
1277 4474 1348 4530 ab
1379 4475 1618 4532 incursu
1653 4477 1984 4532 daemonum

329 4560 503 4615 alieni
538 4560 832 4633 [liberati].

326 4680 456 4728 (λι).
493 4675 614 4729 126.
649 4704 718 4715 --
747 4675 823 4730 De
853 4675 1043 4731 eadem
1073 4692 1149 4731 re.
1183 4677 1268 4801 ἔξω
1307 4675 1535 4733 decretis
1568 4677 1777 4736 Soteris
1801 4695 1984 4752 papa,

1052 4763 1170 4801 can.
1246 4791 1259 4801 .

1052 4763 1170 4818 cap.
1204 4763 1259 4803 δ.

400 4851 492 4914 (De
519 4866 688 4923 cena,
720 4851 845 4909 dist.
881 4853 932 4917 1,
967 4870 1013 4908 c.
1052 4853 1115 4909 Ut
1138 4852 1324 4921 illud).
1361 4853 1436 4910 Ut
1465 4854 1607 4912 illud
1638 4856 1819 4912 divini
1851 4873 1985 4914 ora-

328 4939 440 4993 culi
477 4939 772 4998 monentis
822 4939 1044 5014 singuli
1097 4946 1461 5013 praecaveant
1510 4961 1627 5016 quo
1658 4945 1983 5003 scribitur:

337 5030 416 5083 Vae
448 5028 575 5097 soli,
609 5030 743 5100 quia
791 5045 914 5084 cum
963 5028 1226 5087 ceciderit
1269 5046 1380 5086 non
1410 5030 1572 5088 habet
1613 5033 1989 5090 sublevantem

331 5119 510 5188 (Eccte
564 5120 662 5188 1v).
699 5119 1082 5190 Summopere
1129 5119 1449 5175 verendum
1485 5126 1575 5176 est
1607 5120 1776 5179 nobis
1806 5128 1863 5178 et
1892 5141 1986 5180 ca-

329 5207 606 5274 vendum,
623 5222 694 5261 ne
715 5206 876 5262 horis
897 5205 1014 5262 illis
1033 5212 1209 5280 atque
1240 5208 1609 5280 temporibus
1631 5211 1848 5282 quibus
1867 5212 1984 5268 Deo

333 5295 623 5367 psallitur,
655 5297 744 5350 vel
779 5294 1162 5360 sacriﬁcatur,
1198 5295 1522 5368 unicuique
1553 5297 1768 5356 divinis
1789 5299 1987 5373 singu-

330 5385 529 5440 lariter
559 5385 768 5441 ofﬁciis
798 5385 1114 5455 insistenti,
1141 5385 1468 5457 perniciosa
1497 5387 1717 5458 passio,
1742 5388 1829 5444 vel
1859 5405 1984 5447 cor-

334 5470 491 5541 poris
535 5472 809 5543 quaelibet
836 5471 1112 5531 valetudo
1162 5478 1449 5542 occurrat,
1483 5491 1609 5547 que
1642 5482 1742 5533 aut
1771 5493 1986 5551 corpus

2100 397 2319 447 terrore
2375 384 2719 439 confundat.
2770 383 2879 438 Pro
2927 382 3273 454 hujusmodi
3331 398 3467 454 ergo
3517 382 3770 438 casibus

2101 479 2492 545 praecaventes
2511 472 2909 528 necessarium
2929 471 3209 528 duximus
3229 471 3550 542 instruere,
3574 478 3640 528 ut
3663 472 3772 527 ubi

2102 562 2386 634 temporis
2415 561 2504 618 vel
2533 561 2646 617 loci
2676 561 2797 618 sive
2810 560 2946 617 cleri
2964 560 3132 633 copia
3149 559 3528 630 suffragatur,
3550 559 3773 618 habeat

2104 651 2374 722 quisquis
2403 649 2504 707 ille
2532 666 2752 706 canens
2797 651 2908 706 Deo
2939 655 3116 722 atque
3163 649 3507 706 sacriﬁcans
3536 654 3671 722 post
3700 666 3770 706 se

2102 739 2278 793 vicini
2312 737 2616 794 solaminis
2670 739 3024 810 adjutorem,
3077 742 3141 792 ut
3171 737 3218 792 si
3271 737 3464 810 aliquo
3491 754 3633 794 casu
3665 738 3770 796 ille

2106 830 2205 900 qui
2237 829 2433 884 ofﬁcia
2472 828 2829 900 impleturus
2874 828 3119 895 accedit,
3144 829 3420 884 turbatus
3453 828 3647 899 fuerit,
3673 829 3767 884 vel

2106 917 2176 972 ad
2210 921 2428 974 terram
2461 917 2667 982 elisus,
2698 934 2732 972 a
2763 923 2924 990 tergo
2969 932 3202 989 semper
3231 915 3465 986 habeat,
3497 916 3598 988 qui
3630 918 3765 988 ejus

2106 1005 2289 1061 vicem
2324 1012 2680 1078 exsequatur
2703 1005 3058 1076 intrepidus,
3082 1011 3139 1062 et
3167 1005 3428 1062 ofﬁcium
3449 1005 3772 1078 incoeptum

2109 1094 2453 1166 adimpleat.

2108 1200 2243 1255 CAP.
2277 1201 2400 1256 427.
2423 1231 2490 1241 —
2520 1202 2595 1256 De
2617 1200 2984 1274 presbyteris,
3004 1218 3072 1256 ne
3100 1202 3213 1274 soli
3228 1203 3457 1258 missam
3475 1202 3773 1258 celebrent.

2637 1276 2720 1329 Ea:
2751 1271 2955 1342 eodem,
2991 1289 3108 1344 cap.
3142 1272 3229 1328 40.

2177 1359 2280 1430 (De
2311 1376 2484 1429 cana,
2515 1359 2640 1416 dist.
2681 1365 2732 1427 1,
2754 1378 2800 1417 c.
2835 1365 2949 1416 Hoc
2977 1363 3230 1434 quoque).
3254 1360 3372 1418 Hoc
3393 1379 3623 1434 quoque
3645 1365 3773 1418 sta-

2107 1453 2298 1504 tutum
2333 1453 2443 1518 est“,
2478 1453 2543 1504 ut
2576 1447 2779 1505 nullus
2812 1450 3287 1522 presbyterorum
3320 1451 3640 1506 missarum
3673 1469 3771 1509 so~

2109 1536 2327 1592 lemnia
2355 1535 2651 1594 celebrare
2683 1541 3024 1610 praesumat,
3049 1538 3164 1595 nisi
3195 1539 3429 1597 duobus
3459 1539 3772 1612 praesenti-

2109 1626 2243 1694 bus,
2275 1625 2506 1699 sibique
2539 1627 3198 1701 respondentibus,ipse
3218 1628 3426 1685 tertius
3459 1629 3771 1699 habeatur,

2111 1714 2252 1786 quia
2283 1732 2416 1770 cum
2447 1714 2755 1787 pluraliter
2787 1715 3003 1772 dicitur
3033 1717 3104 1772 ab
3136 1733 3202 1774 eo
3235 1735 3248 1772 :
3283 1716 3571 1789 Dominus
3600 1719 3774 1775 vobi-

2109 1820 2301 1870 scum,
2333 1807 2388 1859 et
2421 1801 2588 1875 illud,
2619 1803 2676 1858 in
2731 1804 2974 1860 secretis
3009 1823 3023 1861 :
3059 1804 3230 1862 Orate
3280 1823 3384 1880 pro
3431 1824 3560 1876 me;
3593 1824 3774 1880 aper-

2107 1892 2339 1948 tissime
2369 1891 2658 1964 convenit,
2685 1897 2749 1948 ut
2778 1897 2837 1949 et
2866 1894 3057 1966 ipsius
3088 1895 3516 1968 respondeatur
3551 1894 3776 1953 saluta-

2107 1980 2276 2038 tioni.

2105 2089 2236 2145 ΟΑΡ.
2273 2089 2396 2144 128.
2427 2118 2497 2129 -
2526 2089 2601 2143 De
2629 2089 2745 2164 illis
2776 2091 2872 2164 qui
2882 2092 3172 2164 coniugati
3187 2093 3502 2164 presbyteri
3528 2094 3773 2151 oblatio-

2330 2175 2460 2215 nem
2487 2163 2818 2230 spreverint.
2847 2163 2932 2217 Ea:
2958 2163 3199 2219 concilio
3221 2163 3534 2236 Agathensi.

2177 2249 2236 2304 Si
2269 2249 2400 2320 quis
2444 2247 2729 2305 discernit
2756 2249 3167 2322 presbyterum
3201 2251 3607 2325 conjugatum,
3634 2257 3768 2310 tan—

2106 2351 2284 2408 quam
2315 2335 2619 2392 occasione
2665 2337 3008 2410 nuptiarum
3063 2339 3218 2411 quod
3270 2339 3474 2396 offerre
3507 2357 3620 2396 non
3655 2343 3765 2402 de-

2105 2425 2258 2492 beat,
2291 2429 2348 2480 et
2378 2425 2450 2480 ab
2479 2424 2608 2496 ejus
2641 2423 2935 2482 oblatione
2965 2425 3096 2483 ideo
3129 2444 3191 2484 se
3223 2428 3495 2498 abstinet,
3520 2430 3762 2486 anathe-

2104 2529 2200 2570 ma
2229 2514 2326 2569 sit.

2103 2604 2238 2660 ΟΑΡ.
2271 2603 2394 2678 129,
2427 2634 2492 2644 -—
2528 2604 2599 2678 Ut
2618 2603 2928 2675 presbyter:
2975 2605 3377 2678 communicent
3404 2608 3753 2678 quotiescun-

2172 2691 2278 2748 que
2302 2676 2498 2802 nztissas
2525 2677 2945 2732 celebraverint.
2969 2677 3053 2732 Ea:
3073 2679 3306 2734 concilio
3337 2676 3760 2751 Rothomagensi

2173 2764 2293 2818 cap.
2366 2787 2380 2802 .

2171 2835 2406 2891 Dictum
2436 2840 2528 2892 est
2557 2836 2730 2893 nobis
2767 2837 2924 2909 quod
2956 2836 3199 2908 quidam
3248 2839 3573 2911 presbyteri
3603 2839 3761 2894 cele-

2101 2923 2269 2980 brata
2300 2923 2484 2980 missa
2513 2925 2906 2982 detrectantes
2930 2925 3043 2997 ipsi
3065 2942 3302 2982 sumere
3327 2927 3522 2984 divina
3553 2933 3764 3000 myste-

2021 3025 2066 3091 ρ
2105 3012 2192 3067 ria
2221 3029 2346 3084 qua:
2375 3018 2821 3081 consecrarunt,
2852 3013 3098 3072 calicem
3129 3015 3363 3072 Domini
3396 3016 3763 3072 mulierculis

2104 3119 2234 3173 quae
2262 3102 2334 3157 ad
2386 3101 2598 3160 missas
2646 3104 2921 3171 oll‘eruut,
2971 3105 3232 3175 tradunt,
3275 3104 3363 3160 vel
3402 3106 3759 3177 quibusdam

2102 3189 2270 3247 laicis
2302 3191 2403 3263 qui
2426 3192 2697 3263 judicare
2746 3209 2959 3265 corpus
2990 3193 3225 3250 Domini
3263 3194 3555 3263 nesciunt,
3585 3195 3642 3250 id
3673 3201 3767 3251 est

2103 3279 2434 3336 discernere
2456 3280 2610 3336 inter
2626 3281 2821 3336 cibum
2851 3281 3218 3354 spiritualem
3243 3287 3422 3354 atque
3439 3283 3760 3340 carnalem.

2101 3370 2264 3436 Quod
2295 3374 2585 3442 quantum
2610 3370 2691 3426 sit
2721 3371 2881 3427 omni
2900 3370 3311 3428 ecclesiasticas
3333 3372 3603 3444 religioni
3627 3390 3764 3429 con-

2099 3457 2371 3524 trarium,
2404 3459 2588 3531 pietas
2619 3460 2881 3515 ﬁdelium
2908 3460 3084 3516 novit.
3122 3459 3286 3516 Unde
3317 3460 3596 3516 omnibus
3627 3478 3759 3534 pre-

2099 3547 2348 3619 sbyteris
2389 3547 2824 3614 interdicimus,
2854 3554 2923 3604 ut
2969 3547 3171 3605 nullus
3220 3549 3281 3604 in
3313 3555 3616 3621 posterum
3647 3550 3758 3607 hoc

2097 3635 2293 3692 facere
2326 3640 2668 3707 praesumat,
2701 3636 2805 3691 sed
2836 3635 2966 3708 ipse
2995 3653 3130 3692 cum
3163 3638 3493 3694 reverentia
3533 3642 3757 3704 sumat,

2097 3729 2155 3780 et
2180 3724 2452 3792 diacono,
2485 3730 2588 3781 aut
2629 3725 2992 3782 subdiscono
3044 3726 3330 3782 ministris
3361 3727 3566 3784 altaris
3595 3726 3757 3783 colli-

2095 3813 2287 3884 genda
2317 3814 2536 3868 tradat.
2571 3813 2721 3870 Illud
2770 3813 2926 3870 enim
2961 3815 3246 3880 attendat,
3281 3821 3346 3870 ut
3392 3831 3492 3872 eos
3524 3816 3758 3887 propria

2097 3917 2275 3956 manu
2317 3901 2734 3958 communicet.
2789 3902 2945 3958 Nulli
2977 3907 3174 3959 autem
3207 3903 3354 3960 laico
3383 3908 3486 3960 aut
3531 3904 3758 3961 femina

2095 3988 2514 4046 eucharistiam
2546 3991 2605 4045 in
2651 3990 2930 4046 manibus
2963 3997 3162 4063 ponat,
3195 3993 3298 4048 sed
3336 3997 3568 4048 tantum
3601 3993 3662 4049 in
3691 4010 3762 4050 os

2094 4080 2223 4148 ejus
2254 4094 2391 4134 cum
2420 4078 2517 4134 his
2540 4077 2736 4135 verbis
2766 4083 2947 4150 ponat
2974 4096 2987 4134 :
3021 4080 3246 4152 Corpus
3275 4081 3510 4137 Domini
3541 4085 3603 4138 et
3621 4097 3758 4138 san-

2093 4167 2224 4239 guis
2250 4167 2439 4239 prosit
2469 4166 2577 4223 tibi
2608 4167 2682 4223 ad
2713 4168 3122 4225 remissionem
3173 4176 3566 4242 peccatorum,
3599 4174 3656 4225 et
3685 4171 3757 4226 ad

2092 4254 2271 4311 vitam
2303 4261 2604 4312 aeternam.
2647 4255 2712 4311 Si
2763 4257 2898 4328 quis
2946 4257 3070 4313 haec
3117 4263 3531 4331 transgressus
3561 4258 3758 4326 fuerit,

2095 4344 2234 4416 quia
2283 4345 2467 4400 Deum
2517 4344 2982 4417 omnipotentem
3031 4348 3414 4419 contempsit,
3469 4352 3528 4403 et
3575 4363 3762 4418 quan-

2095 4438 2224 4488 tum
2283 4433 2343 4488 in
2393 4434 2522 4505 ipso
2571 4439 2663 4491 est
2717 4433 3053 4503 inbouorat,
3111 4436 3186 4492 ab
3236 4436 3406 4494 altari
3465 4452 3759 4494 removea-

2098 4526 2217 4576 tur.

2096 4610 2230 4666 CAP.
2267 4609 2389 4665 130.
2423 4640 2490 4652 -
2519 4613 2595 4668 De
2624 4611 2816 4668 eadem
2850 4629 2928 4670 re.
2952 4616 3064 4740 iga:
3092 4615 3326 4672 concilio
3351 4616 3761 4685 Aurelianmi,

2795 4701 2918 4740 can.
3029 4729 3043 4740 .

2795 4701 2918 4757 cap.
2952 4701 3043 4742 1U.

2163 4770 2450 4828 Auditum
2483 4775 2573 4828 est
2620 4771 2850 4845 aliquos
2893 4774 3272 4847 presbyteros
3317 4775 3566 4833 missam
3616 4776 3761 4834 cele-

2095 4860 2265 4917 brare
2293 4864 2352 4916 et
2382 4877 2500 4916 non
2530 4861 2969 4918 communicare
2992 4864 3256 4933 omnino,
3289 4866 3445 4938 quod
3478 4865 3538 4921 in
3571 4882 3758 4922 cano-

2096 4949 2270 5006 nibus
2315 4949 2717 5022 apostolorum
2770 4951 3149 5008 interdictum
3201 4970 3330 5010 esse
3377 4953 3636 5027 legitur;
3676 4945 3763 5010 vel

2095 5039 2391 5110 quomodo
2415 5041 2569 5095 recte
2585 5037 2776 5095 dicere
2795 5046 3044 5111 possunt
3068 5039 3118 5096 si
3149 5058 3266 5097 non
3287 5044 3765 5100 communicave-

2095 5127 2214 5184 rint
2239 5146 2253 5184 :
2278 5127 2678 5198 Sumpsimus,
2699 5128 2967 5199 Dominc,
2981 5135 3378 5197 sacramenta,
3397 5135 3511 5188 etc.
3535 5132 3765 5190 Ibidem.

2093 5233 2213 5287 cap.
2252 5217 2340 5272 11.
2372 5215 2427 5271 Si
2461 5216 2596 5288 quis
2628 5216 2964 5289 episcopus,
2997 5223 3100 5273 aut
3148 5220 3479 5293 presbyter,
3511 5224 3615 5274 aut
3639 5221 3762 5275 dia-

2095 5321 2302 5373 conus,
2331 5304 2421 5362 vel
2473 5303 2722 5375 quilibet
2770 5323 2837 5361 ex
2887 5307 3237 5362 sacerdotali
3291 5307 3580 5381 catalogo,
3614 5310 3765 5365 facta

2096 5394 2388 5450 oblatione
2414 5411 2530 5451 non
2552 5395 3097 5466 communicaverit,
3122 5404 3219 5451 aut
3239 5413 3482 5456 causam
3503 5397 3682 5469 dicat,
3705 5414 3765 5466 οι

2095 5483 2146 5539 si
2164 5481 2533 5542 rationabilis
2556 5482 2734 5540 fuerit
2750 5483 2981 5542 veniam
3003 5489 3421 5558 consequatur,
3445 5490 3550 5543 aut
3567 5487 3622 5544 si
3641 5504 3756 5544 non
